1984 3110
112 155 792 165 ω

606 159 613 163 ”
620 159 792 165 ““-’

607 265 1206 374 ﬁk’rwfatin

469 469 531 505 IN
567 469 821 505 VIGINTI
859 471 938 505 ET
975 471 1154 507 UNAM
1191 473 1510 510 HOMILIAS

550 575 596 602 AD
614 574 773 603 POPULUM
793 576 1034 606 ANTIOCHENUM
1053 580 1096 607 DE
1115 579 1266 609 STATUIS.

812 681 993 708 «WB

121 783 202 813 Inter
217 790 256 813 ea
273 791 353 823 qua:
369 782 504 813 Joannis
522 783 738 823 Chrysostomi
763 786 905 822 tempore
929 785 1131 822 acciderunt,
1155 787 1233 816 nihil
1255 789 1493 820 memorabilius
1518 790 1571 821 illa
1596 792 1715 822 Antio-

84 822 244 866 chenorum
263 822 449 866 seditione,
466 831 550 866 qua,
573 822 701 866 dejeetis
725 823 893 866 Theodosii
912 824 1116 866 Imperatoris
1133 827 1163 855 et
1188 826 1326 866 Flacillae
1350 828 1419 866 ejus
1444 830 1556 859 uxoris
1581 832 1712 866 statuis.

85 862 248 904 iisdemque
264 870 334 904 per:
342 863 461 904 urbem
482 862 628 900 raptatis,
643 862 857 904 Theodosium
871 863 915 904 ita
937 865 1190 904 exacerbarunt,
1207 867 1242 895 ut
1256 865 1294 896 de
1309 862 1388 897 urbe
1409 867 1542 899 delenda
1565 871 1606 899 sit
1621 862 1714 904 cogi;

84 904 188 946 talum._
205 900 301 946 Ilaec.
319 900 384 946 fuit
406 901 632 946 Chrysostomo
647 903 756 930 nostro
772 902 810 946 ad
824 902 1033 946 concionandi
1060 902 1242 946 facultatem
1261 906 1472 936 exercendam
1488 908 1594 946 ampla
1613 900 1716 939 mate—

84 941 149 983 ries.
174 940 393 983 Antiochenis
411 940 642 983 quippeinter
658 949 745 978 spem
770 943 941 983 et__metu_m
961 941 1203 983 ﬂuctuantibus,
1219 943 1296 983 dum
1310 946 1466 983 repentini
1484 940 1577 977 casus
1596 956 1714 978 novam

84 979 402 1024 inexspectatamque
425 979 566 1017 quotidie
594 982 646 1024 vel
675 980 847 1024 sperandi,
870 980 920 1024 vel
945 980 1075 1024 timendi
1102 989 1232 1024 causam
1253 979 1424 1020 offerrent,
1447 985 1624 1024 imparatus
1648 987 1712 1017 fere

85 1017 479 1063 semper_CIirysostomus
492 1040 499 1053 ,
523 1021 690 1063 prout__res
706 1027 777 1048 sese
798 1019 936 1063 dabant,
961 1020 1225 1063 stylumvertere
1247 1025 1395 1063 coactus,
1413 1017 1455 1054 ex
1479 1017 1622 1063 tempore
1643 1026 1714 1056 illas

83 1057 282 1102 admiratione
299 1059 393 1087 certe
402 1057 518 1102 dignas
533 1058 679 1102 homilias
692 1058 919 1102 pronuntiabat
932 1057 1048 1102 :_modo
1061 1061 1097 1102 ut
1112 1059 1144 1089 in
1167 1060 1346 1102 calamitate
1360 1057 1716 1102 versantem-populum

84 1096 297 1141 consolaretur
311 1107 320 1132 ;
336 1096 480 1141 modo‘ut
501 1096 616 1141 fractos
633 1097 765 1141 periculi
782 1097 1010 1141 magnitudine
1032 1098 1155 1141 animos
1175 1099 1395 1141 conﬁrmaret;
1412 1104 1479 1132 tum
1508 1096 1666 1141 praecipue
1681 1106 1717 1133 ut

84 1136 241 1179 occasione
267 1136 513 1179 imminentium
543 1136 701 1179 malorum
728 1136 942 1179 Antiochenos
958 1136 997 1179 ad
1017 1137 1094 1168 vitia
1114 1138 1321 1179 corrigenda,
1338 1136 1538 1179 eluendaque
1561 1136 1715 1177 eri-mina,

84 1183 146 1218 qua
159 1177 284 1218 tantam
315 1175 373 1205 Dei
389 1175 471 1218 iram
493 1175 725 1218 accenderant,
739 1176 949 1218 “monitorum
976 1175 1157 1215 frequentia
1180 1175 1374 1209 deduceret:
1394 1180 1450 1218 qui
1470 1175 1555 1211 certe
1580 1175 1714 1212 conatus

83 1213 310 1253 Chrysostomo
327 1214 424 1245 cessit
437 1223 478 1243 ex
493 1217 579 1250 voto,
590 1216 627 1244 ut
649 1214 703 1244 ille
719 1215 837 1245 alicubi
851 1214 979 1245 fatetur.

115 1265 231 1307 Tantae
247 1273 335 1294 vero
362 1264 526 1307 seditionis
553 1273 652 1307 causa
666 1265 745 1307 fuit,
764 1267 843 1307 teste
862 1265 1006 1307 Zosimo,
1019 1265 1133 1307 _nimia
1148 1265 1340 1307 tributorum
1353 1289 1361 1303 ,
1374 1276 1456 1307 quas
1470 1269 1613 1307 quotidie
1631 1278 1717 1300 nova

85 1304 363 1347 excogitabantur,
380 1305 525 1347 exactio,
543 1305 609 1347 sive
624 1313 682 1343 pro
696 1304 888 1347 celebritate
899 1305 1001 1347 quinti
1018 1304 1139 1347 initiab
1153 1305 1288 1347 Arcadio
1303 1304 1534 1347 armifexquo
1549 1309 1713 1347 Augustus

84 1343 434 1387 promulgatu5__t_'uerat,
451 1346 485 1387 et_
493 1343 608 1387 _dcc_imi
627 1346 702 1387 anni
721 1344 889 1373 Theodosii
901 1344 1116 1387 _Imperatori_s
1132 1344 1188 1387 qui
1201 1353 1288 1387 anno
1300 1345 1359 1374 388
1371 1343 1553 1387 incipiebat,
1569 1343 1641 1387 sive
1656 1357 1715 1387 pro

85 1386 232 1424 apparatu
247 1383 458 1424 bellicontra
473 1382 649 1412 Maximum
666 1385 856 1424 tyrannum,
881 1383 958 1424 sive
972 1384 1202 1424 pro_ambabus
1226 1384 1364 1424 aliisque
1379 1382 1481 1424 etiam
1499 1386 1635 1424 publicis
1651 1382 1716 1418 ne-

86 1422 299 1464 cessitatibus.
316 1422 442 1452 Tributi
457 1430 555 1464 onere
570 1421 709 1460 perculsi
723 1422 1016 1464 Antiocheni__cives
1031 1421 1215 1464 Prgefectum
1230 1421 1359 1459 adeunt,
1376 1423 1397 1453 ii
1413 1421 1533 1464 scilicet
1546 1426 1601 1464 qui
1617 1427 1716 1457 urba-

86 1461 279 1504 nioris‘nota;
307 1463 418 1504 erant_,
435 1463 467 1491 et
489 1461 703 1504 lacrymantes
717 1461 851 1504 vectigal
872 1461 1025 1504 indictum
1044 1461 1178 1504 pimium
1191 1465 1373 1504 queruntur
1381 1472 1394 1504 ε
1410 1463 1467 1493 Dei
1483 1461 1576 1504 opem
1595 1465 1717 1504 implo—

85 1504 158 1530 rant.
174 1500 369 1540 Deindeque
384 1500 711 1530 circumforaneorum
724 1503 754 1530 et
769 1502 954 1540 exterorum
966 1500 1133 1540 hominum
1148 1508 1188 1530 ex
1203 1500 1312 1540 intima
1327 1502 1419 1540 plebe
1434 1500 1539 1539 turba,
1549 1500 1716 1535 commotis

86 1539 257 1580 animis,in
291 1539 436 1580 facinora
459 1542 664 1580 erumpunt;
684 1540 788 1580 primo
810 1540 842 1568 in
868 1539 996 1580 publico
1012 1539 1128 1580 balneo
1143 1539 1252 1580 omnia
1267 1539 1443 1579 sus'deque
1469 1545 1617 1580 ponunt;
1639 1543 1716 1573 hinc

86 1578 213 1617 Praefecti
227 1578 373 1609 ,domum
389 1579 528 1613 adeunt,
544 1577 703 1608 cancellos
721 1577 905 1617 januasque
929 1577 1106 1613 invadunt;
1120 1578 1240 1616 vixque
1253 1580 1381 1609 coerciti
1391 1577 1460 1610 'alio
1470 1577 1615 1612 furorem
1630 1591 1715 1612 con-

86 1620 220 1652 vertunt,
234 1617 693 1659 depictasque_lmperatorum
709 1618 842 1659 tabellas
857 1617 1013 1659 lapidibus
1029 1617 1196 1659 imp_etunt,
1213 1617 1371 1659 fmdantet
1385 1618 1595 1659 labefactant;
1610 1621 1714 1659 ipsos-

86 1665 140 1698 que
155 1658 325 1698 Augustos
344 1657 520 1698 maledictis
537 1659 568 1686 et
593 1656 746 1698 conviciis
763 1660 921 1698 onerant:
939 1656 1066 1698 demum
1088 1656 1295 1698 Imperatoris
1317 1657 1486 1698 Theodosii
1511 1656 1716 1698 Flacillieque

86 1696 145 1736 ejus
159 1697 275 1726 uxoris
290 1696 356 1735 jam
370 1696 526 1726 defunctae
542 1697 665 1736 statuas
680 1696 849 1736 dejiciunt,
866 1698 897 1725 et
911 1704 968 1736 per
983 1695 1070 1736 vicos
1085 1695 1173 1725 urbis
1189 1697 1334 1734 raptant;
1345 1696 1477 1735 jamque
1487 1698 1581 1736 plura
1596 1695 1715 1729 inferre

88 1735 193 1766 damna
213 1737 385 1774 coeperant
396 1758 403 1769 ,
420 1744 492 1765 cum
510 1735 654 1766 immissa
674 1743 692 1765 a
707 1734 857 1765 Przefecto
871 1735 1111 1773 sagittariorum
1126 1743 1224 1764 manu
1242 1734 1371 1765 coerciti
1389 1734 1474 1766 sunt.
1488 1734 1540 1767 Sic
1557 1738 1716 1769 exstincta

87 1774 229 1815 seditione
240 1797 248 1809 ,
260 1774 373 1815 furori
390 1775 485 1815 timor
499 1775 667 1815 successit,
680 1777 777 1815 atque
791 1774 985 1815 imminentis
1013 1782 1114 1815 pinnae
1133 1774 1331 1815 exspectatio
1349 1776 1477 1815 onerosi
1493 1777 1632 1815 impositi
1653 1786 1716 1807 ve-

91 1814 199 1851 ctigalis
213 1814 415 1844 oblivionem
434 1813 571 1843 induxit.
588 1814 669 1850 Quid
692 1813 764 1843 inde
783 1813 823 1843 sit
841 1815 1075 1851 consequutum
1095 1812 1175 1842 infra
1192 1814 1422 1843 narrabiturin
1438 1812 1626 1846 recensione
1639 1816 1714 1846 Ho—

90 1853 249 1882 mitiarum.
276 1853 348 1882 1am
369 1852 407 1882 de
423 1861 508 1882 anno
525 1852 689 1883 seditionis
701 1874 709 1888 ,
723 1861 787 1891 quo
804 1853 851 1882 hil!
864 1854 941 1882 sunt
952 1852 1069 1882 habita:
1081 1851 1238 1887 homiliae,
1254 1851 1375 1890 aliquid
1390 1853 1573 1884 dicendum.

122 1902 212 1933 Missa
227 1903 402 1933 Sozomeni
417 1906 447 1933 et
461 1903 651 1933 Theodoreti
675 1903 876 1937 narratione,
892 1911 933 1932 ex
948 1902 1065 1940 quibus
1085 1903 1155 1939 post
1173 1901 1292 1931 bellum
1316 1905 1428 1933 contra
1442 1903 1620 1934 Maximum
1643 1905 1711 1936 haic

90 1942 188 1972 seditio
201 1945 232 1973 et
250 1943 426 1982 conciones
451 1941 728 1982 secundumrillam
745 1941 862 1982 habitae
877 1941 1055 1982 statuendis
1063 1943 1169 1970 essent
1183 1950 1191 1982 ξ
1207 1950 1249 1971 ex
1266 1941 1352 1982 notis
1363 1943 1515 1982 temporis
1530 1944 1624 1982 longe
1641 1953 1711 1975 cer-

88 1981 210 2012 tioribus
223 2003 232 2016 ,
251 1984 329 2011 ante
344 1981 464 2011 bellum
478 1984 590 2012 contra
604 1981 780 2011 Maximum
795 1980 863 2020 hac
879 1980 1032 2020 accidisse
1043 1979 1110 2018 jam
1123 1980 1301 2020 probarunt
1322 1980 1382 2020 viri
1405 1979 1487 2012 docti
1510 1984 1542 2012 et
1563 1979 1709 2020 pluribus

89 2021 213 2050 asseruit
227 2021 455 2051 Tillemontius
467 2021 499 2049 in
511 2023 585 2050 nota
599 2020 638 2049 27
648 2020 686 2050 ad
700 2019 805 2050 Vitam
815 2018 984 2049 Theodosii
999 2019 1216 2059 Imperatoris.
1240 2019 1478 2050 Validissimum
1495 2018 1593 2059 porro
1602 2021 1714 2051 adver-

89 2068 136 2089 sus
155 2060 297 2098 priorem
313 2060 402 2089 illam
416 2060 607 2090 sententiam
622 2059 745 2090 eruitur
759 2061 983 2098 argumentum
997 2067 1036 2088 ex
1053 2058 1128 2098 ipsis
1144 2058 1361 2097 Chrysostomi
1376 2058 1562 2098 verbis.’qui
1579 2060 1712 2091 homilia

89 2097 198 2130 decima
212 2101 321 2132 sexta,
335 2107 470 2128 numero
482 2099 512 2134 2,
527 2098 712 2129 testiﬁcatur
725 2097 810 2128 hunc
820 2106 941 2128 annum
956 2097 1130 2127 secundum
1140 2106 1210 2127 esse
1223 2107 1262 2137 ex
1274 2106 1339 2136 quo
1351 2097 1535 2128 conciouari
1552 2103 1709 2137 emperat:

90 2139 292 2177 crepitantem
303 2147 377 2168 cum
384 2138 520 2176 primum
533 2138 699 2177 presbyter
710 2137 875 2177 ordinatus
887 2137 945 2177 fuit
953 2145 1039 2166 anno
1051 2138 1191 2167 vertente
1203 2136 1273 2173 385,
1286 2137 1335 2177 vel
1345 2137 1477 2177 ineunte
1484 2137 1714 2173 386.0uam0b-

94 2175 150 2207 rem
186 2178 233 2207 vel
250 2177 284 2207 in
300 2175 422 2207 annum
437 2177 496 2206 388
511 2175 559 2207 has
576 2175 747 2207 conciones
768 2175 967 2206 conferendas
990 2178 1083 2210 sunt,
1098 2178 1154 2211 aut
1168 2176 1274 2214 potius
1291 2176 1322 2205 in
1340 2176 1409 2206 387.
1430 2177 1491 2206 Pro
1508 2178 1614 2215 priore
1632 2186 1714 2207 sen-

91 2217 177 2247 tentia
191 2219 256 2247 stat
270 2216 429 2246 Baronius
440 2238 447 2251 ,
462 2218 493 2245 et
507 2219 578 2254 post
591 2225 663 2246 eum
678 2215 827 2245 Petavius
844 2217 874 2245 et
893 2215 1050 2244 Henricus
1061 2215 1226 2251 Valesius,
1240 2215 1296 2253 qui
1311 2215 1381 2244 ideo
1396 2215 1429 2244 in
1447 2223 1567 2245 annum
1582 2215 1642 2245 388
1656 2225 1712 2247 eas

91 2256 266 2293 conjiciunt.
281 2256 359 2294 quia
375 2255 430 2284 illo
445 2264 530 2285 anno
546 2255 718 2293 incipiebat
732 2254 874 2284 decimus
889 2254 1012 2294 imperii
1029 2254 1196 2294 Theodosii
1211 2275 1219 2294 ,
1235 2254 1280 2294 adp
1298 2255 1389 2294 cujus
1414 2255 1629 2294 celebritatem
1654 2255 1712 2285 in-

91 2293 205 2325 ductum
235 2293 299 2324 fuit
316 2295 473 2325 tributum
503 2303 602 2333 supra
633 2297 845 2323 memoratum
863 2303 869 2322 :
887 2293 972 2333 quod
995 2296 1101 2333 autem
1115 2302 1156 2323 ex
1170 2293 1304 2323 Libanio
1317 2293 1450 2333 atl‘ertur
1464 2293 1502 2323 ad
1518 2294 1605 2324 illam
1618 2296 1712 2324 tuen—

91 2337 154 2363 dam
174 2334 380 2369 sententiam,
395 2332 577 2364 intricatum
594 2333 725 2362 omnino
741 2335 809 2368 est,
825 2335 857 2362 et
871 2332 910 2361 ad
923 2332 1078 2362 utramvis
1095 2332 1284 2362 sententiam
1307 2334 1408 2371 potest
1423 2332 1617 2371 detorqueri.
1633 2333 1714 2363 Cer-

93 2373 192 2412 tiorem
213 2382 314 2412 porro
334 2373 382 2403 his
403 2373 554 2412 omnibus
571 2376 680 2402 notam
698 2372 841 2412 eruimus
858 2381 900 2401 ex
921 2380 959 2412 eo
972 2393 980 2407 ,
1003 2371 1089 2409 quod
1110 2371 1310 2412 Theodosius
1335 2371 1513 2412 Imperator
1535 2372 1712 2412 certissime

93 2409 358 2449 Constantinopoli
375 2414 459 2441 esset
475 2420 532 2450 per
547 2411 684 2442 hiemem
700 2414 731 2440 et
745 2411 1028 2450 Quadragesimam
1041 2410 1116 2450 anni
1133 2409 1202 2444 387,
1222 2419 1287 2448 quo
1304 2409 1400 2450 etiam
1421 2419 1508 2450 anno
1523 2411 1711 2441 seditionem

94 2451 252 2490 contigisse
264 2454 392 2490 oportet
405 2461 412 2480 :
428 2449 501 2480 nam
514 2453 655 2489 tempore
668 2450 832 2480 seditionis
844 2450 937 2490 etiam
951 2449 1226 2490 constantinopoli
1240 2449 1414 2490 certissime
1427 2449 1578 2490 degebat;
1595 2453 1710 2490 contra

96 2488 186 2520 autem
201 2488 451 2528 anno‘sequenli
476 2490 534 2520 hac
548 2488 618 2528 ipsa
641 2491 829 2527 tempestate
854 2489 1091 2528 Thessalonicae
1116 2488 1507 2528 Imperatoriversabatur.
1524 2489 1613 2528 Quod
1633 2497 1711 2519 vero

96 2532 192 2560 contra
206 2527 399 2559 aﬁertur’ex
417 2527 631 2559 celebratione
646 2529 723 2558 anni
742 2528 854 2558 decimi
871 2527 1053 2561 Theodosii,
1070 2527 1125 2565 qui
1141 2535 1228 2557 anno
1252 2527 1310 2557 388
1327 2527 1518 2565 incipiebat,
1535 2527 1630 2562 illud,
1655 2528 1712 2557 in—

95 2575 189 2605 quam.
207 2569 300 2598 nihili
316 2571 381 2604 est,
397 2577 469 2598 cum
485 2571 605 2598 certum
626 2568 667 2597 sit
683 2576 724 2597 ex
738 2567 841 2597 Fastis
858 2567 947 2596 Idatii
966 2569 997 2596 et
1023 2566 1212 2599 Marcellini.
1223 2566 1329 2605 ipsum
1344 2566 1419 2597 anni
1442 2566 1556 2596 decimi
1581 2567 1709 2605 Imperii

97 2607 136 2636 sui
161 2608 376 2638 celebritatem
402 2616 468 2637 uno
493 2615 579 2637 anno
605 2606 813 2645 praavenisse,
840 2609 876 2635 ut
892 2614 963 2636 cum
981 2605 1046 2635 filio
1071 2614 1132 2645 suo
1145 2606 1308 2645 Arcadio,
1330 2606 1386 2644 qui
1413 2613 1547 2645 annumi
1562 2606 1712 2644 quintum

98 2645 207 2684 lmperii
235 2647 268 2677 in
291 2647 349 2677 387
368 2647 487 2681 inibat,
502 2655 569 2677 una
582 2644 739 2676 decimum
752 2644 1209 2682 celebraret,quemadmodum
1230 2647 1262 2675 et
1280 2645 1495 2676 Maximianus
1521 2644 1710 2684 Herculius,

99 2683 158 2714 cum
180 2695 300 2716 annum
325 2686 483 2716 decimum
507 2688 654 2716 octavum
679 2687 802 2715 tantum
822 2684 949 2722 Imperii
970 2686 1094 2723 ageret,
1111 2692 1176 2714 una
1195 2693 1267 2714 cum
1290 2684 1500 2723 Diccletiano,
1516 2683 1571 2723 qui
1590 2683 1712 2723 vigesi-

98 2732 172 2792 mupi
188 2726 318 2771 agebat,
334 2725 525 2765 vigesimum
540 2724 722 2759 celebravit.
738 2724 784 2754 De
799 2723 858 2754 hac
871 2721 905 2753 re
923 2721 1029 2753 autem
1045 2722 1191 2761 pluribus
1212 2723 1245 2753 in
1259 2723 1330 2754 Vita
1344 2722 1444 2753 sancti
1459 2721 1591 2753 Joannis
1604 2721 1711 2761 Chry-

99 2770 142 2792 ms
156 2772 226 2792 om].

99 2770 226 2794 toslomi.

131 2815 194 2847 Alia
213 2825 287 2846 vero
302 2823 368 2846 non
386 2815 491 2845 minor
506 2815 652 2846 oboritur
665 2813 851 2851 difﬁcultas,
868 2812 906 2843 de
918 2820 983 2854 qua
993 2812 1060 2853 jam
1076 2812 1108 2843 in
1121 2811 1243 2843 Monito
1271 2810 1308 2843 od
1332 2810 1482 2843 homilias
1508 2812 1617 2841 contra
1641 2808 1700 2839 Ju-

242 2864 364 2887 Drrnnr
405 2865 449 2887 nu
484 2866 528 2887 YI
541 2867 581 2887 IY
1521 2859 1533 2887 ,Ι

240 2864 381 2895 ΡΑτιιοι.
405 2865 462 2896 Gn.
484 2866 596 2898 XLIX.

954 2984 1208 3064 48515
