1984 3110
130 156 157 186 l3
738 153 769 182 IN
799 151 958 181 Momms
980 152 1023 180 DE
1041 151 1193 181 smnus.
1732 157 1765 185 η

131 225 189 245 mus
200 213 241 254 (α)
255 214 270 243 7
283 214 354 251 Quo
366 211 558 254 declaratur
571 212 686 251 quarta
698 211 780 254 feria
804 212 944 254 habitam
959 210 1123 254 homiliam
1141 210 1250 246 fuisse,
1269 211 1439 254 etquidem
1454 215 1577 252 quartm.
1593 213 1765 245 hebdoma-

132 255 173 285 dis
186 250 455 292 quadragesima),
474 254 533 282 aut
545 250 679 292 fortasse
695 251 806 292 tertiae,
824 251 998 292 secundum
1006 250 1106 292 alium
1116 250 1310 292 humerandi
1328 250 1506 283 modumIA
1522 254 1631 283 multis
1645 254 1764 292 quippe

133 295 190 334 jam
199 289 328 334 saeculis
352 291 456 334 Graeci
471 292 622 334 _primam
635 290 833 334 jejuniurum
847 290 1046 334 Dominicam
1062 289 1344 334 et_hebdomadem
1360 293 1576 334 vocant_eam,
1593 289 1690 331 quam
1704 289 1763 334 nos

136 329 541 373 primamQuadragesima:
551 339 712 373 vocantius.
731 329 881 373 vero
900 330 941 373 de
956 329 1223 373 nominetantum
1239 331 1286 359 est
1301 331 1447 373 quaestio.
1461 331 1563 370 Hujus
1579 329 1688 373 autem
1710 333 1763 373 he—

138 368 295 403 bdomadis
313 368 432 410 quarta
449 369 501 400 die
514 369 656 410 habitam
683 368 862 410 homiliam,
877 372 907 398 et
921 378 962 410 ei:
985 368 1068 410 serie
1083 368 1288 410 homiliarum
1302 372 1337 410 et
1348 378 1388 410 ex
1404 368 1621 410 Chrysostomi
1637 372 1765 401 silentio

138 412 254 449 aliquot
268 407 393 440 dierum
411 410 498 439 inter
511 409 660 449 honnilias
674 408 828 449 decimam
843 410 874 438 et
887 408 1088 449 undecimam
1100 407 1205 445 palam
1220 417 1293 449 esse
1309 408 1447 449 videtur:
1460 407 1494 449 In
1516 409 1577 439 hac
1592 418 1688 448 porro
1705 410 1767 439 ho—

138 447 406 488 milia,pra:missis
418 449 507 488 bene
520 448 626 478 multis
643 447 681 488 de
699 447 881 488 calamitate
895 447 949 477 illa
964 447 1176 488 Antiochena,
1191 447 1231 476 ad
1246 448 1417 488 pristinum
1431 448 1469 478 de
1487 448 1625 488 hominis
1639 448 1766 487 opiﬁcio

139 485 359 525 argulxientum
375 487 550 521 descendit,
567 489 597 517 et
610 486 806 517 cohortando
821 486 859 516 de.
885 495 973 516 more
990 485 1028 516 ad
1042 486 1223 525 juramcnta
1239 487 1380 522 vitanda,
1398 488 1576 518 orationem
1593 485 1724 518 claudit.

172 522 334 559 Decimam
348 530 499 566 quartam
512 526 735 566 Tillemontﬁius
750 525 918 566 locandam
931 527 1023 566 putat
1033 522 1108 566 post
1119 525 1277 566 decimam
1287 528 1431 556 octavam
1443 549 1450 561 ,
1468 527 1527 557 hac
1540 529 1702 564 permotus
1716 536 1768 558 ra-

139 569 233 598 tione:
243 568 340 597 Initio
349 564 392 597 ait
401 565 646 605 Cbrysostomus
657 565 865 604 :Nonparum
874 565 1029 605 civitatem
1036 564 1124 605 nobis
1134 564 1200 605 lteri
1214 564 1355 596 diabolus
1364 565 1572 605 perturbavit,
1580 566 1632 595 sed
1644 570 1671 596 et
1686 567 1770 596 Deus

139 617 190 638 nos
198 608 310 637 iterum
324 616 389 636 non
403 602 515 644 parum
528 602 768 645 consolatusest‘.
781 604 855 645 Hauc
868 602 1279 645 verba_,inquit,adveutum
1294 602 1482 639 Hell'ehichi,
1498 608 1529 635 et
1544 606 1691 635 nuntium
1702 606 1768 645 jam

140 643 414 684 Constantinopoli
430 644 600 675 advenisse
617 643 810 684 significant.
826 643 946 684 Verum
962 643 1028 684 haec
1043 643 1233 684 bariolando
1249 644 1409 674 dicuntur.
1425 645 1509 681 Quot
1523 643 1722 682 suspiciones
1738 648 1769 674 ct

141 690 274 716 terrores
300 682 462 714 immissos
484 686 577 722 putas
605 683 812 713 Antiochenis
828 682 903 712 dum
924 682 1023 713 animi
1039 682 1224 721 penderent,
1241 686 1272 713 et
1297 692 1452 722 quorsum
1468 686 1533 714 tam
1549 683 1689 715 infausta
1717 694 1770 714 res

140 733 273 755 evasura
290 727 376 754 esset
402 724 591 762 ignorarent
606 723 620 751 ?
640 723 686 752 De
699 722 738 752 iis
758 731 833 752 vero
849 722 1027 762 terroribus
1042 722 1295 761 rumoribusque
1309 723 1495 753 ratiocinari
1512 724 1674 762 quomodo
1692 732 1772 762 pos-

140 773 259 797 sumus,
278 764 336 802 qui
350 760 462 794 eorum
480 762 564 802 haud
575 762 670 792 dubie
684 761 857 802 maximam
874 765 997 802 partem
1013 760 1213 802 ignoramus,
1226 762 1297 802 et,si
1314 771 1379 800 qua
1394 760 1557 798 novimus,
1576 762 1619 793 ita
1635 760 1772 793 obscuro

140 801 344 842 percipimus,
364 805 400 832 ut
416 801 561 842 vixrinde
576 801 761 839 quampiam
777 801 930 840 temporis
945 804 1055 830 notam
1073 801 1232 839 expiscari
1246 802 1419 840 possimus.
1435 802 1510 833 Haec
1526 802 1659 833 homilia
1673 801 1773 833 ferme

140 841 201 873 tota
214 841 263 872 est
275 842 313 872 de
327 841 461 872 vitando
476 841 669 880 juramento.

174 882 337 912 Decimam
353 879 500 920 quintam
521 880 685 920 homiliam
698 879 769 920 vult
794 879 1019 920 Tillemontius
1034 879 1180 920 habitam?
1197 879 1296 920 fuisse
1314 881 1398 911 inter
1412 880 1567 911 decimam
1585 882 1616 911 et
1638 881 1773 912 undeci—

140 930 230 954 mam,
247 924 317 950 tum
333 919 374 950 ob
388 928 503 950 causas
522 928 620 957 supra
635 919 675 949 ad
688 919 891 959 undecimam
901 920 1110 959 memoratas,
1127 919 1204 956 quia
1221 919 1471 959 Clirysostomus
1486 920 1578 950 initio
1592 921 1638 951 sic
1651 920 1746 951 habet
1763 930 1770 950 :

141 960 305 999 Oportebat
319 964 348 990 et
363 959 463 992 hodie.
481 962 509 988 et
524 959 682 999 superiore
697 957 832 999 sabbato,
845 958 880 999 de
888 957 1337 999 jejunio_mioeere_sermoném.
1355 959 1414 990 Ubi
1427 959 1597 998 superiore,
1607 960 1700 998 quasi
1717 969 1772 990 es—

140 996 183 1030 set
197 1000 315 1038 primo,
331 999 369 1029 de
387 999 492 1037 primo
511 998 644 1038 sabbato
658 996 929 1038 Quadragesimae,
946 996 1184 1038 subdubitando
1202 1000 1322 1034 tamen,
1341 996 1511 1037 intelligit;
1530 999 1584 1029 sed
1604 996 1676 1035 nos,
1692 1001 1727 1029 ut
1741 1001 1773 1029 et

139 1036 318 1069 Bernardus
342 1036 529 1072 Brixianus,
550 1037 588 1066 de
613 1037 793 1075 superiore,
814 1037 881 1067 sive
897 1036 935 1066 de
952 1036 1149 1076 prtecedente
1167 1037 1376 1076 intelligimus
1393 1048 1400 1067 :
1417 1036 1515 1076 atque
1530 1039 1654 1068 nullam
1671 1039 1769 1069 aliam

141 1078 298 1116 interponi
328 1086 424 1116 posse
451 1075 616 1116 homiliam
639 1077 723 1105 inter
737 1076 891 1106 decimam
909 1078 942 1116 et
955 1075 1156 1116 undecimam
1171 1076 1238 1116 jam
1264 1075 1412 1115 superius
1429 1075 1649 1115 probavimus.
1665 1077 1774 1108 Occa—

140 1115 230 1147 sione
250 1115 370 1151 metus,
384 1125 450 1154 quo
465 1115 570 1146 affecti
595 1115 944 1154 Constantinopolitani
963 1117 1066 1150 erant,
1083 1115 1183 1145 multa
1206 1115 1281 1146 dicit
1295 1116 1333 1146 de
1346 1117 1432 1147 bono
1450 1117 1587 1154 timoris,
1604 1119 1635 1147 et
1662 1117 1696 1147 in
1711 1117 1774 1148 ﬁne

139 1158 248 1187 contra
261 1155 393 1195 iurandi
408 1156 450 1186 ab
466 1155 602 1195 aliisque
615 1154 835 1195 juramentum
849 1154 997 1193 exigendi
1013 1154 1278 1195 consuetudinem
1294 1156 1515 1186 concinnatur.

176 1192 309 1225 Decima
323 1198 415 1225 sexta
428 1198 504 1224 tunc
520 1192 627 1224 habita
644 1194 714 1229 fuit,
731 1203 803 1223 cum
818 1192 932 1232 sparso
946 1193 1086 1231 quodam
1101 1192 1182 1223 falso
1195 1193 1309 1224 futuras
1326 1195 1542 1233 populationis
1554 1203 1696 1230 rumore,
1709 1203 1778 1225 om-

141 1244 194 1265 nes
212 1235 252 1264 de
267 1234 343 1273 fuga
361 1234 591 1273 deliberabant.
609 1233 701 1263 Hanc
711 1233 807 1263 etiam
822 1233 894 1273 loco
906 1241 1034 1273 movere
1044 1235 1182 1273 conatur
1194 1233 1429 1273 Tillemontius,
1444 1236 1475 1264 et
1487 1234 1569 1264 inter
1577 1234 1730 1265 decimam
1746 1236 1777 1264 et

142 1271 344 1304 undecimam
362 1273 483 1308 locare,
500 1272 585 1311 quod
601 1275 721 1307 tamen,
738 1273 772 1301 ut
792 1272 831 1302 ad
854 1271 1076 1312 duodecimam
1090 1271 1251 1312 diximus,
1260 1272 1382 1303 admitti
1403 1274 1526 1312 nequit.
1542 1274 1599 1304 His
1616 1282 1713 1312 porro
1727 1273 1777 1303 ni-

141 1314 215 1343 titur
226 1312 447 1352 Chrysostomi
459 1310 563 1352 verbis
579 1311 886 1352 '[illemontius:n.6
901 1311 946 1341 ait
956 1311 986 1340 S.
997 1310 1300 1352 doctor,Secunalam
1309 1312 1428 1351 jejunii
1440 1310 1640 1352 septimanam
1648 1317 1779 1351 preter-

141 1353 264 1382 itimus.
284 1350 374 1382 Duas
397 1360 473 1390 ergo
492 1351 605 1389 jejunii
621 1350 834 1381 hebdomadas
849 1352 973 1381 tantum
986 1350 1178 1390 prieteriisse
1190 1350 1416 1390 infert,’atque
1429 1350 1499 1382 ideo
1515 1353 1599 1382 hanc
1616 1350 1687 1382 loco
1701 1361 1779 1382 mo-

141 1392 274 1422 vendam
290 1400 362 1421 esse
377 1389 489 1421 statuit
503 1390 725 1430 Tillcmontius
741 1412 749 1425 ,
765 1390 821 1428 qui
846 1390 934 1420 illam
947 1391 1043 1430 putat
1057 1389 1383 1430 habitamrDominic’a
1399 1392 1492 1422 tertia
1506 1391 1777 1430 Quadragesimie,

140 1440 195 1469 pro
212 1431 318 1469 prima
334 1430 504 1460 Dominica
520 1429 722 1460 numerando
737 1437 809 1459 eam
824 1438 896 1468 quae
906 1429 1041 1467 primam
1053 1428 1167 1468 jejunii
1183 1429 1265 1458 diem
1278 1430 1486 1468 praecedebat,
1501 1439 1599 1469 quam
1613 1428 1781 1469 Quinqua-

140 1468 268 1510 gesimze
282 1469 485 1500 Dominicam
499 1477 663 1499 vocamus.
679 1469 760 1510 Quid
772 1478 848 1510 vero
864 1469 975 1510 situnc
987 1468 1138 1510 temporis
1151 1469 1326 1510 Antiochiaa
1340 1470 1444 1510 prima
1458 1468 1625 1510 Dominica
1636 1468 1782 1510 Quadra-

141 1507 270 1548 gesimze
281 1510 461 1549 vocabatur
471 1517 508 1549 ea
523 1517 606 1547 quae,
621 1517 710 1549 more
733 1508 901 1549 hodierno,
917 1508 1001 1537 intra
1011 1507 1172 1549 jejunium
1185 1507 1459 1549 primaoccurrit?
1475 1509 1711 1549 namjejunium
1727 1509 1782 1539 in—

141 1549 280 1587 cipiebat
296 1548 376 1578 feria
389 1547 530 1578 secunda
546 1550 617 1586 post
631 1548 953 1586 Quinquagesimam,
967 1549 1002 1587 ut
1012 1556 1098 1587 nunc
1112 1547 1223 1587 incipit
1237 1547 1315 1578 feria
1329 1551 1456 1586 quarta,
1470 1547 1682 1587 poterantque
1692 1548 1781 1578 illam

142 1586 374 1618 hebdomadam
388 1587 580 1617 Antiocheni
596 1595 660 1616 non
675 1595 847 1617 numerare
862 1595 921 1625 pro
936 1586 1040 1624 prima
1054 1586 1329 1625 Quadragcsimm,
1344 1593 1380 1617 ut
1393 1596 1451 1618 nos
1467 1586 1532 1618 non
1548 1586 1756 1618 numeramus
1772 1597 1779 1616 :

141 1628 262 1665 illoque
278 1626 375 1656 modo
387 1634 455 1656 una
469 1626 666 1656 hebdomade
680 1626 801 1656 tardius
818 1626 885 1656 hate
900 1626 1031 1656 homilia
1045 1626 1154 1656 habita
1169 1625 1276 1661 fuerit,
1294 1627 1462 1658 Dominica
1487 1627 1608 1657 scilicet
1622 1627 1715 1657 tertia
1731 1626 1783 1656 ho-

140 1667 252 1697 dierno
267 1674 360 1696 more
369 1668 508 1704 sumpta.
521 1665 579 1695 Sed
591 1668 667 1695 tunc
681 1665 776 1696 etiam
786 1673 901 1704 magna
915 1667 1100 1703 superesset
1114 1665 1283 1695 difficultas
1301 1676 1308 1694 :
1321 1675 1396 1696 nam
1407 1666 1474 1697 hate
1485 1666 1617 1696 homilia
1626 1666 1782 1696 decimam

141 1706 268 1736 tertiam
284 1707 318 1735 et
332 1707 505 1743 sequentes
518 1705 747 1743 praecessisset.
763 1704 855 1734 Certe
875 1705 943 1735 haec
957 1705 1065 1734 omnia
1081 1704 1216 1734 salebris
1231 1706 1304 1734 sunt
1320 1706 1427 1743 plena,
1442 1709 1478 1736 ut
1493 1706 1561 1743 ipse
1579 1705 1695 1736 fatetur
1708 1705 1782 1735 Til—

141 1745 326 1780 lemontius,
344 1745 399 1782 qui
418 1744 596 1785 nonsemel
610 1744 754 1785 aliquam
773 1744 942 1785 amplexus
957 1743 1207 1785 sententiam_ab
1228 1752 1266 1774 ea
1289 1744 1443 1785 desistere
1456 1745 1592 1785 cogitur.
1611 1745 1693 1785 Usus
1710 1743 1783 1774 for—-

142 1788 237 1823 tassei
249 1787 281 1813 et
297 1784 447 1814 tractatio
461 1783 615 1823 diuturna
634 1783 824 1823 aliquamiin
838 1792 873 1812 re
888 1783 1105 1823 tamiobscura
1123 1782 1259 1812 aﬁ‘erent
1280 1783 1438 1820 notitiam,
1467 1782 1533 1823 qua
1560 1784 1721 1823 possimus
1751 1785 1783 1813 in

143 1823 213 1854 Vita
222 1822 445 1862 Chrysostomi
462 1823 494 1852 in
511 1822 574 1852 ﬁne
595 1831 730 1861 operum
751 1822 936 1852 adornanda
956 1822 1022 1862 haec
1036 1822 1217 1852 accuratius
1228 1824 1258 1852 et
1273 1823 1391 1853 clarius
1407 1822 1570 1854 statuere.’
1581 1824 1785 1862 Quapropter

144 1872 209 1892 rem
222 1862 356 1892 dubiam
373 1862 558 1902 relinquere
575 1862 723 1892 consulto
739 1862 924 1902 statuimus.
943 1861 978 1902 ld
994 1870 1095 1902 unum
1108 1864 1232 1891 tantum
1244 1862 1488 1902 contendimus,
1509 1871 1573 1893 non
1589 1872 1682 1902 posse
1702 1863 1785 1892 hanc

145 1901 310 1931 homiliam
342 1901 426 1931 inter
458 1901 612 1931 decimam
641 1905 674 1931 et
715 1901 915 1931 undecimam
943 1900 1055 1936 locari,
1083 1901 1267 1931 memoratis
1297 1910 1397 1940 supra
1413 1902 1452 1932 de
1465 1900 1785 1932 causis—Promissis

143 1941 384 1978 quibusdamde
393 1940 559 1970 timiditate
574 1940 848 1970 Antiocheuorum
857 1940 964 1980 'tleque
974 1940 1158 1978 juramento
1170 1940 1309 1980 vitando,
1325 1944 1550 1980 argumentum
1564 1941 1703 1972 homiliw
1714 1949 1789 1970 mu—

145 1983 255 2009 tuatur
278 1980 528 2020 Chrysiostomrus
542 1989 582 2009 ex
604 1980 654 2009 his
671 1979 882 2020 Pauliverbis
900 1989 907 2008 :
927 1979 1043 2009 Paulus
1062 1979 1185 2009 vinetus
1199 1979 1274 2020 Iesu
1288 1979 1415 2015 Christi,
1432 1985 1460 2011 et
1482 1980 1655 2011 Timotheus
1669 1980 1779 2020 frater,

143 2020 348 2057 Paulumque
360 2019 583 2058 gloriosiorem
598 2028 639 2049 ex
652 2019 789 2049 vinculis
801 2019 1009 2052 demonstrat,
1025 2026 1121 2056 quam
1138 2028 1179 2048 ex
1194 2019 1311 2048 virtute
1322 2020 1563 2050 miraculorum.

182 2059 316 2088 Decima
342 2057 478 2097 septima
494 2058 603 2088 habita
628 2060 677 2088 est
700 2061 873 2097 postquam
893 2057 1076 2087 Ellebichus
1104 2066 1160 2087 seu
1181 2058 1400 2094 Hellebichus,
1420 2059 1573 2097 Magister
1587 2058 1741 2093 militum,
1757 2060 1789 2087 et

145 2097 309 2127 Caesarius
323 2119 332 2132 ,
349 2097 514 2136 Magister,
531 2098 570 2129 ab
583 2098 779 2136 Imperatore
796 2097 884 2127 missi
900 2097 1114 2135 perquisitum
1127 2097 1165 2128 de
1178 2097 1345 2133 seditione,
1362 2097 1564 2128 Antiochiam
1577 2097 1786 2128 advenerant.

145 2136 355 2167 Hellebichus
379 2137 441 2171 hic,
457 2137 610 2176 Magister
623 2137 767 2175 equitum
780 2136 974 2175 peditumve,
986 2136 1062 2176 alibi
1080 2139 1275 2176 memoratus
1290 2138 1442 2171 occurrit,
1459 2139 1490 2167 et
1502 2137 1634 2176 justitite
1649 2137 1790 2176 clemen—

146 2176 263 2214 tiaeque
282 2176 378 2206 laude
393 2176 529 2206 celebris
544 2178 614 2206 erat
637 2185 644 2205 :
661 2176 820 2206 Caesarius
835 2176 932 2205 etiam
945 2197 952 2209 ,
968 2175 1121 2214 Magister
1136 2175 1316 2206 ofﬁciorum
1335 2176 1411 2206 alibi
1428 2175 1530 2206 dictus
1544 2198 1551 2212 ,
1567 2175 1636 2215 pari
1663 2175 1790 2215 gaude—

147 2216 200 2245 bat
216 2216 387 2253 probitatis
403 2215 499 2245 fama.
523 2216 733 2245 Pronuntiata
751 2218 858 2245 autem
873 2215 931 2244 fuit
946 2215 1012 2245 haec
1029 2215 1160 2245 homilia
1176 2224 1249 2245 cum
1264 2215 1454 2245 Antiocheni
1470 2225 1553 2254 pene
1564 2224 1581 2245 a
1595 2217 1681 2245 metu
1696 2215 1789 2244 liberi

148 2257 268 2284 essent.
286 2255 528 2295 Innumeraiait
542 2255 662 2295 num._1
692 2254 952 2295 Chrysostomus,
978 2254 1224 2295 exspectavimus
1246 2255 1342 2295 mala,
1359 2255 1495 2295 omnium
1517 2254 1682 2295 facuttates
1704 2254 1790 2295 dire-

147 2298 235 2333 ptum
247 2294 302 2326 iri.
315 2293 496 2324 habitacula
509 2303 576 2324 cum
590 2293 803 2324 habitantibus
813 2293 1029 2325 comburenda.
1040 2293 1197 2323 civitatem
1208 2293 1307 2323 medio
1324 2294 1490 2324 tollendam
1503 2293 1542 2324 ea:
1553 2293 1636 2327 orbe,
1647 2297 1675 2323 et
1691 2293 1791 2332 ipsius

148 2333 298 2372 reliquias
318 2342 420 2363 omnes
434 2334 605 2372 perituras.
622 2337 765 2363 aratrum
780 2333 880 2372 ipsius
896 2336 1009 2362 terram
1031 2337 1242 2372 suscepturum
1256 2343 1265 2362 :
1281 2333 1334 2363 sed
1346 2342 1412 2363 ecce
1429 2333 1490 2363 han:
1505 2334 1608 2364 omnia
1623 2333 1711 2363 intra
1738 2342 1792 2362 ex-

149 2373 371 2410 spectationem
385 2377 507 2402 tantum
527 2376 694 2405 steterunt.
709 2376 737 2403 et
751 2372 784 2402 in
797 2381 875 2411 opus
889 2380 953 2402 non
972 2376 1200 2410 processerunt.
1214 2372 1279 2402 Sub
1293 2372 1361 2403 haec
1374 2374 1527 2403 narratur
1539 2372 1702 2410 quomodo
1718 2380 1791 2401 mo—

151 2412 243 2441 nachi
258 2421 300 2442 ex
329 2412 494 2441 montibus
511 2412 712 2442 Antiochiam
742 2410 975 2444 descenderint.
992 2410 1160 2450 utjudices
1174 2412 1360 2450 placarent,
1375 2412 1449 2441 dum
1464 2412 1591 2442 interim
1608 2411 1791 2450 philosophi

151 2459 259 2480 omnes
276 2451 377 2481 Grmci
393 2452 508 2481 urbem
523 2451 707 2481 desererent
721 2461 729 2487 ;
750 2460 815 2489 quo
831 2453 922 2489 pacto
936 2450 1032 2480 etiam
1051 2451 1232 2481 sacerdotes
1248 2451 1280 2480 in
1295 2451 1430 2490 gratiam
1446 2451 1556 2490 populi
1573 2454 1703 2481 strenue
1719 2459 1792 2490 irem

151 2491 320 2530 gesserint.
344 2491 458 2521 Pinnas
484 2491 524 2520 ab
543 2491 739 2528 Imperatore
753 2491 881 2520 demum
905 2490 1064 2530 irrogatas
1091 2490 1177 2530 leves
1193 2489 1530 2530 tolerabilesque’ait,
1553 2499 1658 2530 neque
1677 2489 1793 2519 dolen-

152 2529 223 2558 dum
238 2530 263 2559 si
281 2530 483 2560 orchestram
504 2532 534 2559 et
556 2530 670 2560 balnea
686 2530 859 2560 occluserit
871 2551 878 2565 ,
895 2538 933 2560 ac
946 2529 1161 2567 Metropoleos
1176 2529 1363 2568 dignitatem
1381 2531 1422 2560 ab
1438 2531 1519 2560 urbe
1531 2529 1701 2559 Antiochia
1716 2537 1785 2558 sus-

153 2569 270 2614 tulerit.
297 2569 417 2614 Yeram
443 2569 621 2614 Antiochizu
638 2569 824 2614 dignitatem
845 2578 927 2614 esse,
943 2569 1079 2614 quod
1099 2577 1138 2614 ea
1153 2567 1442 2614 dniscipuliChristi
1460 2570 1598 2608 primum
1616 2567 1792 2614 Christiani

155 2607 214 2647 sint
229 2609 353 2643 vocati;
376 2608 466 2646 quod
496 2607 688 2638 Antiocheni
715 2609 834 2639 sanctis
856 2608 1133 2647 Jerosolymitanis
1164 2608 1246 2638 fame
1271 2607 1493 2639 laborantibus
1526 2617 1620 2646 opem
1645 2607 1792 2637 tulerint.

154 2646 218 2676 Non
233 2647 492 2686 magnitudinem
507 2669 515 2683 ,
543 2647 596 2677 sed
618 2648 768 2686 pietatem
787 2649 884 2678 urbes
898 2646 1070 2677 exornare.
1095 2647 1129 2677 ln
1145 2647 1209 2678 ﬁne
1224 2656 1301 2677 vero
1316 2648 1378 2682 ait,
1396 2648 1476 2678 alios
1494 2648 1599 2678 adhuc
1613 2647 1644 2676 in
1663 2655 1795 2686 carcere

156 2685 375 2725 degere,alios
402 2687 437 2716 in
454 2686 607 2716 exsilium
619 2685 790 2718 mittendos
814 2696 894 2717 esse.
913 2687 1004 2717 Hanc
1029 2687 1193 2717 homiliam
1217 2687 1438 2717 Tillemontius
1466 2687 1588 2717 confert
1613 2686 1646 2716 in
1669 2685 1795 2716 hebdo-

156 2725 273 2766 madem
287 2729 441 2765 quartam
456 2726 717 2766 Quadragesimze
731 2735 803 2765 post
819 2727 930 2758 feriam
947 2725 1115 2764 quartam;
1132 2726 1186 2766 sed
1201 2736 1242 2757 ex
1258 2726 1441 2766 conjectura
1457 2729 1592 2756 tantum.

189 2764 318 2796 Decima
341 2769 462 2796 octava
487 2764 618 2796 homilia
632 2768 705 2804 post
718 2764 881 2796 dimidium
901 2765 1015 2805 jejunii
1035 2766 1118 2796 dicta
1132 2765 1212 2803 fuit,
1228 2769 1264 2796 ut
1286 2764 1331 2797 ait
1345 2766 1437 2795 initio
1455 2766 1713 2806 Chrysostomus.
1732 2764 1793 2794 Pu-

183 2825 218 2856 (η)
230 2827 365 2851 Bernartius
376 2828 508 2851 Brixianus
520 2826 685 2856 habenomzte
696 2827 843 2855 pra'teritum
850 2826 953 2851 vidimus
961 2825 1116 2857 quatriduum
1124 2845 1130 2854 ι
1140 2829 1163 2851 et
1172 2825 1242 2851 anule
1250 2826 1428 2857 nmtc'tidemus
1440 2832 1553 2857 presens.
1563 2829 1612 2857 Vox
1622 2829 1704 2857 autem
1713 2830 1792 2855 graec

155 2855 442 2914 ὣὲἒηέἆὲιυείι
453 2864 507 2886 per.
519 2856 682 2889 quatriduum,
695 2857 756 2888 suto
769 2857 945 2888 ecclesiastico,
957 2855 972 2882 εἱ
981 2861 1038 2889 lem]
1047 2863 1090 2882 ore
1100 2864 1176 2889 usque
1183 2857 1315 2886 Clementis
1325 2855 1493 2888 Alexandrini,
1501 2856 1619 2889 signiﬁcat
1628 2855 1711 2906 feriam
1719 2861 1792 2886 quar-

222 2895 373 2915 EMOUWIS.
1681 2900 1686 2906 .
