1984 3110
175 115 207 143 Π
674 119 719 146 Af)
738 116 898 145 POPULUM
918 118 1164 148 ANTIOCIIENUM
1196 119 1311 150 HOMIL.
1333 123 1352 150 1.
1785 126 1819 153 18

176 174 216 200 cia
229 179 287 204 eos,
299 173 347 208 qui
364 178 484 202 mentem
496 174 632 208 adhibent,
643 174 748 202 diabolo
760 170 975 207 inexpugnabiles

178 218 284 251 reddit;
299 223 329 245 et
341 223 480 254 tamquam
493 221 549 256 lyra
564 228 668 248 rursum
683 219 765 246 mttlta
778 225 838 245 cum
852 216 976 251 jucundi-

180 268 232 291 tate
245 263 396 296 delectans,
412 265 586 293 absurdarum
601 265 708 292 morbos
729 263 917 298 cogitationum
930 269 975 288 so-

181 312 228 345 pit,
245 318 277 338 ac
291 311 405 338 multam
421 319 481 339 cum
503 312 637 346 volttptate
651 311 727 338 nobis
739 310 815 337 aﬂ‘ert
828 309 976 336 utilitatem.

180 356 300 384 Audi-tis
324 357 406 392 igitur
429 358 507 385 hodie
521 358 555 385 de
570 358 660 385 multis
679 362 705 384 et
727 355 885 384 necessariis
899 354 979 381 rebus

181 401 326 429 Timotheo
347 402 523 430 disserentem
535 403 547 429 ἲ
561 403 665 430 Etenim
679 402 712 428 de
726 400 934 429 ordinationibus
946 399 979 426 ad

180 448 268 481 ip~um
283 448 402 482 scripsit,
417 448 509 475 dicens
524 457 531 475 :
545 447 638 474 Munus
652 449 700 474 cito
715 446 806 473 nemini
819 445 977 480 imposueris,

180 502 260 528 neque
273 495 495 521 ronnnnnt'mveris
509 495 615 529 peccatis
626 494 713 520 alienis
730 494 765 528 (i.
788 492 854 519 Tim.
871 491 896 519 5.
913 491 958 524 2'2)
971 499 978 517 :

181 545 209 566 et
223 539 393 566 intolerabile
407 540 466 567 talis
490 539 713 574 praevaricationis
734 538 879 572 perieulum
896 543 978 570 expo.

183 585 247 617 Sitit,
266 585 455 612 demonstrans
466 585 535 618 quod
550 584 678 611 malorum
694 583 728 610 ab
740 582 798 609 aliis
814 585 979 616 perpetrato-

182 638 243 657 rnnt
260 630 419 664 supplicium
442 630 484 656 alii
500 637 558 657 cum
573 629 625 656 illis
647 629 712 663 ipsis
727 627 904 659 sustinebunt,
919 626 980 660 quia

180 683 231 710 per
256 665 450 703 ordinationem
474 675 636 709 improbitati
654 674 794 701 conferunt
811 676 979 707 potestatem.

182 720 245 747 Mox
261 728 355 747 rursus
378 720 463 754 inquit
478 730 483 746 :
500 720 565 746 Vino
578 720 675 746 modico
688 726 757 746 utere
772 722 872 753 propter
887 722 979 743 stantu-

181 765 259 791 cltum
274 770 354 796 tuum,
365 769 389 791 et
399 765 540 799 frequentes
550 769 606 791 tuas
619 765 776 798 inﬁrmitates
792 762 870 798 (Ibid.
884 770 910 788 v.
921 761 979 796 '25).

183 811 217 837 Et
230 810 264 837 de
278 817 418 838 servorum
433 811 607 845 subjectione,
623 815 650 837 et
664 809 697 836 de
710 816 849 835 avarorum
864 807 976 839 insania,

182 861 210 882 et
223 855 258 882 de
271 855 382 882 divitum
396 856 545 890 arrogantia
555 876 562 888 ,
576 860 603 883 et
617 855 650 882 de
664 854 753 882 multis
767 854 826 881 aliis
839 853 916 880 nobis
929 852 979 880 lto-

182 901 228 928 die
240 901 376 928 disseruit.
390 901 457 929 Cum
478 901 558 936 igitur
575 900 664 927 omnia
680 906 834 934 percurrere
855 906 906 925 non
920 904 982 931 pos-

183 946 280 979 simus,
295 946 357 979 quid
373 946 453 972 vultis
466 946 707 974 eeommemoratis
714 945 990 981 proponentcscltari-

183 991 231 1018 tati
247 995 343 1018 vestrae
364 991 505 1018 dicamus?
520 991 598 1018 Velut
618 991 689 1018 enim
709 991 735 1018 in
749 997 824 1025 prato
845 989 943 1016 multos
955 993 982 1016 et

183 1037 273 1063 varios
296 1036 374 1064 video
398 1035 519 1064 lectionis
540 1037 619 1064 ﬂores
643 1041 670 1064 et
692 1036 807 1071 amplum
831 1036 980 1067 resarinm,

184 1081 284 1108 multas
299 1089 363 1108 vero
378 1082 471 1114 violas,
487 1090 536 1109 nec
550 1081 672 1116 pauciora
695 1081 748 1108 lilia
761 1089 768 1113 ;
784 1080 831 1108 sed
845 1086 871 1107 et
880 1081 980 1107 varium

184 1126 286 1162 ubique
307 1132 334 1155 et
347 1128 483 1162 copiosum
498 1128 608 1163 spiritus
627 1127 740 1155 fructum
760 1127 959 1154 disseminatum
973 1147 980 1159 ,

182 1176 211 1199 et
225 1172 335 1198 multam
350 1172 440 1199 odoris
453 1172 609 1199 suavitatem
627 1181 633 1199 :
650 1173 703 1199 imo
716 1180 780 1199 vero
799 1179 851 1198 non
867 1175 982 1198 tantum-

183 1216 266 1243 modo
281 1222 396 1251 pratnm,
411 1224 504 1244 verum
527 1217 666 1251 paradisus
686 1220 726 1243 est
738 1216 885 1244 divinarum
903 1216 982 1242 lectio

183 1261 385 1296 Scripturarutn
403 1271 410 1290 :
425 1270 477 1289 non
500 1262 570 1289 enim
586 1262 757 1297 fragrantiam
773 1262 858 1288 solum
885 1261 981 1288 nudam

184 1306 286 1334 habent
300 1307 358 1341 ejus
381 1307 471 1340 ﬂores,
486 1307 532 1334 sed
547 1312 573 1334 et
593 1306 707 1334 fructum
718 1328 726 1339 ,
740 1307 784 1341 qui
799 1307 915 1333 animatn
931 1315 980 1333 nu-

184 1353 252 1379 trire
274 1353 368 1386 possit.
391 1353 459 1387 Quid
480 1353 559 1387 igitur
574 1353 608 1380 de
629 1352 707 1379 dictis
729 1352 756 1379 in
772 1352 887 1379 tnedium
904 1351 982 1379 vultis

183 1405 297 1431 agamus
310 1398 409 1425 hodie?
431 1398 510 1425 vultis
529 1397 598 1432 quod
612 1397 730 1425 omnium
754 1397 910 1424 vilissimum
923 1404 982 1424 esse

184 1442 304 1473 videtur,
328 1447 356 1469 et
373 1443 520 1477 quibusque
543 1443 677 1470 intellectu
700 1442 865 1475 facillimum,
890 1442 940 1469 hoc
956 1442 981 1468 in

184 1489 313 1521 prasenti
326 1487 491 1515 tractemus?
506 1488 568 1514 Mihi
583 1496 678 1522 nempe
688 1488 783 1522 placet,
797 1487 844 1515 sed
857 1492 885 1515 et
895 1487 980 1520 vobis,

184 1532 238 1559 hoc
258 1533 327 1559 bene
351 1533 423 1565 novi,
448 1534 547 1567 pariter
561 1533 684 1568 placebit.
708 1532 776 1566 Quid
795 1540 858 1560 vero
874 1533 980 1560 tandem

183 1582 229 1604 est
250 1577 310 1604 aliis
335 1577 459 1604 facilius?
473 1578 535 1612 quid
558 1581 647 1605 autent
669 1577 738 1604 aliud
760 1585 838 1612 quam
863 1577 932 1612 quod
955 1582 982 1604 et

185 1621 299 1648 cuilibet
321 1622 396 1649 facile
421 1627 447 1649 et
461 1622 532 1649 dictu
547 1622 766 1656 compendiosum
781 1629 841 1649 esse
855 1621 981 1649 videtur?

185 1667 273 1699 Quale
286 1667 392 1701 quidem
408 1667 475 1694 istud
486 1667 499 1694 Ἰ
514 1667 615 1694 Modico
627 1668 684 1694 vino
696 1672 765 1694 utere
775 1672 876 1702 propter
886 1672 981 1693 stoma-

186 1712 263 1739 rhum
288 1717 376 1746 tuum,
396 1717 419 1738 et
442 1713 541 1739 crebras
566 1712 726 1746 egritudines
746 1717 811 1738 tuas.
840 1712 886 1739 Eia
903 1712 981 1746 igitur

186 1765 296 1785 omnem
321 1758 468 1785 orationem
505 1758 532 1785 in
570 1757 639 1785 hanc
671 1757 854 1792 impendamus
886 1757 981 1784 dictio-

186 1810 261 1830 nem.

226 1858 367 1894 Scriptura:
377 1867 457 1886 sacra
469 1859 507 1886 vel
518 1859 630 1887 minima:
640 1859 766 1886 sententia:
778 1860 893 1894 pretiosa
913 1862 981 1885 sunt.

188 1917 225 1925 -—
234 1904 288 1930 iloc
296 1909 384 1931 autem
401 1903 512 1931 iacimus
527 1913 579 1932 non
590 1905 742 1931 ambitionis
751 1905 844 1939 gratia,
860 1912 946 1939 neque
956 1905 981 1931 in

186 1948 304 1976 dicendo
317 1948 448 1976 facultatis
468 1950 672 1977 ostentationem
687 1950 813 1978 exhibere
828 1950 982 1978 studentes:

189 2001 245 2021 non
259 1994 329 2021 enim
342 2002 401 2028 qua:
419 1995 541 2022 dicuntur
551 2000 640 2022 nostra
654 1999 724 2026 sunt,
739 1995 785 2022 sed
799 2003 858 2029 qua“:
871 1995 984 2029 Spiritus

189 2040 274 2075 gratia
287 2040 417 2068 afﬂaverit
431 2049 437 2066 :
452 2040 498 2067 sed
516 2045 543 2067 ut
562 2040 696 2068 auditores
710 2040 750 2067 vel
765 2041 901 2075 segniores
913 2040 985 2068 exci-

191 2091 290 2118 temus,
313 2090 340 2113 et
363 2090 477 2120 quantus
500 2087 534 2113 sit
556 2086 752 2120 Scripturarum
779 2085 934 2117 thesaurus,
957 2090 984 2113 ct

188 2131 262 2166 quod
274 2139 361 2166 neque
376 2131 487 2158 liberum
503 2131 536 2158 sit
550 2139 636 2166 neque
658 2137 743 2158 tntum
765 2139 810 2159 eas
826 2137 983 2166 prmtcrcnr—

190 2183 262 2208 rere,
278 2176 496 2211 persuadeamus.
513 2176 540 2204 Si
553 2177 624 2204 enitn
641 2177 728 2203 tenuis
741 2176 798 2203 hmc
811 2181 837 2203 et
858 2184 985 2211 compen-

190 2223 267 2250 diosa
282 2223 374 2254 dietio,
387 2227 413 2249 et
426 2231 485 2257 quae
506 2223 572 2250 nihil
587 2223 765 2249 necessarium
779 2223 869 2249 multis
888 2222 985 2249 habere

188 2267 308 2300 videtur,
333 2267 474 2295 multarum
495 2276 602 2295 causam
627 2267 779 2294 divitiarum
801 2271 828 2294 et
849 2267 985 2294 altissimas

189 2312 366 2348 philosophia:
391 2312 542 2340 occasiones
567 2312 644 2339 nobis
660 2313 780 2346 praebere
804 2312 859 2338 visa
883 2312 983 2345 fuerit;

188 2358 276 2385 multo
289 2359 375 2392 magis
388 2358 441 2390 illa,
456 2366 514 2392 quae
538 2363 564 2385 et
579 2366 611 2385 ex
626 2365 655 2385 se
669 2357 839 2385 domesticam
853 2361 987 2384 ostentattt

190 2405 316 2439 copiam,
338 2404 449 2431 infinitis
473 2404 603 2431 thesauris
631 2404 871 2431 anintadvertentes
893 2404 986 2437 imple-

188 2450 268 2477 bunt.
294 2449 376 2484 igitur
398 2457 447 2476 nec
462 2450 519 2476 illas
533 2449 639 2483 quidem
651 2470 658 2481 ,
682 2457 740 2484 qua:
762 2455 854 2476 tenues
868 2457 926 2476 esse
940 2457 987 2484 pu-

189 2500 292 2527 tantur,
304 2495 502 2528 Scripturarum
514 2495 658 2522 sententias
665 2499 908 2529 pr:rtereurratnus.
921 2494 986 2521 Nam

188 2546 216 2568 ct
231 2541 295 2576 ipsa:
307 2540 341 2568 de
353 2540 469 2576 Spiritus
489 2541 571 2575 gratia
585 2545 647 2567 sunt
661 2550 668 2568 :
683 2540 796 2575 Spiritus
807 2545 893 2567 autent
905 2540 986 2575 gratia

189 2640 260 2661 nunc
275 2639 397 2666 prazterea
410 2635 505 2660 titulum
524 2636 597 2660 habet
613 2635 712 2660 Savilius
729 2637 782 2661 sine
794 2636 941 2661 discrimine.
954 2640 986 2661 Ex

189 2667 230 2692 his
241 2673 313 2697 porro
327 2667 411 2690 verbis
426 2666 477 2690 haec
492 2666 561 2690 titulo
580 2671 662 2691 uestro
674 2667 802 2691 inserenda
818 2668 939 2696 duximus,
961 2666 988 2691 in

189 2697 274 2723 Pala'a
285 2704 331 2721 seu
342 2697 424 2721 veteri
434 2697 542 2728 ecclesia.
551 2697 625 2722 Pala'a
636 2704 680 2722 seu
700 2701 779 2726 vetus,
794 2699 921 2722 vocabatur
933 2703 988 2728 pars

190 2729 321 2752 Antiochia:
334 2727 404 2751 urbis
416 2727 445 2750 ad
457 2731 568 2752 Orontem
579 2727 675 2752 ﬂuvium
685 2728 745 2752 sita:
757 2728 780 2752 in
792 2734 838 2752 oua
849 2732 902 2752 erat
910 2728 989 2752 eccle-

188 2760 226 2783 sia
238 2759 314 2782 t‘alaea
326 2759 389 2782 item
408 2758 479 2789 diua,
493 2759 612 2789 etiamque
625 2757 863 2789 Apostolica,quiaal)
875 2757 989 2789 apostolis

189 2789 302 2845 Ευοειιέιιὶω.
317 2788 377 2814 \ide
389 2794 446 2820 quae
458 2788 500 2814 hac
515 2789 547 2814 de
564 2788 592 2815 re
608 2788 712 2815 diximus
732 2790 756 2815 in
771 2788 831 2814 Edit.
852 2788 985 2820 Athanasii,

1030 180 1173 210 numquam
1197 184 1278 211 parva
1299 181 1327 205 et
1339 177 1407 212 vilis,
1423 178 1469 206 sed
1483 187 1577 215 magna
1591 185 1618 209 et
1638 180 1778 214 mirabilis.
1794 188 1822 211 et

1030 221 1116 248 dantis
1129 222 1308 250 munificentia
1323 223 1412 259 digna.
1426 224 1464 252 Ne
1480 225 1558 260 igitur
1569 227 1654 255 otiose
1666 228 1819 262 audiamus,

1029 267 1152 301 quoniam
1162 269 1205 303 qui
1217 270 1382 297 melallorutn
1394 275 1490 298 terram
1505 279 1664 308 excoquunt,
1681 280 1820 311 postquam

1031 313 1058 339 in
1069 313 1201 341 caminum
1215 315 1298 349 ipsam
1313 316 1459 351 injecerint,
1470 325 1522 344 non
1538 323 1637 346 tantum
1651 321 1707 347 auri
1719 329 1820 349 massas

1031 358 1136 389 tollunt.
1151 359 1197 386 sed
1217 365 1243 387 et
1264 368 1358 394 parvas
1373 361 1522 389 bracteolas
1534 364 1616 390 ntttlta
1639 373 1698 392 cttm
1721 366 1819 392 seduli-

1032 408 1085 430 tate
1099 405 1235 439 colligunt.
1257 406 1385 439 Quoniam
1401 408 1480 442 igitur
1501 412 1528 435 et
1543 417 1592 436 nos
1606 417 1698 437 aurum
1712 419 1744 438 ex
1757 419 1820 445 apo-

1031 451 1131 477 stolicis
1144 451 1264 479 haustum
1280 453 1393 480 metallis
1413 455 1593 490 excoquimus,
1610 463 1661 482 non
1686 456 1710 482 in
1732 456 1823 484 forna-

1031 503 1089 522 cem
1113 496 1259 530 jacientes,
1288 498 1335 525 sed
1360 499 1387 525 itt
1414 500 1508 526 anima:
1531 505 1627 527 vestra:
1650 501 1822 535 cogitationes

1032 541 1214 573 imminentes.
1235 550 1287 570 non
1309 543 1442 571 ﬂantmam
1465 545 1650 577 aceendentes,
1666 545 1713 573 sed
1736 547 1822 581 ignem

1032 587 1140 620 spiritus
1160 588 1326 622 excitantes;
1343 598 1436 624 parvas
1449 591 1530 618 etiam
1552 592 1634 619 micas
1657 599 1750 626 magna
1765 592 1823 620 dili-

1031 634 1119 667 gentia
1145 634 1309 668 colligamus.
1334 635 1409 663 Licet
1435 636 1504 663 enim
1530 637 1610 664 breve
1635 637 1669 664 sit
1692 637 1822 670 verbum,
1864 646 1867 649 '

1033 677 1114 704 multa
1130 683 1217 706 tamen
1233 684 1274 707 est
1296 679 1378 708 virtus
1391 689 1398 714 ;
1414 682 1537 716 quoniam
1561 686 1589 709 et
1604 689 1716 716 gemma:
1730 690 1781 709 nou
1797 683 1823 710 in

1032 724 1152 759 corporis
1175 726 1255 759 mole,
1278 727 1325 754 sed
1351 727 1378 754 in
1401 732 1502 755 naturae
1526 728 1722 763 pulcltritudine
1746 736 1823 756 suum

1033 770 1147 804 pretium
1172 771 1181 787 ⁸
1203 771 1310 804 habent,
1340 772 1379 800 sic
1402 778 1429 800 et
1455 773 1603 801 divinarum
1627 774 1823 808 Scripturarutn

1032 815 1121 842 lcctio.
1138 816 1254 843 Externa
1265 818 1362 852 quippe
1375 817 1493 845 doctrina
1505 818 1602 845 multas
1613 819 1717 853 jactans
1729 826 1823 854 nugas,

1032 865 1058 889 et
1066 861 1175 889 multam
1184 861 1326 890 infundens
1333 863 1496 891 auditoribus
1509 863 1669 896 futilitatem,
1677 871 1725 891 eos
1735 863 1825 891 vacuis

1032 907 1143 934 remittit
1157 907 1289 940 manibus,
1312 908 1413 935 nullum
1429 916 1514 943 neque
1528 916 1651 943 magnum
1667 916 1752 942 neque
1766 915 1827 942 par-

1032 959 1094 979 vum
1107 952 1223 979 lncratos
1239 953 1457 980 emolumentum.
1472 954 1585 988 Spiritus
1597 961 1660 980 vero
1673 953 1758 988 gratia
1771 960 1824 979 non

1033 996 1205 1032 hujusmodi,
1226 997 1275 1025 sed
1294 998 1320 1024 in
1340 998 1502 1025 contrariuttt
1524 998 1634 1025 omnino
1655 1006 1703 1033 per
1721 997 1825 1025 modica

1033 1042 1114 1070 verba
1128 1042 1251 1069 omnibus
1261 1042 1460 1070 advertentibus
1473 1042 1669 1077 philosophiam
1683 1042 1760 1069 aﬂ‘ert
1776 1051 1782 1068 :
1797 1047 1825 1069 et

1034 1087 1123 1114 ntultis
1142 1095 1213 1122 sa-pe
1226 1088 1335 1115 verbum
1349 1096 1429 1115 unum
1444 1088 1542 1116 sufficit
1554 1089 1616 1116 hinc
1637 1088 1804 1123 excerpsisse
1815 1109 1823 1122 ,

1035 1138 1062 1160 ut
1077 1135 1157 1161 totius
1177 1134 1237 1161 vita:
1251 1135 1373 1161 viaticum
1387 1135 1511 1162 habeant.

1068 1180 1095 1207 2.
1118 1180 1248 1214 Quoniam
1273 1180 1351 1215 igitur
1373 1184 1444 1207 tanta
1468 1180 1544 1207 adest
1567 1180 1652 1214 copia,
1679 1186 1728 1206 nos
1753 1179 1825 1214 ipsos

1034 1225 1189 1255 excitemus,
1207 1229 1234 1251 et
1249 1225 1319 1259 vigili
1332 1230 1422 1252 mente
1434 1232 1493 1259 qua:
1505 1225 1628 1251 dicttntur
1639 1224 1823 1258 suscipiamus:

1033 1269 1066 1296 ad
1081 1276 1202 1303 magnam
1218 1269 1287 1296 eniut
1302 1268 1506 1303 profunditatem
1521 1276 1672 1296 sermonem
1685 1268 1825 1295 demittere

1034 1322 1109 1349 paro.
1131 1314 1220 1342 Multis
1233 1315 1304 1342 enim
1317 1316 1396 1342 etiam
1420 1314 1549 1349 superﬂua
1566 1319 1593 1341 et
1605 1313 1824 1349 superabundans

1034 1367 1094 1387 eSs'e
1113 1359 1170 1387 haec
1185 1360 1331 1387 admonitio
1344 1360 1538 1395 quodammodo
1551 1360 1663 1392 videtur,
1679 1360 1748 1394 iique
1763 1359 1824 1386 talia

1033 1405 1126 1432 dicunt
1139 1405 1219 1433 verba
1236 1405 1312 1433 :Non
1336 1413 1383 1440 per
1406 1406 1523 1439 seipsum
1545 1409 1649 1439 poterat
1669 1403 1825 1431 Timotheus

1034 1451 1179 1486 conjicere,
1195 1459 1246 1486 qua
1261 1459 1291 1479 re
1301 1452 1337 1478 uti
1348 1456 1482 1487 oporteret
1493 1452 1514 1484 ',
1528 1458 1620 1478 verum
1635 1458 1649 1477 a
1661 1454 1824 1485 prmeeptore

1033 1498 1136 1526 discere
1155 1498 1346 1533 exspectabat?
1360 1497 1427 1531 Quid
1441 1498 1511 1532 quod
1535 1502 1682 1531 praeceptor
1697 1504 1748 1523 non
1765 1501 1825 1523 tan-

1035 1548 1089 1570 tunt
1100 1543 1303 1578 imperavit,sed
1317 1547 1345 1570 et
1358 1543 1452 1570 litteris
1465 1543 1585 1574 inseruit,
1600 1547 1732 1576 tamquam
1747 1549 1825 1570 a-retn

1034 1590 1173 1621 columnte,
1191 1589 1260 1616 datae
1280 1588 1314 1616 ad
1338 1589 1424 1623 ipsum
1448 1588 1566 1623 epistola:
1588 1589 1758 1622 insculpens;
1775 1595 1824 1615 nec

1034 1635 1139 1662 erubuit
1153 1634 1302 1668 hujusmodi
1316 1641 1359 1661 res
1371 1634 1509 1668 scriptura:
1522 1633 1648 1660 mandare
1661 1638 1687 1660 et
1701 1633 1734 1660 ad
1749 1633 1826 1660 disci-

1035 1680 1124 1714 pulum
1138 1679 1241 1713 pttblice
1254 1679 1379 1714 legendas
1389 1679 1511 1706 mittere?
1522 1678 1555 1707 Ut
1568 1679 1646 1714 igitur
1657 1678 1744 1705 discas
1753 1678 1824 1712 quod

1034 1733 1088 1752 non
1109 1730 1210 1752 tantum
1226 1733 1279 1752 IIOn
1292 1725 1421 1752 redundet
1435 1725 1589 1757 admonitio,
1612 1725 1659 1752 sed
1675 1725 1823 1752 necessaria

1034 1776 1061 1798 et
1074 1771 1213 1798 utilissima
1225 1771 1276 1803 sit;
1289 1775 1315 1798 et
1328 1779 1380 1797 non
1394 1778 1409 1797 a
1423 1770 1515 1802 Paulo,
1529 1770 1576 1797 sed
1590 1777 1605 1797 a
1618 1770 1732 1804 Spiritus
1741 1769 1825 1804 gratia

1035 1817 1132 1844 factutn
1153 1817 1198 1848 sit,
1209 1821 1237 1844 ut
1250 1816 1300 1843 hoc
1312 1823 1365 1843 non
1376 1816 1455 1843 modo
1465 1816 1606 1848 diceretur,
1616 1815 1662 1842 sed
1668 1814 1748 1842 etiam
1756 1815 1818 1842 litte

1035 1864 1072 1891 ris
1087 1862 1236 1890 traderetur
1250 1867 1276 1890 et
1287 1862 1321 1890 ad
1337 1870 1430 1890 ontttes
1446 1867 1567 1897 posteros
1583 1869 1630 1896 per
1644 1860 1712 1888 hanc
1724 1864 1826 1894 episto-

1035 1909 1086 1936 lam
1100 1909 1252 1936 devcniret:
1263 1908 1295 1935 ad
1310 1908 1394 1942 ipsam
1409 1915 1469 1935 mox
1482 1907 1663 1942 probationcttt
1677 1906 1823 1933 veniemus.

1035 1955 1075 1982 Ad
1091 1955 1148 1982 hzcc
1165 1955 1236 1982 enim
1252 1954 1285 1981 de
1297 1954 1347 1982 alia
1367 1961 1473 1988 quoque
1487 1961 1517 1980 re
1539 1960 1591 1980 tton
1606 1952 1694 1979 ntintts
1707 1952 1828 1978 dubitant

1035 2001 1141 2035 qttidam
1166 2001 1233 2027 intra
1258 2008 1288 2028 se
1311 2005 1471 2034 quaerentes,
1487 2006 1537 2034 qua
1560 1999 1592 2025 de
1605 2006 1684 2026 causa
1706 1997 1827 2032 permisit

1036 2046 1106 2073 Dens
1122 2046 1205 2072 virutn
1227 2050 1326 2072 tatttam
1340 2044 1480 2072 habentem
1497 2047 1664 2079 potestatem,
1676 2043 1753 2077 cujus
1766 2050 1827 2070 ossa

1035 2096 1061 2118 et
1083 2091 1201 2126 reliquiae
1214 2091 1349 2118 dzrmones
1371 2090 1548 2124 expellerent,
1565 2090 1591 2116 in
1606 2093 1704 2116 tantam
1720 2089 1828 2123 :rgritu-

1036 2138 1124 2165 diuem
1146 2138 1272 2165 incidere.
1297 2137 1356 2164 Non
1382 2137 1452 2164 enim
1479 2136 1573 2163 leviter
1595 2135 1757 2170 aegrotabat,
1779 2134 1826 2162 sed

1035 2184 1176 2216 continue,
1190 2184 1237 2211 sed
1252 2183 1362 2210 alternis
1376 2187 1404 2210 et
1424 2182 1531 2217 jugibus
1555 2180 1761 2210 infirmitatibus.
1779 2188 1828 2208 nec

1036 2230 1174 2257 minimum
1183 2229 1288 2263 quidem
1298 2229 1383 2263 ipsttm
1395 2228 1526 2262 respirare
1535 2226 1741 2261 indulgentibus.
1754 2224 1830 2253 Unde

1036 2275 1087 2302 ltoc
1109 2274 1298 2302 manifestum?
1312 2273 1350 2300 Ex
1372 2273 1436 2308 ipsis
1457 2272 1529 2300 Pauli
1555 2271 1653 2299 verbis.
1676 2271 1734 2298 Non
1758 2271 1828 2297 cnim

1036 2321 1103 2349 dixit
1117 2330 1123 2347 :
1140 2321 1251 2355 Propter
1264 2320 1458 2355 aegritudinem,
1469 2319 1515 2346 sed
1529 2318 1639 2352 Propter
1651 2317 1826 2353 (egritudines:

1038 2374 1123 2401 tteque
1137 2366 1302 2401 simpliciter,
1326 2365 1437 2399 Propter
1452 2365 1634 2396 inﬁrmitates,
1650 2363 1695 2391 sed
1711 2363 1828 2397 ipsarum

1037 2413 1262 2440 continuationem
1286 2411 1438 2446 significans
1461 2410 1575 2442 dicebat,
1599 2409 1752 2443 Frequentes
1772 2412 1828 2434 tua:

1037 2458 1206 2492 inﬁrmitates.
1231 2457 1346 2484 Andiant
1369 2456 1414 2491 qui
1435 2457 1561 2483 diuturno
1581 2455 1669 2482 traditi
1684 2453 1805 2489 languori
1820 2473 1827 2485 ,

1038 2512 1108 2539 :rgre
1129 2505 1217 2531 ferunt
1236 2508 1262 2530 et
1275 2503 1364 2530 animo
1378 2503 1531 2530 concidunt.
1552 2502 1609 2529 Non
1630 2501 1714 2528 solum
1739 2504 1828 2527 autent

1038 2550 1090 2577 hoc
1113 2554 1155 2577 cst
1175 2549 1246 2584 quod
1271 2549 1411 2583 quaeritur,
1435 2548 1506 2583 quod
1527 2555 1586 2575 cum
1609 2551 1680 2574 esset
1703 2550 1828 2577 sanctus,

1039 2595 1193 2630 a-grotabat,
1218 2599 1245 2621 ct
1270 2595 1310 2622 sic
1333 2594 1486 2629 frequenter
1509 2592 1662 2628 :egrotabat,
1679 2591 1725 2618 sed
1748 2591 1829 2618 etiam

1039 2641 1109 2676 quod
1121 2641 1223 2676 publica
1235 2640 1326 2668 mundi
1337 2640 1442 2675 negotia
1457 2639 1504 2674 ipsi
1513 2642 1591 2666 erant
1600 2637 1709 2664 credita.
1719 2636 1745 2663 Si
1757 2635 1828 2663 enim

1041 2694 1110 2714 unus
1123 2690 1195 2714 esset
1208 2687 1323 2719 illorum,
1339 2686 1383 2720 qui
1399 2685 1425 2712 in
1441 2685 1571 2712 montium
1584 2682 1697 2709 vertices
1709 2687 1828 2708 secesseo

1040 2736 1112 2765 runt,
1134 2736 1162 2759 et
1176 2732 1202 2759 itt
1227 2731 1370 2758 solitudine
1392 2730 1501 2758 cellulas
1522 2730 1721 2763 compegerunt.
1748 2730 1774 2753 ct
1795 2724 1828 2752 al.

1072 2787 1081 2804 ί
1099 2786 1142 2818 Alii
1154 2794 1160 2812 :
1174 2786 1280 2818 Pretium
1288 2789 1310 2812 et
1322 2786 1404 2811 decus.
1504 2816 1508 2818 λ
1538 2814 1544 2818 _
1614 2813 1620 2818 _

1072 2818 1083 2834 ι
1099 2817 1142 2843 Alii
1155 2825 1161 2843 :
1175 2816 1306 2844 Tenet/teut
1317 2818 1434 2848 coniicere
1445 2816 1509 2848 quod
1521 2814 1575 2841 tino
1586 2813 1620 2841 uti
1629 2813 1728 2844 oportet.
