1984 3110
137 138 188 167 ιθ·

135 194 288 229 hujusmodi
297 193 411 229 negotiis
420 193 533 221 alienam
547 194 626 221 vitam
635 194 782 228 elegerunt,
796 200 848 220 non
858 197 931 220 esset

135 245 189 266 tam
202 240 310 266 dubium
324 239 395 273 quod
418 239 546 273 quaeritur
559 248 566 266 :
583 239 609 266 in
625 238 741 266 medittm
757 245 820 265 vero
833 245 929 273 prove-

134 290 218 316 ctum,
233 289 261 311 et
276 289 315 311 tot
330 283 508 311 Ecclesiarum
519 291 596 311 curas
607 283 748 311 habentem
763 283 888 314 creditas,
903 287 931 310 et

137 330 215 356 nrbes
231 335 300 356 lOlﬂS
314 333 342 356 et
355 335 449 365 gentes
463 334 490 356 et
510 334 594 356 totum
609 334 740 356 terrarum
754 330 845 355 orbem
857 333 930 356 tanta

134 382 197 402 eum
219 375 361 402 sedulitate
374 379 401 402 et
413 375 501 402 studio
513 374 752 404 administrantem.
769 374 931 401 inﬁrmitatis

136 421 290 448 necessitati
306 420 430 448 traditum
452 428 522 454 esse,
539 420 590 448 hoc
602 426 641 448 est
656 421 727 456 quod
740 422 855 448 maxime
877 428 930 448 non

136 466 392 493 animadvertentem
411 466 520 493 omnino
535 466 561 493 in
575 471 710 501 stuporem
733 473 812 500 agere
832 470 930 500 potest.

138 511 195 539 Etsi
210 512 280 539 enim
296 519 348 539 non
363 517 471 547 propter
481 519 520 544 se,
533 512 629 539 saltem
643 516 750 546 propter
764 511 831 538 alios
845 511 931 546 ipsum

138 558 228 585 valere
241 558 390 593 oportebat.
406 557 552 592 Imperator
563 561 621 585 erat
631 558 747 592 optitnus
763 566 770 584 :
786 557 883 584 bellttm
898 557 932 584 ab

138 611 171 631 eo
196 605 341 639 gerebatur
364 611 416 631 non
440 608 532 631 contra
555 603 676 630 inﬁdeles
699 607 811 636 tantum,
836 603 882 630 sed
905 607 932 630 et

138 653 231 676 contra
253 648 389 675 dmmones
408 653 436 675 et
454 654 545 675 contra
567 648 653 683 ipsum
678 648 811 675 diabolum
827 657 833 674 :
850 648 932 675 multa

138 702 199 721 cum
214 694 381 722 vehementia
397 694 488 722 hostes
496 702 590 721 omnes
602 694 784 728 imminebant,
799 694 931 728 dissipan-

139 745 180 767 tes
192 741 339 768 exercitum
354 745 382 768 et
402 742 428 768 in
441 741 620 776 captivitatem
643 741 798 774 trahentes;
814 740 857 767 hic
869 747 933 768 vero

139 787 256 815 inﬁnitus
269 787 303 814 ad
317 787 456 815 veritatem
471 786 599 814 reducere
610 791 724 822 poterat,
738 791 764 813 et
777 785 931 821 aegrotabat.

141 832 197 860 Etsi
212 833 296 866 enim,
318 833 412 868 inquit,
434 833 534 860 nullum
556 836 684 867 przcterea
697 832 823 860 damnum
835 839 867 858 ex
883 831 934 859 hac

139 878 295 906 inﬁrmitate
311 878 389 906 rebus
404 878 562 911 inferretur,
577 886 608 906 ea
632 878 689 912 ipsa
708 877 763 905 sola
785 877 878 904 ﬁdeles
891 876 932 911 pi-

138 924 243 958 griores
255 929 282 951 et
296 924 454 958 torpidiores
471 924 584 951 reddere
597 928 710 958 poterat.
725 922 790 949 Nam
803 922 824 948 si
836 921 933 949 milites

140 969 236 996 ducem
265 976 342 997 suum
367 970 435 997 lecto
462 969 598 997 detentum
622 973 773 1000 cernentes,
796 967 932 1002 segniores

141 1014 208 1041 ﬁunt
222 1019 248 1042 et
272 1014 304 1041 ad
325 1022 439 1049 pugnam
455 1014 604 1047 tardiores;
620 1013 704 1040 multo
718 1013 802 1048 magis
814 1021 862 1048 par
876 1018 933 1041 erat

140 1064 168 1086 et
182 1059 286 1091 ﬁdeles,
299 1064 488 1094 pratceptorem
500 1063 559 1094 post
573 1064 612 1086 tot
623 1059 695 1094 signa
704 1066 815 1093 operum
828 1059 933 1086 intuen-

140 1110 181 1132 tes
193 1105 318 1132 continue
331 1109 503 1140 zrgrotantem
516 1110 543 1132 et
556 1105 675 1140 corporis
695 1105 789 1132 morbo
808 1105 933 1132 laboran-

140 1156 204 1184 tem,
222 1150 366 1178 hutnanum
389 1151 514 1186 quiddam
536 1159 596 1179 esse
618 1158 768 1186 perpessos.
793 1150 847 1178 Nec
869 1159 933 1178 vero

140 1196 197 1223 haec
219 1200 331 1229 tantum,
353 1196 399 1224 sed
415 1201 442 1224 et
456 1196 527 1224 aliud
542 1197 667 1231 quiddam
693 1196 843 1223 dubitantes
858 1204 931 1231 qus:-

140 1247 211 1274 runt,
224 1250 274 1277 qua
287 1242 321 1269 de
329 1250 408 1269 causa
418 1250 523 1270 rursum
535 1250 622 1277 neque
633 1243 738 1276 seipse,
753 1249 838 1277 neque
851 1242 932 1276 ipsius

142 1292 289 1322 praeceptor
301 1288 337 1315 ita
350 1288 500 1316 confectum
513 1288 630 1315 curavit:
642 1288 688 1315 sed
700 1293 818 1315 mortuos
827 1288 932 1322 quidem

140 1333 316 1365 suscitabant,
334 1338 360 1361 et
373 1333 508 1360 dzemones
530 1333 711 1368 expellebant,
727 1337 754 1360 et
768 1337 880 1360 mortem
895 1332 933 1360 fa-

141 1378 191 1405 cile
206 1378 358 1411 vincebant,
380 1386 462 1406 unum
485 1386 550 1406 vero
563 1386 659 1413 corpus
683 1382 811 1413 aegrotum
826 1385 878 1405 non
893 1379 933 1405 in-

142 1423 298 1450 staurabant
313 1432 320 1450 :
336 1428 363 1450 et
374 1424 419 1458 qui
442 1424 469 1450 in
492 1423 586 1451 alienis
599 1424 754 1458 corporibus
775 1428 802 1451 et
815 1424 933 1452 viventes

140 1472 169 1495 et
190 1468 286 1495 mortui
312 1472 411 1495 tantam
435 1468 579 1496 exhibuere
598 1469 721 1496 virtutem
734 1490 741 1502 ,
767 1469 932 1496 stomachum

143 1513 245 1547 lapsum
260 1521 312 1540 non
328 1513 483 1541 relevabant
495 1522 501 1540 :
515 1518 542 1541 et
555 1514 624 1548 quod
639 1513 724 1548 majus
745 1518 795 1546 est,
817 1521 869 1541 non
885 1522 933 1541 ve-

143 1562 216 1584 retur
229 1565 278 1585 nec
291 1558 425 1585 erubescit
439 1558 536 1585 Paulus
549 1563 609 1593 post
622 1562 662 1585 tot
675 1563 701 1585 et
715 1559 776 1585 talia
789 1559 863 1593 signa
874 1561 934 1594 qua:

141 1603 183 1630 vel
199 1603 269 1630 nudo
283 1604 404 1637 ρι’ωειίῑίι
425 1604 517 1637 verbo,
532 1604 673 1631 Timotheo
686 1604 813 1636 scribere,
827 1609 856 1631 ut
870 1612 934 1632 con-

142 1648 225 1683 fugiat
237 1648 270 1675 ad
281 1648 334 1675 vini
347 1648 488 1676 medelam.
501 1649 560 1676 Non
572 1649 642 1683 quod
654 1649 743 1676 vinum
754 1649 846 1677 bibere
857 1654 934 1684 turpe

142 1695 176 1721 sit
194 1703 200 1721 :
217 1694 295 1726 absit,
318 1694 374 1721 hinc
397 1699 459 1721 sunt
482 1694 554 1722 enim
577 1694 762 1722 htereticorum
783 1700 932 1729 prarcepta;

142 1738 188 1765 sed
202 1738 272 1773 quod
286 1739 403 1766 dedecus
417 1747 478 1767 esse
489 1747 541 1767 non
552 1743 667 1775 putaret,
679 1747 732 1767 non
746 1747 824 1775 posse
834 1740 934 1775 absque

142 1784 214 1811 illius
237 1784 334 1811 auxilio
350 1792 432 1812 unum
447 1785 570 1812 laborans
585 1785 734 1813 membrum
750 1786 862 1820 erigere.
880 1786 933 1813 Ve-

143 1830 342 1857 rmnenimvero
353 1834 454 1857 tantum
465 1830 549 1858 abfuit
562 1836 588 1858 ut
600 1831 634 1858 de
645 1831 696 1858 hoc
708 1832 889 1865 erubesceret,
905 1837 934 1859 ut

142 1879 170 1903 et
184 1875 306 1902 omnibus
321 1876 437 1911 posteris
449 1876 500 1904 hoc
520 1876 612 1904 fecerit
631 1877 811 1905 manifestum.
832 1878 934 1905 Videtis

141 1922 168 1948 in
183 1925 308 1956 quantam
328 1929 479 1950 sermonem
494 1923 597 1957 egimus
617 1923 847 1958 profunditatem?
868 1932 934 1960 quo-

95 1990 98 1992 .
142 1967 222 1993 modo
238 1966 308 2001 quod
324 1975 434 2002 parvum
450 1975 509 1995 esse
525 1968 638 2000 videtur,
651 1969 795 1997 innumeris
809 1970 934 2004 qutestio—

142 2012 220 2039 nibus
245 2012 374 2039 scaturit?
389 2013 436 2040 Eia
459 2013 538 2048 igitur
552 2018 579 2040 et
599 2013 758 2041 solutionem
780 2014 931 2042 aﬁ‘eramus.

142 2058 244 2086 ldcireo
261 2058 331 2085 enim
345 2058 477 2085 adimum
497 2059 693 2090 descendimus,
709 2063 739 2086 ut
759 2064 875 2087 mentem
889 2068 934 2087 ve-

142 2108 225 2131 stram
247 2104 402 2137 excitantes,
418 2104 444 2131 in
462 2108 518 2131 tuto
531 2112 626 2132 sensus
639 2106 808 2132 collocemus.

177 2150 203 2177 5.
218 2149 375 2176 Coneedatis
389 2154 478 2177 autem
500 2150 579 2183 mihi,
595 2158 696 2184 quaeso,
714 2150 868 2185 priusquam
892 2151 933 2177 his

141 2194 332 2229 quaestionibus
342 2194 500 2222 solutionem
515 2195 632 2226 afferam,
645 2194 742 2229 aliquid
754 2195 787 2222 de
802 2195 932 2222 Timothei

142 2240 239 2266 virtute
251 2243 278 2265 et
290 2246 353 2266 cura
366 2239 440 2266 Pauli
451 2239 549 2268 dicere.
562 2240 629 2274 Quid
640 2240 710 2267 enim
722 2241 767 2267 illo
780 2240 830 2268 fuit
842 2248 934 2268 aman-

143 2284 206 2315 tius,
220 2283 265 2318 qui
280 2287 353 2310 tanto
365 2284 462 2311 absens
479 2285 618 2312 intervallo
638 2289 664 2312 et
685 2289 723 2312 tot
738 2286 933 2313 circumventus

143 2328 267 2362 negotiis,
283 2336 331 2363 pro
346 2329 476 2356 stomachi
489 2330 603 2357 sanitate
618 2330 741 2365 discipuli
755 2335 853 2358 tantam
869 2338 932 2365 pro-

144 2374 289 2402 videntiam
304 2375 430 2409 gerebat,
444 2379 471 2403 et
485 2383 545 2403 cum
559 2376 699 2404 sedulitate
718 2376 751 2404 de
765 2377 850 2405 morbi
874 2385 934 2405 cor-

142 2420 264 2447 rectione
279 2419 432 2447 scribebat?

181 2463 303 2491 Timothei
329 2464 418 2491 virtus.
446 2479 481 2484 —
505 2464 637 2493 Timothei
665 2473 729 2494 vero
753 2467 842 2494 virtuti
871 2467 932 2501 quid

143 2511 263 2545 mquale?
276 2510 319 2538 Sic
330 2510 439 2538 delicias
451 2511 651 2546 aspernabatur,
663 2516 690 2539 et
703 2513 800 2540 lautam
813 2521 933 2541 mensam

143 2556 290 2588 deridebat,
303 2560 332 2583 ut
345 2556 372 2583 in
385 2556 506 2584 morbum
517 2564 551 2585 ex
564 2557 648 2584 vietus
658 2559 800 2592 asperitate
813 2562 840 2586 et
852 2559 934 2586 nimio

143 2601 251 2628 caderet
261 2601 373 2636 jejunio.
384 2601 460 2635 Quod
473 2602 543 2629 enim
555 2607 648 2630 natura
659 2603 718 2630 talis
728 2610 780 2630 non
791 2609 872 2637 esset,
887 2604 933 2632 sed

141 2647 243 2682 jejunio
255 2651 282 2675 et
294 2655 368 2682 aquae
381 2653 444 2683 potu
458 2648 586 2676 stomachi
599 2649 651 2676 vim
664 2654 834 2684 prostrasset,
847 2650 933 2684 ipsum

144 2692 257 2719 Paulum
281 2692 422 2728 diligenter
445 2694 495 2722 hoc
518 2694 731 2723 manifestantem
752 2695 850 2722 audite.
875 2695 933 2723 Non

144 2737 215 2764 enim
229 2738 385 2773 simpliciter
400 2740 466 2768 dixit
480 2740 566 2768 :Vino
579 2741 683 2769 modico
703 2746 796 2769 utere:
811 2742 858 2768 Sed
873 2749 933 2769 cum

144 2783 216 2818 prius
229 2783 348 2817 dixisset,
373 2785 435 2812 Noli
450 2786 533 2813 adhuc
552 2795 644 2822 aquam
661 2787 743 2814 bibere
761 2788 799 2822 (L
821 2787 890 2814 Tim.
905 2788 932 2815 5.

143 2827 191 2863 23)
202 2849 209 2862 ,
226 2833 288 2858 tunc
300 2829 408 2859 bibendi
423 2832 476 2860 vini
489 2832 630 2861 consilium
645 2833 743 2861 attulit.
760 2833 826 2862 illud
842 2837 931 2862 autem

489 135 517 168 S.
538 138 676 167 JOANNIS
694 136 934 166 CHRYSOSTOMI
953 135 1115 164 ARCHIEP.’
1132 122 1398 165 CONSTANTINOP.
1738 134 1775 163 20

985 192 1078 224 adhuc,
1095 191 1204 219 verbum
1218 196 1259 219 est
1273 191 1456 226 signiﬁcantis,
1470 191 1541 227 quod
1553 199 1669 228 eousque
1680 200 1776 228 aquam

984 237 1099 270 bibebat,
1112 242 1138 264 et
1151 242 1291 272 propterea
1304 237 1444 265 imbecillis
1457 238 1501 264 sit.
1515 237 1580 270 Quis
1595 246 1646 265 non
1660 238 1776 265 admire-

984 286 1027 309 tur
1051 283 1133 316 ipsius
1154 283 1348 318 philosophiam
1369 287 1396 310 et
1421 282 1607 317 diligentiam?
1621 283 1694 317 Ipsos
1714 284 1777 310 attio

984 333 1058 363 gerat
1077 329 1172 361 cmlos,
1187 328 1219 355 ad
1234 329 1337 356 virtutis
1361 329 1465 357 culmen
1482 334 1638 364 pervenerat
1657 338 1664 356 :
1680 334 1707 357 et
1720 329 1778 358 bzcc

984 374 1036 408 ipsi
1051 379 1198 409 pra-ceptor
1217 379 1359 402 attestatur
1378 374 1417 401 sic
1433 374 1527 402 dicens
1543 383 1549 400 :
1569 374 1627 401 Misi
1642 375 1710 401 vobis
1730 373 1777 401 Ti-

985 419 1128 452 motheum,
1144 419 1187 453 qui
1202 424 1239 446 est
1253 420 1321 454 ﬁlius
1341 427 1411 446 meus
1421 419 1527 446 dilectus
1541 425 1565 446 et
1578 420 1661 454 ﬁdelis
1676 421 1702 446 in
1721 419 1779 446 Do-

984 465 1052 491 mino
1068 464 1105 500 (ι.
1131 464 1190 491 Cor.
1206 464 1233 492 4.
1257 465 1311 500 l7).
1333 464 1443 497 Quando
1463 469 1551 492 autem
1572 464 1669 492 Paulus
1691 465 1779 498 ipsum

985 515 1060 539 vocat
1076 511 1171 544 ﬁlium,
1187 515 1213 538 et
1227 511 1309 538 ﬁlium
1324 510 1450 538 dilectum
1465 515 1492 538 et
1502 511 1617 544 fidelem,
1630 511 1687 538 haec
1697 511 1778 538 verba

984 565 1091 585 omnem
1106 557 1189 592 ipsius
1203 558 1328 584 virtutem
1344 557 1527 584 demonstrare
1545 556 1689 584 sufﬁciunt.
1709 556 1778 584 San-

984 608 1087 631 ctorum
1100 602 1171 629 enim
1182 602 1281 637 judicia
1290 609 1339 629 nec
1349 602 1381 628 ad
1392 602 1502 637 gratiam
1514 609 1563 629 nec
1570 601 1603 628 ad
1614 601 1779 628 inimicitiam

986 649 1061 680 ﬁunt,
1078 648 1125 676 sed
1144 648 1178 675 ab
1192 648 1265 675 omni
1283 652 1345 675 sunt
1359 652 1520 682 prarsumpta
1534 647 1661 682 opinione
1680 647 1777 674 libera.

984 694 1043 722 Non
1059 694 1152 721 fuisset
1175 698 1228 721 tam
1244 693 1338 721 beatus
1357 692 1526 725 Timotheus,
1550 693 1572 719 si
1587 692 1660 719 Pauli
1679 692 1750 719 [ilius
1763 700 1780 719 ι

986 745 1079 767 natura
1094 740 1197 772 fuisset,
1213 747 1292 773 quam
1311 747 1382 767 nunc
1396 744 1437 766 est
1449 738 1615 766 admirabilis
1629 747 1635 765 :
1652 738 1779 773 quoniam

985 786 1131 814 secundum
1146 793 1253 814 carnem
1274 785 1341 812 nihil
1355 785 1387 812 ad
1411 785 1497 820 ipsum
1521 785 1654 818 attinens,
1672 791 1719 819 per
1732 791 1781 811 co-

985 832 1138 867 gnationem
1152 839 1212 866 qua:
1230 835 1271 859 est
1291 830 1439 858 secundum
1458 830 1631 864 religionem,
1648 830 1673 857 in
1696 830 1780 865 ipsius

986 887 1016 906 se
1039 878 1209 914 adoptionem
1235 877 1355 909 induxit,
1382 884 1442 904 cum
1469 876 1610 904 sedulitate
1634 875 1782 911 disciplinae

988 925 1059 952 illius
1072 924 1240 951 characteres
1255 924 1281 950 in
1295 923 1420 950 omnibus
1433 930 1552 950 servans.
1566 922 1640 949 Sicut
1654 922 1724 949 enim
1741 923 1782 948 vi-

987 971 1058 998 tulus
1071 975 1145 997 tauro
1164 969 1337 1004 conjugatus,
1351 969 1390 995 sic
1406 968 1497 1003 jugum
1519 976 1578 995 cum
1598 968 1644 994 illo
1659 967 1782 994 trahebat

987 1017 1083 1051 ubique
1099 1021 1240 1049 terrarum,
1253 1020 1279 1042 et
1292 1015 1375 1042 nihilo
1390 1018 1500 1049 propter
1511 1018 1615 1040 mtatem
1628 1012 1779 1045 deﬁciebat,

987 1062 1033 1089 sed
1050 1062 1182 1094 studium,
1198 1066 1226 1088 ut
1247 1070 1307 1089 cum
1325 1060 1496 1095 prtecepteris
1516 1059 1650 1086 laboribus
1669 1063 1782 1085 conten-

985 1107 1070 1139 deret,
1089 1107 1241 1142 prtnstabat.
1258 1106 1291 1133 Et
1305 1106 1400 1133 horum
1416 1105 1491 1132 testis
1507 1112 1599 1132 rursus
1613 1105 1669 1139 ipse
1684 1104 1781 1131 Paulus

985 1154 1024 1180 sic
1035 1153 1127 1180 dicens
1139 1162 1145 1179 :
1162 1153 1244 1179 Nemo
1259 1154 1341 1188 ipsum
1352 1156 1513 1184 contemnat;
1525 1159 1587 1186 opus
1600 1151 1665 1177 enim
1679 1150 1781 1177 Domini

986 1204 1114 1233 operatur,
1132 1199 1195 1226 sicut
1209 1203 1232 1226 et
1250 1207 1295 1234 ego
1315 1198 1352 1232 (1.
1366 1198 1424 1225 Cor.
1447 1197 1490 1225 16.
1508 1197 1551 1223 10.
1569 1196 1624 1231 ii).
1644 1196 1738 1223 Vidisti
1753 1200 1782 1223 ut

986 1246 1095 1272 omnino
1108 1245 1209 1280 aequale
1228 1245 1345 1272 studium
1359 1244 1409 1279 ipsi
1428 1244 1586 1271 attestetur?
1605 1243 1664 1270 Mox
1678 1251 1711 1271 ne
1724 1243 1782 1270 haec

985 1290 1018 1317 ad
1032 1290 1144 1325 gratiam
1166 1289 1256 1317 dicere
1269 1289 1403 1322 videatur,
1421 1289 1493 1324 ipsos
1509 1288 1643 1315 auditores
1665 1287 1711 1314 ﬁlii
1727 1289 1781 1314 vir-

986 1337 1049 1363 tutis
1075 1341 1156 1363 testes
1177 1335 1250 1366 facit,
1271 1335 1310 1362 sic
1333 1335 1455 1369 inquiens
1476 1344 1482 1361 :
1500 1333 1679 1360 Probationem
1697 1338 1781 1360 natm:

985 1382 1065 1416 ipsius
1080 1381 1169 1413 nostis,
1179 1380 1247 1415 quod
1266 1385 1394 1414 tamquam
1405 1380 1471 1414 pan'i
1483 1379 1601 1414 ﬁlius,sic
1614 1386 1711 1405 mecum
1725 1386 1779 1405 ser-

985 1428 1043 1455 vivit
1065 1428 1092 1454 in
1117 1427 1246 1463 cvangelio
1266 1436 1274 1454 :
1296 1427 1476 1462 experientiam
1495 1434 1538 1453 vos
1557 1424 1661 1460 cepistis
1683 1425 1780 1452 virtutis

985 1473 1067 1508 ipsius
1082 1478 1105 1499 et
1116 1474 1228 1507 probatae
1238 1472 1330 1499 animo!
1344 1471 1470 1506 (Philipp.
1483 1471 1510 1497 2.
1521 1471 1578 1505 22).
1592 1471 1780 1498 Verumtamen

985 1527 1045 1546 cum
1065 1519 1098 1546 ad
1120 1523 1218 1545 tantam
1240 1518 1390 1545 ofﬁciorum
1411 1517 1577 1544 altitudinem
1599 1516 1780 1548 ascendisset,

986 1573 1073 1600 neque
1080 1565 1119 1593 sic
1132 1564 1298 1596 conﬁdebat,
1314 1564 1362 1591 sed
1370 1564 1396 1590 in
1407 1563 1542 1590 anxietate
1550 1563 1632 1589 animi
1643 1566 1700 1589 erat
1712 1567 1739 1589 et
1753 1562 1789 1589 in.

986 1611 1081 1638 timore
1095 1620 1101 1637 2
1119 1610 1231 1645 ideoque
1240 1617 1301 1637 cum
1315 1609 1440 1636 instantia
1451 1608 1599 1643 jejuuabat,
1617 1615 1701 1642 neque
1715 1607 1780 1634 illud
1823 1632 1827 1636 .

987 1663 1080 1692 passus
1093 1660 1134 1683 est
1148 1655 1219 1690 quod
1235 1655 1327 1686 multi,
1343 1655 1387 1689 qui
1402 1654 1493 1681 decem
1515 1658 1619 1680 tantum
1635 1653 1676 1680 vel
1687 1653 1780 1687 viginti

986 1708 1092 1729 menses
1110 1700 1211 1735 jejunio
1232 1707 1261 1727 se
1284 1699 1419 1727 tradentes
1439 1703 1551 1734 repente
1571 1698 1661 1726 omnia
1682 1697 1780 1725 dissol-

986 1751 1059 1773 vunt.
1074 1745 1127 1774 Sed
1143 1745 1188 1773 ille
1207 1745 1274 1772 nihil
1288 1745 1340 1772 tale
1358 1752 1451 1779 passus
1464 1749 1514 1776 est,
1532 1751 1619 1778 neque
1633 1743 1687 1771 tale
1700 1742 1779 1778 quid-

987 1792 1057 1827 piam
1072 1792 1141 1818 intra
1162 1788 1280 1825 seipsum
1295 1790 1380 1818 dixit:
1404 1790 1473 1823 Quid
1493 1789 1558 1816 mihi
1573 1788 1699 1823 deinceps
1711 1795 1780 1823 opus

985 1842 1027 1864 est
1038 1837 1141 1872 jejunio
1152 1837 1164 1863 ?
1174 1837 1259 1863 victor
1267 1836 1349 1868 evasi,
1362 1835 1520 1870 cupiditates
1532 1834 1666 1869 superavi,
1681 1839 1779 1866 corpus

985 1890 1074 1909 meum
1089 1881 1258 1914 mortiﬁcavi,
1273 1880 1408 1908 dmmones
1420 1879 1513 1912 terrui,
1526 1878 1663 1906 diabolum
1676 1877 1777 1912 depuli,

985 1932 1105 1954 mortuos
1115 1926 1281 1959 resuscitavi,
1295 1926 1415 1961 leprosos
1430 1925 1565 1958 mundavi,
1579 1924 1720 1964 contrariis
1730 1930 1778 1958 po-

985 1973 1124 2000 testatibus
1143 1972 1270 1999 terribilis
1289 1979 1348 1999 sum
1368 1980 1374 1998 :
1398 1970 1460 2005 quid
1472 1978 1522 2006 ego
1545 1970 1660 2004 amplius
1675 1969 1778 2004 jejunio

986 2018 1092 2053 indigeo
1104 2022 1131 2045 et
1145 2017 1296 2052 huiusmodi
1307 2017 1434 2044 cautela?

1022 2063 1111 2091 Sancti
1123 2068 1216 2096 quanto
1226 2062 1363 2098 majoribus
1377 2062 1487 2097 afﬂuant
1499 2061 1604 2093 meritis,
1618 2064 1687 2087 tanto
1698 2059 1778 2094 magis

985 2109 1082 2135 timent.
1097 2123 1133 2128 -—
1145 2108 1215 2135 Nihil
1231 2108 1282 2134 tale
1300 2107 1366 2134 dixit
1379 2111 1425 2134 aut
1441 2106 1583 2141 cogitavit:
1608 2105 1656 2133 sed
1679 2109 1778 2139 quanto

985 2153 1070 2188 magis
1083 2153 1230 2180 innumeris
1239 2152 1364 2179 afﬁuehat
1378 2152 1482 2179 meritis
1491 2172 1498 2183 ,
1514 2155 1587 2178 tanto
1600 2151 1683 2186 magis
1698 2150 1781 2177 lime-

985 2198 1030 2225 bat
1045 2202 1072 2225 et
1086 2198 1216 2225 tremebat
1233 2206 1238 2223 :
1254 2201 1281 2224 et
1295 2197 1364 2224 hanc
1377 2204 1391 2223 a
1404 2200 1567 2231 prmceptore
1583 2194 1777 2230 philosophiam

985 2243 1113 2271 discebat.
1129 2242 1236 2269 Etenim
1252 2242 1296 2269 ille
1313 2242 1338 2268 in
1360 2242 1465 2269 tertium
1481 2246 1573 2275 raptus
1588 2240 1693 2271 coelum,
1710 2244 1736 2266 et
1751 2239 1777 2266 in

986 2288 1138 2323 paradisum
1150 2287 1252 2315 delatus
1262 2307 1269 2319 ,
1285 2291 1313 2314 et
1327 2287 1425 2314 auditis
1440 2286 1617 2314 iuel'fabilibus
1632 2285 1737 2318 verbis,
1751 2289 1778 2311 et

985 2333 1172 2368 mysteriorum
1180 2332 1265 2360 factus
1272 2333 1362 2359 talium
1369 2332 1512 2367 particeps,
1521 2339 1582 2358 eum
1589 2331 1680 2358 orbem
1692 2334 1777 2358 totum

985 2378 1161 2413 percurrisset
1176 2382 1309 2412 tamquam
1324 2377 1372 2404 alis
1387 2377 1544 2412 quibusdam
1561 2376 1659 2409 fultus,
1674 2376 1708 2402 ad
1724 2375 1777 2403 Co-

985 2424 1099 2451 rinthios
1118 2424 1239 2452 scribens
1259 2423 1378 2451 dicebat:
1398 2422 1491 2450 Vereor
1503 2431 1535 2449 ne
1555 2425 1620 2458 forte
1642 2430 1699 2448 cum
1720 2421 1778 2448 alii:

986 2471 1167 2505 pradicavero,
1182 2471 1237 2505 ipse
1250 2470 1370 2505 reprobus
1386 2470 1480 2505 eﬂiciar
1502 2469 1540 2505 (ι.
1558 2469 1619 2498 Cor.
1633 2469 1660 2498 9.
1673 2469 1732 2504 27).
1748 2469 1778 2496 Si

985 2523 1050 2542 vero
1065 2515 1162 2542 Paulus
1176 2519 1236 2550 post
1250 2515 1313 2542 talia
1326 2519 1353 2542 et
1367 2519 1405 2542 tot
1427 2514 1514 2543 ofﬁcia
1529 2515 1614 2548 timet,
1630 2514 1675 2549 qui
1687 2514 1779 2541 dicere

986 2560 1088 2596 potuit:
1115 2560 1181 2587 Mihi
1202 2561 1311 2587 mundus
1332 2560 1469 2594 cruciﬁxus
1493 2564 1545 2593 est,
1571 2564 1594 2587 et
1618 2567 1663 2595 ego
1682 2559 1778 2586 "tundo

986 2605 1058 2641 (Gal.
1079 2605 1107 2635 6.
1125 2605 1187 2640 IL);
1213 2606 1298 2633 multo
1315 2606 1400 2640 magis
1418 2612 1468 2633 nos
1487 2605 1582 2632 timere
1603 2608 1725 2639 oportet,
1750 2608 1778 2631 et

987 2655 1061 2678 tanto
1074 2651 1159 2685 magis
1177 2655 1277 2686 quanto
1298 2651 1399 2685 majora
1419 2651 1547 2678 fuerimus
1568 2651 1682 2685 operati.
1703 2650 1778 2677 Tunc

986 2697 1057 2724 enim
1075 2697 1197 2724 diabolus
1211 2698 1307 2725 smvior
1321 2698 1451 2729 efﬁcitur,
1468 2703 1531 2725 tunc
1544 2698 1627 2733 magis
1640 2697 1775 2729 eﬂ'eratur.

986 2750 1045 2770 cum
1056 2743 1151 2770 viderit
1162 2751 1210 2770 nos
1221 2743 1356 2779 diligentia
1368 2745 1449 2771 vitam
1459 2749 1576 2771 nostram
1585 2744 1775 2778 disponentes;

985 2797 1045 2818 cum
1059 2790 1153 2817 viderit
1164 2791 1266 2817 virtutis
1279 2798 1359 2818 onera
1373 2790 1529 2825 composita,
1542 2795 1569 2818 et
1581 2797 1691 2825 magnos
1701 2797 1776 2818 acer-

987 2842 1045 2869 vos,
1069 2839 1129 2863 tunc
1150 2836 1255 2870 gravius
1278 2836 1377 2865 inferre
1399 2836 1564 2871 naufragium
1587 2835 1684 2864 studet.
1708 2834 1776 2863 Vilis
