1984 3110
133 130 171 158 19·
646 126 692 154 AD
711 126 879 156 POPULUM
895 128 940 156 AN

1051 129 1144 157 ENUM
1174 129 1290 158 HOMIL.
1311 131 1329 158 Ι.
1823 140 1858 167 εο

131 182 237 208 πάντων
262 180 356 208 ἱκανὸν
379 179 530 219 θορυϐῆσαι
546 183 592 210 τὸν
610 184 646 220 μὴ
665 185 840 221 προσέχοντα.
859 187 891 213 Εἰ
915 187 970 223 7&9

131 226 224 262 καὶμὴ
235 226 270 253 δι’
286 227 395 260 ἑαυτὸν,
412 227 457 254 διὰ
474 227 539 262 γοῦν
553 230 617 261 τοὺς
628 229 724 262 ἄλλους
735 230 867 265 ὑγιαίνειν
889 232 970 259 αὑτὸν

131 271 219 306 ἐχρῆν.
237 271 395 307 Στρατηγδς
405 270 440 307 ἦν
451 272 577 307 ἄριστος·
595 273 711 309 πόλεμος
727 274 800 310 αὐτῷ
820 276 970 311 συγκεκρό-

131 323 210 350 τητο,
226 316 322 349 φησὶν,
343 316 406 351 οὐχὶ
421 317 490 352 πρὸς
503 317 566 348 τοὺς
582 317 713 350 ἀπίστους
733 318 822 354 μόνον,
837 319 903 346 ἀλλά
923 320 969 347 καὶ

130 358 195 393 πρὸς
206 359 270 390 τοὺς
283 359 416 394 δαίμονας
427 380 434 392 ,
455 360 501 386 καὶ
515 361 583 395 πρὸς
597 361 678 387 αὐτὸν
692 361 737 388 τὸν
750 362 872 389 διάϐολον
882 371 888 378 ·
900 364 968 399 μετά

130 402 228 438 πολλῆς
236 403 286 436 τῆς
293 404 476 440 σφοδρότητος
483 405 507 431 οί
516 404 640 440 πολέμιοι
648 405 749 438 πάντες
756 406 906 437 ἐπέκειντο,
915 407 967 434 δια-

130 446 251 478 σπῶντες
263 446 306 483 [4]
313 447 344 473 τὸ
358 448 550 482 στρατόπεδον,
565 449 612 475 καὶ
623 449 878 484 αίχμαλωτίζοντεςι
893 448 969 481 οὗτος

127 489 149 516 δ’
164 490 281 525 ἠδύνατο
297 491 412 526 μυρίους
425 491 470 517 ἐπὶ
484 491 533 526 τὴν
553 491 681 526 ἀλήθειαν
705 493 903 527 ἐπαναγαγεῖν,
922 493 968 519 καὶ

127 535 244 569 ἠσθένει.
262 536 293 562 El
310 536 366 571 7&9
390 536 438 562 καὶ
453 536 582 571 μηδεμία,
595 537 687 571 φησὶν,
703 536 784 573 ἑτέρα
809 537 894 573 βλάϐη
912 540 969 570 τοῖς

127 580 289 614 πράγμασιν
317 580 372 607 ἀπὸ
393 580 444 615 τῆς
461 580 617 615 ἀρρωστίας
637 580 742 614 ἐγίνετο
755 587 779 612 ³,
794 581 872 607 τοῦτο
889 581 968 615 μόνον

128 623 218 650 ἱκανὸν
229 622 264 659 ἦν
281 624 345 656 τοὺς
359 625 470 655 πιστοὺς
483 624 679 660 όκνηροτέρους
701 625 748 650 καὶ
766 624 968 661 ῥᾳθυμοτέρως

126 667 250 702 ποιῆσαι.
269 669 302 695 Εἰ
315 668 371 703 γὰρ
386 668 550 703 στρατιῶται
568 668 614 694 τὸν
632 668 783 704 στρατηγὸν
798 669 844 695 τὸν
865 668 966 695 ἑαυτῶν

124 711 244 746 ὁρῶντες
260 713 294 747 τῇ
313 712 392 748 κλίνῃ
410 711 630 746 προσδεδεμένον,
655 711 830 747 όκνηρὸτεροι
847 712 966 746 γίνονται

124 756 172 781 καὶ
186 755 256 790 πρὸς
271 755 322 791 τὴν
337 756 427 790 μάχην
444 754 640 790 ῥᾳθυμότερον
657 754 747 790 πολλῷ
772 755 871 790 μᾶλλον
894 755 967 787 εἰκὸς

122 796 158 833 ἦν
169 819 177 830 ,
192 799 241 824 καὶ
258 799 322 830 τοὺς
338 798 451 829 πιστοὺς
466 798 526 824 τότε
543 797 589 824 τὸν
609 798 770 825 διδάσκαλον
785 799 905 833 ὁρῶντας
920 799 966 825 τὸν

122 840 245 868 τοσαῦτα
257 843 358 877 σημεῖα
369 841 557 876 ἐργασάμενον
569 842 688 877 συνεχῶς
701 843 903 878 ἀρρωστοῦντα,
919 843 966 869 καὶ

123 885 156 911 τὸ
180 884 262 920 σῶμα
281 885 438 920 κάμνοντα.
457 884 627 920 ἀνθρώπινόν
647 894 673 911 τι
688 885 794 914 παθεῖν,
816 886 854 912 Ού
880 885 965 912 ταῦτα

123 928 152 954 δὲ
167 928 258 963 μόνον,
274 928 342 954 ἀλλὰ
354 929 401 955 καὶ
412 927 504 963 ἕτερόν
519 937 546 954 τι
560 929 583 954 οί
595 928 787 963 διαποροῦντες
798 930 811 949 1³
832 929 942 963 ζητοῦσι
957 937 964 944 ·

121 971 196 1003 τίνος
212 972 266 1008 γὰρ
278 972 372 999 ἒνεκεν
387 972 467 999 πάλιν
483 971 544 998 οὔτε
557 972 637 1003 αὐτὸς
662 973 773 1003 ἐαυτὸν,
789 972 850 999 οὔτε
865 975 879 1000 ὁ
894 973 966 1000 διδά-

123 1015 225 1048 σκαλος
239 1014 323 1042 αὐτοῦ
337 1014 410 1042 οὕτω
430 1015 601 1050 διακείμενον
621 1015 817 1051 ἐθεράπευσεν;
836 1016 903 1043 ἀλλὰ
923 1026 966 1043 νε-

121 1059 207 1093 κροὺς
227 1059 276 1093 μὲν
291 1059 415 1094 ἤγειρον,
426 1058 473 1084 καὶ
491 1058 620 1094 δαίμονας
634 1059 805 1093 άπὴλαυνον,
823 1060 869 1086 καὶ
884 1059 965 1087 θανά-

120 1111 170 1129 του
184 1102 254 1137 μετά
269 1103 431 1138 περιουσίας
442 1102 584 1138 ἐκράτουν,
602 1103 682 1138 σῶμα
693 1103 721 1129 δὲ
734 1103 762 1130 ἓν
774 1103 924 1139 ὴσθενηκὸς
933 1105 964 1130 οὺ

119 1145 290 1182 διώρθωσαν,
307 1146 365 1173 ἀλλ’
382 1147 412 1173 ἐν
429 1146 579 1182 ἀλλοτρίοις
597 1146 703 1182 σώμασι
722 1148 769 1174 καὶ
789 1147 889 1179 ζῶντες
918 1149 964 1175 καὶ

119 1190 346 1225 τετελευτηκότες
362 1190 494 1226 τοσαύτην
516 1190 727 1226 ἐπιδεδειγμένοι
749 1191 881 1227 δύναμιν,
905 1193 964 1219 στό-

124 1242 207 1269 μαχον
217 1234 412 1261 καταπεσόντα
423 1235 473 1260 οὑκ
487 1234 652 1269 ἀνέστησανε
666 1235 713 1261 καὶ
725 1235 755 1260 τὸ
766 1234 797 1270 δὴ
810 1234 909 1270 μεῖζον,
923 1235 964 1261 ὃτι

123 1277 169 1303 οὐκ
185 1277 347 1312 αἰσχύνεται
364 1277 470 1309 Παῦλος
496 1277 556 1304 ούδέ
572 1277 686 1313 ἐρυθριᾷ
704 1277 773 1313 μετὰ
788 1278 906 1305 τοσαῦτα
918 1279 964 1305 καί

122 1321 273 1355 τηλικαῦτα
287 1323 401 1356 σημεῖα,
412 1321 430 1348 ἃ
442 1321 488 1347 καὶ
499 1320 544 1347 διὰ
557 1320 635 1355 ψιλοῦ
650 1321 772 1356 ῥήματος
781 1322 962 1354 ἐπεδείκνυτο,

122 1366 247 1401 Τιμοθέῳ
263 1366 380 1401 γράφων
395 1366 441 1392 ἐπὶ
454 1365 503 1401 τὴν
520 1365 574 1392 ἀπὸ
591 1365 641 1401 τῆς
660 1366 814 1398 οἰνοποσίας
839 1375 964 1401 καταφυ-

121 1409 353 1444 γεῖνίθεραπείαν.
368 1409 424 1444 Οὐχ
438 1409 479 1435 ὅτι
495 1409 526 1435 τὸ
538 1409 625 1435 πίνειν
638 1406 709 1435 οἶνον
723 1409 851 1444 αἰσχρὸν,
867 1410 904 1445 μὴ
919 1410 964 1444 γέ-

121 1461 191 1479 νοιτο
203 1460 209 1466 ·
240 1452 389 1488 αἱρετικῶν
408 1452 463 1487 γὰρ
478 1452 564 1479 ταῦτα
579 1452 796 1488 παραγγέλματα
808 1457 819 1471 ο
830 1461 836 1467 ’
854 1453 911 1480 ἀλλ’
923 1454 964 1480 ὅτι

119 1497 168 1524 οὐκ
187 1497 317 1532 ἐνόμιζεν
339 1497 470 1533 αἰσχύνην
492 1494 562 1523 εἶναι
580 1497 611 1523 τὸ
627 1496 664 1533 μὴ
678 1497 807 1524 δύνασθαι
821 1498 903 1534 χωρὶς
914 1498 964 1533 τῆς

120 1540 224 1567 ἐκείνου
238 1539 368 1575 βοηθείας
378 1540 574 1575 διορθώσασθαι
584 1541 728 1576 νενοσηκὸς
741 1540 770 1567 ἐν
784 1541 875 1576 μέλος.
893 1541 963 1567 Ἀλλ’

121 1584 192 1618 ὅμως
207 1584 339 1610 τοσοῦτον
361 1584 483 1618 ἀπέσχεν
496 1583 675 1619 αἰσχυνθῆναι
692 1584 738 1610 ἐπὶ
753 1584 850 1618 τούτῳ,
861 1584 901 1610 ὅτι
917 1584 964 1611 καὶ

120 1628 174 1658 τοῖς
189 1627 263 1662 μετὰ
277 1627 368 1654 ταῦτα
383 1627 448 1654 πᾶσι
472 1627 550 1663 δῆλον
564 1627 630 1653 αὐτὸ
644 1627 780 1663 ἐποίησεν.
799 1627 881 1653 Ἴδετε
896 1627 964 1662 πρὸς

119 1671 200 1698 πόσον
218 1671 303 1706 βάθος
328 1671 522 1707 κατηγάγομεν
539 1671 584 1697 τὸν
602 1671 696 1705 λόγον;
717 1671 776 1703 πῶς
788 1671 801 1690 '1
825 1672 856 1697 τὸ
870 1671 964 1698 δοκοῦν

119 1715 219 1750 μικρὸν
233 1714 315 1747 εἶναι,
329 1714 433 1751 μυρίων
443 1715 522 1750 γέμει
535 1714 710 1750 ζητημάτων;
720 1714 790 1749 Φέρε
799 1713 845 1741 οὖν
857 1715 902 1741 καὶ
916 1715 965 1750 τὴν

117 1759 195 1786 λύσιν
208 1759 407 1794 ἐπαγάγωμεν.
424 1759 474 1786 Διά
484 1759 538 1795 γὰρ
554 1758 633 1785 τοῦτο
645 1759 713 1794 πρὸς
729 1759 796 1785 πολὺ
809 1759 889 1794 βάθος
904 1767 965 1786 κατ-

117 1804 167 1839 ἐϐη
172 1812 223 1839 μεν
234 1824 242 1835 ,
262 1804 308 1830 ἵνα
322 1803 508 1839 διεγείραντες
522 1803 600 1838 ὑμῶν
613 1803 663 1838 τὴν
678 1803 807 1835 διάνοιαν,
824 1803 852 1829 ἐν
881 1804 966 1837 ἀσφα-

116 1848 160 1874 λεῖ
172 1848 199 1868 δ’
218 1848 253 1875 τὰ
264 1849 392 1883 νοήματα
403 1847 580 1883 ἀποθώμεθα.

152 1895 178 1925 γ’
183 1913 189 1918 .
200 1891 437 1927 Συγχωρήσατεδέ
448 1900 502 1927 μοι,
514 1890 657 1926 πρὶνῆτὴν
670 1890 747 1917 λύσιν
758 1892 814 1923 τοῖς
828 1890 965 1926 ζητήμασι

117 1934 228 1965 τούτοις
245 1936 408 1969 ἐπαγαγεῖν,
425 1935 513 1960 εἰπεῖν
531 1943 557 1960 τι
572 1934 697 1970 περὶτῆς
708 1934 808 1969 ἀρετῆς
824 1933 871 1961 τοῦ
882 1935 965 1969 Τιμο-

119 1978 194 2010 θέου,
210 1979 260 2005 καὶ
280 1979 331 2014 τῆς
352 1978 400 2005 τοῦ
418 1978 525 2006 Παύλου
549 1978 722 2013 κηδεμονίας.
737 1978 769 2004 Τί
790 1978 845 2014 7&9
863 1978 964 2004 ἐκείνου

121 2022 366 2058 φιλοστοργότερον
381 2026 392 2042 ο
404 2022 528 2056 γέγονεν,
540 2021 569 2053 ὃς
593 2023 625 2048 ἐκ
640 2021 767 2048 τοσούτου
782 2021 966 2057 διαστήματος

120 2064 158 2091 ῶν
177 2065 227 2092 καὶ
251 2065 391 2097 τοσούτοις
415 2065 598 2100 κυκλούμενος
622 2064 799 2100 πράγμασιν,
823 2065 893 2100 ὑπὲρ
916 2065 966 2096 τῆς

120 2108 216 2142 ὑγείας
242 2108 291 2135 τοῦ
320 2108 456 2144 στομάχου
483 2108 529 2135 τοῦ
551 2108 671 2144 μαθητοῦ
692 2108 826 2144 τοσαύτην
849 2109 966 2134 ἐποιεῖτο

121 2152 263 2186 πῷνοιαν,
278 2152 326 2179 καὶ
350 2152 419 2187 μετὰ
431 2151 574 2188 ἀκριϐείας
592 2151 755 2178 ἐπέστελλεν
775 2151 845 2186 ὑπὲρ
858 2151 907 2185 τῆς
918 2150 965 2176 τοῦ

121 2196 278 2231 νοσήματος
309 2195 496 2231 διορθώσεως;
527 2196 559 2222 Τί
577 2196 605 2222 δὲ
632 2196 680 2231 τῆς
704 2195 806 2231 ἀρετῆς
838 2195 895 2221 ἴσον
916 2194 966 2229 τῆς

122 2239 279 2274 Τιμοθέου;
311 2240 404 2272 Οῦτως
423 2239 592 2276 ὑπερεώραῐ
623 2240 741 2275 τρυφῆς,
767 2239 814 2265 καὶ
829 2238 965 2273 κατεγέλα

122 2283 289 2316 πολυτελοῦς
301 2284 452 2319 τραπέζης,
469 2284 507 2315 ὡς
518 2284 565 2310 καὶ
579 2284 619 2315 είς
634 2282 776 2309 ἀσθένειαν
789 2283 917 2317 ἐμπεσεῖν
934 2282 966 2307 ἐκ

122 2328 173 2363 τῆς
197 2328 270 2362 ἄγαν
293 2327 504 2363 σκληραγωγίας
530 2328 577 2354 καὶ
603 2326 801 2361 ἐπιτεταμένης
831 2325 965 2361 νηστείας.

124 2371 186 2398 Ὀτι
209 2372 265 2407 7&9
279 2373 309 2399 οὺ
336 2372 416 2407 φύσει
434 2371 554 2403 τοιοῦτος
569 2369 614 2407 ἦν,
637 2371 693 2398 ἀλλ’
708 2370 760 2397 ὑπὸ
774 2370 901 2406 νηστείας
921 2370 968 2396 καὶ

127 2415 293 2450 ὐδροποσίας
314 2417 361 2443 τοῦ
384 2416 520 2451 στομάχου
549 2415 682 2443 κατέϐαλε
703 2415 752 2450 τὴν
773 2415 863 2449 ἰσχὺν,
885 2413 967 2440 αὑτοῦ

124 2458 173 2485 τοῦ
185 2459 293 2487 Παύλου
307 2460 365 2495 μετ’
376 2460 518 2494 ἀκριϐείας
533 2459 611 2486 τοῦτο
624 2458 766 2494 δηλοῦντος
776 2457 918 2484 ἀκούσατε.
930 2457 967 2483 Οὐ

125 2502 181 2537 7&9
198 2502 293 2534 ἁπλῶς
310 2501 398 2534 εἶπεν,
422 2503 493 2538 Οῖνῳ
504 2503 588 2538 ὀλίγῳ
605 2502 664 2538 χρῶ
674 2512 681 2518 ·
698 2501 766 2529 ἀλλὰ
783 2500 913 2536 πρότερον
928 2501 968 2527 εἰ-

127 2545 197 2577 πὼν,
209 2546 322 2580 Μηκέτι
338 2546 505 2581 ὑδροπότει,
517 2546 578 2572 τότε
594 2546 643 2581 τὴν
658 2546 707 2581 τῆς
715 2544 869 2576 οίνοποσίας
884 2552 969 2579 προσ-

159 2599 172 2634 ξ
183 2598 314 2634 Savjl.
326 2601 353 2634 gl
364 2605 451 2634 gmngs
468 2599 594 2634 fere_mss.'
601 2597 667 2634 Ed_ili
679 2598 780 2634 ἐγένετοἒ
795 2627 806 2634 ⁸
893 2626 905 2631 _

158 2627 174 2649 δ
181 2629 233 2661 _Alii
243 2633 270 2654 et
280 2629 355 2661 Sajil.
363 2629 442 2661 ἕτερόν
452 2638 475 2654 τι
487 2629 545 2661 πρὸς
558 2629 606 2656 τοῖς
621 2627 749 2661 εἰρημένοις
760 2629 782 2651 οι
793 2627 966 2661 διαποροῦντες,

159 2637 174 2649 Ι
182 2637 233 2653 ᾹΙΙΙ
243 2637 270 2654 ει
280 2637 355 2654 δεινιι.
363 2638 442 2661 ετερον
452 2638 475 2654 τι
487 2637 545 2661 προς
558 2637 606 2656 τοις
621 2637 749 2683 ειὲημενοις
760 2637 782 2651 οι
793 2637 966 2664 οιαπρρουντες,

127 2659 207 2684 Paulo
226 2659 377 2694 θοοὶ-δεινῇ.
396 2661 541 2694 Δειηᾳιίαιιρι
561 2666 617 2694 xpss.
641 2659 781 2694 _s6§o-xgloc
803 2665 873 2682 αυτον
895 2658 968 2687 οὕτω,

126 2695 176 2723 ποιι
189 2689 264 2723 Emig.
277 2690 364 2723 More].
377 2692 403 2714 et
415 2691 457 2714 a‘ii
467 2690 609 2723 διδάσκαλος
621 2689 695 2723 αύφῦ
703 2689 780 2723 ’σενι-ῳ.
798 2719 804 2723 _
890 2720 895 2723 _
911 2717 926 2723 ν.

161 2721 173 2736 ε
186 2720 264 2745 Savil.
279 2724 306 2745 et
317 2722 411 2751 aliquot
423 2728 482 2745 mss.
493 2719 569 2751 ταῦτα
579 2720 609 2743 τὰ
619 2729 648 2751 π,
658 2720 708 2744 Sed
720 2719 969 2751 arliculuspmillilur

125 2750 153 2776 in
164 2752 230 2778 aliis.
243 2755 269 2775 et
280 2749 381 2782 quidem
393 2751 534 2783 elegantius
546 2750 605 2782 (imo
614 2749 693 2775 minus
704 2750 807 2780 Gnate),
818 2749 843 2773 ni
857 2750 936 2774 fallor.

158 2781 173 2801 δ
186 2781 235 2807 Alii
249 2783 291 2806 καὶ
303 2783 363 2807 πῶς.
899 2800 902 2803 .

219 2789 235 2806 ΙΙ
249 2789 291 2806 και
303 2790 363 2809 πως.
899 2800 902 2803 .

160 2813 185 2833 Α·
195 2813 273 2844 Savil,
287 2813 357 2837 addit
367 2812 468 2844 ταμείῳ.

163 2844 174 2875 ξ
186 2844 235 2875 Ani
248 2843 284 2871 τίς
295 2844 373 2875 γὰρ...
385 2843 599 2875 φιλοστοργὸτερος.

163 2874 173 2893 ί
187 2874 263 2898 Savil.
284 2878 313 2898 et
333 2874 375 2898 alii

130 2904 233 2937 bina;
244 2905 365 2937 νηστείας.
378 2902 617 2937 Ρέιιιίρλωει-Μοτρί.
632 2908 658 2927 ει
668 2902 761 2937 υίὶψιοι
776 2910 831 2928 mss.
845 2902 971 2932 δηλοῦντος

130 2935 258 2965 ἀκούσατε,
270 2936 348 2961 Savil.
363 2938 389 2960 el
405 2934 448 2960 alii
460 2934 585 2963 δηλοῦντος
597 2935 659 2959 ἐστιν
679 2934 789 2958 ἀκοῦσαι.
808 2952 812 2954 .

392 2871 490 2904 ουὶάοπί
502 2871 560 2897 iussi
571 2874 596 2900 ὃς
608 2873 683 2900 οὕτως
699 2873 768 2903 ἐώρα.
790 2872 852 2897 Infra
866 2871 969 2904 alii_&>.).‘

1024 187 1105 223 έθηκε
1136 188 1302 224 συμϐουλήν.
1327 188 1364 215 Τὸ
1388 189 1433 220 δὲ.
1444 190 1561 224 μηκέτι,
1591 191 1734 226 δηλοῦντος
1753 188 1798 228 ἦν.
1817 191 1859 219 ὅτι

1024 231 1104 266 μέχρι
1120 232 1179 258 τότε
1202 232 1353 267 ὑδροπότει,
1371 232 1417 259 καὶ
1434 233 1477 259 διὰ
1497 234 1575 260 τοῦτο
1594 234 1705 269 γέγονεν
1730 235 1856 270 ἀσθενής.

1023 274 1071 306 Τίς
1083 272 1128 301 οὖν
1142 275 1192 301 οὐκ
1205 274 1237 302 ἂν
1251 275 1400 311 ἐκπλαγείη
1414 276 1462 311 τὴν
1477 277 1633 311 φιλοσοφίαν
1647 278 1728 305 αὑτοῦ
1744 279 1792 305 καὶ
1808 279 1858 314 τὴν

1022 318 1178 354 ἀκρίϐειανς
1190 319 1284 346 Αὐτῶν
1295 320 1442 347 ἐπελάϐετο
1454 325 1466 344 8
1477 321 1532 347 τῶν
1542 322 1671 358 οὐρανῶν,
1683 323 1730 349 καὶ
1741 323 1810 359 πρὸς
1825 323 1857 349 τὸ

1020 362 1070 397 τῆς
1091 363 1194 398 ἀρετῆς
1214 363 1298 398 ἄκρον
1313 363 1415 398 ἤλασε·
1435 365 1483 391 καὶ
1505 365 1591 392 ταῦτα
1610 366 1624 391 ὁ
1639 366 1797 398 διδάσκαλος
1814 367 1855 403 [5]

1019 405 1094 440 αὐτῷ
1111 407 1244 441 μαρτυρεῖ
1256 406 1327 433 οὕτω
1343 407 1439 441 λέγων·
1462 409 1599 442 Ἕπεμψα
1622 409 1692 443 ὑμῖν
1705 412 1855 444 Τιμόθεον,

1019 447 1053 480 ὅς
1071 448 1137 475 ἐστι
1149 449 1258 476 τέκνον
1264 459 1324 485 μου
1343 451 1499 485 ἀγαπητὸν
1508 452 1557 478 καὶ
1574 452 1684 479 πιστὸν
1695 452 1730 479 ὲν
1747 455 1854 487 Κυρίῳ.

1019 491 1103 518 Ὅταν
1120 492 1148 519 δέ
1165 493 1271 525 Παῦλος
1293 493 1374 520 αὑτὸν
1387 494 1465 521 καλεῖ
1479 494 1573 521 τέκνον
1591 495 1638 522 καὶ
1651 495 1747 522 τέκνον
1761 498 1855 523 πιστὸν

1019 535 1065 561 καὶ
1086 536 1236 571 ἀγαπητὸν,
1254 537 1333 571 ἀρκεῖ
1357 537 1390 563 τά
1410 539 1520 573 ῥήματα
1540 537 1627 565 ταῦτα
1647 538 1754 565 ἃπασαν
1772 540 1855 566 αὑτοῦ

1018 578 1102 611 δεῖξαι
1117 579 1165 614 τὴν
1182 579 1292 615 ἀρετήν.
1311 581 1343 606 Αἰ
1360 581 1415 616 γὰρ
1431 581 1485 607 τῶν
1504 581 1589 615 ἁγίων
1606 582 1711 617 κρίσεις
1733 582 1763 608 οὐ
1789 582 1856 617 πρὸς

1018 621 1107 656 χάριν,
1122 622 1182 648 οὐδὲ
1195 623 1261 657 πρὸς
1275 623 1422 658 ἀπέχθειαν
1442 624 1572 658 γίνονται,
1587 625 1656 652 ἀλλά
1680 624 1771 660 πάσης
1788 625 1856 651 εἰσὶν

1017 665 1224 700 ἀπηλλαγμέναι
1251 666 1421 702 προλήψεως.
1447 667 1503 694 Οὐκ
1524 665 1557 702 ἦν
1574 667 1645 693 οὕτω
1667 667 1682 687 ιι
1701 666 1820 702 ζηλωτὸς
1841 667 1855 692 ὁ

1017 709 1158 743 Τιμόθεος,
1184 711 1208 736 εί
1225 710 1332 737 Παύλου
1348 710 1444 737 τέκνον
1459 708 1493 746 ἦν
1509 711 1599 745 φύσει,
1615 710 1653 743 ῶς
1672 711 1730 737 ἐστι
1747 710 1854 745 θαυμα-

1018 753 1079 784 στὸς
1094 752 1151 785 νῦν,
1163 754 1203 780 ὅτι
1215 754 1284 780 κατὰ
1296 754 1385 789 σάρκα
1398 754 1480 789 μηδὲν
1492 754 1566 790 αὐτῷ
1578 755 1734 790 προσήκων,
1749 754 1793 780 διὰ
1806 754 1855 788 τῆς

1017 796 1087 822 κατὰ
1101 796 1151 831 τὴν
1169 797 1312 823 εὐλάϐειαν
1328 797 1488 831 συγγενείας
1509 798 1549 829 εἰς
1570 798 1620 833 τὴν
1640 797 1776 824 υἱοθεσίαν
1798 798 1855 823 είσ·

1016 840 1119 874 ήγαγεν
1131 840 1224 866 ἑαυτὸν
1235 840 1286 876 τὴν
1294 840 1407 872 ἐκείνου,
1419 840 1488 876 μετά
1499 840 1639 876 ἀκριϐείας
1649 841 1712 871 τοὺς
1719 839 1855 875 χαρακτῆ-

1017 892 1066 918 ρας
1087 883 1136 918 τῆς
1155 884 1258 911 ἐκείνου
1280 884 1438 919 φιλοσοφίας
1452 884 1591 917 διασώζων
1610 885 1638 911 ἐν
1664 883 1760 911 ἅπασι.
1780 882 1854 910 Καθ-

1015 928 1086 963 άπερ
1106 928 1159 962 γὰρ
1179 928 1277 963 μόσχος
1293 928 1386 964 ταύρῳ
1413 928 1646 964 συμϐεϐλημένος,
1663 928 1733 955 οὕτω
1745 927 1791 954 τὸν
1805 927 1852 959 ζυ-

1015 971 1061 1005 γὸν
1073 970 1146 998 εἷλκε
1163 973 1221 1007 μετ’
1235 972 1316 999 αὐτοῦ
1332 972 1470 1007 πανταχοῦ
1487 974 1534 1007 τῆς
1554 972 1726 1007 οἰκουμένης,
1745 971 1791 998 καὶ
1805 971 1852 997 ού-

1015 1015 1059 1041 δὲν
1074 1016 1221 1050 ἠλαττοῦτο
1237 1016 1282 1043 διὰ
1299 1016 1348 1051 τὴν
1371 1016 1489 1051 ἠλικίαν,
1512 1016 1568 1043 ἀλλ’
1585 1017 1602 1052 ἡ
1620 1016 1759 1051 προθυμία
1774 1014 1850 1050 ἁμιλ-

1015 1059 1112 1087 λᾶσθαι
1127 1062 1182 1092 τοῖς
1198 1060 1245 1087 τοῦ
1261 1061 1421 1087 διδασκάλου
1439 1061 1531 1092 πόνοις
1550 1060 1631 1087 αὑτὸν
1652 1059 1852 1095 παρεσκεύαζε.

1015 1103 1070 1129 Καὶ
1083 1102 1184 1130 τούτων
1196 1104 1276 1131 πάλιν
1291 1104 1395 1139 μάρτυς
1409 1105 1488 1135 αὐτὸς
1501 1105 1514 1130 ὁ
1532 1103 1646 1135 Παῦλος,
1661 1103 1732 1129 οὓτω
1745 1102 1832 1136 λέγων
1843 1110 1850 1117 ·

1014 1145 1125 1179 Μηδεὶς
1137 1144 1194 1173 οὖν
1205 1148 1299 1173 αὑτὸν
1314 1146 1517 1180 ἐξουθενήσῃι
1530 1147 1563 1173 τὸ
1576 1146 1630 1181 γὰρ
1643 1146 1731 1181 ἔργον
1741 1145 1851 1179 Κιιοίου

1014 1189 1171 1224 ἐργάζεται,
1194 1193 1234 1224 ὠς
1257 1190 1346 1225 κάγώ.
1371 1188 1447 1222 Εἶδες
1467 1190 1525 1222 πῶς
1551 1190 1758 1225 ἀπαράλλακτον
1778 1188 1852 1224 αὑτῷ

1016 1235 1150 1269 μαρτυρεῖ
1161 1234 1293 1269 σπουδήν;
1303 1232 1369 1260 Εἶτα
1383 1234 1425 1260 ἴνα
1437 1234 1474 1269 μὴ
1487 1233 1599 1269 νομισθῇ
1613 1233 1703 1268 χάριτι
1714 1232 1800 1259 ταῦτα
1808 1232 1852 1258 λέ-

1014 1285 1082 1311 γειν,
1097 1279 1195 1310 αὐτοὺς
1208 1279 1272 1310 τοὺς
1286 1278 1423 1314 ἀκροατὰς
1439 1279 1557 1304 ποιεῖται
1580 1277 1722 1312 μάρτυρας
1736 1276 1785 1312 τῆς
1804 1276 1851 1302 τοῦ

1014 1321 1108 1353 παιδὸς
1125 1322 1236 1357 ἀρετῆς,
1254 1322 1326 1350 οὕτω
1347 1322 1450 1357 λέγων·
1470 1321 1529 1356 Τὴν
1549 1321 1583 1348 δὲ
1604 1320 1732 1355 δοκιμὴν
1758 1320 1852 1347 αὑτοῦ

1014 1365 1183 1399 γινώσκετε,
1200 1367 1245 1394 ὅτι
1267 1368 1307 1400 ὡς
1327 1367 1439 1401 πατέρα
1453 1366 1561 1393 τέκνον
1579 1367 1602 1398 ί,
1618 1366 1694 1393 οὕτω
1714 1365 1775 1392 σὺν
1786 1364 1852 1399 ἐμοὶ

1013 1408 1198 1437 ἐδούλευσεν
1213 1410 1248 1437 ἐν
1262 1410 1302 1443 τῷ
1323 1410 1505 1445 Ε-ὐιιγγιελίῳ·
1531 1409 1639 1444 πεῖραν
1659 1408 1743 1444 ὑμεῖς
1769 1408 1851 1441 διλή-

1014 1462 1088 1488 φατε
1109 1453 1164 1489 τῆς
1181 1454 1290 1489 ἀρετῆς
1311 1454 1423 1486 αὐτοῦ,
1445 1454 1494 1481 καὶ
1523 1454 1577 1489 τῆς
1594 1454 1717 1488 δοκίμου
1735 1453 1850 1487 ψυχῆς.

1019 1497 1088 1523 Ἀλλ’
1100 1498 1174 1533 ὅμως
1189 1499 1256 1534 πρὸς
1270 1498 1396 1525 τοσοῦτον
1409 1497 1475 1532 ὕψος
1489 1497 1709 1533 κατορθωμάτων
1722 1496 1850 1526 ἀνελθὼν,

1014 1539 1073 1566 ούδέ
1087 1539 1174 1572 οὕτως
1193 1541 1313 1577 ἐθάρρει,
1330 1541 1387 1568 ἀλλ’
1396 1539 1542 1575 ἐναγώνιος
1555 1538 1589 1576 ἦν
1599 1541 1647 1567 καὶ
1657 1540 1798 1576 περιδεής·
1810 1540 1851 1566 διὸ

1021 1585 1068 1610 καὶ
1091 1585 1150 1620 μετ’
1165 1583 1308 1621 ἀκριϐείας
1333 1586 1472 1621 ἐνήστευε,
1493 1585 1539 1611 καὶ
1555 1586 1605 1611 οὐκ
1624 1584 1708 1611 ἔπαθε
1726 1584 1805 1610 τοῦτο
1821 1583 1852 1609 τὸ

1013 1628 1068 1655 τῶν
1089 1628 1204 1662 πολλῶν,
1224 1630 1248 1656 οἳ
1273 1630 1339 1657 δέκα
1357 1630 1448 1665 μόνον,
1475 1629 1491 1664 ἢ
1511 1629 1558 1655 καὶ
1578 1628 1664 1655 εἴκοσι
1691 1628 1778 1663 μῆνας
1803 1636 1853 1662 νη-

1016 1672 1091 1707 στείᾳ
1107 1674 1312 1708 παρεσχηκότες
1329 1673 1451 1704 ἑαυτοὺς,
1470 1672 1571 1703 εὐθέως
1585 1672 1692 1698 ἅπαντα
1706 1670 1853 1697 καταλύου-

1016 1723 1066 1741 σιν.
1090 1715 1158 1741 Ἅλλ¹
1176 1716 1278 1747 ἐκεῖνος
1293 1715 1369 1742 οὐδὲν
1392 1714 1512 1741 τοιοῦτον
1537 1713 1647 1745 ἔπαθεν,
1664 1713 1724 1740 οὑδέ
1741 1711 1803 1739 εἶπέ
1824 1721 1852 1739 τι

1014 1757 1133 1784 τοιοῦτον
1152 1759 1220 1794 πρὸς
1235 1758 1340 1785 ἑαυτόν·
1354 1758 1386 1784 Τί
1401 1766 1445 1793 μοι
1456 1757 1582 1792 νηστείας
1592 1757 1672 1792 χρεία
1684 1755 1774 1782 λοιπόν
1785 1764 1792 1787 ;
1805 1764 1853 1781 πε-

1015 1801 1188 1836 ριεγενόμην,
1205 1802 1346 1837 ἐκράτησα
1363 1801 1416 1828 τῶν
1431 1800 1593 1835 ἐπιθυμιῶν,
1607 1798 1747 1835 ἐνέκρωσά
1760 1807 1810 1833 μου
1822 1798 1852 1825 τὸ

1016 1844 1105 1879 σῶμα,
1113 1844 1243 1880 δαίμονας
1253 1845 1336 1880 ἐφόϐη
1341 1853 1384 1876 σα,
1394 1844 1438 1870 τὸν
1446 1843 1569 1870 διάϐολον
1580 1843 1718 1879 ἀπήλασα,
1738 1842 1852 1877 νεκροὺς

1015 1887 1162 1923 ἀνέστησα,
1176 1888 1294 1924 λεπροὺς
1307 1887 1440 1923 ἐκάθηρα,
1452 1888 1513 1918 ταῖς
1527 1886 1729 1921 ἀντικειμέναις
1740 1885 1852 1920 δυνάμε-

1017 1930 1058 1956 σίν
1071 1932 1128 1966 είμι
1140 1931 1255 1966 φοϐερός
1265 1940 1271 1946 ·
1287 1932 1313 1958 τί
1325 1939 1370 1966 μοι
1383 1931 1510 1966 νηστείας
1519 1929 1559 1956 δεῖ
1570 1929 1673 1963 λειπδν,
1687 1928 1793 1963 καὶτῆς
1809 1929 1852 1954 ὲν-

1015 1974 1110 2000 τεῦθεν
1126 1974 1275 2008 ἀσφαλείας
1286 1984 1293 2008 ;

1051 2018 1133 2045 οὐδὲν
1146 2018 1264 2045 τοιοῦτον
1275 2019 1325 2045 οὐκ
1340 2016 1425 2051 εἶπεν,
1439 2018 1488 2044 οὐκ
1498 2018 1647 2053 ἐνενόησεν,
1664 2015 1721 2042 ἀλλ’
1733 2016 1787 2049 ὅσῳ
1802 2023 1853 2049 μυ-

1017 2061 1082 2096 ρίων
1099 2062 1181 2097 ἔγεμε
1196 2062 1425 2097 κατορθωμάτων,
1442 2060 1562 2096 τοσούτῳ
1580 2059 1680 2095 μᾶλλον
1693 2057 1785 2084 ἐδεδίει
1804 2058 1852 2084 καὶ

999 2105 1114 2141 ιέτρεμε
1127 2114 1134 2120 ·
1152 2105 1200 2132 καὶ
1220 2106 1320 2140 ταύτην
1341 2105 1416 2141 παρὰ
1437 2104 1484 2131 τοῦ
1505 2103 1665 2130 διδασκάλου
1681 2101 1730 2137 τὴν
1746 2101 1853 2136 φιλοσο-

1018 2149 1081 2183 φίαν
1091 2149 1236 2184 ἐμάνθανε.
1249 2149 1303 2174 Καὶ
1318 2148 1372 2184 7&9
1387 2149 1489 2179 ἐκεῖνος
1503 2149 1542 2179 είς
1553 2146 1644 2182 τρίτον
1655 2145 1791 2180 ἀρπαγεὶς
1805 2144 1852 2170 ού-
1870 2175 1880 2186 ⁸

1019 2192 1108 2227 ρανδν,
1125 2193 1173 2219 καὶ
1188 2193 1228 2223 εἰς
1247 2192 1410 2227 παράδεισον
1425 2190 1595 2226 ἀπενεχθεὶς,
1610 2189 1658 2216 κα)⁵
1671 2187 1792 2219 ἀκούσας
1807 2187 1854 2223 ρἠ

1019 2244 1091 2271 ματα
1108 2235 1225 2271 ἄρρητα,
1242 2237 1288 2262 καὶ
1304 2235 1461 2271 μυστηρίων
1478 2235 1644 2268 κοινωνήσας
1654 2232 1791 2264 τοιούτων,
1806 2230 1853 2257 καὶ

1017 2279 1066 2314 τὴν
1080 2279 1242 2314 οἰκουμένην
1254 2278 1363 2306 ἃπασαν
1379 2277 1535 2314 ἐπιδραμὼν
1550 2277 1676 2312 καθάπερ
1686 2284 1727 2307 τις
1738 2275 1854 2301 ὑπόπτε-

1020 2331 1075 2357 ρος,
1100 2322 1254 2358 Κορινθίοις
1273 2322 1438 2348 ἐπιστέλλων
1454 2321 1545 2355 ἐλεγε·
1562 2319 1711 2354 Φοϐοῦμαι
1731 2318 1773 2353 μή
1791 2325 1854 2350 πως

1018 2365 1124 2398 ἄλλοις
1136 2366 1270 2399 κηρύξας
1282 2365 1374 2398 αὐτὸς
1386 2365 1529 2399 ἀδόκιμος
1545 2364 1683 2398 γένωμαι.
1697 2363 1729 2388 Εἰ
1742 2361 1771 2388 δέ
1784 2361 1854 2388 Παῦ-

1018 2408 1062 2440 λος
1074 2409 1194 2444 φοϐεῐται
1212 2409 1217 2433 i
1236 2409 1304 2444 μετὰ
1318 2408 1429 2435 τοιαῦτα
1444 2408 1491 2434 καὶ
1508 2405 1626 2434 τοσαῦτα
1643 2405 1853 2441 κατορθώματα,

1018 2453 1032 2478 ὸ
1042 2452 1165 2488 δυνηθεὶς
1176 2453 1273 2484 εἰπεῖν,
1283 2453 1324 2479 ὅτι
1347 2451 1424 2486 Ἐμοὶ
1441 2452 1554 2485 κόσμος
1568 2449 1759 2483 ἐσταύρωται,
1774 2447 1854 2483 κάγὼ

1018 2496 1058 2528 τῷ
1077 2497 1188 2530 κόσμῳ,
1203 2496 1292 2531 πολλῷ
1311 2495 1409 2531 μᾶλλον
1423 2495 1496 2531 ἡμᾶς
1515 2493 1662 2521 δεδοικέναι
1675 2492 1738 2527 χρὴ,
1756 2491 1802 2518 καὶ
1814 2499 1854 2517 το-
1885 2514 1888 2516 .

1020 2540 1107 2574 σούτῳ
1124 2540 1233 2575 μᾶλλον,
1243 2540 1352 2575 ὅσῳπερ
1360 2539 1392 2566 ἂν
1404 2535 1479 2573 ὦμεν
1495 2536 1579 2564 πολλὰ
1589 2535 1774 2571 συνειληχὸτες
1790 2543 1855 2561 κατ-

1019 2583 1176 2619 ορθώματα.
1195 2582 1248 2610 Καὶ
1261 2583 1315 2618 γὰρ
1326 2584 1340 2609 ὁ
1356 2581 1478 2613 διάϐολος
1486 2580 1654 2616 ἀγριώτερος
1665 2579 1727 2605 τότε
1738 2578 1853 2612 γίνεται,

1018 2626 1079 2653 τότε
1094 2626 1267 2662 ὲκθηριοῦται
1287 2626 1378 2659 πλέον,
1399 2625 1462 2652 ὅταν
1478 2624 1520 2659 ίδῃ
1537 2624 1595 2659 μετ’
1613 2621 1770 2657 ἐπιμελείας
1781 2622 1856 2656 ἡμᾶς

1019 2669 1064 2695 τὸν
1078 2669 1182 2695 ἑαυτῶν
1198 2668 1405 2704 οίκονομοῦντας
1420 2668 1491 2703 βίον·
1507 2668 1571 2693 ὅταν
1589 2665 1632 2702 ἴδῃ
1648 2664 1682 2691 τὰ
1694 2664 1792 2699 φορτία
1805 2664 1856 2698 τῆς

1019 2713 1120 2747 ἀρετῆς
1133 2713 1310 2748 συγκείμενα,
1319 2712 1366 2739 καὶ
1376 2710 1458 2737 πολὺν
1471 2710 1535 2736 ὅντα
1545 2709 1590 2735 τὸν
1601 2708 1691 2742 ὕγκον,
1701 2707 1761 2733 τότε
1774 2715 1856 2733 σπου.

1019 2755 1094 2786 δάζει
1105 2755 1295 2791 χαλεπώτερον
1308 2754 1476 2790 ἐργάσασθαι
1489 2753 1519 2779 τὸ
1529 2752 1667 2786 ναυάγιον.
1684 2751 1714 2778 '0
1735 2751 1783 2786 μὲν
1798 2750 1854 2787 γὰρ

1053 2842 1066 2871 β
1079 2841 1154 2865 SaVil.
1169 2843 1196 2865 et
1206 2841 1282 2871 aliqui
1296 2840 1433 2870 ἐπελάϐετο,
1447 2838 1533 2864 Morel.
1546 2836 1687 2862 ὑπελάϐεττι.

1051 2870 1065 2889 Ιι
1080 2872 1147 2895 Unus
1160 2872 1203 2895 οὐκ
1211 2872 1240 2900 ἦν
1249 2870 1295 2902 γὰρ
1309 2872 1380 2895 οὕτω.

1053 2902 1060 2920 ί
1077 2902 1126 2926 Alii
1137 2903 1169 2929 ὡς
1177 2903 1248 2932 πατρὶ
1258 2902 1347 2926 τέκνον.

1055 2932 1062 2958 i
1078 2932 1127 2957 Alii
1142 2933 1257 2964 ἐφοϐεῖτο.
