1984 3110
90 160 117 188 ει
557 159 602 187 AD
623 158 783 187 POPULUM
799 158 1041 188 ANTIOCHENUM
1073 159 1186 188 llOillL.
1208 159 1228 188 l.
1685 158 1722 186 21

93 218 156 245 enim
167 222 193 244 et
206 215 328 251 abjectus
344 216 450 244 etiamsi
471 216 655 251 supplantatus
674 214 756 242 fuerit
768 219 793 242 et
807 214 878 242 ceci-

94 264 166 295 derit,
180 270 232 290 non
249 267 352 289 tantam
377 261 513 289 communi
529 261 591 288 vita:
612 260 714 288 cladem
738 259 836 287 infert:
853 259 880 286 in

95 311 142 337 alta
168 316 231 335 vero
258 308 375 343 quadam
402 311 535 342 tamquam
549 307 656 334 virtutis
683 306 791 340 specula
819 313 880 332 cum

94 355 164 383 multa
173 354 298 382 claritate
306 354 480 386 constitutus,
493 357 519 379 et
531 353 575 387 qui
585 352 710 379 omnibus
723 351 880 378 manifestus

93 405 117 429 et
127 400 248 434 cngpitus
261 399 307 431 sit,
325 403 352 426 et
373 399 406 426 ab
417 398 540 426 omnibus
553 398 578 424 in
593 397 769 424 admiratione
783 397 881 424 habea-

94 452 139 479 tur,
158 445 264 480 quando
291 449 411 472 tentatus
429 443 567 477 ceciderit,
584 451 706 478 magnam
732 442 834 469 ruinam
855 445 882 469 et

91 493 209 527 jacturam
225 490 309 518 facit:
327 499 379 518 non
395 495 496 517 tantum
512 489 636 524 quoniam
653 497 685 516 ex
701 489 753 515 alto
767 487 880 520 cecidit,

94 538 134 566 sed
145 537 269 573 quoniam
285 541 314 564 et
325 537 393 563 alios
406 536 505 563 mullos
514 536 539 562 in
555 536 640 570 ipsum
652 534 826 569 respicientes
840 540 882 560 se-

95 585 192 619 gniores
207 582 339 610 reddidit.
363 582 397 609 Et
415 582 485 608 sicut
503 581 529 607 in
549 588 678 615 corpore,
698 579 751 606 alio
775 578 882 614 quidem

93 629 203 656 membro
229 632 379 662 corrupto,
405 634 460 654 non
482 633 605 661 maguum
630 625 774 652 damnum:
799 623 883 650 oculis

92 679 172 701 autem
195 673 352 704 excaecatis,
376 671 418 698 vel
444 671 530 705 capite
551 670 667 705 graviter
692 670 772 702 lmso,
797 672 882 695 totum

92 725 182 753 corpus
203 717 301 744 inutile
324 716 466 744 redditur:
481 716 519 743 sic
533 720 559 742 et
578 715 605 742 in
626 714 727 742 sanctis
747 718 773 741 et
789 721 883 747 magna

92 763 202 792 emeritis
217 762 367 790 dicendum
382 767 423 789 est
436 770 442 788 ι
455 761 561 796 quando
575 761 611 787 illi
632 759 758 788 exstincti
774 759 883 791 fuerint,

93 816 147 836 cum
165 808 298 834 maculam
316 807 469 841 quampiam
490 805 665 837 admiserint,
683 809 767 831 totum
781 809 808 831 et
823 803 885 831 reli-

93 861 166 889 quum
178 859 275 888 corpus
288 851 459 879 intolerabile
469 850 657 878 detrimentum
670 850 775 884 patitur.
873 842 878 848 ’

125 900 150 926 4.
165 899 225 926 Hmc
239 899 326 933 igitur
342 897 432 925 omnia
452 902 513 924 nota
529 895 631 923 habens
646 895 818 927 Timotheus,
832 902 884 921 un-

93 945 166 980 dique
177 953 206 972 se
219 944 363 971 muniebat
376 953 383 970 :
399 943 499 971 sciebat
512 942 583 978 quod
598 942 715 969 difficilis
732 949 775 968 res
790 941 884 976 estju-

93 995 189 1021 ventus,
205 989 277 1024 quod
293 989 441 1024 jactalnilis,
458 988 571 1023 decepta
585 987 680 1018 facilis,
697 987 783 1014 labilis
793 990 844 1018 est,
858 990 886 1013 et

93 1035 283 1063 vehementiori
301 1034 404 1069 indiget
420 1034 504 1060 frzeno
517 1043 523 1060 :
538 1040 603 1069 pyra
624 1032 695 1059 enim
709 1031 828 1066 quaedam
845 1034 886 1058 est

94 1083 215 1110 exteriora
230 1081 442 1117 apprehendens
453 1079 554 1111 omnia,
570 1079 702 1113 facileque
716 1085 747 1105 ac
761 1077 886 1104 celeriter

93 1127 250 1156 succendens
264 1128 285 1154 ⁸.
307 1127 411 1154 Idcirco
430 1126 514 1160 ipsam
529 1125 645 1159 undique
665 1123 837 1154 obstruebat,
857 1125 887 1148 ut

93 1179 279 1210 compesceret,
297 1180 327 1202 et
346 1174 415 1201 hanc
436 1173 570 1200 ﬂammant
591 1171 664 1198 omni
687 1170 767 1198 modo
787 1169 886 1196 exstin-

92 1228 166 1256 guere
180 1220 310 1248 studebat
323 1229 330 1247 :
342 1223 423 1254 atque
431 1226 528 1254 equum
541 1217 676 1245 etl'rreuem
684 1221 711 1244 et
723 1217 765 1243 vix
777 1215 888 1242 habenis

94 1271 224 1301 parentem
248 1266 340 1292 multa
366 1272 426 1292 cum
451 1263 619 1291 vehementia
645 1261 778 1297 angebat,
802 1260 888 1287 donec

93 1312 170 1346 ipsius
183 1310 313 1338 lascivias
323 1308 539 1341 circumcideret,
551 1307 637 1335 donec
647 1306 815 1334 obedientem
827 1304 889 1332 red-

95 1357 179 1387 deret,
194 1360 222 1383 et
236 1355 363 1382 traderet
377 1362 471 1390 magna
487 1361 548 1381 cum
569 1356 704 1388 potestate
724 1351 835 1379 rationis
849 1351 889 1386 ip~

94 1409 146 1431 sum
161 1400 287 1428 ducentis
304 1400 430 1436 imperio.
447 1399 609 1431 lnﬁrmelur,
627 1398 724 1433 inquit,
737 1404 845 1432 corpus,
862 1399 890 1423 et

95 1455 141 1474 non
162 1447 318 1474 inﬁrmatur
332 1446 437 1473 animus
451 1454 458 1472 τ
473 1445 631 1472 τθῐτωηθιιιιι
650 1450 714 1470 caro
724 1463 732 1475 ,
751 1447 777 1470 et
791 1441 889 1468 animae

94 1493 122 1520 ad
135 1494 226 1521 celum
246 1500 350 1520 cursus
363 1500 417 1519 non
431 1491 600 1526 impediatur.
621 1486 663 1517 Ad
681 1489 738 1517 haec
752 1493 840 1516 autem
861 1492 889 1515 et

95 1540 151 1567 illud
162 1540 280 1566 maxime
296 1539 412 1574 quisque
424 1538 450 1565 in
467 1538 525 1571 ipso
540 1537 631 1564 mirari
646 1539 746 1571 posset,
758 1534 829 1570 quod
844 1534 889 1561 tali

96 1585 213 1612 laborans
236 1584 416 1616 inﬁrmitate,
433 1589 460 1610 et
480 1588 553 1610 tanta
574 1590 634 1610 eum
656 1581 825 1617 a‘gritudine,
842 1580 890 1608 Dei

94 1630 192 1665 negotia
215 1637 270 1658 non
286 1629 452 1665 negligebat,
477 1628 524 1656 sed
548 1628 660 1663 amplius
674 1635 754 1663 quam
769 1627 890 1655 valentes

95 1680 119 1702 et
141 1683 258 1710 corpore
285 1675 412 1710 vigentes
434 1674 640 1709 circumquaque
668 1673 811 1706 volitabat,
835 1673 890 1708 jam

95 1720 234 1755 Ephesum.
256 1721 315 1756 jam
337 1720 511 1752 Corinthum,
536 1720 562 1747 in
586 1719 740 1747 Macedonia
758 1726 840 1754 stupe,
863 1719 890 1746 in

99 1765 176 1797 Italia,
191 1765 292 1800 ubique
311 1769 456 1797 terrarum,
472 1765 570 1800 ubique
587 1765 700 1792 marium
714 1772 774 1791 cum
791 1771 890 1799 praece-

97 1816 167 1845 ptore
179 1818 334 1845 apparens;
347 1810 472 1837 omnibus
485 1810 510 1836 in
521 1809 711 1836 certaminibus
723 1813 750 1836 et
757 1808 890 1836 continuis

98 1856 215 1890 periculis
229 1864 292 1883 cum
309 1856 372 1890 ipso
387 1855 619 1888 communicabat;
634 1862 684 1882 nec
704 1854 786 1882 animi
802 1854 891 1889 philo-

96 1901 209 1936 sophiam
233 1901 387 1937 prostravit
411 1901 533 1935 corporis
558 1900 726 1927 imbecillitas
754 1908 760 1926 :
787 1904 891 1927 tantum

96 1948 162 1975 valet
175 1948 200 1974 in
213 1948 299 1975 Deum
314 1947 401 1978 zelus,
414 1951 466 1974 tam
478 1947 550 1974 leves
561 1945 644 1973 efﬁcit
656 1946 721 1974 alas.
736 1945 891 1974 Sientenim

95 1999 200 2027 corpora
214 1992 385 2020 habentibus
408 1991 514 2026 pinguia
527 1995 555 2019 et
568 1991 655 2018 valida
671 1991 772 2018 nttllum
783 1991 835 2018 erit
847 1998 892 2018 va-

97 2037 215 2065 letudinis
234 2037 471 2068 emolumentum,
487 2036 510 2063 si
534 2037 640 2064 animus
661 2036 781 2071 dejectus
801 2036 890 2069 fuerit,

97 2083 181 2119 segnis
194 2088 222 2110 et
234 2083 333 2110 tardus
348 2091 354 2108 :
371 2083 410 2110 sic
424 2086 451 2110 et
464 2081 596 2110 confectis
612 2082 715 2110 nullum
730 2083 781 2110 erit
793 2090 826 2109 ex
841 2082 892 2109 im-

101 2129 238 2156 becillitate
253 2132 464 2159 nocumeutum,
480 2128 501 2155 si
524 2128 629 2155 animus
642 2135 786 2163 generosus
803 2131 832 2155 et
848 2135 894 2155 ex-

98 2174 260 2209 pergefactus
287 2173 380 2200 fuerit.
407 2173 520 2200 Videtur
542 2177 631 2200 autem
652 2173 810 2208 quibusdam
836 2173 894 2200 lure

98 2219 242 2246 admonitio
271 2223 300 2246 et
324 2218 466 2246 consilium
489 2218 622 2245 liberioris
646 2218 700 2245 vini
723 2223 802 2252 potus
821 2222 895 2253 pote-

98 2270 189 2293 statem
212 2265 384 2301 indulgere:
404 2269 431 2291 at
454 2272 507 2291 non
527 2265 563 2291 ita
585 2268 636 2291 est.
657 2264 709 2292 Sed
729 2265 752 2291 si
776 2264 834 2299 quis
854 2264 895 2291 di-

98 2314 209 2339 ctionem
221 2312 294 2339 hanc
309 2311 454 2345 diligenter
469 2310 641 2345 exquirat,de
654 2310 797 2337 sobrietate
811 2310 895 2344 magis

99 2362 136 2384 cst
147 2357 309 2384 admonitio.
327 2355 420 2391 Cogita
434 2356 504 2383 enim
518 2355 652 2390 quomodo
667 2363 719 2382 non
736 2363 751 2382 a
766 2355 895 2390 principio

102 2411 185 2438 neque
196 2403 230 2430 ab
241 2402 370 2430 exordiis
384 2401 435 2429 hoc
447 2401 588 2428 consilium
605 2401 703 2427 Paulus
712 2400 832 2433 dederit,
847 2400 895 2428 sed

101 2453 236 2484 postquam
251 2448 324 2475 vidit
343 2451 451 2474 omnem
463 2446 588 2474 virtutem
601 2446 743 2479 deiectam,
758 2450 822 2472 tunc
832 2453 896 2472 con-

101 2493 195 2521 suluit:
218 2500 311 2528 neque
329 2492 381 2519 hoc
402 2491 570 2526 simpliciter,
585 2491 631 2518 sed
644 2498 705 2518 cum
720 2490 896 2524 pratlinitione

101 2539 209 2567 quadam
222 2547 230 2566 :
245 2546 302 2566 non
314 2537 389 2565 enim
404 2537 560 2571 simpliciter
569 2536 646 2568 dixit,
661 2536 729 2563 Vino
742 2541 825 2568 utere,
838 2535 896 2567 sed,

106 2583 165 2612 Vino
176 2585 279 2612 modico
293 2592 302 2610 :
317 2590 373 2610 non
384 2582 455 2617 quod
476 2582 525 2608 hac
546 2581 727 2608 admonitione
746 2585 773 2608 et
785 2581 897 2608 consilio

104 2629 259 2658 Timotheus
273 2633 382 2666 egeret,
398 2628 446 2656 sed
460 2627 529 2663 quod
546 2635 593 2654 nos
606 2627 780 2662 indigeamus.
797 2626 898 2654 Idcirco

103 2676 134 2703 ad
155 2677 228 2704 illum
240 2676 381 2707 scribens,
408 2674 486 2701 nobis
503 2673 613 2701 bibendi
631 2672 685 2700 vini
701 2680 853 2700 mensuram
870 2676 897 2700 ct

105 2724 231 2751 terminos
245 2723 358 2754 statuit;
372 2725 478 2748 tantum
490 2719 582 2748 bibere
592 2718 699 2754 jubens,
710 2723 838 2754 quantum
853 2725 899 2745 va-

105 2767 249 2797 letudinem
266 2768 393 2803 adjuvet,
409 2769 538 2801 quantum
556 2763 660 2799 corpori
677 2764 817 2792 sanitatem
831 2771 900 2798 pra:-

105 2836 258 2893 W
271 2843 278 2862 :
294 2833 485 2868 apprehendens
491 2832 572 2859 multa
581 2831 684 2865 faciliter
693 2834 716 2858 cl
727 2830 836 2858 celeriter
847 2837 901 2857 tuc-

933 215 1005 248 beat,
1020 220 1047 243 et
1063 223 1115 242 non
1137 216 1250 242 alterum
1267 215 1390 242 tnorbum
1406 223 1413 241 :
1430 222 1482 242 non
1498 215 1636 250 pauciores
1650 215 1723 242 enim

933 269 1012 296 quam
1028 262 1219 290 immoderatus
1233 270 1308 297 aqua:
1323 266 1412 297 potus,
1428 261 1475 289 sed
1496 261 1580 288 tnulto
1594 262 1683 296 plures
1697 266 1726 288 et

934 307 1100 335 difﬁciliores
1114 309 1194 335 animi
1209 313 1236 336 et
1251 309 1372 344 corporis
1387 308 1495 336 morbos
1516 308 1656 335 immodica
1671 308 1725 335 vini

934 354 1004 388 parit
1026 354 1137 389 potatio,
1159 354 1312 388 passionum
1333 353 1449 386 bellum,
1462 353 1636 380 absurdarum
1651 353 1724 388 cogi-

935 400 1064 427 tationum
1080 401 1222 435 procellam
1237 402 1263 427 in
1275 406 1392 428 mentem
1407 400 1548 433 inducens,
1566 404 1592 427 et
1605 401 1726 434 corporis

935 447 987 473 vim
1013 447 1162 474 molliorem
1180 452 1206 474 et
1224 447 1407 474 solubiliorem
1430 446 1558 474 efﬁciens.
1580 446 1637 473 Non
1655 446 1726 473 enim

935 491 972 518 ita
994 496 1074 519 terra:
1097 498 1189 520 natura
1213 497 1307 520 vexata
1327 501 1456 527 aquarum
1485 492 1726 527 superabundantia

935 538 1062 565 continue
1081 538 1252 571 dissolvitur,
1279 543 1309 566 ut
1332 538 1453 572 corporis
1481 537 1523 564 vis
1543 537 1677 564 mollescit
1700 541 1728 563 et

936 583 1032 611 diffluit
1044 588 1071 610 et
1085 583 1242 618 dissipatur,
1261 582 1315 610 vini
1331 587 1393 618 potu
1408 583 1536 610 continuo
1558 582 1726 617 ingurgitata.

936 630 1078 665 Fugiamus
1101 629 1179 664 igitur
1193 629 1316 664 utrinque
1330 628 1561 663 intemperantiam
1574 628 1582 643 ¹
1598 633 1652 654 tum
1667 633 1729 654 cor-

936 676 1008 711 poris
1023 675 1203 702 valetudincm
1221 675 1356 707 curando,
1377 680 1432 702 tum
1447 674 1528 708 ipsius
1549 673 1672 700 lascivias
1685 679 1729 700 re-

936 720 1058 748 cidendo.
1076 720 1173 747 Vinum
1191 720 1263 747 enim
1283 728 1297 746 a
1313 720 1367 747 Deo
1383 719 1473 746 datum
1488 723 1539 749 est,
1562 726 1615 745 non
1630 721 1660 744 ut
1673 718 1728 744 ine-

938 765 1066 797 briemur,
1082 765 1129 792 sed
1143 770 1172 792 ut
1183 765 1265 792 sobrii
1277 765 1379 792 simus:
1395 768 1424 791 ut
1440 763 1616 796 delectemur,
1632 770 1684 789 non
1701 765 1730 789 ut

937 811 1084 838 doleamus.
1115 810 1207 837 Vinum
1227 810 1298 837 enim
1322 810 1444 843 lceti/icat,
1463 809 1547 843 inquit
1569 807 1668 840 David,
1686 815 1730 834 cor

938 858 1045 884 hominis
1056 857 1142 892 (Paul.
1159 857 1220 884 105.
1237 856 1281 891 15)
1296 865 1302 882 :
1320 860 1347 882 tu
1363 863 1427 882 vero
1442 855 1528 889 ipsum
1544 853 1658 881 tristitia:
1673 860 1730 880 ma-

938 904 1030 931 teriam
1038 902 1112 930 facis.
1125 903 1229 930 Etenim
1241 903 1331 929 animo
1339 905 1451 936 gravato
1461 904 1524 928 sunt
1532 907 1611 934 supra
1620 899 1730 926 modum

936 950 1019 982 ebrii,
1033 949 1150 977 tenebris
1166 949 1256 976 multis
1272 948 1355 976 menti
1368 947 1470 974 oll'usis.
1488 946 1616 974 Medicina
1631 945 1730 979 optima

938 998 989 1026 est,
1004 994 1110 1029 quando
1128 993 1414 1020 commensurationem
1431 992 1510 1019 habet
1532 991 1670 1025 optimam.
1684 990 1734 1016 llic

939 1041 1013 1068 locus
1033 1044 1060 1068 et
1078 1045 1170 1067 contra
1193 1040 1334 1066 hmretieos
1357 1038 1427 1065 utilis
1445 1042 1495 1069 est,
1516 1037 1562 1064 Dei
1583 1041 1731 1063 creaturam

938 1090 1093 1112 accusantes
1109 1094 1115 1112 :
1132 1084 1153 1111 si
1167 1084 1237 1111 enim
1251 1084 1284 1111 de
1297 1083 1385 1111 vetitis
1397 1087 1485 1114 esset,
1502 1089 1554 1108 non
1569 1080 1733 1115 permisisset

939 1130 1047 1163 Paulus,
1063 1137 1115 1157 non
1129 1129 1191 1156 vino
1201 1128 1328 1156 utendum
1342 1127 1461 1154 dixisset.
1475 1126 1532 1153 Non
1545 1126 1630 1153 solum
1644 1130 1731 1151 autent

939 1181 1031 1203 contra
1054 1175 1209 1206 hatreticos,
1223 1173 1271 1202 sed
1292 1178 1319 1201 et
1338 1178 1430 1200 contra
1451 1172 1562 1200 fratrum
1577 1176 1731 1198 nostrorum

939 1223 1124 1259 simpliciores,
1140 1222 1185 1257 qui
1199 1226 1338 1256 postquam
1359 1220 1462 1254 aliquos
1478 1226 1532 1253 pra:
1555 1218 1685 1245 ebrietate
1704 1223 1731 1242 se

940 1269 1114 1303 deturpantes
1134 1267 1265 1299 viderint,
1286 1266 1346 1292 illos
1367 1265 1519 1298 vituperare
1547 1262 1700 1289 amittentes
1711 1261 1732 1293 ί,

941 1314 1055 1342 fructum
1071 1321 1085 1340 a
1102 1313 1155 1340 Deo
1168 1312 1257 1339 datum
1269 1309 1474 1339 calumniantur.
1488 1307 1618 1339 dicentes,
1629 1306 1686 1333 Non
1699 1305 1738 1333 sit

941 1361 1043 1387 vinum.
1057 1359 1124 1394 lpsis
1136 1359 1222 1392 itaque
1236 1357 1368 1389 dicamus,
1384 1355 1439 1382 Non
1453 1354 1487 1381 sit
1499 1353 1623 1380 ebrietas.
1638 1351 1733 1378 Vinum

941 1406 1012 1434 enim
1024 1405 1082 1438 Dei,
1097 1405 1212 1432 ebrietas
1225 1402 1322 1430 diaboli
1336 1409 1402 1436 opus
1413 1404 1469 1432 est;
1480 1407 1533 1426 non
1544 1398 1633 1425 vinum
1645 1396 1736 1424 ebrie-

943 1456 1023 1479 tatem
1045 1451 1106 1478 facit
1116 1470 1124 1481 ,
1139 1449 1185 1477 sed
1208 1447 1411 1482 intemperantia
1426 1444 1582 1472 ebrietatem
1602 1442 1664 1469 facit
1680 1450 1687 1468 :
1701 1447 1736 1468 ne

941 1498 989 1525 Dei
1004 1502 1154 1524 creaturam
1168 1502 1287 1526 accuses,
1297 1493 1343 1520 sed
1357 1491 1479 1519 conservi
1495 1489 1625 1517 insaniam
1638 1493 1731 1522 argue.

942 1543 981 1571 Tu
993 1550 1058 1570 vero
1070 1544 1224 1577 peccantem
1241 1539 1334 1574 punire
1345 1541 1372 1565 et
1384 1537 1518 1571 corrigere
1531 1534 1670 1566 omittens,
1683 1532 1733 1559 bc-

942 1589 1104 1617 nefactorem
1117 1587 1202 1614 afﬁcis
1217 1583 1398 1613 contumelia?

977 1635 1004 1662 5.
1023 1634 1080 1661 Vini
1100 1633 1242 1660 moderatus
1261 1638 1322 1658 usus
1345 1628 1504 1664 permittitur.
1517 1641 1553 1647 —-
1566 1625 1633 1653 Cum
1657 1623 1736 1658 igitur

943 1680 1072 1716 quosdam
1094 1679 1153 1706 haec
1170 1677 1290 1705 dicentes
1304 1675 1481 1705 audierimus,
1498 1672 1683 1699 obmutescere
1698 1668 1737 1695 fa-

942 1727 1044 1754 ciamus
1057 1733 1063 1751 :
1080 1732 1132 1751 non
1146 1725 1216 1750 enim
1233 1729 1307 1754 usus,
1319 1720 1365 1747 sed
1381 1717 1566 1746 immoderatio
1580 1716 1736 1743 ebrietatem

943 1771 1004 1798 facit
1015 1779 1021 1797 :
1031 1769 1198 1800 ebrietatem,
1209 1768 1327 1802 inquam,
1339 1765 1468 1792 malorum
1479 1763 1597 1790 onmium
1606 1760 1732 1788 radicem.

943 1815 1040 1843 Vinunt
1054 1814 1145 1842 datum
1160 1817 1212 1845 est,
1232 1817 1261 1839 ut
1283 1809 1435 1845 languidum
1456 1815 1554 1842 corpus
1574 1807 1668 1840 erigat,
1682 1811 1736 1831 non

943 1864 973 1888 ut
986 1859 1083 1887 anima:
1103 1859 1184 1886 robur
1203 1857 1353 1892 opprimat:
1371 1859 1399 1882 ut
1417 1853 1505 1881 carnis
1527 1851 1734 1879 imbecillitatem

945 1906 1030 1938 tollat,
1044 1912 1096 1933 non
1110 1908 1138 1931 ut
1152 1904 1234 1931 animi
1242 1903 1382 1930 sanitatem
1393 1898 1561 1927 exterminet.
1573 1897 1631 1924 Noli
1647 1896 1736 1930 igitur,

944 1952 1119 1979 immoderate
1131 1950 1176 1977 Dei
1187 1955 1296 1976 munere
1307 1951 1395 1978 tttens,
1411 1945 1498 1972 stultis
1511 1948 1538 1971 et
1547 1941 1738 1978 imprudentia—

944 1997 1019 2025 ribus
1029 1995 1181 2024 hominibus
1191 1994 1344 2022 occasiones
1351 1991 1482 2027 praebere.
1492 1989 1559 2023 Quid
1569 1988 1639 2015 enim
1650 1985 1738 2013 ebrie-

940 2046 1002 2075 tate
1023 2039 1221 2070 miserabilius?
1241 2043 1364 2066 mortuus
1385 2040 1427 2064 est
1448 2036 1594 2066 animatus,
1618 2031 1707 2059 ebrius
1727 2039 1736 2058 τ

945 2089 1051 2116 dzemon
1063 2091 1105 2115 est
1118 2085 1284 2114 voluntarius
1299 2093 1306 2111 :
1321 2083 1431 2110 morbus
1441 2081 1546 2109 veniam
1559 2087 1612 2106 non
1626 2077 1737 2109 habens,

947 2134 1024 2161 ruina
1047 2131 1218 2160 excusatione
1238 2136 1342 2160 carens.
1365 2133 1505 2155 commune
1527 2123 1634 2160 generis
1654 2122 1738 2149 nostri

950 2178 1132 2214 opprobrium.
1148 2176 1205 2204 Non
1221 2175 1291 2202 enim
1306 2174 1332 2201 in
1347 2171 1520 2200 conventibus
1531 2173 1630 2196 tantum
1640 2167 1740 2194 inutilis

947 2213 1047 2256 ebrius,
1061 2227 1106 2250 aut
1119 2223 1145 2249 in
1161 2221 1273 2257 privatis
1286 2224 1313 2247 et
1327 2218 1438 2254 publicis
1450 2215 1586 2250 negotiis,
1600 2213 1646 2241 sed
1659 2213 1739 2240 etiam

947 2270 1005 2297 solo
1026 2273 1067 2296 est
1088 2272 1197 2302 aspectu
1215 2265 1334 2293 omnium
1354 2262 1537 2298 gravissimus,
1562 2260 1672 2287 fwtores
1691 2265 1739 2285 ex-

947 2315 1040 2343 halans
1062 2314 1234 2341 teterrimos:
1257 2310 1436 2338 eructationes
1459 2312 1486 2335 et
1507 2306 1688 2338 oscitationes,
1714 2308 1741 2331 et

949 2369 1030 2389 voces
1045 2360 1178 2388 ebriorum
1191 2359 1313 2385 insuaves
1327 2360 1405 2390 atque
1420 2355 1539 2381 molesta:
1551 2359 1607 2384 eos,
1621 2351 1666 2386 qui
1678 2357 1740 2385 spe-

949 2410 1021 2434 ctant
1035 2409 1061 2433 et
1078 2404 1157 2433 simul
1171 2407 1243 2434 sunt,
1261 2406 1380 2429 extrema
1395 2398 1594 2427 abominatione
1609 2395 1739 2430 implent:

949 2456 976 2478 et
988 2450 1059 2486 quod
1075 2450 1205 2477 malorum
1220 2451 1298 2483 caput
1308 2450 1359 2479 est,
1375 2445 1469 2472 coelum
1483 2443 1565 2471 ebriis
1576 2442 1741 2469 inaccessum

950 2497 993 2524 hic
1016 2495 1125 2523 morbus
1147 2494 1245 2525 efﬁcit,
1271 2499 1321 2520 nec
1344 2495 1444 2518 a‘lerna
1465 2489 1533 2516 bona
1554 2487 1658 2521 assequi
1679 2493 1742 2520 per-

951 2542 1041 2573 mittit,
1055 2540 1101 2568 sed
1115 2544 1213 2575 praeter
1225 2539 1286 2565 vita:
1299 2537 1378 2572 hujus
1391 2535 1573 2570 opprobrium,
1585 2537 1612 2560 et
1626 2532 1680 2559 illic
1695 2530 1741 2557 tali

951 2587 1046 2614 tuorbo
1071 2585 1223 2612 laborantes
1251 2590 1329 2617 poena
1355 2585 1444 2608 manet
1468 2578 1644 2607 intoleranda.
1670 2576 1743 2603 llanc

952 2633 1031 2668 igitur
1039 2632 1186 2666 improbam
1199 2628 1417 2658 consuetudinem
1426 2626 1586 2656 recidamus,
1595 2629 1622 2651 et
1633 2622 1741 2650 Paulum

952 2678 1090 2706 audiamus
1104 2677 1247 2708 dicentem,
1267 2673 1331 2701 Vino
1353 2673 1452 2699 modico
1474 2675 1562 2698 utere:
1583 2670 1668 2703 ipsum
1684 2672 1741 2694 ete-

953 2725 1008 2752 nim
1029 2723 1161 2750 modicum
1184 2725 1294 2756 propter
1316 2718 1497 2746 inﬁrmitatem
1515 2714 1654 2750 permisit:
1669 2712 1740 2747 quod

986 2769 994 2784 ί
1011 2767 1108 2804 quidam
1120 2766 1269 2804 :_ngiamiu
1284 2763 1366 2795 igitur,
1378 2761 1484 2791 obsecro,
1500 2761 1598 2792 peccata
1620 2756 1744 2787 utrinque,

954 2799 1099 2825 charissimi,
1113 2801 1160 2821 etc.
1647 2817 1651 2823 _

987 2831 997 2845 ¹
1012 2829 1109 2858 Quidam
1122 2834 1128 2852 :
1146 2827 1285 2858 vituperare
1296 2827 1323 2858 ,ει
1343 2821 1532 2858 animadvertere
1548 2826 1586 2846 eos
1604 2820 1745 2847 omittimus;

955 2854 1098 2890 minimeque
1108 2864 1179 2889 super
1192 2854 1253 2888 ipsos
1261 2854 1356 2880 dotauit
1368 2859 1490 2878 tiu-"wres.
