1984 3110
268 117 303 144 23
630 110 659 138 S.
679 110 816 138 JO.\NNIS
835 109 1069 138 CHRYSOSTOSB
1088 107 1244 136 ARCHIEP.
1265 109 1527 138 CONSTAN'I‘INOP.
1868 113 1907 140 2.1

268 171 315 196 utsi
335 168 502 195 imbecillitas
518 172 648 199 vexasset,
669 174 754 201 neque
768 166 900 194 modicum
915 165 1055 192 admittere

268 215 425 250 discipulum
448 214 588 249 coegisset.
617 214 728 248 Oportet
751 213 821 239 enim
844 213 920 239 nobis
945 212 1055 238 traditos

267 261 341 287 cibos
360 267 387 288 et
403 265 482 294 potus
502 259 666 294 temporibus
685 264 711 286 et
729 259 931 286 necessitatibus
950 266 1056 293 semper

268 306 366 336 metiri,
387 310 414 333 et
435 305 584 332 nullatenus
605 304 789 332 necessitatem
807 303 946 335 excedere,
970 310 1056 337 neque

268 351 451 386 imprudenter
464 355 490 378 et
500 354 599 378 temere
609 349 671 383 quid
686 349 772 376 facere
785 353 899 383 oportet.
915 347 967 375 Sed
981 353 1056 383 post-

268 404 347 431 quam
362 396 435 423 Pauli
450 403 541 423 curam
563 401 590 423 et
609 395 741 423 Timothei
755 395 878 422 virtutem
898 394 1056 428 didicimus,

269 442 309 469 cia
324 441 449 476 deinceps
464 441 496 468 ad
513 442 595 475 ipsam
614 441 788 475 qumstionum
803 440 962 467 solutionem
976 439 1059 467 duca-

269 491 313 513 tur
326 487 422 514 oratio.
436 487 563 519 Quasnam
586 486 664 520 igitur
682 485 858 520 qua-runtur?
872 485 967 512 lterum
986 484 1057 512 enim

269 531 359 559 dicere
373 532 551 558 neressarium
567 535 617 564 est,
630 536 658 558 ut
671 531 770 557 solutio
780 529 943 557 manifestior
955 528 1058 556 efficia-

270 581 321 604 tur.
338 575 394 609 Qua
409 576 442 602 de
461 583 540 603 causa
559 580 679 603 sanctum
699 576 788 607 talem,
812 580 883 602 tanta
901 579 1058 602 tractantem

270 622 386 656 negotia,
399 622 423 647 in
438 621 558 647 morbum
574 621 642 647 Deus
657 620 774 647 incidere
790 620 920 655 permisit,
933 624 961 647 et
973 627 1059 654 neque

271 666 336 700 ipse,
351 672 436 700 neque
447 670 593 700 praeceptor
603 665 783 700 a‘gritudiuem
798 673 892 692 curare
907 669 1057 700 potuerunt,

270 711 316 738 sed
333 711 439 738 bibendi
453 711 506 738 vini
527 711 624 738 auxilio
637 719 703 746 opus
722 710 889 738 habuerunt?
902 711 935 738 Et
948 711 1059 746 qumsifa

270 755 378 790 quidem
392 755 449 784 ba'c
461 760 556 783 erant:
569 761 674 791 oportet
685 761 772 784 autem
786 757 869 791 ipsam
882 756 979 783 inferre
989 756 1060 783 solu~

270 801 386 833 tionem,
400 806 429 828 ut
442 809 495 828 non
516 805 618 828 tantum
638 802 660 829 si
675 801 719 837 qui
736 801 761 828 in
775 801 896 828 morbum
912 806 938 828 et
953 801 1060 836 :rgritu-

271 847 362 874 dinem
375 847 465 880 talem,
482 847 528 874 sed
544 852 570 875 et
582 848 740 882 quicumque
754 848 780 875 in
794 847 945 882 pauperiem
960 847 1060 875 incide-

271 893 326 919 rint
338 897 366 919 et
377 892 484 924 famem,
496 897 522 920 et
534 893 648 924 vincula,
660 897 687 920 et
698 897 839 925 tornteuta,
850 897 876 920 et
888 893 1058 924 tentationes,

269 942 298 965 et
310 938 467 970 calumnias,
488 942 637 972 czeteraque
651 939 788 972 praesentis
802 938 862 966 vita:
881 938 1058 972 incommoda,

271 983 355 1010 sancti
378 983 457 1010 etiam
479 982 566 1017 magni
587 988 614 1010 et
637 983 808 1011 admirabiles
830 984 898 1016 viri,
923 992 956 1011 ex
980 984 1060 1012 rebus

272 1028 351 1056 hodie
372 1029 491 1056 dicendis
512 1029 633 1056 idoneam
648 1034 675 1057 et
694 1029 936 1057 manifestissimam
961 1030 988 1057 in
1007 1030 1060 1058 illis

271 1082 377 1109 quoqtte
397 1074 578 1102 defensionem
599 1080 691 1102 contra
719 1083 844 1103 accusare
872 1075 990 1104 volentes
1017 1076 1060 1103 in-

271 1119 362 1146 venire
376 1120 487 1155 possint.
503 1120 599 1148 Multos
620 1121 690 1148 enim
711 1121 849 1148 audivistis
866 1121 927 1149 talia
940 1129 1062 1157 quaren-

272 1169 312 1190 tes
329 1164 416 1198 :Quid
432 1165 536 1192 tandem
554 1166 598 1192 ille
613 1166 749 1194 modestus
769 1171 795 1194 et
808 1172 962 1195 mansuetus
980 1167 1061 1195 homo

271 1209 305 1236 ab
316 1209 368 1236 alio
382 1210 496 1244 quodam
508 1210 588 1245 impio
602 1215 629 1238 et.
642 1211 762 1246 improbo
772 1219 821 1246 per
834 1212 950 1246 singulos
964 1212 1021 1240 dies
1033 1212 1060 1240 in

269 1253 398 1288 judicium
411 1255 538 1288 trahitur,
553 1260 581 1283 et
593 1256 746 1284 innumeras
761 1257 860 1291 patitur
873 1257 1018 1291 molestias,
1034 1262 1062 1285 et

274 1298 344 1325 Deus
359 1300 505 1333 permittit?
519 1308 600 1335 quare
618 1301 685 1328 alter
704 1306 853 1334 accusatus,
874 1302 971 1336 injuste
987 1310 1061 1330 mor-

273 1349 334 1372 tuus
349 1345 406 1372 est?
425 1345 472 1372 llle
490 1346 645 1374 submersus
668 1351 719 1380 est,
738 1347 837 1382 inquit,
853 1348 921 1375 alius
942 1349 1062 1384 praecipi-

273 1394 344 1418 tatus
358 1399 365 1418 :
379 1395 406 1418 et
420 1392 517 1419 multos
532 1400 669 1427 possemus
681 1392 783 1420 referre
797 1398 904 1421 sanctos
918 1400 945 1421 et
963 1396 1061 1422 nostris

274 1441 302 1464 et
317 1437 445 1472 majorum
469 1444 620 1466 nostrorum
641 1439 814 1474 temporibus,
829 1441 873 1475 qui
889 1441 985 1469 multas
1002 1449 1062 1468 sus-

273 1482 410 1510 tinuerunt
440 1483 642 1518 tribulatioues,
668 1485 822 1513 differentes
850 1491 878 1514 et
906 1487 1001 1514 varias.
1026 1486 1062 1515 Ut

273 1526 352 1561 igitur
366 1527 460 1555 horum
479 1529 596 1556 omnium
615 1530 744 1557 rationem
764 1530 917 1563 videamus,
933 1535 960 1558 et
975 1539 1062 1566 neque

273 1572 323 1606 ipsi
339 1574 541 1606 perturbemur,
556 1582 641 1609 neque
656 1575 722 1602 alios
735 1576 927 1604 scandalizatos
945 1577 1061 1612 negliga-

274 1625 343 1649 nnts,
358 1626 429 1646 nunc
438 1619 558 1646 dicendis
572 1619 773 1654 diligentissime
788 1622 965 1649 attendamus.

309 1663 334 1690 6.
347 1663 437 1691 Cattae
454 1667 531 1692 varice
544 1674 589 1692 cur
602 1665 671 1692 Deus
683 1671 782 1693 sanctos
796 1667 863 1694 mala
877 1669 973 1703 perpeti
983 1669 1059 1696 sinat.

273 1708 396 1736 ~Varize
417 1710 488 1736 enim
510 1715 537 1737 et
556 1711 716 1738 omnimodae
738 1717 889 1739 sanctorum
912 1713 1061 1742 afflictiuuis

273 1760 367 1780 causas
384 1762 495 1782 numero
503 1758 565 1781 Octo
575 1754 696 1783 charituti
717 1762 810 1784 vestrte
829 1758 919 1785 dicere
941 1767 1058 1793 possum.

275 1799 375 1826 Idcirco
388 1807 481 1828 omnes
492 1808 551 1827 ettm
564 1802 697 1836 diligentia
708 1802 824 1829 animum
835 1803 1062 1836 adhibete,scien-

274 1849 314 1873 tes
324 1846 394 1880 quod
409 1846 478 1873 nulla
491 1847 616 1882 deinceps
631 1848 706 1875 nobis
718 1849 793 1875 venia
805 1854 832 1876 et
844 1851 979 1877 excusatio
991 1851 1062 1878 dabi-

274 1896 326 1924 tur,
334 1891 396 1918 side
402 1892 613 1926 contingentibus
621 1893 839 1926 seandalizcmur,
847 1896 942 1930 qttippe
950 1897 1060 1931 quicum

273 1935 326 1962 sint
341 1940 393 1962 tam
404 1937 493 1964 multa:
503 1939 627 1970 rationes,
641 1943 772 1974 tamquam
784 1940 854 1967 nulla
864 1941 907 1974 sit,
920 1941 954 1968 ita
965 1943 1061 1969 tumul-

275 1985 379 2008 tucmur
387 1985 415 2009 et
422 1983 616 2016 perturbetnur.
626 1983 714 2018 Itaque
727 1985 810 2019 prima
821 1986 926 2020 quidem
939 1992 978 2014 est
989 1987 1061 2022 qttod

274 2035 307 2054 nc
314 2027 388 2055 facile
395 2028 420 2055 in
429 2030 604 2063 arrogantiam
614 2034 722 2064 propter
729 2031 882 2058 meritorum
891 2036 917 2059 et
925 2032 1062 2060 miraculo:

274 2081 333 2101 rum
349 2075 555 2110 magnitudinem
571 2076 705 2109 tollantur,
721 2077 791 2111 ipsos
807 2077 875 2105 Deus
888 2078 957 2105 sinat
969 2078 1058 2113 afﬂigi.

274 2119 405 2152 Secunda,
420 2128 453 2147 ne
467 2121 555 2148 cmteri
570 2121 697 2156 majorem
714 2122 827 2150 habeant
839 2123 872 2150 de
883 2123 946 2158 ipsis
959 2124 1061 2158 opinio-

275 2172 345 2198 nem,
360 2173 438 2201 quam
454 2166 567 2194 humana
581 2168 679 2202 patitur
691 2169 908 2204 natura,etipsos
919 2170 993 2202 deos,
1008 2178 1060 2198 non

274 2214 363 2237 autem
383 2210 503 2238 homines
520 2219 579 2239 esse
599 2213 770 2240 arbitrentur.
795 2214 893 2247 Tertia,
917 2220 945 2242 ut
965 2220 992 2242 et
1015 2216 1060 2243 Dei

275 2254 360 2281 virtus
377 2260 503 2289 appareat
518 2263 565 2291 per
577 2262 736 2292 aegrotantes
751 2262 779 2285 et
790 2259 964 2294 compeditos,
980 2268 1061 2287 exsu-

276 2307 372 2334 perans
382 2301 532 2334 etvincens,
539 2310 570 2330 ac
577 2303 790 2337 prmdicationem
797 2313 905 2339 augens.
915 2305 1024 2340 Quarta,
1034 2312 1062 2334 ut

277 2345 392 2379 ipsorum
406 2346 530 2380 patientia
544 2347 707 2376 manifestior
722 2348 776 2381 fiat,
787 2357 838 2376 non
849 2356 955 2386 propter
964 2360 1062 2380 merce-

275 2390 335 2417 dem
342 2390 478 2418 hominum
489 2391 542 2420 Deo
550 2393 781 2427 servientium,sed
790 2399 817 2422 et
825 2400 922 2423 tantam
935 2397 1062 2424 exhiben-

275 2435 340 2461 tium
354 2436 551 2470 gratitudinem,
560 2442 589 2464 ut
599 2441 625 2465 et
637 2443 696 2472 post
707 2442 745 2466 tot
757 2439 826 2466 mala
834 2440 936 2468 sincera
943 2442 968 2468 in
976 2442 1061 2476 ipsum

277 2479 458 2508 benevolentia
478 2482 640 2510 ostendatur.
657 2483 764 2517 Quinta,
781 2485 852 2513 utde
869 2488 1062 2515 resurrectione

275 2525 421 2560 cogitemus
432 2535 439 2554 :
450 2534 510 2554 cum
525 2528 595 2554 enint
608 2529 692 2556 virum
706 2529 806 2564 justum
818 2537 844 2558 et
858 2532 938 2559 multa
955 2533 1060 2567 plenum

278 2571 384 2604 virtute,
397 2571 534 2600 innumera
547 2581 651 2608 passum
662 2575 740 2608 mala,
752 2580 778 2603 et
792 2576 830 2603 sic
843 2577 904 2604 hinc
913 2577 1060 2612 digressum

276 2616 384 2650 videris,
399 2617 441 2644 vel
456 2618 552 2647 invitus
565 2619 598 2647 de
611 2619 699 2648 futuro
713 2621 747 2648 ibi
759 2621 858 2656 judicio
871 2622 970 2658 cogites
983 2630 1061 2658 opor-

277 2665 325 2688 tet.
347 2661 374 2689 Si
393 2662 463 2690 enim
477 2671 525 2698 pro
541 2672 570 2692 se
580 2665 660 2695 homo
673 2667 822 2694 laborantes
832 2667 890 2694 sine
904 2669 1021 2702 praemiis
1035 2673 1062 2696 et

278 2706 449 2736 retributione
462 2709 535 2737 abire
555 2718 608 2738 non
628 2712 756 2746 permittit
773 2712 877 2739 :multo
898 2713 982 2748 magis
1003 2720 1059 2747 eos,

277 2753 322 2788 qui
331 2758 432 2782 tantum
445 2755 640 2791 laboraverunt,
650 2766 792 2793 numquam
805 2759 974 2786 incoronatos
980 2766 1052 2786 rema

281 2805 342 2826 nere
350 2799 420 2828 Deus
433 2800 567 2830 decernet.
577 2802 604 2831 Si
616 2807 703 2831 autem
723 2805 793 2841 ipsos
809 2804 929 2834 laborum
949 2811 1057 2833 suorum

1110 164 1282 192 retributione
1292 164 1395 199 privare
1413 165 1490 198 nolit,
1502 166 1610 192 omnino
1628 173 1737 194 necesse
1755 170 1795 194 est
1811 168 1905 202 quod-

1108 210 1169 237 dam
1190 210 1261 237 aliud
1284 215 1388 245 tempus
1405 219 1465 238 esse
1482 216 1542 246 post
1557 213 1727 246 prmeutium
1743 213 1835 246 tinent,
1849 222 1908 247 qun

1109 256 1247 290 praaseutis
1256 256 1317 282 vita:
1327 256 1446 283 laborum
1457 257 1644 285 retributiones
1655 258 1793 291 recipiant.
1805 258 1905 290 Sexta.

1110 304 1139 327 ut
1152 308 1244 328 omnes
1253 301 1279 328 in
1290 308 1333 328 res
1345 301 1472 329 adversas
1483 301 1639 333 incidentes,
1651 303 1828 330 sufficientem
1838 311 1908 330 con-

1110 346 1267 374 solationem
1279 351 1305 373 et
1316 347 1506 381 mitigationem
1552 347 1677 381 habeant,
1693 347 1719 375 in
1734 356 1781 376 eos
1792 349 1908 383 respici-

1109 395 1194 423 entes,
1211 391 1380 418 etmalorum
1395 399 1454 427 qum
1472 392 1537 426 ipsrs
1555 392 1676 420 accidere
1695 401 1838 421 memores.
1856 395 1907 421 Se-

1110 435 1202 470 ptima,
1212 443 1245 463 ne
1257 436 1362 471 quando
1372 438 1544 464 exhortamur
1554 445 1600 464 vos
1609 437 1640 464 ad
1651 437 1755 464 illorum
1764 439 1905 472 virtutem,

1110 485 1136 507 et
1149 481 1244 515 cuique
1256 481 1379 514 dicimus,
1394 480 1501 509 Imitare
1514 482 1623 509 Paulum
1634 503 1641 516 ,
1658 483 1762 511 imitare
1779 484 1903 516 Petrum,

1110 531 1219 561 propter
1239 531 1372 561 gestorum
1392 527 1581 555 sublimitatem
1595 528 1706 556 alterius
1718 529 1789 564 ipsos
1799 534 1905 558 natura:

1111 571 1255 607 participes
1267 571 1348 600 fuisse
1360 573 1516 608 cogitantes,
1525 573 1558 600 ad
1573 574 1745 602 imitationem
1761 576 1901 610 torpeatis.

1110 616 1219 650 Octava,
1227 621 1255 644 ut
1261 617 1367 652 quando
1376 617 1467 645 beatos
1479 619 1520 646 vei
1532 619 1644 646 miseros
1654 626 1763 647 censere
1775 625 1883 655 oportet
1893 640 1901 652 ,

1110 661 1243 690 discamus
1253 670 1320 698 quos
1327 663 1428 696 beatos,
1440 672 1507 699 quos
1517 666 1628 693 miseros
1640 671 1666 693 et
1674 674 1841 694 a‘rumnosos
1852 675 1902 701 pu-

1111 712 1168 736 tare
1177 708 1330 736 debeatnus.
1342 710 1467 744 lgiturhm
1474 711 1578 745 quidem
1586 716 1739 740 suntcausm
1749 721 1755 739 :
1765 713 1811 740 sed
1822 720 1903 747 opor-

1111 758 1149 781 tet
1160 762 1205 782 eas
1220 762 1314 782 omnes
1327 763 1360 783 ex
1371 756 1514 792 Scripturis
1527 758 1687 785 confirmare
1699 777 1707 790 ,
1719 763 1746 786 et
1758 758 1901 793 diligenter

1111 799 1294 827 demonstrare
1304 801 1392 827 omnia
1404 808 1482 836 supra
1493 802 1563 829 dicta
1575 811 1628 830 non
1640 803 1815 831 humanarum
1827 804 1902 839 cogi-

1112 845 1240 871 tationum
1262 845 1378 878 inventa,
1393 847 1440 874 sed
1465 847 1613 875 divinarum
1632 848 1828 884 Seriptttrarum
1840 857 1902 876 seu-

1113 891 1207 917 tentias
1219 898 1287 918 esse.
1303 891 1347 918 Sic
1359 892 1428 919 cuint
1441 898 1467 919 et
1478 893 1563 920 oratio
1574 894 1624 920 erit
1634 894 1711 920 nobis
1724 894 1775 921 fide
1785 894 1900 929 dignior,

1112 940 1138 962 et
1159 936 1252 962 melius
1273 937 1368 964 animis
1393 938 1488 965 vestris
1510 939 1643 966 insidebit.
1666 939 1742 973 Quod
1767 940 1902 967 tribulatio

1111 981 1217 1015 quidem
1239 982 1357 1010 conferat
1379 983 1430 1010 hoc
1448 984 1557 1017 sanctis,
1571 989 1599 1011 ut
1619 985 1731 1012 modesti
1745 985 1798 1012 sint
1812 991 1841 1013 et
1853 985 1902 1012 lm-

1113 1026 1199 1059 miles,
1219 1034 1267 1054 nec
1288 1027 1413 1055 inflentur
1434 1037 1467 1056 ex
1485 1029 1567 1063 gestis
1589 1034 1616 1056 et
1636 1030 1730 1064 signis,
1752 1036 1780 1058 et
1792 1036 1902 1066 propter

1113 1073 1164 1100 hoc
1177 1073 1260 1107 ipsam
1272 1075 1380 1102 evenire
1394 1075 1464 1102 Deus
1479 1076 1623 1109 permittat,
1646 1077 1803 1111 prophetam
1820 1077 1902 1104 David

1111 1124 1139 1146 et
1160 1118 1270 1146 Paulum
1295 1120 1387 1147 eadem
1411 1120 1530 1148 dicentes
1554 1121 1700 1148 audiamus.
1725 1122 1771 1149 llle
1793 1123 1901 1158 quidem

1112 1163 1308 1192 dicitzBonum
1331 1167 1403 1199 mihi,
1427 1166 1543 1199 Domine,
1566 1168 1625 1202 quia
1646 1169 1785 1195 lnnniliasti
1807 1177 1856 1201 me,
1875 1174 1903 1195 ut

1113 1209 1411 1245 discamjusti/icatiunes
1430 1216 1486 1238 tuas
1499 1211 1581 1247 (Psal.
1601 1212 1660 1239 118.
1674 1213 1720 1246 71)
1735 1222 1741 1239 :
1759 1212 1802 1239 hic
1812 1217 1901 1240 autem

1113 1255 1248 1289 praefatus,
1275 1256 1373 1291 Raptus
1393 1264 1449 1283 sum
1469 1257 1495 1283 in
1518 1258 1617 1284 tertium
1639 1258 1738 1290 uelum,
1751 1263 1774 1284 et
1788 1259 1814 1284 in
1827 1267 1903 1292 para-

1113 1299 1196 1326 disum
1213 1300 1292 1327 elatus
1301 1309 1310 1333 ,'
1319 1301 1467 1335 subintulit,
1479 1301 1510 1328 Et
1520 1310 1552 1328 ne
1560 1303 1736 1329 revelationum
1755 1303 1902 1338 magnitudo

1113 1345 1266 1372 extollatme
1278 1365 1286 1378 ,
1307 1345 1381 1372 datus
1403 1351 1439 1372 ut
1454 1347 1515 1372 mihi
1539 1347 1656 1373 stimulus
1673 1348 1756 1374 carnis
1767 1368 1774 1379 ,
1797 1347 1902 1382 angeltu

1115 1394 1220 1422 satanas,
1232 1395 1258 1416 ut
1278 1399 1317 1417 me
1340 1391 1480 1425 colap/tizet
1503 1392 1540 1428 (2.
1552 1391 1610 1419 Car.
1639 1393 1682 1420 12.
1698 1392 1725 1419 2.
1740 1393 1766 1420 ι.
1783 1393 1822 1427 7).
1835 1393 1901 1426 Quid

1115 1435 1165 1462 hoc
1182 1437 1314 1471 apertius?
1327 1437 1364 1464 Ne
1379 1437 1502 1471 extollar,
1526 1438 1619 1472 inquit.
1637 1442 1745 1473 propter
1766 1438 1817 1466 hoc
1840 1446 1900 1473 per-

1114 1481 1184 1508 misit
1201 1482 1269 1509 Detts
1283 1482 1392 1516 angelos
1411 1487 1512 1510 satauae
1535 1483 1704 1518 colaphizare
1719 1491 1770 1510 me.
1785 1484 1902 1518 Angelos

1113 1531 1201 1553 autem
1215 1531 1324 1559 satanas,
1338 1535 1390 1554 non
1401 1527 1536 1555 darmones
1550 1528 1652 1563 aliquos
1662 1529 1737 1562 dicit,
1753 1529 1799 1556 sed
1814 1529 1902 1556 homi-

1113 1579 1161 1598 nes
1173 1571 1279 1599 diabolo
1292 1572 1483 1605 ministrantes,
1496 1573 1615 1600 infideles
1630 1578 1766 1609 tyrannos,
1775 1574 1898 1608 gentiles,

1113 1619 1156 1651 qui
1177 1617 1282 1645 assidue
1297 1618 1345 1652 ipsi
1366 1618 1469 1645 molesti
1489 1624 1574 1651 erant,
1596 1618 1734 1654 ipsumque
1756 1620 1897 1646 vexabant.

1113 1663 1189 1696 Quod
1213 1668 1300 1690 autem
1321 1664 1385 1691 dicit
1407 1663 1557 1699 Itujusmodi
1582 1669 1623 1691 est
1640 1673 1647 1691 :
1663 1665 1780 1697 Poterat,
1807 1665 1900 1700 inquit.

1115 1709 1184 1735 Deus
1196 1710 1333 1736 continere
1345 1710 1563 1743 persequutiones
1578 1715 1603 1737 et
1617 1717 1750 1737 aerumnas
1763 1711 1900 1742 assiduas;

1113 1753 1159 1780 sed
1175 1754 1298 1788 quoniam
1315 1754 1340 1780 iu
1355 1755 1461 1781 tertium
1476 1759 1566 1789 raptus
1581 1755 1616 1781 fui
1629 1762 1644 1782 c
1655 1755 1734 1786 clum,
1749 1760 1775 1782 et
1790 1756 1814 1782 in
1831 1763 1902 1790 para-

1113 1797 1199 1824 disum
1212 1798 1326 1831 delatus,
1339 1807 1372 1826 ue
1395 1799 1488 1826 harum
1509 1800 1690 1834 magnitudine
1712 1802 1900 1828 revelatiouum

1113 1844 1224 1871 extollar
1238 1849 1264 1872 et
1277 1845 1357 1872 altum
1370 1845 1480 1880 sapiam,
1490 1847 1835 1881 permisitpersequntiones
1844 1847 1899 1880 has,

1112 1894 1138 1916 et
1151 1890 1244 1924 angelo
1257 1895 1357 1917 satana:
1376 1899 1425 1926 per
1445 1892 1665 1926 p-rsequutiones
1680 1897 1706 1919 et
1720 1893 1901 1922 tribulatione;

1114 1942 1156 1961 me
1170 1934 1348 1969 colaphizare,
1366 1943 1399 1962 ne
1412 1936 1533 1963 extollar.
1550 1936 1607 1963 Etsi
1621 1937 1691 1964 ettim
1714 1938 1799 1965 sancti
1814 1943 1841 1965 et
1855 1939 1901 1966 ad-

1113 1980 1249 2008 mirabiles
1262 1981 1314 2008 sint
1329 1982 1424 2008 Paulus
1436 1988 1461 2009 et
1477 1983 1580 2015 Petrus,
1593 1987 1621 2010 et
1634 1990 1728 2010 omnes
1741 1984 1900 2019 quicumque

1113 2027 1189 2059 tales,
1214 2031 1302 2055 tamen
1327 2028 1448 2056 homines
1459 2033 1531 2061 sunt,
1552 2033 1580 2056 et
1603 2029 1693 2056 multa;
1715 2030 1853 2062 cautionis,
1869 2038 1900 2059 ne

1115 2072 1190 2100 facile
1205 2074 1380 2106 extollantur,
1397 2073 1525 2108 indigent,
1535 2079 1560 2101 et
1576 2074 1693 2101 maxime
1708 2075 1826 2102 omnium
1840 2083 1900 2102 san-

1112 2118 1147 2144 cti
1163 2127 1169 2144 :
1185 2117 1248 2145 nihil
1269 2119 1342 2145 enim
1362 2119 1401 2145 sic
1415 2119 1441 2146 in
1458 2120 1635 2154 arrogantiam
1649 2119 1778 2147 extollere
1790 2127 1901 2148 consue-

1112 2163 1160 2195 vit,
1185 2168 1213 2190 ut
1231 2164 1386 2191 meritorum
1410 2165 1486 2199 plena
1508 2165 1720 2197 conscientia,et
1731 2165 1820 2192 anima
1841 2174 1900 2194 cum

1114 2208 1208 2235 fiducia
1223 2209 1324 2236 vivens.
1338 2209 1375 2237 Ne
1385 2209 1447 2244 quid
1468 2210 1548 2244 igitur
1566 2210 1617 2237 tale
1631 2210 1667 2237 illi
1684 2210 1826 2244 patiantur,
1843 2215 1900 2238 ten-

1114 2256 1226 2282 taliones
1241 2260 1268 2282 et
1281 2255 1465 2283 tribulationes
1479 2263 1538 2283 esse
1557 2256 1709 2289 concessit,‘
1721 2263 1780 2290 quae
1794 2261 1902 2291 p055ent

1114 2301 1184 2335 ipsos
1206 2301 1340 2336 corripere
1362 2301 1478 2337 ipsisque
1499 2302 1715 2336 persuadere,ut
1736 2302 1762 2329 in
1779 2303 1902 2331 omnibus

1090 2356 1096 2360 ν
1113 2347 1249 2375 moderate
1261 2353 1380 2383 agerent.

1149 2395 1175 2420 7.
1190 2394 1266 2427 Quod
1281 2399 1370 2422 autem
1395 2394 1428 2422 ad
1454 2395 1687 2422 demonstrandam
1705 2395 1751 2422 Dei
1772 2395 1896 2423 virtutem

1114 2439 1165 2466 hoc
1187 2447 1346 2474 magnopere
1367 2439 1501 2474 conferat,
1517 2445 1544 2467 et
1560 2441 1609 2468 hoc
1629 2441 1662 2468 ab
1675 2440 1769 2467 eodem
1783 2440 1902 2475 apostolo

1113 2484 1200 2516 disce,
1214 2485 1257 2519 qui
1271 2485 1343 2519 prius
1356 2485 1407 2512 hoc
1419 2485 1532 2513 dixerat.
1546 2485 1584 2513 Ne
1596 2486 1667 2513 enim
1681 2485 1767 2518 dicas,
1783 2485 1853 2520 quod
1865 2485 1902 2512 in-

1114 2529 1205 2557 ﬁdeles
1216 2534 1316 2564 putant,
1330 2531 1411 2558 Deum
1427 2531 1487 2558 talia
1499 2531 1694 2566 permittentem
1705 2530 1819 2558 debilem
1832 2539 1899 2563 esse,

1115 2583 1164 2604 nec
1178 2584 1240 2604 suos
1255 2577 1379 2611 periculis
1399 2577 1502 2612 eripere
1524 2584 1620 2611 posse,
1635 2576 1707 2612 quod
1732 2577 1804 2611 ipsos
1823 2576 1900 2612 afﬂigi

1113 2622 1238 2650 continue
1250 2623 1337 2649 sinat:
1351 2622 1403 2650 hoc
1414 2623 1551 2650 considera
1560 2644 1568 2656 ,
1584 2622 1717 2657 quomodo
1731 2630 1777 2657 per
1789 2622 1845 2650 hrcc
1857 2622 1900 2650 de-

1115 2669 1268 2696 moustrarit
1280 2669 1376 2698 Pauius
1386 2690 1393 2702 ,
1405 2677 1457 2697 non
1467 2675 1567 2697 tantum
1581 2678 1639 2705 qua:
1651 2670 1745 2697 fierent
1759 2670 1840 2704 ipsius
1855 2671 1901 2697 im-

1114 2715 1285 2742 becillitatem
1297 2723 1349 2743 non
1361 2723 1487 2751 arguere,
1500 2716 1546 2744 sed
1560 2717 1673 2752 amplius
1685 2717 1828 2751 potentiam
1842 2725 1899 2744 om-

1114 2761 1192 2789 nibus
1208 2766 1351 2789 ostentare.
1367 2761 1433 2789 Cnm
1455 2762 1525 2789 enim
1547 2762 1657 2790 dixisset
1673 2772 1680 2789 :
1696 2762 1778 2789 Datur
1792 2767 1827 2790 est
1840 2762 1899 2789 mihi

1119 2806 1235 2834 stimulus
1245 2808 1338 2842 tantis,
1347 2807 1450 2844 angelus
1460 2812 1564 2842 satana,
1578 2812 1605 2835 ut
1614 2816 1652 2836 me
1661 2807 1812 2844 colopht'ut;
1822 2811 1848 2836 et
1859 2806 1897 2834 his
