1984 3110
125 153 273 187 ἠνάγκασε
291 155 344 182 τὸν
357 155 481 191 μαθητὴν
498 155 558 182 οὑδὲ
572 156 617 183 τὸν
633 156 722 190 ὀλίγον
734 158 904 193 προσίεσθαι.
924 158 979 185 Κα)⁸

124 197 179 232 γὰρ
193 198 244 224 καὶ
258 198 296 225 τὰ
309 200 470 234 ἀναγκαίως
478 200 542 235 ἡμῖν
555 200 742 236 παραδοθέντα
753 207 766 221 ιι
781 202 841 228 σῖτα
849 202 895 228 καὶ
910 203 979 229 ποτὰ

122 241 178 272 τοῖς
191 243 307 276 καιροῖς
319 244 371 270 καὶ
381 244 440 274 ταῖς
450 244 554 278 χρείαις
564 243 608 270 ἀεὶ
620 245 728 279 μετρεῖν
737 244 785 275 δεῖ,
795 244 841 271 καὶ
853 244 976 280 μηδαμοῦ

122 283 171 318 τὴν
193 284 297 318 χρείαν
314 285 503 321 ὑπερϐαίνειν,
516 286 583 322 μηδὲ
593 286 686 319 ἁπλῶς
699 287 746 314 καὶ
758 287 820 322 εἰκῆ
834 296 861 314 τι
880 289 976 315 ποιεῖν.

128 326 198 353 Ἀλλ’
216 328 323 364 ἐπειδὴ
339 329 388 365 τὴν
399 329 445 356 τοῦ
463 329 569 357 Παύλου
580 330 745 366 κηδεμονίαν
760 331 807 357 καὶ
819 331 867 365 τὴν
878 331 978 367 ἀρετὴν

121 369 265 405 ἐμάθομεν
275 372 333 408 τὴν
351 373 495 408 Τιμοθέου,
514 373 580 409 φέρε
594 373 689 400 λοιπὸν
704 375 747 401 ἐπ’
759 374 844 410 αὐτὴν
864 374 912 410 τὴν
931 375 977 401 λύ-

122 423 163 440 σιν
180 415 237 441 τῶν
253 416 430 452 ζητημάτων
442 417 488 444 τὸν
503 417 581 452 λόγον
597 418 755 453 ἀγάγωμεν.
771 419 836 445 Τίνα
853 416 899 445 οὖν
922 420 974 446 εισι

120 458 152 484 τὰ
167 457 356 494 ζητούμενας
373 462 522 495 ἀναγκαῖον
537 462 591 498 γάρ
613 462 695 489 πάλιν
716 463 802 489 εἰπεῖν
825 463 868 490 ἵνα
891 472 975 498 σαφε-

120 501 203 537 στέρα
221 503 239 538 ὴ
259 503 347 536 λύσις
362 505 489 541 γένηται·
501 506 573 538 τίνος
590 504 636 534 οὗν
653 506 746 533 ἕνεκεν
763 507 840 541 ἆγιον
853 507 972 534 τοιοῦτον

119 546 163 572 καὶ
175 547 306 575 τοσαῦτα
318 549 513 585 οίκονομοῦντα
524 550 685 587 πράγματα,
695 552 734 583 είς
747 551 902 587 ἀρρωστίαν
911 559 972 577 συν-

118 588 263 625 εχώρησεν
283 592 300 618 ὁ
323 592 390 625 Θεὸς
408 594 548 628 ἐμπεσεῖν,
585 595 631 621 καί
649 594 711 621 οὔτε
727 595 817 627 αὐτὸς,
835 594 920 621 οὑτεό
933 596 972 622 δι-

116 632 254 665 δάσκαλος
267 634 369 670 ἴσχυσε
381 636 412 662 τὸ
422 638 529 673 νόσημα
539 637 747 673 διορθώσασθαι,
760 638 827 665 ἀλλά
838 638 888 673 τῆς
901 639 970 665 κατὰ

116 675 164 711 τὴν
178 677 347 705 οἰνοποσίαν
357 679 508 716 ἐδεήθησαν
523 681 663 716 βοηθείας;
679 683 733 708 Καὶ
752 682 786 708 τὰ
802 682 850 717 μὲν
870 681 968 717 ζητού-

118 727 185 754 μενα
202 720 297 747 ταῦτα
315 720 362 757 ἦν.
376 724 422 749 Δεῖ
437 724 466 750 δὲ
482 724 567 759 αὐτὴν
589 727 738 760 ἐπαγαγεῖν
755 725 804 761 τὴν
824 725 912 757 λύσιν,
929 725 967 757 ὡς

118 762 154 797 μὴ
166 763 250 797 μόνον
269 765 300 790 ετ
311 774 385 798 τινες
400 766 469 802 νόσῳ
494 768 541 794 καὶ
557 769 698 804 ἀρρωστίᾳ
718 768 830 805 τοιαύτῃ
853 769 965 804 περιπέι

117 814 199 838 σοιεν,
217 807 293 835 ἀλλά
311 810 360 836 καὶ
375 811 402 837 ετ
410 819 482 842 τινες
497 811 588 847 πενίᾳ,
605 812 652 839 καὶ
667 811 738 847 λιμῴ
748 813 772 845 b,
787 813 835 839 καὶ
845 812 965 847 δεσμοῖς,

115 850 162 876 καὶ
177 850 325 885 βασάνοις,
340 855 388 881 καὶ
402 856 554 891 ἐπηρείαις,
564 857 611 883 καὶ
624 857 826 891 συκοφαντίαις,
837 858 883 884 καὶ¹
898 858 964 884 πᾶσι

115 894 170 925 τοῖς
184 895 258 922 κατὰ
287 897 338 924 τὸν
360 899 482 934 παρόντα
505 900 562 935 βίον
580 900 686 934 δεινοῖς,
700 900 773 935 ἀγιοι
790 901 837 928 καὶ
850 902 963 936 μεγάλοι

115 937 161 963 καὶ
180 937 355 974 θαυμαστοὶ,
372 943 420 969 καὶ
432 943 475 969 ἐπ’
489 944 601 971 ἐκείνων
613 945 666 971 ἀπὸ
677 945 732 971 τῶν
746 946 866 980 σήμερον
878 945 962 981 ῥηθη-

115 981 236 1016 σομένων
249 984 419 1021 ἀκριϐῆκαὶ
434 988 606 1023 σαφεστάτην
620 987 765 1023 δυνηθῆναι
777 988 903 1024 εὑρέσθαι
913 989 961 1024 τὴν

115 1025 268 1060 ἀπολογίαν
293 1029 368 1064 πρὸς
385 1031 449 1062 τοὺς
468 1031 593 1065 ἐγκαλεῖν
612 1031 806 1067 βουλομένους.
832 1033 886 1059 Καὶ
907 1034 961 1070 γὰρ

113 1068 250 1103 ἠκούσατε
262 1071 375 1099 πολλῶν
388 1073 500 1100 τοιαῦτα
509 1074 662 1109 ζητούντων
672 1084 679 1090 ·
696 1075 727 1101 Τί
739 1076 839 1111 δήποτε
856 1077 870 1102 6
887 1076 960 1103 δεῖνα

114 1112 224 1148 μέτριος
238 1113 280 1141 ῶν
299 1116 349 1142 καὶ
369 1117 494 1152 ἐπιεικὴς
512 1117 656 1154 ἄνθρωπος
666 1119 710 1153 ὑφ’
729 1119 822 1154 ἑτέρου
842 1120 960 1155 παρανό-

112 1163 163 1190 μου
180 1157 257 1189 τινὸς
284 1159 337 1185 κα)¹
356 1160 475 1195 πονηροῦ
495 1161 556 1187 καθ’
570 1162 688 1197 ἑκάστην
708 1163 814 1199 ἡμέραν
827 1163 867 1195 είς
883 1163 959 1190 δικα-

111 1200 223 1235 στήριον
250 1202 377 1235 ἕλκεται,
399 1205 447 1230 καὶ
467 1205 551 1240 μυρία
574 1206 673 1241 πάσχει
693 1207 776 1239 δεινὰ,
799 1207 846 1234 καὶ
861 1209 875 1234 6
892 1208 958 1240 Θεὸς

110 1246 265 1280 συγχωρεῖ;
283 1246 360 1279 τίνος
378 1246 424 1275 οὖν
448 1248 539 1276 ἕνεκεν
554 1249 647 1285 ἕτερος
671 1251 887 1286 συκοφαντηθεὶς
904 1253 957 1278 ἀπ-

110 1285 202 1314 έθανεν
218 1289 328 1321 ἀδίκως
336 1299 344 1324 ;
353 1291 381 1318 '0
391 1291 463 1318 δεῖνα
475 1293 684 1329 κατεποντίσθη,
696 1295 788 1330 φησὶν,
801 1285 880 1327 ἄλλος
891 1304 956 1322 κατ-

108 1333 284 1369 εκρημνίσθη
298 1342 305 1349 ·
322 1334 369 1360 καὶ
380 1335 493 1368 πολλοὺς
508 1336 541 1362 ἂν
557 1336 667 1373 ἔχοιμεν
684 1338 777 1373 ἁγίους
791 1339 888 1372 εἰπεῖν,
908 1339 955 1366 καὶ

110 1373 149 1408 ἐφ’
163 1375 245 1410 ἡμῶν
263 1377 316 1404 καλ
337 1378 384 1405 ἐπὶ
400 1379 454 1406 τῶν
468 1380 608 1416 προγόνων
622 1382 676 1408 τῶν
693 1383 834 1418 ἡμετέρων
855 1382 954 1415 πολλὰς

109 1419 333 1454 ὑπομείνανταςε
346 1422 451 1457 θλίψεις
464 1424 608 1460 διαφόρους
620 1426 667 1452 καὶ
682 1426 814 1458 ποικίλας.
837 1427 896 1453 Ἵνα
907 1425 953 1454 οὗν

108 1462 235 1491 ἁπάντων
247 1466 357 1493 τούτων
366 1467 411 1493 τὸν
423 1467 500 1502 λόγον
515 1468 625 1504 ἴδωμεν,
638 1470 685 1496 καὶ
703 1471 770 1505 μήτε
783 1470 858 1497 αὐτοὶ
874 1470 953 1506 θορυ-

109 1506 228 1542 ὗώμεθα,
259 1510 334 1545 μήτε
358 1511 467 1546 ἐτέρους
490 1512 749 1548 σκανδαλιζομένους
770 1514 949 1550 περιορῶμεν,

109 1551 165 1585 μετ’
186 1552 339 1587 ἀκριϐείας
355 1554 464 1590 ἀπάσης
480 1557 537 1587 τοῖς
553 1556 732 1592 λεχθήσεσθαι
754 1558 879 1593 μέλλουσι
902 1559 950 1585 νῦν

108 1595 302 1631 προσέχωμεν.

140 1637 176 1669 ς’.
193 1639 252 1673 Τῆς
279 1640 337 1676 γὰρ
354 1641 406 1667 τῶν
422 1642 507 1676 ἁγίων
534 1643 683 1676 κακώσεως
694 1644 743 1680 τῆς
759 1644 884 1680 ποικίλης
902 1645 948 1672 καὶ

106 1683 282 1719 παντοδαπῆς
299 1685 543 1722 όκτὼτὸνάριθμὸν
555 1688 643 1720 αἰτίας
654 1688 707 1724 ἐχω
722 1689 789 1725 πρὸς
796 1689 845 1725 τὴν
851 1689 948 1724 ὑμετέ-

109 1735 153 1760 ραν
166 1728 279 1764 ἀγάπην
292 1730 390 1757 εἰπεῖν.
399 1732 445 1757 Διὸ
454 1732 607 1759 συντείνατέ
620 1741 664 1768 μοι
675 1733 786 1765 ἑαυτοὺς
797 1733 865 1768 μετὰ
874 1734 938 1769 ἀκρι

108 1770 177 1802 ϐείας
190 1771 333 1804 ἆπαντες,
349 1774 450 1806 ειδότες
470 1775 508 1807 ὠς
531 1776 643 1810 οὐδεμία
666 1776 758 1803 λοιπὸν
778 1777 854 1803 ἐσται
880 1778 946 1812 ἡμῖν

108 1815 252 1852 συγγνώμη
268 1817 319 1843 καὶ
332 1818 464 1852 ἀπολογία
479 1819 733 1855 σκανδαλιζομένοις
746 1822 792 1847 ἐπὶ
802 1823 859 1852 τοῖς
875 1830 944 1856 συμ-

107 1856 252 1891 ϐαίνουσιν,
270 1860 301 1886 εἴ
311 1869 344 1894 γε
358 1861 492 1889 τοσούτων
508 1863 670 1898 προφάσεων
688 1864 785 1897 οὐσῶν,
801 1865 838 1896 ὡς
854 1865 944 1900 μηδε-

105 1902 167 1934 μιᾶς
186 1902 273 1938 οὔσης
298 1904 370 1930 οὑτω
393 1905 535 1941 μέλλοιμεν
561 1906 731 1942 θορυϐεῖσθαι
750 1908 797 1934 καὶ
810 1908 941 1943 ταράττε-

105 1943 173 1970 σθαι.
188 1945 293 1982 Πρώτη
313 1947 364 1982 μέν
379 1945 425 1974 οὖν
435 1948 460 1981 ει,
485 1949 529 1976 διὰ
544 1950 574 1976 τὸ
590 1949 628 1985 μὴ
647 1951 751 1986 ταχέως
763 1951 887 1987 αἴρεσθαι
901 1952 942 1984 είς

104 1986 229 2015 ἀπόνοιαν
239 1989 282 2025 τῷ
305 1991 416 2025 μεγέθει
431 1991 484 2020 τῶν
498 1993 718 2030 κατορθωμάτων
742 1986 799 2022 καλώ
808 1995 863 2022 τῶν
876 1995 941 2022 θαυ-

104 2030 203 2065 μάτων,
220 2033 338 2068 ἀφίησιν
357 2035 456 2067 αὐτοὺς
471 2037 485 2063 6
497 2036 564 2068 Θεὸς
578 2037 738 2064 κακοῦσθαι.
753 2038 882 2074 Δευτέρα,
897 2039 940 2065 ίνα

104 2074 138 2109 μὴ
152 2076 264 2110 μείζονα
275 2079 326 2113 τῆς
337 2078 510 2115 ἀνθρωπίνης
518 2080 625 2115 φύσεως
632 2082 697 2116 περὶ
708 2081 797 2109 αὐτῶν
810 2083 938 2111 ὑπόνοιαν

102 2117 194 2153 ἔχωσιν
206 2120 311 2156 ἕτεροι,
326 2122 374 2148 καὶ
388 2121 474 2155 θεοὺς,
486 2123 543 2150 ἀλλ’
556 2124 606 2151 οὑκ
617 2124 778 2160 ἀνθρώπους
791 2126 938 2162 νομίσωσιν

102 2161 195 2193 αὐτοὺς
211 2161 295 2190 εῐναι.
308 2164 404 2201 Τρίτη,
417 2166 459 2192 ἵνα
470 2167 487 2202 ή
496 2166 544 2193 τοῦ
555 2166 621 2193 Θεοῦ
631 2168 760 2204 φαίνηται
773 2161 936 2205 δύναμιςδιά

102 2204 151 2231 τῶν
163 2205 381 2238 ἐξασθενοῦντων
394 2209 440 2236 καὶ
450 2209 493 2236 διὰ
509 2210 564 2237 τῶν
585 2211 776 2247 δεσμουμένων
798 2214 936 2249 κρατοῦσα

101 2248 145 2274 καὶ
153 2251 361 2287 περιγινομένη,
371 2253 416 2279 καὶ
424 2253 454 2279 τὸ
461 2254 592 2289 κήρυγμα
602 2254 731 2288 αὔξουσα.
746 2248 880 2294 Τετάρτη,
892 2259 935 2286 ἵνα

101 2291 185 2319 αὐτῶν
200 2294 317 2320 ἐκείνων
327 2296 343 2329 ἡ
359 2296 480 2332 ὑπομονὴ
497 2300 675 2335 φανερωτέρα
691 2291 875 2336 γένηταιξοὺκ
888 2303 933 2330 ἐπὶ

103 2335 184 2382 μισθῷ
199 2337 239 2372 τῷ
265 2338 326 2373 Θεῷ
345 2339 540 2373 δουλευόντων,
566 2342 635 2370 ἀλλά
655 2345 702 2371 καὶ
718 2335 852 2382 τοσαύτην
871 2348 932 2375 ἐπι-

101 2377 278 2415 δεικνυμένων
283 2382 505 2420 εὐγνωμοσύνην,
513 2385 550 2417 ὡς
559 2386 605 2413 καὶ
612 2386 681 2422 μετὰ
687 2387 728 2424 [9]
735 2377 853 2417 τοσαῦτα
860 2392 932 2420 κακὰ

100 2421 144 2471 τὴν
153 2423 286 2461 ἀκεραίαν
297 2427 362 2462 περὶ¹
371 2427 451 2454 αὐτὸν
463 2421 665 2458 ἐπιδείκνυσθαι
676 2421 792 2461 εῦνοιαν.
802 2435 930 2472 Πέμπτη,

101 2464 139 2516 ita
151 2468 212 2503 περὶ
223 2469 401 2502 ἀναστάσεως
411 2471 599 2508 φιλοσοφῶμεν
609 2483 616 2489 ·
633 2475 697 2502 ὅταν
708 2476 762 2513 γὰρ
777 2477 835 2515 ἴδῃς
843 2464 930 2516 ἀνδρά

100 2506 193 2556 δίκαιον
201 2513 248 2538 καὶ
259 2512 363 2548 πολλῆς
374 2515 493 2550 γέμοντα
507 2506 607 2553 ἀρετῆς
619 2519 704 2554 μυρία
713 2506 835 2548 λαὶθάἑᾷ
844 2506 928 2556 δεινά,

102 2552 142 2604 καὶ
155 2553 238 2587 οὓτως
258 2557 413 2584 ἀπελθόντα
428 2559 563 2592 ἐντεῦθεν,
580 2552 628 2588 καί
642 2552 716 2590 ἄκων
732 2552 929 2604 ἀναγκασθήση

102 2595 200 2645 πάντως
215 2599 343 2634 ἐννοῆσαί
357 2609 383 2627 τι
399 2603 464 2638 περὶ
479 2603 530 2638 τῆς
542 2605 601 2631 ἐκεῖ
616 2607 742 2642 κρίσεως.
763 2595 796 2635 Εί
809 2610 863 2645 γάρ

101 2637 194 2672 θρωποι
207 2642 271 2674 τοὺς
287 2643 359 2679 ὑπὲρ
375 2644 465 2674 αὐτῶν
480 2637 695 2681 κάμνοντας-οὑκ
709 2637 826 2685 ἀφιᾶσιίτ
843 2637 927 2690 χωρίς

127 2689 139 2729 ί
152 2690 223 2729 ξᾳνῃ.
238 2696 265 2729 ει
275 2695 373 2725 aliquot
385 2702 443 2720 mss.
455 2698 519 2729 παρὰ
529 2698 572 2723 τοῦ
583 2699 646 2724 Θεοῦ
658 2701 762 2727 δοθέντα.

200 2718 281 2748 εινίιξ
288 2718 311 2765 εει
318 2718 420 2765 ὀωηξεή
427 2718 840 2765 ῥέπίἒᾝὲξῖᾼῐῐόῥίέὶἑιΐλοιμῷ.
861 2736 926 2762 Infra

130 2751 351 2794 ξαφεσ-εάτην
372 2751 489 2787 δυνηθεῖεν
503 2751 926 2794 me?

100 2781 165 2813 aliqui
176 2781 269 2817 καὶγὰρ
280 2781 373 2811 ἀκούω.
423 2781 428 2787 ’
447 2781 484 2783 NV
504 2781 583 2792 vr"-

125 2812 137 2850 :
147 2813 314 2850 él‘i'gnogmss.
329 2819 421 2850 πολλὰς
433 2820 586 2849 ὑποστάντας.

126 2841 138 2893 ξ
627 2856 666 2893 ἐξ
680 2861 864 2890 consequenler
875 2861 924 2893 τρί-

101 2880 144 2919 τοξυ
156 2878 272 2930 τετυ-ἴτον,
286 2878 405 2914 πέμ-πῖον,
417 2880 493 2915 ἕκτον,
505 2878 717 2916 ἔϐδομῖονίόγδοονῖ

148 2903 209 2929 Ιοτε
222 2924 228 2930 .
241 2908 286 2930 οὐκ
300 2908 401 2930 istum.
413 2910 477 2930 Qaul
499 2913 539 2930 n-‘w
551 2915 631 2930 ινα-.

125 2905 136 2919 ⁹
148 2903 228 2931 lore].
241 2903 286 2932 οαέἷκ
300 2903 405 2940 ἀφιεῖσι,

652 81 703 126 ‘AD
724 98 888 127 POPULUM
907 99 1157 128 ANTIOCHENUM
1174 100 1291 129 HOMIL.
1315 101 1335 129 l.

1832 109 1870 137 ει

1032 158 1136 192 μισθῶν
1150 159 1196 185 καὶ
1209 159 1325 194 ἀμοιϐῆς
1341 160 1477 194 ἀπελθεῖν,
1491 162 1579 199 πολλῷ
1592 163 1691 199 μᾶλλον
1702 164 1716 191 ό
1726 165 1792 197 Θεὸς
1804 169 1868 199 τοὺς

1030 201 1148 228 τοσαῦτα
1169 204 1358 238 πεπονηκότας
1371 204 1420 231 οὐκ
1435 205 1468 232 ἂν
1483 206 1570 233 ἐλοιτό
1582 216 1647 234 ποτε
1661 208 1868 243 ἀστεφανώτους

1030 244 1139 278 ἀφεῖναι
1148 254 1155 261 ·
1172 247 1196 273 εί
1208 246 1235 273 δὲ
1248 247 1298 273 οὑκ
1311 247 1344 273 ἂν
1359 247 1445 274 ἐλοιτο
1457 249 1506 283 τῆς
1521 249 1575 276 τῶν
1592 251 1681 278 πόνων
1690 252 1780 279 αὐτῶν
1788 253 1867 288 ἀμοι-

1031 288 1082 323 ϐῆς
1092 290 1190 322 αὐτοὺς
1204 291 1390 327 ἀποστερῆσαί
1402 301 1477 324 ποτε,
1488 293 1594 329 ἀνάγκη
1611 295 1705 331 καιρὸν
1720 293 1789 323 εἶναι
1804 305 1871 324 τινα.

1030 332 1119 366 μετὰΐ
1138 334 1187 369 τὴν
1199 334 1325 361 ἐντεῦθεν
1340 335 1479 372 τελευτὴν,
1492 337 1551 364 καθ’
1567 338 1596 364 ὃν
1613 339 1796 375 ἀπολήψονται
1815 340 1865 373 τὰς

1027 375 1143 410 ἀμοιϐὰς
1154 376 1208 403 τῶν
1218 377 1344 405 ἐντεῦθεν
1360 378 1459 407 πόνων.
1481 379 1579 415 Ἔκτη,
1594 381 1638 409 ῐνα
1652 383 1752 415 πάντες
1767 384 1791 410 οἱ
1813 392 1863 410 πε-

1026 419 1203 453 ριπίπτοντες
1220 422 1278 453 τοῖς
1292 421 1390 454 δεινοῖς
1408 423 1502 459 ἱκανὴν
1523 423 1604 459 ἔχωσι
1626 426 1799 463 παράκλησιν
1815 428 1863 456 καὶ

1025 464 1217 498 παραμυθίαν,
1230 466 1270 496 εἰς
1289 466 1412 498 ἐκείνους
1429 467 1598 502 ἀφορῶντες,
1619 470 1666 495 καὶ
1688 471 1743 497 τῶν
1760 472 1862 507 συμϐε-

1024 505 1147 542 ϐηκότων
1163 508 1254 540 αὑτοῖς
1270 510 1439 545 μεμνημένοι
1456 511 1559 538 κακῶν.
1588 512 1715 548 Ἑϐδόμη,
1741 515 1784 543 ἵνα
1796 505 1862 542 ὅταν

1023 550 1225 586 παρακαλῶμεν
1242 552 1313 587 ὑμᾶς
1327 553 1395 589 πρὸς
1408 554 1457 590 τὴν
1472 554 1583 582 ἐκείνων
1600 556 1710 591 ἀρετὴν,
1731 559 1777 584 καὶ
1792 559 1860 593 πρὸς

1022 592 1137 620 ἕκαστον
1156 595 1232 630 ὑμῶν
1249 596 1384 632 λέγωμεν,
1407 598 1448 624 ὅτι
1470 598 1586 633 μίμησαι
1607 600 1723 633 Παῦλον,
1748 601 1795 628 καὶ
1811 592 1859 638 ζὴ-

1021 635 1107 663 λωσον
1122 638 1136 658 ³
1150 638 1261 674 Πέτρον,
1289 640 1325 675 μὴ
1348 641 1504 676 νομίζοντες
1519 642 1563 669 διὰ
1583 643 1632 679 τὴν
1650 643 1703 670 τῶν
1719 635 1858 681 κατορθω-

1022 679 1114 714 μάτων
1128 681 1279 718 ὑπερϐολὴν
1293 683 1388 718 ἐτέρας
1407 685 1507 717 αὐτοὺς
1528 688 1724 722 μετεσχηκέναι
1740 679 1856 723 φύσεως,

1019 723 1191 760 ἀποκνήσητε
1209 726 1276 760 πρὸς
1289 727 1338 762 τὴν
1351 727 1477 763 μίμησιν.
1499 729 1605 765 Ὀγδόη,
1621 730 1664 756 ἵνα
1676 731 1741 758 ὅταν
1750 732 1796 768 δέῃ
1810 741 1858 767 μοι·

1018 767 1142 802 καρίζειν
1157 769 1205 795 καὶ
1220 769 1383 802 ταλανίζειν,
1401 772 1531 808 μάθωμεν
1546 773 1624 805 τίνας
1637 774 1686 808 μὲν
1702 775 1755 810 χρὴ
1772 767 1857 810 μακα-

1019 810 1092 845 ρίους
1108 812 1233 847 ἡγεῖσθαι
1243 833 1250 845 ,
1265 813 1340 845 τίνας
1358 815 1385 841 δέ
1398 815 1506 847 ἀθλίους
1523 817 1569 843 καὶ
1584 818 1783 853 ταλαιπώρους,
1800 820 1855 847 Καὶ

1016 854 1043 879 αἱ
1060 854 1110 888 μὲν
1125 855 1210 881 αἰτίαι
1234 853 1315 883 αὗται
1326 865 1332 872 ·
1348 858 1388 884 δεῖ
1402 858 1430 885 δὲ
1447 859 1531 891 αὑτὰς
1548 861 1602 887 ἀπὸ
1614 861 1668 887 τῶν
1679 862 1796 896 Γραφῶν
1810 872 1855 889 πι-

1016 896 1170 925 στώσασθαι
1192 900 1292 932 πάσας,
1310 901 1358 927 καὶ
1380 902 1464 935 δεῖξαι
1490 903 1558 938 μετά
1577 905 1729 940 ἀκριϐείας,
1748 906 1786 938 ὡς
1802 908 1853 934 οὐκ

1014 940 1192 976 ἀνθρωπίνων
1209 943 1346 978 λογισμῶν
1363 945 1479 978 ἐπίνοια,
1497 946 1565 973 ἀλλὰ
1582 947 1634 974 τῶν
1648 948 1764 984 Γραφῶν
1779 951 1852 977 ἐστιν

1013 983 1150 1018 ἀπόφασις
1166 986 1199 1012 τὰ
1213 987 1345 1022 είρημένα
1362 988 1480 1015 ἅπαντα.
1499 990 1579 1017 Οὑτω
1594 991 1648 1027 γὰρ
1665 983 1712 1018 καὶ
1735 994 1750 1019 ό
1773 991 1858 1028 λόγος’

1012 1028 1078 1062 ἡμῖν
1106 1029 1325 1066 ἀξιοπιστότερος
1347 1031 1438 1065 ἔσται,
1461 1033 1507 1059 καὶ
1537 1034 1638 1069 μᾶλλον
1663 1036 1850 1070 ἐγκαθεδεῖται

1011 1072 1070 1102 ταῖς
1090 1071 1238 1108 ὑμετέραις
1250 1074 1360 1109 ψυχαῖς.
1375 1075 1435 1102 Ὀτι
1457 1077 1505 1111 μὲν
1519 1075 1566 1104 οὖν
1583 1079 1623 1109 είς
1643 1078 1673 1105 τὸ
1693 1080 1850 1115 μετριάζειν

1011 1115 1058 1141 καὶ
1086 1119 1325 1152 ταπεινοφρονεῖν,
1344 1119 1392 1144 καὶ
1411 1119 1441 1145 τὸ
1458 1120 1495 1155 μὴ
1515 1121 1651 1155 φυσᾶσθαι
1675 1122 1707 1149 ἐκ
1729 1123 1783 1150 τῶν
1801 1133 1849 1160 ση-

1011 1158 1095 1192 μείων
1107 1160 1154 1186 καὶ¹
1172 1160 1227 1187 τῶν
1242 1161 1472 1197 κατορθωμάτων,
1486 1164 1668 1199 συμϐάλλεται
1687 1168 1742 1198 τοῖς
1759 1158 1847 1201 ἁγίοις

1009 1201 1025 1235 ή
1042 1202 1173 1236 κάκωσις,
1186 1204 1233 1230 καὶ
1247 1204 1291 1230 διὰ
1306 1204 1383 1230 τοῦτο
1397 1206 1585 1241 συνεχώρησεν
1596 1208 1680 1244 αὑτὴν
1692 1211 1707 1235 6
1720 1210 1786 1243 Θεὸς
1799 1220 1846 1246 γε-

1008 1245 1111 1277 νέσθαι,
1124 1247 1171 1273 καὶ
1184 1247 1231 1273 τοῦ
1240 1248 1380 1283 προφήτου
1394 1249 1484 1282 Δαυῖδ,
1495 1251 1598 1278 καὶτοῦ
1610 1253 1716 1280 Παύλου
1731 1255 1764 1281 τὰ
1775 1256 1845 1284 αὐτὰ

1006 1288 1139 1323 λεγόντων
1150 1291 1322 1327 ἀκούσωμεν.
1337 1293 1457 1325 Ἐκεῖνος
1473 1295 1523 1330 μὲν
1534 1296 1587 1332 γάρ
1603 1305 1685 1332 φησιν
1695 1307 1702 1313 '
1721 1299 1845 1334 Ἀγαϐόν

1002 1341 1054 1367 μοι
1065 1353 1072 1363 ,
1086 1333 1190 1368 Κύριε,
1208 1335 1252 1361 ὅτι
1270 1335 1475 1377 ἐταπείνωσάς
1489 1347 1545 1373 με,
1561 1340 1642 1373 ὅπως
1660 1341 1698 1368 ἂν
1709 1333 1793 1377 μάθω
1806 1346 1844 1372 τὰ

1004 1376 1183 1412 δικαιώματά
1199 1386 1270 1405 σου·
1289 1376 1366 1411 οὗτος
1386 1380 1413 1407 δέ
1436 1381 1531 1414 εἰπὼν,
1556 1383 1596 1409 ὅτι
1623 1376 1776 1421 Ἠρπᾶγηιν
1798 1389 1843 1422 εις

1003 1421 1104 1454 τρίτον
1118 1421 1259 1454 οὐρανὸν,
1272 1422 1321 1449 καὶ
1332 1424 1375 1455 εἰς
1392 1424 1445 1450 τὸν
1458 1425 1642 1459 παράδεισον
1654 1428 1841 1465 ἀπηνέχθην,

1003 1464 1127 1499 ἐπήγαγε
1144 1464 1241 1498 λέγων,
1255 1465 1309 1492 Καὶ
1323 1465 1361 1500 τῇ
1380 1467 1532 1502 ὑπερϐολῇ
1545 1469 1603 1496 τῶν
1618 1464 1841 1507 ἀποκαλύψεων

1002 1506 1052 1532 ἵνα
1075 1506 1119 1541 μὴ
1145 1508 1355 1542 ὑπεραίρωμαι,
1373 1510 1460 1544 ἐδόθη
1474 1519 1524 1545 μοι
1548 1512 1672 1547 σκόλοψ·
1685 1514 1724 1549 τῇ
1737 1506 1835 1551 σαρκὶ,

1001 1548 1129 1584 ἄγγελος
1152 1550 1250 1577 σατᾶν
1263 1552 1313 1577 ἵνα
1324 1561 1362 1586 με
1377 1553 1531 1588 κολαφίζῃ.
1544 1555 1577 1581 Τί
1590 1556 1685 1583 τούτου
1705 1548 1839 1593 σαφέστε-

1001 1592 1136 1626 ρον;”Ινα
1150 1593 1188 1629 μὴ
1205 1595 1406 1631 ὑπεραίρωμαι,
1425 1597 1501 1632 φησὶ,
1515 1598 1558 1625 διὰ
1579 1599 1658 1627 τοῦτο
1683 1592 1838 1639 συνεχώρη-

1000 1644 1046 1662 σεν
1063 1637 1077 1663 6
1090 1636 1156 1669 θεὸς
1169 1638 1231 1669 τοὺς
1243 1639 1374 1672 ἀγγέλους
1386 1640 1433 1666 τοῦ
1445 1643 1548 1669 σατανᾶ
1560 1643 1715 1679 κολαφίζειν
1726 1636 1760 1681 με
1770 1655 1777 1662 ”

998 1679 1093 1713 γέλους
1113 1680 1142 1707 δὲ
1160 1681 1205 1707 τοῦ
1227 1684 1331 1709 σατανᾶ
1349 1684 1410 1718 οὐχὶ
1426 1684 1556 1721 δαίμονας
1572 1687 1646 1721 λέγει
1661 1679 1747 1722 τινὰς,
1767 1679 1836 1718 άλλά

997 1724 1157 1759 ἀνθρώπους
1173 1727 1236 1757 τοὺς
1255 1726 1494 1763 ὑπηρετουμένους
1507 1730 1545 1766 τῷ
1556 1731 1681 1768 διαϐόλῳ,
1695 1735 1758 1765 τοὺς
1768 1735 1833 1761 ἀπί-

997 1776 1092 1801 στους,
1106 1769 1169 1801 τοὺς
1184 1770 1350 1805 τυράννους,
1367 1773 1431 1804 τοὺς
1446 1773 1596 1810 Ἕλληνας,
1609 1776 1634 1803 οἳ
1653 1778 1772 1814 συνεχῶς
1784 1780 1831 1805 αὺ-

995 1811 1041 1838 τὸν
1056 1812 1172 1844 ἐθλιϐον,
1189 1814 1237 1840 καὶ
1252 1815 1372 1850 συνεχῶς
1385 1816 1501 1851 ἤλαυνον
1511 1827 1517 1833 ·
1532 1819 1546 1845 ὃ
1562 1819 1590 1846 δὲ
1608 1820 1693 1855 λέγει,
1712 1811 1832 1850 τοιοῦτόν

995 1856 1068 1882 ἐστιν
1080 1866 1087 1872 ·
1098 1856 1223 1892 ἠδύνατο,
1232 1859 1325 1894 φησιν,
1333 1860 1347 1885 ό
1358 1860 1423 1891 Θεὸς
1434 1863 1607 1890 καταστεῖλαι
1615 1865 1677 1896 τοὺς
1685 1865 1829 1901 διωγμοὺς,

995 1900 1041 1926 καὶ
1057 1900 1107 1932 τὰς
1121 1900 1226 1935 θλίψεις
1247 1902 1296 1933 τὰς
1320 1903 1501 1939 ἐπαλλήλους·
1520 1906 1577 1932 ἀλλ’
1593 1907 1685 1943 ἐπειδὴ
1702 1900 1830 1945 ἡρπάγην

994 1943 1033 1974 εἰς
1043 1943 1133 1978 τρίτον
1145 1944 1258 1980 οὐρανὸν
1271 1946 1317 1971 καὶ
1326 1946 1482 1983 ἀπηνέχθην
1494 1949 1534 1980 είς
1545 1949 1591 1976 τὸν
1603 1943 1774 1986 παράδεισον,
1785 1943 1829 1980 ῖνα

994 1987 1031 2021 μὴ
1045 1987 1077 2021 τῇ
1100 1987 1236 2023 ὑπερϐολῇ
1258 1988 1313 2015 τῶν
1323 1989 1520 2025 ἀποκαλύψεων
1535 1993 1636 2021 τούτων
1654 1995 1766 2030 ἐπαρθῶ
1781 1998 1828 2024 καὶ

993 2030 1064 2065 μέγα
1081 2032 1217 2066 φρονήσω,
1232 2031 1404 2069 συνεχώρησε
1416 2035 1479 2067 τοὺς
1492 2035 1627 2072 διωγμοὺς
1638 2038 1764 2072 τούτους,
1779 2041 1827 2068 καὶ

989 2074 1052 2106 τοὺς
1066 2074 1197 2108 ἀγγέλους
1208 2075 1255 2102 τοῦ
1273 2078 1377 2104 σατανᾶ
1391 2078 1480 2114 ἀφῆκε
1497 2080 1652 2115 κολαφίζειν
1669 2091 1702 2118 με
1717 2083 1760 2110 διὰ
1771 2085 1826 2112 τῶν

988 2117 1116 2154 διωγμῶν
1129 2119 1176 2146 καὶ
1188 2120 1242 2147 τῶν
1259 2121 1384 2156 θλίψεων,
1399 2123 1441 2149 ἵνα
1454 2124 1491 2159 μὴ
1509 2125 1711 2162 ὑπεραίρωμαι.
1726 2130 1757 2156 ει
1770 2130 1824 2166 γάρ

988 2161 1035 2188 καὶ
1045 2162 1117 2196 ἆγιοι
1132 2164 1178 2190 καὶ
1190 2163 1341 2199 θαυμαστοὶ
1354 2167 1376 2192 οἱ
1395 2168 1457 2202 περὶ
1470 2169 1575 2195 Παῦλον
1590 2161 1637 2197 καὶ
1649 2161 1763 2208 Πέτρον,
1775 2161 1824 2202 ὶωίι

987 2205 1087 2237 πάντες
1105 2207 1161 2233 ὅσοι
1175 2207 1300 2240 τοιοῦτοι,
1317 2209 1410 2245 ὥσπερ
1424 2209 1470 2237 οὖν
1486 2213 1532 2238 καὶ
1547 2213 1630 2245 εἰσὶν,
1642 2205 1825 2253 ἀλλ’-ἀνθρωέ

986 2249 1032 2275 ποί
1045 2250 1097 2276 είσι
1109 2270 1116 2282 ,
1131 2250 1178 2277 καὶ
1188 2251 1292 2278 δέονται
1305 2253 1404 2288 πολλῆς
1414 2263 1446 2288 γε
1456 2255 1504 2290 τῆς
1517 2256 1676 2291 ἀσφαλείας,
1691 2260 1732 2291 είς
1783 2261 1822 2298 μὴ

987 2292 1086 2326 ῥᾳδίως
1100 2293 1276 2328 ἐπαίρεσθαι·
1299 2296 1346 2321 καὶ
1365 2297 1481 2331 μάλιστα
1498 2298 1556 2335 [10]
1573 2301 1681 2328 πάντων
1698 2303 1722 2329 οί
1736 2292 1818 2338 ἀγιὸιί

984 2334 1068 2362 Οὐδὲν
1083 2335 1137 2372 γάρ
1151 2336 1237 2368 οὕτως
1252 2338 1291 2370 είς
1308 2340 1438 2368 ἀπόνοιαν
1457 2334 1661 2378 αἴρεινῗείωθεν,
1677 2346 1715 2378 ὼς
1733 2334 1819 2374 σύνει-

982 2378 1025 2410 δὸς
1043 2379 1127 2414 γέμον
1154 2381 1392 2426 κατορθωμάτων,
1409 2385 1456 2410 καὶ
1476 2385 1548 2422 ψυχὴ
1569 2387 1638 2422 μετὰ
1663 2391 1818 2426 παρρησίας

982 2421 1129 2453 ζῶσα.’¹1να
1144 2421 1190 2450 οὖν
1198 2425 1278 2460 μηδὲν
1288 2426 1408 2454 τοιοῦτον
1417 2429 1557 2464 πάσχωσιν
1565 2432 1673 2465 ἐκεῖνοι,
1684 2435 1748 2465 τοὺς
1756 2443 1817 2461 πει-

982 2466 1104 2500 ρασμοὺς
1122 2467 1168 2493 καὶ
1181 2468 1231 2499 τὰς
1243 2468 1347 2504 θλίψεις
1361 2472 1548 2509 συνεχώρησεν
1568 2473 1647 2508 εἶναι,
1664 2476 1816 2512 δυναμένας

981 2509 1079 2541 αὐτοὺς
1091 2512 1281 2539 καταστέλλειν
1296 2514 1343 2540 καὶ
1357 2515 1461 2543 πείθειν
1476 2518 1632 2553 μετριάζειν
1654 2521 1682 2547 ἐν
1704 2509 1815 2548 ἅπασινξ

1015 2552 1047 2584 ζ’.
1067 2554 1127 2581 ’Ότι
1135 2554 1163 2581 δέ
1175 2556 1272 2587 καὶείς
1281 2556 1313 2584 τὸ
1322 2558 1458 2594 δειχθῆναι
1466 2561 1512 2587 τοῦ
1531 2552 1598 2589 Θεοῦ
1618 2563 1669 2599 τὴν
1688 2565 1763 2600 ἰσχὺν
1780 2565 1814 2592 τά

981 2596 1086 2631 μεγάλα
1104 2597 1183 2625 τοῦτο
1205 2599 1271 2625 αὐτὸ
1293 2602 1423 2635 συντελεῖ,
1443 2604 1490 2630 καὶ
1511 2605 1589 2632 τοῦτο
1605 2606 1720 2635 ἄκουσον
1739 2609 1813 2644 παρά

977 2639 1025 2665 τοῦ
1036 2639 1118 2666 αὑτοῦ
1129 2640 1290 2675 ἀποστόλου,
1299 2643 1378 2671 τοῦτο
1389 2646 1520 2683 πρότερον
1533 2649 1684 2684 εἰρηκότος.
1693 2651 1750 2678 Ἵνα
1758 2639 1812 2687 γάρ

979 2683 1016 2719 μὴ
1034 2683 1127 2720 λέγῃς,
1142 2685 1155 2711 ὃ
1166 2694 1193 2711 τι
1205 2686 1229 2712 οἱ
1244 2686 1351 2714 ἄπιστοι
1365 2689 1514 2723 νομίζουσι,
1528 2692 1573 2718 τὸν
1585 2683 1651 2720 Θεὸν
1666 2694 1711 2721 τὸν
1725 2683 1811 2722 ταῦτα

978 2728 1169 2763 συγχωροῦντα
1182 2729 1282 2765 ἀσθενῆ
1300 2739 1359 2757 τινα
1372 2730 1451 2765 εἶναι,
1462 2734 1509 2761 καὶ
1518 2735 1556 2771 μὴ
1572 2736 1720 2772 δυνάμενον
1730 2739 1809 2776 ἐξαρ-

976 2771 1060 2799 πάσαι
1071 2772 1126 2799 τῶν
1143 2773 1271 2801 κινδύνων
1283 2776 1345 2807 τοὺς
1357 2777 1465 2809 ἐαυτοῦ,
1481 2782 1632 2815 συγχωρεῖν
1645 2782 1746 2815 αὑτοὺς
1759 2792 1809 2811 κα-

976 2816 1089 2843 κοῦσθαι
1106 2817 1233 2853 συνεχῶς.
1259 2820 1313 2847 Καὶ
1337 2821 1415 2847 τοῦτο
1438 2822 1542 2856 σκόπει,
1569 2825 1627 2856 πῶς
1652 2826 1695 2853 διὰ
1708 2827 1809 2855 τούτων

1007 2893 1020 2932 ί
1031 2894 1145 2932 Sillim}!
1155 2896 1196 2920 aiii
1207 2896 1303 2932 ἀποχῇ,
1315 2897 1410 2932 πάντως
1418 2898 1474 2922 ἀν...
1488 2899 1546 2923 εἶναι
1559 2900 1636 2932 ἕτερον
1646 2910 1672 2929 υ..

1008 2926 1020 2945 5
1032 2925 1080 2949 Alii
1093 2926 1198 2954 ζήλωσον
1212 2926 1314 2957 Παῦλον,
1325 2929 1364 2951 καὶ
1377 2929 1491 2957 (ﬁmum.
