1984 3110
35 187 66 212 ‘25
551 191 595 218 AD
609 192 769 221 PUPULUM
792 192 824 220 AP

879 193 1037 226 )Cttt-INUM
1069 200 1183 230 llOMlL.
1206 202 1226 230 ι.
1662 210 1696 237 εὖ

36 246 185 281 [retinentes
201 248 376 276 tentaticncs
386 250 416 277 dc
422 257 483 278 mon
490 255 604 283 ~trasset,
617 251 701 277 intulit
717 249 843 286 :Proptcr

35 293 98 326 quod
109 299 148 319 ter
160 293 311 321 Dominum
328 298 428 331 rogavi,
445 304 470 323 nt
489 306 504 323 α
528 305 565 324 me
581 298 764 330 tliscetleret;et
779 298 844 324 dixit

36 339 94 366 mihi
108 346 117 366 :
129 339 231 374 Sit/ficit
245 341 295 367 tibi
312 343 400 376 gratia
413 350 484 374 utea;
502 351 558 369 nam
574 344 652 370 virtus
667 352 722 370 mea
737 344 762 370 in
775 345 844 377 inﬁr-

37 385 117 412 mitate
130 387 270 420 perﬁcitur
285 388 328 421 (2.
341 389 400 415 Cor.
417 389 460 416 12.
476 391 502 416 8.
517 386 556 421 9)-
568 390 642 418 Tunc
656 397 713 417 mea
724 411 731 422 ,
747 391 842 425 inquit,

37 431 148 465 potentia
156 430 287 459 demons!
294 441 310 459 r
320 426 384 464 .u.‘.-,
392 435 498 469 quando
509 442 556 461 VIIS
568 435 593 461 in
607 435 759 463 inﬁrmitate
766 437 841 468 estis,

35 481 60 502 et
73 484 117 510 per
137 484 186 504 vos
208 479 254 512 qui
271 479 406 506 videmini
426 487 486 507 esse
506 480 624 513 debiles,
649 481 842 515 pra-dicatiouis

38 521 139 549 verbum
152 528 284 557 augetur.
301 529 332 551 et
344 526 442 560 ubique
456 525 625 561 dispergitur.
638 526 749 560 Quando
763 527 843 562 igitur

36 576 60 595 ,ιι
73 576 224 601 (arcerem,
243 570 402 598 innumeris
421 573 552 607 susceptis
572 573 741 605 verberibus,
756 573 842 601 dedu-

35 618 89 640 ctus
100 613 157 646 fuit,
167 616 293 643 careeris
316 617 459 644 custodem
472 618 557 645 vinxit
567 618 635 654 (Act.
648 619 691 654 16)
706 628 712 645 ;
730 619 755 646 Ῐιι
770 620 841 655 ligno

36 666 106 687 (‘hlttl
119 661 201 695 pedes
211 682 220 694 ,
238 661 266 688 in
281 664 391 691 catenis
406 672 513 695 manus.
525 669 552 692 et
564 672 656 692 carcer
666 665 715 693 sub
727 666 839 694 mediam

37 713 135 734 nectent
149 709 345 743 quatiebatur,
363 711 428 746 ipsis
442 712 523 738 Deum
541 712 718 740 laudantibus.

70 753 115 780 Dei
124 755 240 789 polentia
257 758 347 792 inagis
361 758 549 785 demonstratur
561 759 587 785 in
607 759 727 786 a'runmia
740 765 840 786 sancto-

37 808 96 825 rum.
115 815 150 819 —
173 801 274 829 Cernis
289 804 432 837 quomodo
447 804 529 838 ipsius
548 805 631 832 virtus
642 805 668 832 in
685 805 839 834 inﬁrmitate

39 846 217 879 perﬁciebatur
226 847 240 874 ἲ
252 847 284 875 Si
299 849 396 876 fuisset
410 850 512 878 solutus
523 850 618 878 Paulus
626 872 634 884 ,
645 856 673 878 et
683 851 746 878 illud
761 851 838 879 habi-

37 892 143 918 taculum
157 894 366 926 concussisset,
376 904 428 923 non
438 895 531 924 fuisset
540 901 591 924 uim
607 898 755 925 mirandum
766 898 836 933 quod

38 940 120 967 ﬁebat.
135 939 237 968 Idcirco
247 962 255 972 .
272 942 382 976 inquit,
408 951 517 972 remane
531 944 634 971 vinctus
646 964 654 976 ,
677 949 706 972 et
718 953 837 972 commo-

36 991 139 1012 vcautttr
153 986 272 1020 parietes
285 988 409 1023 undique
418 1009 426 1022 ,
439 993 468 1017 et
478 989 615 1016 solvantur
629 990 725 1017 vincti:
739 995 769 1017 ut.
780 998 836 1017 ma-

35 1033 72 1065 gis
83 1033 163 1059 virtus
175 1041 234 1060 mea
249 1035 369 1062 evidens
381 1036 431 1068 sit.
444 1035 507 1063 dttm
521 1044 568 1071 per
582 1041 607 1064 te
621 1037 794 1065 constrictum
808 1041 836 1065 et

35 1077 176 1111 colligatum
191 1086 294 1106 omnes
312 1080 393 1108 vincti
408 1081 555 1108 solvuntur.
571 1081 627 1109 Hoc
650 1082 735 1116 ipsum
756 1082 834 1117 igitur

35 1129 60 1150 et
71 1125 180 1152 carceris
194 1126 343 1153 custodem
359 1132 425 1155 tunc
440 1127 570 1162 perculit,
591 1129 662 1163 qttod
679 1136 740 1155 cum
761 1133 833 1156 tanta

36 1175 162 1197 teneretur
173 1173 353 1205 necessitate,
365 1181 412 1208 per
424 1175 572 1201 orationem
585 1175 668 1201 solam
681 1175 765 1210 potuit
774 1175 833 1202 fun-

35 1215 146 1244 damenta
153 1217 263 1252 quidem
274 1227 407 1254 quassare
414 1241 422 1253 ,
434 1220 505 1247 fores
516 1229 579 1248 vero
588 1222 703 1249 careeris
714 1223 829 1255 aperire,

35 1265 58 1287 et
69 1268 156 1288 omnes
171 1269 279 1291 vinctos
294 1265 413 1293 solvere.
428 1265 486 1293 Non
500 1267 544 1294 hic
562 1272 650 1294 autem
665 1268 766 1301 solum,
783 1270 830 1296 sed

33 1306 105 1334 ctiam
119 1308 143 1334 in
156 1308 252 1340 Petro,
274 1315 303 1337 et
317 1312 343 1338 in
360 1312 418 1346 ipso
431 1312 527 1344 Paulo,
540 1317 568 1340 et
580 1313 638 1340 aliis
649 1321 754 1349 quoque
765 1323 829 1350 apo-

33 1353 101 1380 stolis
113 1354 201 1380 inter»
216 1356 357 1391 quispiam
369 1363 460 1392 posset
470 1358 520 1386 hoc
532 1359 631 1394 jugiter
639 1361 756 1393 evenire,
765 1366 791 1388 ct
802 1362 828 1388 in

33 1401 278 1441 pcrseqttutionibus
293 1403 342 1430 Dei
358 1405 470 1439 gratiam
486 1405 672 1439 efﬂorescere,
697 1415 827 1442 apparere

35 1445 56 1470 in
69 1440 290 1480 tribulationibus.
307 1454 334 1476 et
345 1450 384 1477 sic
393 1450 516 1478 virtutem
530 1459 604 1478 suam
619 1453 774 1486 pra'dicare.
786 1454 828 1481 ld-

33 1489 96 1516 cireo
108 1490 210 1518 dicebat
228 1502 234 1519 :
248 1493 356 1529 Sit/ﬁcit
367 1495 413 1522 tibi
426 1497 508 1530 gratia
519 1505 574 1523 mea
586 1505 595 1524 .'
605 1498 683 1525 virtus
693 1499 759 1525 enim
771 1508 825 1526 mea

33 1535 55 1561 in
67 1536 206 1569 inﬁrmitate
219 1540 357 1574 perﬁcitur
374 1540 412 1577 (2.
424 1541 481 1568 Cor.
495 1543 539 1570 12.
553 1543 593 1578 9).
606 1543 683 1577 Quod
694 1549 782 1572 autem
798 1550 825 1572 et

33 1582 135 1608 tuimana
149 1588 243 1610 natura
259 1587 366 1620 majora
380 1588 455 1615 multi
469 1589 566 1623 saapius
580 1589 614 1616 de
627 1589 693 1624 ipsis
705 1590 827 1625 suspica-

32 1627 77 1653 turi
89 1634 169 1658 erant.
179 1630 229 1656 nisi
242 1631 307 1657 talia
323 1633 455 1666 patientes
468 1634 604 1666 vidissent,
613 1635 674 1662 audi
689 1637 823 1670 quomodo

31 1671 107 1699 timuit
120 1673 225 1702 Paulus.
239 1675 316 1703 Nam
329 1683 354 1703 et
367 1678 390 1704 si
402 1679 502 1705 voluero
511 1700 518 1710 ,
532 1679 631 1712 inquit,
640 1680 756 1715 gloriari,
772 1690 823 1708 non

30 1724 68 1742 cro
76 1717 190 1753 insipiens
202 1728 211 1746 :
227 1729 312 1754 parco
328 1728 428 1756 autem,
443 1732 474 1750 ne
486 1725 543 1758 quis
558 1733 598 1751 me
610 1726 733 1752 existimet
743 1735 822 1762 supra

31 1762 54 1787 ιιι
65 1764 126 1797 quod
139 1765 203 1791 ridet
217 1766 244 1792 in
256 1775 310 1800 me,
321 1773 366 1794 aut
376 1769 446 1795 audit
457 1769 593 1804 «liquida;
605 1779 644 1798 me
652 1771 691 1807 (2.
704 1771 762 1798 Cor.
776 1772 819 1798 l2.

32 1806 67 1842 6).
87 1807 150 1841 Quid
174 1815 266 1839 autem
296 1818 339 1840 est
359 1814 430 1848 quod
449 1814 534 1842 dicit?
554 1816 694 1850 Poterant,
716 1818 818 1853 inquit.

31 1855 108 1881 multo
116 1857 216 1891 majora
229 1858 327 1887 dicere
342 1861 484 1894 miracula,
499 1862 546 1889 sed
560 1863 622 1890 nolo
632 1884 639 1896 ,
654 1871 687 1891 ne
700 1864 768 1892 forte
781 1865 818 1892 si—

30 1907 130 1933 sitorum
145 1904 304 1938 magnitudo
318 1906 447 1941 majorem
460 1907 494 1935 de
508 1916 552 1935 me
565 1908 717 1937 hominibus
730 1911 819 1945 suspi-

29 1945 122 1973 cionem
136 1948 252 1977 inducat.
270 1951 419 1986 Propterea
432 1957 459 1981 et
480 1953 574 1981 Petrus
590 1960 729 1990 postquam
744 1957 818 1984 clau-

29 1990 86 2017 dum
100 1995 179 2021 erexit
189 2016 196 2026 ,
210 2001 239 2023 et
257 2004 358 2024 omnes
370 1998 455 2032 ipsum
473 2000 684 2034 admirabantur,
698 2007 727 2029 ut
739 2003 814 2030 cohi-

31 2036 98 2064 beret
107 2046 150 2066 eos
161 2040 283 2076 ipsisque
298 2044 471 2077 persuaderet
483 2053 513 2074 se
522 2047 589 2074 nihil
602 2055 636 2074 ex
644 2048 742 2076 virtute
756 2058 817 2084 pro-

33 2082 81 2115 pria
102 2085 264 2119 exhibuisse,
290 2089 355 2116 dicit
372 2099 379 2116 :
397 2090 466 2123 Quid
481 2101 526 2119 nos
541 2093 674 2121 intuemini
687 2082 813 2130 tamquam

31 2129 122 2161 propria
144 2132 232 2159 rirtute
253 2134 296 2160 vel
319 2135 412 2170 pietate
431 2138 564 2172 fecerimus
590 2141 657 2167 hunc
683 2129 815 2169 ambulare

31 2172 90 2203 (Act.
103 2174 127 2201 5.
141 2175 183 2211 12)
198 2177 209 2203 ?
224 2178 259 2205 Et
278 2188 371 2207 rursus
385 2181 486 2217 Lystris
502 2191 554 2211 non
570 2185 655 2213 solum
676 2193 751 2214 erant
764 2188 811 2215 ob-

32 2219 168 2252 stupefacti,
181 2223 228 2250 sed
242 2229 274 2251 et
287 2229 377 2253 tauros
387 2234 528 2256 coronatos
538 2229 687 2265 duxerunt,
696 2237 723 2260 et
732 2233 814 2261 Paulo

31 2268 58 2315 tit.
68 2264 189 2315 litat-mbae
213 2270 357 2299 immolare
377 2274 600 2309 aggrediebantur
614 2264 683 2313 (Act.
698 2279 741 2307 M.
753 2280 810 2315 12).

34 2306 89 2354 Fide
100 2311 191 2340 diaboli
205 2315 336 2343 malitiam
350 2326 357 2344 :
377 2306 425 2352 pci-
436 2327 503 2354 quos
516 2306 644 2350 Dominus
664 2331 698 2351 ex
712 2306 812 2352 mundo

34 2352 178 2402 impietatem
194 2367 350 2396 expurgare
374 2352 514 2399 studebat,
530 2374 579 2400 per
602 2367 651 2395 hos
668 2369 751 2403 ipsam
767 2371 811 2398 ille

36 2397 141 2430 inducere
152 2405 276 2434 studebat
287 2428 294 2439 ,
306 2416 412 2436 rursum
424 2412 597 2445 persuadens,
605 2419 634 2440 ιιι
646 2413 711 2442 deos
721 2415 808 2442 homi-

37 2453 132 2495 nescsse
144 2457 267 2485 putarent
278 2463 284 2480 :
292 2455 364 2489 quod
372 2461 400 2483 et
412 2458 542 2491 prioribus
550 2459 613 2488 fecit
623 2462 787 2495 temporibus
800 2472 806 2489 :

38 2497 58 2518 et
70 2492 112 2521 hoc
125 2497 234 2526 maxime
245 2504 289 2526 est
299 2501 370 2535 quod
387 2501 542 2531 idololatria:
553 2492 712 2541 principium
725 2513 752 2536 et
766 2516 806 2535 ra-

37 2536 106 2566 dicem
114 2542 263 2572 introduxit.
273 2545 349 2573 Multi
361 2547 431 2574 enim
443 2549 487 2583 qui
499 2536 567 2578 bella
574 2536 805 2587 bene-gesserant,

39 2590 155 2629 erexerant
167 2594 264 2625 tropum
278 2612 285 2623 ,
303 2593 385 2620 urbes
399 2594 598 2624 mdiﬁcaverant
608 2618 615 2629 .
630 2603 657 2625 et
672 2599 732 2626 aliis
754 2600 805 2627 hu-

38 2627 131 2660 iusmodi
149 2634 338 2664 demerueraut
362 2639 404 2665 sui
427 2641 556 2674 temporis
576 2642 713 2677 homines,
736 2645 772 2672 dii
789 2654 803 2672 a

39 2675 111 2704 multis
121 2679 253 2709 existimati
268 2688 349 2715 sunt.
365 2688 393 2711 et
403 2686 510 2720 templis
523 2692 549 2714 et
559 2688 614 2716 aris
624 2689 746 2718 honorati
756 2712 763 2724 ,
778 2696 805 2719 et

39 2721 107 2747 culinis
118 2725 245 2757 gentilium
259 2727 372 2756 deorum
385 2737 513 2758 nurnerus
528 2740 561 2759 ex
575 2733 729 2762 hominibus
747 2737 804 2764 istis

39 2766 142 2796 multatus
153 2776 201 2798 est.

67 2810 107 2838 Chr
116 2813 178 2842 Deut
197 2824 298 2845 sanctos
311 2819 373 2854 pelli
383 2825 407 2847 et
421 2823 531 2850 cruciari
543 2825 692 2859 permiserit.
706 2842 742 2847 -—-
762 2828 800 2856 Ne

41 2853 102 2887 Igitur
114 2858 157 2887 hoc
173 2866 199 2888 ct
220 2863 245 2889 in
269 2865 372 2892 sanctis
387 2866 470 2900 fieret,
491 2853 613 2903 permisit
635 2871 707 2906 ipsos
731 2873 801 2901 Deus

42 2903 139 2931 mltllftlle
152 2907 219 2940 pelli,
241 2909 381 2945 ﬂagellari.
393 2912 419 2939 in
433 2915 519 2942 varios
539 2916 656 2945 incidere
670 2919 777 2947 morbos
790 2929 796 2946 :

171 2955 300 2988 ΡΑτιιοι.
328 2961 521 2991 tiu-XLIX.

1663 228 1678 236 ﬁ

901 255 928 277 ut
943 252 1023 280 nimia
1036 257 1156 289 corporis
1170 257 1347 292 imbecillitas,
1372 265 1399 287 et
1415 262 1588 291 tentationum
1615 265 1692 293 turba

899 299 1074 329 praesentibus
1086 302 1269 336 persuaderet,
1287 304 1410 333 homines
1425 314 1485 333 esse
1500 316 1557 340 eos.
1576 310 1619 344 qui
1632 310 1694 338 taiia

897 342 1010 371 ederent
1023 345 1161 381 miracula,
1176 349 1294 384 nihilque
1306 351 1340 377 de
1352 359 1401 379 suo
1415 353 1521 387 afferre,
1533 356 1580 382 Sed
1593 356 1691 385 nmlam

896 389 1007 422 gratiam
1019 399 1067 426 per
1084 393 1144 421 illos
1158 396 1246 422 omnia
1274 398 1390 432 operari.
1414 399 1442 427 Si
1466 401 1537 428 enim
1563 410 1641 436 parva
1663 410 1689 432 ct

898 433 958 461 vilia
974 443 1111 472 operatus,
1126 439 1193 468 deos
1207 447 1377 477 putaverunt,
1390 446 1475 472 multo
1490 448 1574 482 magis
1589 450 1609 475 si
1624 450 1691 479 nihil

898 481 969 514 passi
980 480 1093 510 fuissent
1108 484 1264 521 humanum,
1282 488 1331 516 hos
1353 491 1479 525 suspicati
1494 492 1616 528 fuissent,
1645 496 1691 530 qui

897 526 957 553 talia
970 527 1092 562 fecerint,
1105 532 1192 566 qualia
1206 542 1284 561 nemo
1295 543 1420 571 umquam
1432 546 1518 574 neque
1529 540 1595 567 vidit
1605 526 1691 577 neq-ue

895 573 1006 600 audivit.
1022 574 1049 602 Si
1063 578 1134 604 enim
1162 586 1222 606 cum
1240 581 1288 615 ipsi
1309 573 1519 619 ﬁagellarentnr,
1545 573 1692 622 praccipita-

895 624 998 653 rentur,
1010 620 1166 657 ligarentur,
1183 625 1355 659 pellerentur.
1388 630 1601 663 periclitarentur
1625 641 1692 668 quo-

896 663 970 697 tidie,
986 669 1073 693 tamen
1086 668 1111 694 in
1125 668 1193 697 hanc
1205 670 1313 705 impiam
1327 674 1480 707 opinionem
1494 677 1602 711 quidam
1617 679 1689 705 ceci-

894 708 991 737 derunt
1003 719 1009 736 :
1022 712 1105 739 multo
1120 715 1203 749 magis
1215 716 1236 743 si
1249 716 1314 744 nihil
1328 718 1470 747 humanum
1484 708 1554 756 passi
1565 721 1689 757 fuissent.

895 753 1048 788 hujttsmodi
1062 757 1174 786 fuissent
1187 762 1342 790 existimati.

928 800 955 827 8.
976 801 1057 836 Igitur
1078 804 1135 831 hinc
1155 806 1262 840 quidem
1291 809 1366 836 tertia
1390 810 1541 840 afflictiouis
1569 821 1650 842 causa
1677 825 1685 842 :

891 851 985 880 quarta
1001 855 1074 881 vero,
1089 857 1123 877 ne
1138 852 1222 878 Sancti
1251 859 1359 888 propter
1385 857 1525 890 prarscntis
1548 858 1685 888 felicitatis

891 898 965 926 spem
980 893 1060 920 Deum
1075 896 1164 923 colere
1178 903 1313 931 putentur.
1329 900 1433 928 Etenim
1448 903 1522 930 multi
1539 912 1563 930 ιιι
1579 905 1685 933 lascivia

890 937 1036 966 viventium
1052 948 1067 966 a
1083 941 1173 969 multis
1194 944 1292 978 sepius
1314 947 1442 980 accusati,
1470 954 1496 975 et
1522 949 1556 976 ad
1580 950 1685 978 virtutis

891 984 975 1010 vocati
987 984 1104 1020 labores,
1120 992 1147 1014 et
1156 994 1264 1017 sanctos
1276 991 1310 1018 de
1320 991 1398 1019 hilari
1415 995 1596 1023 molestiarum
1616 998 1684 1024 tote.

891 1030 976 1056 rantia
988 1031 1089 1059 laudari
1105 1034 1254 1069 audientes,
1269 1044 1302 1064 ex
1314 1037 1355 1065 his
1367 1039 1438 1074 ipsos
1450 1048 1576 1070 accusare
1591 1051 1686 1079 aggreo

887 1074 996 1102 diuntur
1010 1086 1017 1103 :
1033 1081 1061 1104 et
1076 1087 1127 1105 non
1141 1080 1263 1109 homines
1276 1085 1441 1115 tantnm,scd
1453 1091 1479 1114 ct
1493 1087 1549 1121 ipse
1562 1074 1684 1116 diabolus

887 1119 939 1148 hoc
951 1122 1038 1156 ipsum
1051 1125 1200 1159 suspicatus
1215 1133 1266 1155 est.
1289 1128 1421 1162 Quoniam
1436 1133 1507 1158 enim
1521 1134 1611 1160 multis
1624 1140 1684 1162 erat

886 1168 1067 1197 circmndatus
1080 1171 1180 1198 divitiis
1191 1173 1252 1206 Joh,
1268 1179 1295 1202 et
1310 1176 1391 1204 multa
1406 1178 1559 1212 potiebatur
1570 1181 1682 1214 opulen-

885 1216 932 1245 tta,
945 1216 1122 1249 exprobratus
1135 1225 1150 1244 a
1167 1218 1220 1245 Deo
1232 1225 1340 1254 propter
1355 1221 1440 1256 ipsutn
1453 1224 1539 1252 malus
1560 1225 1604 1252 ille
1626 1226 1681 1254 da:-

884 1267 958 1289 mon.
970 1268 1030 1288 cum
1042 1262 1106 1290 nihil
1121 1263 1229 1292 haberet
1242 1267 1313 1300 quod
1327 1268 1439 1302 diceret,
1457 1278 1543 1305 neque
1568 1279 1622 1307 quo
1644 1272 1679 1300 de

884 1307 940 1333 suis
951 1315 1130 1337 excusaretur
1142 1311 1308 1345 criminibus,
1324 1322 1411 1349 ncqtte
1425 1316 1494 1350 quod
1513 1317 1579 1352 justi
1593 1318 1679 1345 virtu-

885 1353 954 1380 tibus
966 1354 1134 1391 impingeret,
1162 1357 1194 1384 ad
1209 1358 1278 1386 hanc
1290 1362 1379 1388 statim
1403 1362 1523 1398 confugit
1541 1364 1678 1396 defensio-

884 1407 956 1432 nctn,
968 1400 1060 1428 dicens
1075 1411 1081 1428 :
1100 1402 1232 1438 Numquid
1246 1407 1325 1440 gratis
1339 1406 1389 1433 Job
1410 1409 1471 1435 colit
1498 1410 1541 1436 te?
1567 1411 1679 1438 circuat-

883 1445 982 1473 vullasti
1001 1448 1121 1475 interiora
1139 1455 1161 1476 et
1174 1452 1299 1478 exteriori.
1312 1455 1366 1488 ejus
1379 1453 1444 1487 (Job
1473 1456 1495 1481 1.
1511 1455 1537 1483 9.
1551 1457 1594 1488 10)
1604 1465 1610 1487 ;
1621 1465 1679 1491 pro-

880 1495 942 1527 pter
955 1494 1116 1527 tnercedetn,
1132 1496 1226 1531 inquit,
1244 1497 1287 1525 ille
1310 1499 1434 1526 virtutem
1459 1502 1588 1536 sequitur.
1603 1507 1675 1531 tanta

882 1536 973 1564 fruens
988 1539 1135 1572 opulentia.
1150 1542 1218 1574 Quid
1245 1543 1323 1577 igitur
1335 1543 1398 1571 fecit
1411 1545 1499 1572 Deus?
1516 1546 1549 1574 Ut
1561 1547 1676 1575 delituit-

880 1587 978 1611 straret
997 1591 1105 1614 sanctos
1131 1595 1183 1614 non
1205 1589 1335 1617 mercedis
1358 1599 1437 1618 causa
1454 1593 1540 1627 ipsum
1562 1594 1650 1622 colere
1665 1616 1674 1627 .

880 1635 985 1656 omnem
1001 1630 1083 1665 ipsius
1096 1633 1270 1661 substantiam
1284 1635 1404 1666 abstulit.
1421 1639 1567 1672 paupertati
1592 1641 1673 1667 tradi-

879 1674 927 1707 dit,
947 1680 975 1703 ct
995 1676 1022 1703 in
1048 1685 1155 1712 gravem
1171 1680 1294 1707 morbum
1315 1682 1434 1710 incidere
1456 1685 1585 1716 permisit.
1612 1685 1671 1713 Mox

878 1719 953 1747 illum
966 1721 1130 1757 redarguens
1146 1729 1279 1760 tamquam
1296 1731 1396 1754 temere
1413 1728 1473 1754 talia
1485 1730 1646 1764 suspicatum
1662 1752 1670 1764 ,

875 1766 979 1801 inquit:
998 1768 1086 1796 All/mc
1106 1770 1274 1798 innocentiam
1289 1774 1378 1800 retinet
1393 1782 1403 1800 :
1423 1779 1449 1801 ιιι
1472 1784 1531 1802 vero
1557 1785 1672 1804 como/oo

876 1812 932 1839 nisti
943 1821 982 1840 me
996 1819 1022 1840 ut
1036 1815 1132 1850 [rustra
1143 1816 1223 1851 ipsius
1236 1817 1403 1845 substantiam
1414 1820 1543 1851 perderent
1566 1821 1626 1858 (Job
1636 1822 1665 1850 ‘2.

875 1858 892 1884 5
904 1856 924 1893 ).
938 1858 1043 1886 Sanctis
1053 1861 1125 1887 enim
1136 1861 1186 1889 hoc
1197 1863 1223 1889 in
1237 1865 1479 1892 remunerationem
1502 1871 1528 1894 ct
1551 1868 1668 1896 retribu-

875 1903 973 1931 tionem
988 1904 1096 1939 sufﬁcit,
1122 1906 1205 1934 Deum
1218 1909 1341 1936 venerari
1355 1918 1362 1936 .'
1376 1911 1503 1945 quoniam
1518 1917 1545 1939 et
1567 1914 1667 1941 amanti

874 1950 925 1978 hoc
949 1951 975 1978 in
1002 1952 1206 1981 retributionem
1228 1955 1338 1989 sufficit,
1354 1964 1384 1984 se
1400 1963 1535 1986 amantem
1562 1967 1665 1993 amare,

870 2001 898 2022 et
913 1997 976 2024 nihil
994 1998 1110 2033 amplius
1137 2000 1257 2034 requirit,
1273 2009 1322 2028 nec
1337 2003 1473 2037 quidpiam
1502 2004 1554 2031 ltoc
1577 2007 1665 2040 majus

870 2049 930 2069 esse
944 2048 1027 2076 putat.
1044 2044 1072 2071 Si
1084 2052 1148 2072 vero
1163 2053 1224 2078 erga
1239 2046 1377 2075 hemincm
1393 2048 1454 2081 hoc,
1476 2050 1560 2076 multo
1582 2051 1667 2085 magis

870 2095 933 2122 erga
949 2089 1030 2116 Deum
1045 2098 1051 2116 :
1066 2090 1137 2124 quod
1150 2095 1177 2118 ut
1190 2092 1387 2121 demonstraret
1400 2094 1480 2126 Deus.
1496 2095 1570 2129 plura
1584 2104 1663 2130 quam

868 2134 989 2161 diabolus
997 2135 1119 2170 petierat,
1135 2138 1279 2165 concessit.
1295 2138 1340 2166 llle
1354 2139 1438 2174 inquit
1453 2149 1460 2167 :
1477 2140 1549 2167 Mitte
1559 2149 1663 2168 "ianum

867 2185 946 2212 utam,
968 2185 991 2206 et
1011 2186 1085 2216 tange
1107 2183 1190 2216 ipsum
1205 2183 1265 2219 (Job
1275 2184 1302 2211 2.
1320 2185 1371 2221 5);
1401 2186 1470 2213 llens
1495 2191 1583 2214 autem
1610 2195 1662 2215 non

867 2224 912 2253 ita.
922 2225 979 2258 sed,
994 2226 1051 2253 Tibi
1064 2227 1161 2262 ipsum,
1175 2229 1268 2264 inquit,
1282 2230 1358 2257 trado
1372 2230 1424 2265 (Ib.
1442 2231 1516 2265 v.6).
1528 2232 1663 2265 Quemad-

865 2271 972 2298 modum
990 2273 1060 2300 cnim
1077 2274 1102 2300 in
1125 2276 1303 2303 exterioribus
1330 2277 1521 2305 certaminibus
1547 2286 1662 2313 corpore

866 2317 998 2352 rigentes,
1011 2324 1038 2346 et
1052 2321 1128 2348 bona:
1145 2321 1309 2349 habitudinis
1318 2323 1439 2356 athletie,
1457 2332 1510 2352 non
1522 2325 1561 2353 sic
1575 2334 1660 2361 appa-

865 2367 934 2395 rent.
949 2371 1009 2391 cum
1026 2365 1214 2394 vestimentum
1228 2368 1343 2402 undique
1363 2369 1424 2396 oleo
1439 2370 1574 2398 madidum
1600 2372 1659 2399 fuc-

863 2408 917 2435 rint
928 2409 1022 2442 induti,
1039 2411 1086 2438 sed
1109 2413 1216 2446 quando
1238 2414 1282 2440 illo
1294 2414 1399 2449 abjecto
1414 2416 1476 2443 nudi
1493 2417 1518 2444 in
1541 2417 1658 2445 stadium

862 2454 996 2488 feruntur,
1010 2461 1073 2484 tunc
1087 2459 1206 2487 maxime
1218 2464 1383 2494 spectatores
1395 2462 1575 2493 membrorum
1590 2471 1653 2497 pro-

863 2501 986 2534 portione
1001 2502 1109 2536 penitus
1136 2504 1362 2539 obstupefaciunt,
1391 2514 1450 2534 cum
1478 2507 1544 2535 nihil
1571 2509 1656 2543 ipsam

862 2546 976 2580 amplius
991 2548 1152 2576 obumbrare
1164 2551 1249 2584 possit
1261 2559 1267 2577 2
1279 2551 1318 2578 sic
1332 2556 1359 2578 et
1367 2551 1428 2585 Job,
1444 2553 1551 2587 quando
1566 2555 1655 2581 omni-

863 2592 913 2619 bus
939 2593 1046 2628 quidem
1071 2595 1123 2622 illis
1135 2596 1234 2623 divitiis
1251 2598 1428 2628 circumf‘usus
1444 2604 1511 2630 erat.
1538 2601 1596 2636 quis
1611 2608 1656 2628 es-

860 2643 912 2670 set,
943 2647 996 2666 non
1022 2641 1112 2668 multis
1137 2642 1307 2671 manifestum
1328 2651 1401 2677 erat;
1428 2651 1566 2681 postquam
1589 2653 1655 2674 vero

860 2683 931 2717 ipsas
945 2686 1016 2712 velut
1027 2687 1214 2715 vestium-iitum
1230 2689 1328 2718 athleta
1342 2691 1450 2725 alijecit,
1465 2697 1491 2719 et
1503 2692 1535 2719 ad
1545 2692 1653 2727 pietatis

858 2730 1005 2757 certamina
1016 2732 1102 2758 nudus
1129 2733 1245 2766 intravit.
1271 2735 1310 2761 sic
1335 2735 1462 2770 spoliatus
1485 2741 1651 2771 spectatores

858 2783 952 2802 onmes
974 2778 1096 2811 perculit,
1124 2784 1152 2806 ut
1177 2785 1205 2806 ct
1232 2781 1318 2815 ipsum
1338 2782 1494 2817 angelorum
1516 2783 1650 2812 theatrum

856 2829 937 2857 super
951 2823 1032 2849 animi
1044 2825 1102 2857 ejus
1115 2826 1253 2853 tolerantia
1266 2828 1273 2842 ι
1291 2827 1465 2856 vehementer
1476 2829 1649 2863 acclamarct,

856 2873 882 2895 ct
899 2870 990 2896 victori
1007 2870 1043 2896 illi
1058 2871 1240 2905 applauderet.
1258 2872 1334 2906 Quod
1355 2875 1426 2901 enim
1447 2875 1570 2910 superius
1590 2874 1648 2909 jam

886 2928 895 2943 ³
914 2926 956 2953 alii
969 2934 974 2952 :
985 2931 1059 2958 super
1072 2928 1145 2956 αηίηιὶ
1153 2929 1205 2960 ejus
1217 2929 1330 2961 puritate,
1343 2934 1391 2956 etc.

1469 2976 1488 3002 2
