1984 3110
271 162 304 188 ’Ξῖ
641 163 668 192 S.
689 164 826 192 JOANNIS
845 163 1084 194 CHRYSOSTOMI
1103 164 1261 194 ARCHIEP.
1282 165 1546 194 CONSTANTINOP.
1877 167 1915 194 ‘23

272 222 392 253 dixi,non
407 222 442 249 ita
457 222 606 250 hominibus
615 223 758 258 apparebat
773 223 954 250 illisomnibus
963 222 1061 250 divitiis

272 267 497 300 circumamictus,
511 273 539 295 ut
552 269 658 302 quando
669 266 719 295 illis
734 273 866 303 tamquam
882 268 990 304 pallium
1005 275 1062 303 pro-

269 312 349 347 jectis
368 312 455 340 nudus
467 311 577 347 exsiliit,
603 313 628 341 in
652 313 740 341 medio
754 313 829 346 orbe,
845 319 980 349 tamquam
993 313 1063 340 thea-

276 363 318 385 tro
331 367 337 385 :
352 363 379 386 et
391 365 484 386 omnes
497 359 593 386 bonam
608 359 690 394 ipsius
705 359 787 387 animi
802 359 986 387 habitudinem
1015 359 1063 386 atl-

272 403 361 430 mirati
375 409 435 431 sunt
449 412 455 430 :
470 411 523 431 non
535 404 621 432 solum
633 409 721 431 autem
740 412 773 431 ex
788 412 878 432 rerum
894 404 996 439 jactura
1017 412 1063 430 su-

275 448 449 483 spiciebatur,
465 449 513 477 sed
525 450 604 477 etiam
620 457 651 476 ex
670 449 802 484 patientia:
815 449 884 476 laeta
899 450 968 476 circa
984 450 1061 484 {egri-

275 492 403 522 tudinem.

311 540 362 567 Cur
377 539 445 567 Deus
457 538 517 568 Jobi
529 549 620 575 corpus
633 541 658 567 in
672 545 818 576 potestatem
832 541 926 567 diaboli
949 540 1062 567 tradide-

276 586 319 612 rit.
333 600 369 605 —
379 586 453 613 Sicut
465 586 535 613 enim
548 592 610 614 ante
624 587 691 619 di'xi,
708 594 760 614 non
776 587 848 613 illum
862 587 918 620 ipse
935 587 1064 620 percussit

275 631 357 664 Deus,
372 638 405 657 ne
418 639 523 658 rursum
534 632 654 659 diabolus
664 632 766 659 diceret
781 641 786 658 :
805 631 959 666 Pepercisti,
973 635 1001 658 et
1011 639 1064 657 nun

275 682 385 709 tantam,
409 683 533 712 quantum
558 679 707 713 oportebat,
733 679 843 705 intulisti
869 678 1062 705 tentationem:

275 722 322 749 sed
335 723 383 757 ipsi
401 723 509 750 tradidit
522 724 628 751 diabolo
651 728 677 750 et
704 731 813 758 gregum
839 723 1014 757 perditionem
1038 727 1064 749 et

275 768 364 793 carnis
379 772 548 801 potestatem.
563 768 677 795 Confido
691 769 723 795 de
735 773 878 800 certatore,
908 767 1000 802 inquit,
1030 767 1065 793 id-

275 813 348 840 circo
361 821 413 840 non
443 813 572 847 prohibeo
597 814 646 849 ipsi
674 822 848 848 qumeutuque
872 813 938 841 \‘elis
968 812 1066 839 inferre

276 859 432 886 certamina.
448 859 501 887 Sed
521 860 745 895 quemadmodum
768 859 879 894 spectati
903 860 1064 894 palmstritas,

275 909 303 932 et
319 910 377 933 arte
390 909 417 932 et
428 906 549 940 corporis
563 905 659 933 robore
674 905 796 937 tidcntes,
811 912 863 931 non
880 905 945 931 recti
968 905 1066 932 adver-

277 950 355 977 sariis
375 954 404 977 ut
415 951 571 985 plurimum,
589 950 809 985 congrediuntur,
832 957 918 984 neque
938 950 971 977 de
993 950 1064 984 pari,

276 995 322 1022 sed
336 995 438 1030 seipsos
452 996 504 1022 illis
519 995 621 1022 medios
635 994 880 1030 apprehendendus
890 995 1020 1030 praebent,
1039 1000 1067 1022 ut

277 1042 451 1069 illustriorem
465 1042 604 1069 victoriam
618 1042 753 1069 referant:
779 1043 817 1069 sic
829 1048 857 1070 et
867 1042 937 1069 Deus
948 1043 1065 1069 medium

277 1087 387 1114 tradidit
399 1093 520 1114 sanctum
537 1087 645 1115 diabolo
657 1087 924 1122 apprehendendum,
951 1092 980 1115 ut
1007 1095 1066 1115 cum

276 1137 337 1166 post
351 1133 596 1161 tantantcoullictus
607 1133 810 1168 praerogativam
825 1133 968 1168 superarit,
992 1133 1066 1160 solo-

277 1185 330 1212 que
353 1180 535 1213 prostravcrit,
562 1180 660 1207 clarior
674 1187 773 1207 corona
798 1179 936 1207 reddatur.
965 1181 1066 1207 Aurum

276 1227 320 1250 est
334 1223 472 1257 probatum
488 1233 495 1249 ε
510 1232 557 1258 pro
570 1225 654 1252 iubilo
669 1225 760 1259 proba,
773 1229 801 1251 ut
816 1225 903 1258 placet
924 1225 1045 1252 examina
1059 1245 1066 1257 ,

278 1269 373 1296 sordes
387 1269 413 1296 in
429 1269 485 1304 ipso
501 1277 552 1296 non
566 1270 696 1297 invenies.
710 1269 767 1296 Non
781 1269 893 1296 aliorum
906 1278 969 1297 vero
992 1270 1069 1298 nobis

279 1316 382 1340 tantum
394 1313 575 1342 fortitudinem
588 1315 754 1342 demonstrat
769 1324 776 1341 :
804 1314 851 1342 sed
872 1320 899 1342 et
919 1316 997 1342 aliam
1014 1323 1070 1342 ma-

279 1366 359 1393 gnam
373 1359 449 1387 otl'ert
457 1360 749 1394 consolationem.Quid
760 1360 831 1388 enim
841 1361 926 1395 inquit
934 1360 1070 1388 Christus?

280 1404 353 1432 Beati
367 1405 444 1437 eritis.
457 1414 513 1432 eum
526 1405 702 1432 ntalerlixerlnt
715 1406 783 1432 vobis
807 1406 919 1432 homines
944 1411 967 1432 et
983 1414 1068 1440 perse-

279 1452 351 1485 quuti
367 1460 409 1479 vos
421 1452 525 1487 fuerint,
545 1457 568 1479 et
582 1453 691 1479 dixerint
706 1461 779 1480 omne
790 1453 884 1479 malum
899 1453 998 1479 verbum
1020 1453 1069 1479 ad-

281 1503 379 1524 versum
391 1505 434 1524 vos
453 1498 600 1524 mentientes
620 1503 720 1533 propter
737 1506 776 1524 me
789 1506 798 1524 :
812 1498 917 1533 gaudete
941 1504 964 1525 et
987 1499 1071 1525 exsul-

282 1546 343 1574 !ate,
352 1543 470 1577 quoniam
479 1551 573 1570 merces
584 1549 665 1570 vestra
676 1551 767 1578 magna
780 1548 815 1571 est
826 1544 852 1570 in
865 1543 933 1571 uelis
944 1552 952 1570 :
963 1544 998 1570 sit-
1004 1545 1071 1570 enim

280 1589 393 1622 fecerunt
404 1589 533 1624 prophetis
541 1594 623 1623 patres
636 1597 720 1616 eorum
735 1588 841 1624 (Matth.
859 1588 885 1616 5.
901 1590 942 1616 Η.
957 1590 1012 1624 1'2).
1040 1590 1072 1617 Et

281 1641 385 1661 rursum
398 1634 495 1661 Paulus
507 1634 802 1662 Macedonasconsolari
811 1635 903 1662 volens
916 1644 922 1662 :
937 1635 985 1662 Vos
994 1636 1070 1668 enini,

282 1679 376 1714 inquit,
390 1680 528 1706 imitatores
543 1680 604 1715 facti
614 1681 672 1707 estis
696 1681 788 1715 fratres
810 1679 985 1707 Ecclesiarum
1013 1681 1070 1714 Dei,

280 1733 337 1758 qttﬂ.’
349 1730 405 1752 sunt
419 1726 443 1751 iu
457 1724 566 1752 Iudaea:
582 1726 699 1760 quoniam
710 1726 797 1753 eadem
812 1726 880 1761 passi
896 1727 954 1752 estis
974 1735 989 1752 a
1010 1735 1072 1753 con—

281 1769 413 1796 n'ibulibus
428 1770 524 1801 vestris,
539 1771 748 1804 quemadmodum
763 1776 785 1798 et
809 1771 847 1797 illi
869 1780 884 1798 a
905 1771 1005 1799 Juda‘is
1023 1771 1032 1808 (
1046 1772 1069 1798 l.

283 1815 371 1842 Thess.
387 1815 414 1842 2.
438 1815 492 1850 14).
509 1815 544 1842 Ει
569 1816 694 1843 llebrmos
713 1824 818 1843 rursum
843 1817 877 1843 ita
905 1818 1070 1850 consolatur,

282 1867 427 1888 recensens
435 1861 522 1895 justos
536 1869 628 1888 omnes
641 1862 667 1889 in
681 1861 842 1894 fornacibus,
865 1864 890 1890 in
912 1863 1029 1896 lacubus,
1044 1864 1070 1891 in

282 1906 478 1940 solitudinibus,
494 1907 521 1934 in
532 1907 678 1941 montibus,
692 1908 717 1934 in
733 1907 877 1942 speluncis,
903 1909 929 1935 in
946 1909 1024 1942 fame,
1046 1910 1070 1936 in

280 1954 401 1988 angustia
413 1953 540 1988 degentes
553 1953 643 1990 (Hebr.
657 1954 701 1981 ll.
713 1953 748 1981 56
761 1969 795 1974 —
815 1955 859 1989 '58)
871 1964 876 1981 :
891 1955 1072 1983 molestiarum

280 1999 352 2026 enim
364 1999 568 2026 communicatio
576 1999 717 2034 quamdam
731 1999 811 2034 lapsis
821 1999 898 2027 ali'crt
910 2001 1072 2027 consulatio-

281 2051 353 2072 nem.
379 2045 455 2079 Quod
476 2051 563 2071 autem
582 2045 657 2072 etde
671 2046 867 2072 resurrectione
891 2053 995 2080 quoque
1023 2047 1072 2074 hoc

281 2092 367 2126 ipsum
378 2091 639 2124 sermonesinducat,
658 2091 849 2119 audieumdem
859 2092 968 2119 Paulum
983 2092 1073 2119 diecu-

281 2141 334 2164 tetu
349 2146 355 2163 :
372 2137 402 2164 Si
415 2138 551 2164 secundum
566 2138 691 2164 hominem
705 2145 763 2164 cum
773 2137 831 2172 feris
847 2139 955 2173 pugnavi
965 2137 1070 2173 Ephesi,

280 2184 342 2219 quid
356 2184 417 2210 milii
432 2183 542 2218 prodest,
559 2184 581 2210 si
593 2184 684 2209 mortui
698 2191 748 2210 non
759 2188 891 2218 resurgunt
935 2184 946 2219 (
960 2184 982 2210 ι.
1012 2183 1070 2211 Cor.

282 2229 327 2257 15.
340 2229 404 2259 5‘2)?
418 2229 451 2256 Et
466 2229 561 2256 iterum
574 2238 581 2255 :
598 2229 629 2256 Si
643 2229 669 2255 in
684 2229 732 2255 hac
749 2229 799 2256 vita
813 2233 908 2255 tantum
921 2231 947 2255 in
973 2228 1072 2255 Christo

281 2280 411 2309 sperantes
421 2283 517 2308 sumus,
530 2275 720 2302 miserabiliores
731 2283 816 2302 sumus
827 2275 940 2302 omnibus
963 2275 1071 2302 homini—

283 2323 328 2349 bus
342 2322 395 2358 (Ib.
406 2333 434 2350 v.
452 2323 506 2358 l9).
524 2323 663 2350 lunumera
681 2322 796 2357 patimur
810 2322 878 2349 mala
894 2322 919 2348 in
949 2322 1071 2356 pr-rseuti

282 2368 346 2401 vita,
363 2368 465 2403 inquit:
481 2369 502 2396 si
519 2369 598 2403 igitur
611 2376 664 2395 non
678 2372 802 2402 speratur
814 2368 897 2394 altera
912 2367 964 2394 vita
974 2387 981 2399 ,
1009 2367 1071 2401 quid

282 2415 358 2442 nobis
371 2422 431 2442 esse
441 2415 525 2449 possit
549 2414 747 2442 miserabilius?

316 2461 343 2489 9.
382 2461 433 2488 Res
447 2467 539 2488 nostra:
551 2466 609 2488 sunt
622 2462 698 2496 hujus
715 2461 772 2487 t'itte
783 2461 901 2488 limitibus
914 2461 1073 2488 circumscri-

282 2511 340 2541 ptae.
352 2521 387 2528 —
401 2506 476 2534 Unde
489 2506 655 2534 manifestum
669 2511 710 2533 est
720 2514 772 2533 non
783 2513 842 2534 eSse
855 2513 898 2533 res
909 2511 1013 2533 nostras
1027 2505 1075 2532 lm-

280 2553 322 2587 jus
344 2553 392 2579 τιενί
415 2552 542 2579 limitibus
567 2551 791 2586 circumscriptus.
817 2550 851 2577 Et
872 2550 923 2577 hoc
943 2551 1024 2585 liquet
1041 2558 1074 2577 ex

282 2599 472 2626 mutationibus
488 2607 494 2625 ς
509 2606 651 2632 numquam
666 2598 737 2625 enim
753 2597 822 2624 Deus
843 2601 977 2632 pateretur
995 2600 1033 2622 tot
1048 2600 1075 2622 et

282 2646 343 2672 talia
357 2652 449 2680 passos
464 2645 544 2677 mala,
555 2648 582 2671 et
594 2649 752 2679 praesentem
766 2644 846 2671 vitam
859 2650 965 2671 omnem
978 2643 1004 2669 in
1016 2647 1075 2669 ten-

282 2690 426 2717 tatiouibus
440 2694 467 2717 et
481 2690 590 2717 inﬁnitis
603 2690 729 2724 degentes
744 2689 879 2724 periculis,
896 2690 979 2717 multo
992 2689 1076 2723 majo-

281 2736 357 2764 ribus
372 2744 424 2764 non
439 2736 603 2764 remunerari
619 2737 783 2764 muneribus.
798 2737 825 2764 Si
839 2744 903 2763 vero
917 2736 942 2763 id
957 2737 1008 2770 pati
1023 2745 1074 2764 non

282 2787 378 2816 potest,
395 2787 498 2810 certum
511 2783 582 2818 quod
597 2783 733 2810 meliorem
750 2787 776 2810 et
790 2783 957 2810 illustriorem
975 2783 1075 2817 pararit

248 2838 253 2843 -
284 2829 394 2855 alteram
416 2829 515 2861 vitam,
535 2829 562 2856 in
581 2836 631 2863 qua
649 2828 754 2864 pietatis
776 2828 878 2863 pugiles
899 2835 1027 2855 coronare
1049 2832 1076 2854 et.

283 2873 390 2901 laudare
407 2877 462 2901 toto
473 2874 553 2902 debet
564 2874 630 2901 orbe
641 2878 788 2908 spectante.
804 2874 894 2909 Itaque
906 2882 966 2902 cum
979 2873 1075 2901 videris

1115 222 1214 258 justum
1228 223 1388 258 angustiari,
1403 223 1482 258 afﬂigi
1492 243 1500 256 ,
1515 223 1540 249 in
1555 222 1733 249 imbecillitate
1743 243 1750 255 ,
1766 225 1892 258 paupcrit'
1904 244 1913 256 ,

1116 272 1143 294 et
1154 268 1300 302 innumeris
1310 269 1368 296 aliis
1378 268 1503 296 aerumnis
1515 273 1670 303 prmsentem
1682 269 1761 296 vitam
1772 269 1911 302 claudere,

1116 312 1159 340 die
1173 313 1240 340 intra
1255 318 1280 340 te
1294 314 1380 348 ipsum
1394 322 1400 340 :
1412 313 1467 341 Nisi
1480 314 1640 340 resurrectio
1652 318 1722 341 esset
1733 319 1759 341 et
1768 315 1906 348 Ῑιηιίῦίιηιι,

1117 367 1259 393 numquam
1275 359 1345 387 Deus
1361 363 1431 386 tanta
1451 363 1557 393 propter
1572 366 1600 386 se
1616 359 1684 386 mala
1700 367 1806 394 passum
1817 381 1823 391 ,
1838 359 1909 386 nulla

1118 405 1228 438 potitum
1245 405 1315 433 bono
1329 405 1390 432 hinc
1403 406 1518 439 migrare
1533 405 1697 439 permisisset
1712 413 1718 431 :
1733 405 1804 432 unde
1817 409 1910 440 patet,

1117 450 1203 484 ipsum
1218 450 1329 477 alteram
1350 450 1390 477 eis
1410 450 1490 476 vitam
1515 450 1639 484 pricscnti
1656 450 1841 485 jucundiorem
1856 471 1862 482 ,
1885 455 1913 477 et

1116 497 1200 524 multo
1226 497 1363 524 meliorem
1391 503 1494 530 parare.
1522 495 1578 523 Nisi
1591 497 1661 523 enim
1675 497 1725 524 hoc
1739 501 1818 527 esset.
1833 505 1912 523 llltlll-

1116 550 1194 576 quam
1209 542 1314 569 sivisset
1331 541 1466 576 improbos
1480 541 1585 576 quidem
1606 542 1702 568 multos
1725 549 1771 576 per
1788 542 1856 569 hanc
1872 542 1912 568 vl-

1117 591 1169 613 tam
1182 587 1307 621 gaudere,
1317 586 1448 620 justorum
1459 593 1523 614 vero
1535 586 1631 614 multos
1643 586 1669 613 in
1682 587 1800 621 plurimis
1811 594 1912 614 terum-

1118 632 1159 658 nis
1182 632 1300 663 versari;
1321 631 1367 659 sed
1386 632 1511 666 quoniam
1533 635 1707 666 [imparatum
1726 637 1767 658 est
1784 633 1911 658 sa-culum

1117 673 1197 705 aliud,
1211 674 1236 700 iu
1249 681 1302 708 quo
1316 673 1459 700 secundum
1473 673 1608 706 mcritmn,
1621 673 1683 700 huic
1694 673 1798 708 quidem
1811 674 1912 708 impro-

1118 719 1206 746 bitatis
1217 740 1224 749 ,
1239 720 1276 747 illi
1294 727 1356 747 vero
1371 720 1477 747 virtutis
1489 720 1597 754 prtcmia
1611 719 1722 747 reddere
1734 720 1814 747 debet
1829 730 1834 747 :
1852 721 1913 747 ideo

1118 767 1182 793 sinit
1196 767 1264 794 hunc
1275 767 1382 802 quidem
1398 767 1488 802 afﬂigi,
1502 767 1575 793 illutn
1589 774 1652 794 vero
1663 766 1765 795 deliciis
1776 767 1911 794 diffluere.

1118 813 1215 840 Verum
1229 818 1255 840 et
1265 814 1343 840 aliam
1355 822 1385 840 ex
1400 813 1542 848 Scripturis
1556 820 1662 840 causam
1675 812 1770 840 afferre
1783 813 1909 840 conabor.

1118 859 1208 891 Qualis
1221 866 1282 885 vero
1296 859 1352 886 luce
1364 859 1424 885 est?
1438 858 1476 885 Ne
1489 858 1607 885 dicamus
1619 865 1668 885 nos
1682 858 1714 884 ad
1726 858 1847 885 eamdem
1859 859 1911 884 vir-

1119 910 1201 932 tutetu
1221 905 1332 937 invitati,
1348 905 1458 932 alterius
1473 909 1574 931 naturas
1588 904 1728 938 participes
1744 904 1801 930 illos
1818 904 1910 936 fuis~c,

1119 955 1164 977 aut
1177 951 1298 977 homines
1311 957 1363 977 uon
1377 950 1467 978 fuisse.
1494 949 1595 977 Idcirco
1619 949 1724 984 quidam
1750 949 1785 976 de
1811 957 1908 975 nuaan-t

1119 996 1230 1030 loquens
1246 995 1329 1028 Helia,
1343 995 1381 1023 sic
1395 996 1479 1030 inquit
1493 1004 1499 1021 :
1516 994 1604 1022 Helias
1618 995 1692 1021 homo
1707 999 1761 1021 erat
1775 995 1800 1021 in
1815 995 1912 1028 parit-oc

1119 1042 1191 1068 nibus
1204 1041 1292 1068 similis
1305 1041 1376 1067 nobis
1388 1040 1488 1076 (Iacob.
1502 1040 1593 1074 5.17).
1607 1040 1687 1067 Vides
1698 1039 1767 1074 quod
1782 1047 1795 1065 a
1811 1040 1913 1074 passin-

1120 1094 1183 1112 uum
1206 1086 1393 1113 communione
1412 1085 1577 1112 demonstrat
1599 1086 1684 1119 ipsum
1704 1085 1837 1112 hominem
1853 1092 1912 1111 esxe

1120 1136 1149 1158 ut
1164 1132 1231 1158 nos?
1246 1131 1279 1158 Et
1291 1131 1385 1158 iterum
1402 1139 1408 1157 ί
1423 1130 1523 1158 Etenim
1538 1139 1584 1166 ego
1598 1131 1672 1158 homo
1685 1139 1742 1157 sum
1756 1132 1782 1158 in
1795 1132 1912 1166 patiendo

1119 1176 1187 1203 vobis
1200 1176 1289 1203 similis
1302 1177 1311 1211 (
1324 1176 1439 1211 Sapient.
1455 1177 1481 1203 7.
1496 1177 1508 1204 1
1522 1176 1542 1211 ).
1559 1177 1592 1204 Et
1607 1177 1657 1204 hoc
1670 1182 1772 1203 natura:
1791 1184 1912 1203 contam-

1121 1225 1227 1252 nionem
1238 1224 1360 1259 spondet.
1375 1224 1407 1251 Ut
1417 1229 1504 1251 autem
1516 1224 1603 1251 discas
1616 1231 1676 1251 eum
1688 1223 1732 1251 hic.
1741 1223 1837 1251 docere
1847 1231 1913 1257 quos

1121 1274 1241 1304 oporteat
1256 1274 1347 1304 putare
1361 1270 1462 1301 beatos,
1477 1268 1501 1296 id
1515 1269 1576 1296 inde
1588 1269 1689 1295 clarum
1701 1273 1742 1295 est
1754 1277 1760 1295 :
1772 1276 1832 1296 eum
1842 1270 1913 1295 enim

1121 1315 1236 1342 audieris
1257 1315 1365 1342 Paulum
1388 1315 1536 1347 dicentem,
1554 1313 1638 1349 Usque
1651 1314 1678 1340 in
1698 1314 1763 1340 hanc
1783 1314 1871 1340 horam
1890 1319 1914 1340 et

1122 1362 1254 1394 esurimus,
1269 1366 1291 1388 et
1305 1361 1412 1393 sitimus,
1423 1366 1445 1388 et
1460 1361 1521 1387 nudi
1536 1368 1632 1392 sumus,
1646 1364 1668 1386 et
1680 1360 1880 1394 colapltizamur,
1890 1364 1914 1386 et

1122 1408 1250 1435 instabiles
1262 1415 1358 1438 sumus,
1368 1411 1391 1433 et
1405 1406 1547 1433 laboramus
1558 1405 1588 1440 (Ι.
1600 1405 1658 1432 Cor.
1667 1406 1693 1433 4.
1702 1405 1745 1440 ll)
1758 1414 1766 1438 ;
1779 1410 1815 1438 et,
1834 1406 1914 1438 Quem

1122 1454 1204 1489 diligit
1213 1453 1349 1485 Dominus,
1363 1453 1468 1487 castigat
1480 1460 1488 1478 :
1500 1452 1614 1487 ﬂagellat
1626 1456 1709 1478 autent
1723 1459 1820 1478 omnem
1826 1443 1867 1485 'ﬁl.
1874 1459 1913 1476 um

1121 1507 1194 1535 quem
1208 1499 1312 1532 suscipit
1328 1497 1417 1533 (Hebr.
1433 1497 1476 1524 η.
1491 1497 1538 1531 6);
1554 1501 1656 1523 certum
1671 1500 1712 1522 est
1725 1503 1784 1527 nos,
1801 1503 1853 1521 non
1867 1503 1914 1521 eos

1123 1546 1167 1580 qui
1183 1546 1208 1572 in
1223 1547 1311 1580 quiete
1325 1545 1434 1579 degunt,
1449 1543 1494 1570 sed
1511 1550 1557 1570 eos
1570 1543 1614 1578 qui
1632 1547 1739 1576 propter
1753 1541 1835 1568 Deum
1848 1541 1914 1567 allii-

1123 1597 1221 1627 guntur
1242 1595 1269 1618 et
1290 1595 1421 1618 vexantur
1434 1611 1442 1623 ,
1464 1589 1564 1624 quique
1584 1589 1709 1615 virtutem
1735 1587 1914 1621 pietatemque

1123 1637 1214 1664 colunt
1226 1636 1378 1663 laudaturos
1389 1640 1415 1662 et
1426 1634 1598 1661 :emulaturos
1609 1640 1679 1660 esse.
1696 1631 1740 1658 Sic
1747 1635 1773 1658 et
1781 1631 1913 1666 Propln-ta

1124 1682 1188 1709 dicit
1203 1691 1208 1708 :
1225 1681 1335 1708 Dextera
1350 1681 1461 1716 ipsorum
1475 1680 1578 1706 dextera
1592 1678 1742 1713 iniquitatis,
1755 1677 1816 1712 ﬁlim
1831 1685 1914 1702 eorum

1124 1728 1277 1763 composites,
1295 1727 1502 1759 circumarnatat,
1516 1730 1542 1752 ut
1556 1724 1694 1752 similitudo
1709 1723 1805 1758 templi.
1824 1722 1915 1748 Prom-

1125 1775 1225 1811 ptuaria
1244 1783 1330 1801 eorum
1344 1774 1419 1809 plena
1430 1793 1438 1805 ,
1452 1773 1593 1800 eructantia
1607 1780 1638 1798 ea:
1652 1772 1698 1798 hoc
1717 1772 1742 1797 in
1757 1770 1822 1797 illud
1837 1778 1846 1796 :
1860 1778 1915 1796 ores

1124 1830 1210 1849 eorum
1226 1823 1313 1856 fetam
1323 1841 1329 1851 ,
1345 1819 1500 1847 abundantes
1513 1819 1540 1845 in
1554 1818 1692 1853 egressibus
1704 1817 1757 1844 suis
1768 1838 1775 1848 ,
1789 1817 1863 1843 boves
1875 1825 1916 1842 ro.

1124 1875 1180 1893 rum
1198 1873 1299 1893 crasste.
1316 1864 1377 1891 Non
1392 1869 1427 1891 est
1441 1866 1515 1891 ruina
1529 1863 1643 1890 mat-erile
1657 1884 1664 1896 ,
1680 1871 1757 1897 neque
1775 1862 1896 1888 transitus
1907 1881 1914 1893 ,

1125 1920 1203 1947 neque
1221 1911 1316 1937 clamor
1331 1910 1357 1936 in
1370 1909 1459 1944 plateis
1471 1917 1566 1936 eorum.
1589 1907 1692 1934 Beatum
1705 1907 1824 1933 dixirunt
1838 1915 1916 1942 popu-

1125 1959 1179 1984 lum
1190 1957 1231 1985 cui
1246 1957 1300 1983 haec
1317 1960 1373 1983 sunt
1400 1955 1409 1991 (
1424 1954 1493 1981 Psal.
1511 1954 1571 1981 MS.
1588 1954 1671 1980 H45
1685 1954 1702 1987 ).
1721 1955 1760 1981 Tu
1773 1962 1837 1980 vero
1851 1953 1916 1979 tua.

1126 2003 1205 2038 pheta
1220 2002 1283 2037 qttid
1295 2001 1380 2028 dicis?
1396 2000 1487 2027 Beatus
1497 1999 1605 2034 ,'iuquit
1615 2020 1622 2031 ,
1639 1999 1761 2033 populus,
1775 1998 1851 2032 cujus
1870 1997 1918 2023 Do.

1125 2050 1207 2075 minus
1222 2048 1288 2075 Deus
1303 2048 1357 2082 ejus
1371 2046 1446 2083 (lb-v
1456 2065 1462 2071 .
1476 2046 1533 2079 i5).
1549 2044 1605 2072 Non
1620 2044 1738 2078 pecuniis
1751 2043 1917 2075 affluentem,

1125 2095 1173 2122 sed
1189 2095 1287 2129 pietate
1299 2098 1440 2123 ornatum,
1457 2092 1525 2118 hunc
1539 2098 1586 2125 ego
1603 2090 1707 2117 beatum
1722 2094 1795 2123 puto.
1816 2089 1917 2123 inquit,

1125 2140 1174 2168 etsi
1190 2141 1329 2167 innumera
1341 2139 1453 2172 patiatur
1465 2137 1543 2164 mala.
1557 2136 1583 2163 Si
1596 2143 1659 2162 vero
1669 2139 1773 2170 oportet
1784 2140 1807 2162 et
1821 2143 1917 2162 nonam

1125 2187 1213 2213 dicere
1228 2193 1352 2217 causam,
1370 2183 1433 2211 illud
1448 2183 1545 2210 addere
1560 2190 1697 2217 possemus
1710 2202 1716 2213 ,
1732 2181 1802 2216 quod
1823 2182 1919 2216 proba-

1126 2234 1207 2260 tiores
1221 2231 1355 2259 tribulatio
1375 2230 1451 2257 faciat
1465 2229 1613 2256 tribulatos.
1638 2227 1775 2254 Tribulutio
1790 2227 1859 2253 enim
1875 2235 1919 2260 pa-

1125 2279 1237 2306 tientiam
1252 2281 1371 2312 operatur
1381 2297 1388 2308 ,
1403 2275 1523 2310 patientia
1536 2282 1592 2301 vero
1605 2273 1774 2309 probationem
1785 2293 1791 2302 .
1807 2272 1919 2306 probatio

1126 2330 1209 2351 autem
1224 2331 1311 2358 spem,
1327 2330 1383 2357 spes
1396 2329 1452 2348 vero
1465 2329 1515 2347 non
1528 2319 1660 2355 confundit
1674 2318 1759 2353 (liam.
1816 2319 1918 2353 5—5).

1127 2370 1208 2397 Vides
1221 2368 1291 2404 quod
1306 2375 1340 2394 ex
1358 2366 1527 2394 tribulatione
1542 2365 1662 2399 probatio
1677 2364 1825 2391 futurorqu
1845 2370 1919 2397 spem

1129 2415 1205 2442 nobis
1217 2413 1312 2441 allerat
1323 2434 1331 2446 ,
1347 2417 1374 2440 et
1387 2413 1413 2439 in
1429 2411 1617 2439 teutaliouibus
1632 2417 1739 2436 manere
1751 2430 1758 2440 ,
1775 2409 1809 2436 dc
1827 2409 1920 2436 futuris

1127 2462 1195 2488 bene
1209 2467 1318 2495 sperare
1333 2459 1428 2486 faciat?
1444 2458 1532 2492 Itaque
1545 2465 1597 2484 non
1613 2461 1712 2484 temere
1725 2455 1858 2488 dicebam,
1875 2455 1919 2482 has

1128 2507 1312 2534 tribulationes
1327 2504 1528 2533 resurrectionis
1545 2511 1619 2538 spem
1636 2503 1712 2530 nobis
1726 2503 1878 2536 tit-signare,
1895 2507 1919 2528 et

1128 2556 1237 2580 vexatos
1256 2551 1379 2578 meliores
1393 2550 1510 2578 efﬁcere.
1527 2548 1756 2582 Quemadmodum
1771 2547 1843 2574 enim
1855 2568 1861 2578 ,
1880 2548 1918 2574 in-

1128 2598 1201 2633 quit,
1216 2597 1241 2624 in
1257 2596 1364 2624 fornace
1376 2603 1468 2622 aurum
1484 2595 1650 2622 examinatur
1660 2614 1667 2626 ,
1683 2593 1722 2620 sic
1737 2598 1764 2620 et
1779 2593 1862 2619 homo
1875 2601 1916 2618 ac-

1128 2647 1221 2678 ceptus
1231 2643 1257 2670 in
1269 2641 1457 2669 Itumiliationis
1468 2640 1573 2667 camino
1584 2639 1675 2674 (Eccli.
1685 2638 1713 2665 ἓ.
1725 2637 1763 2673 5).
1777 2638 1918 2665 Possumus

1129 2695 1156 2717 et
1169 2689 1302 2718 decimam
1313 2688 1401 2715 dicere
1411 2694 1528 2714 causam.
1544 2687 1653 2719 Qualem
1663 2692 1727 2712 vero
1738 2684 1824 2712 hanc?
1837 2685 1917 2717 Quam

1129 2740 1155 2762 et
1164 2736 1219 2769 jam
1230 2734 1327 2768 smpius
1337 2733 1392 2760 dixi
1401 2733 1522 2767 superius
1532 2753 1538 2764 ,
1549 2731 1621 2767 quod
1632 2731 1653 2758 si
1664 2730 1768 2766 aliquas
1776 2730 1919 2757 habeamus

1129 2780 1256 2812 maculas,
1269 2783 1295 2806 et
1307 2778 1349 2805 hic
1359 2785 1404 2805 eas
1417 2778 1591 2811 deponemus.
1606 2777 1637 2803 Et
1648 2776 1698 2804 hoc
1711 2775 1862 2810 patriarcha
1874 2774 1919 2800 de-

1129 2827 1232 2853 claraus
1251 2824 1285 2851 ad
1301 2824 1409 2851 divitem
1423 2823 1527 2850 dicebat
1542 2831 1548 2848 :
1565 2822 1689 2857 quoniam
1704 2821 1817 2847 Lazarus
1829 2819 1920 2854 recepit

1130 2880 1176 2899 sua
1191 2871 1259 2898 mala
1272 2891 1279 2904 ,
1295 2870 1362 2897 unde
1375 2869 1569 2897 consolationem
1585 2868 1675 2903 accipit
1691 2868 1700 2902 (
1715 2867 1776 2893 Luc.
1794 2867 1837 2894 Η.
1855 2867 1890 2894 9.5
1902 2867 1918 2891 1.
