1984 3110
115 150 146 201 El
586 163 632 192 AD
650 158 812 191 POPULUM
833 157 1077 187 ANTIOCHENU.“
1111 159 1223 187 IIOMIL.
1241 161 1264 188 l.
1709 159 1744 186 '50

116 231 145 257 Et
158 231 246 263 prtcter
259 225 330 253 hanc
344 224 428 251 aliam
440 229 532 251 rursus
547 220 707 249 invenimus.
725 218 853 253 Qualem?
867 216 902 244 Ut

115 281 210 302 eurotam
226 276 254 300 et
274 270 385 306 prmmia
406 269 483 297 nobis
502 273 648 303 augeantur
664 276 670 293 :
687 269 815 301 quantum
830 263 900 291 enim

117 318 290 347 tribulationes
313 315 509 347 intenduntur,
531 318 632 340 tantum
660 316 687 339 ct
713 310 902 338 retributiones

116 365 275 399 :unpliantnr,
293 363 347 389 imo
361 367 428 389 vero
442 365 470 388 et
485 359 567 386 multo
586 358 644 393 plus
662 365 667 384 :
686 355 747 383 Non
761 356 828 383 enim
839 363 901 381 con-

116 411 189 445 digne
197 414 256 436 sunt
266 408 398 442 passiones
407 407 484 441 hujus
495 405 613 439 temporis
621 403 654 430 ad
664 405 775 438 futuram
783 401 900 436 gloriam,

115 463 164 488 quia
174 454 324 481 revelabitur
337 453 365 479 in
384 452 455 478 nobis
470 451 555 485 (Itoni.
571 449 596 477 8.
612 448 667 483 lS).
681 447 732 474 Tot
745 446 824 481 igitur
837 453 902 473 cau-

116 509 153 529 sas
167 501 298 528 habentes
310 499 345 527 de
358 503 511 526 sanctorum
526 496 668 523 afﬂictione
680 493 816 526 dicendas,
829 501 862 519 ne
875 492 902 519 in

115 545 299 574 tentationibus
311 544 490 579 indignemur,
503 550 537 569 ne
547 540 738 576 angustiemur,
750 546 784 565 ne
797 542 900 572 pertur-

115 594 208 624 bentur,
219 590 268 618 sed
282 595 312 618 et
323 590 372 625 ipsi
387 593 492 616 nostros
504 588 664 615 instruamus
676 585 788 617 animos,
800 587 826 611 et
836 583 903 610 alios

115 638 166 665 huc
175 638 332 664 doceamus.
355 635 390 662 Et
409 635 432 661 si
446 633 544 661 videris
558 631 694 659 hominem
709 630 736 657 in
750 630 846 656 virtute
861 628 903 655 vi-

115 688 226 714 ventem,
246 680 449 715 philosdphiam
471 681 616 705 sectantem
629 697 636 709 ,
655 675 805 710 placentem
826 674 881 700 Deo
894 693 902 706 ,

115 733 195 762 postea
215 727 361 753 innumera
377 726 519 759 patientem
533 722 601 749 mala
615 743 622 755 ,
640 726 675 748 ne
693 718 883 747 scandalizeris
895 739 902 752 ,

115 774 200 801 dilecte
214 781 221 799 :
235 777 262 799 et
277 772 302 799 si
316 771 416 798 videris
436 770 552 805 aliquem
569 766 751 803 spiritualibus
765 769 902 792 vacantem

114 820 228 854 operibus
240 840 247 852 ,
265 823 298 846 et
314 817 413 852 aliquid
428 816 492 843 utile
509 814 695 850 expediturum
708 833 715 844 ,
731 816 823 846 postea
839 818 903 845 sup-

115 868 262 901 p’antatum,
280 872 317 891 ne
332 861 504 898 perturberis.
515 860 619 888 Etenim
633 858 692 886 novi
701 857 797 884 multos
807 856 904 890 smpius

114 912 167 939 tilia
179 915 335 946 quaerentes
351 919 358 936 :
372 908 430 941 Ille,
445 907 577 942 inquiunt,
591 905 624 933 ad
637 904 793 939 martyrium
808 902 845 937 (η)
859 909 904 936 pe-

115 957 250 991 regrinatus
263 977 272 988 ,
299 954 460 990 pauperibus
478 952 602 988 pecunias
625 950 778 986 perlercns,
795 949 821 976 in
837 956 904 975 nau-

114 1002 215 1036 fragium
230 1001 338 1033 incidit,
355 1004 382 1027 et
395 999 485 1026 amisit
497 997 585 1025 omnia
603 1005 609 1024 :
626 997 694 1023 alter
714 1002 817 1022 rursum
834 993 904 1021 idem

113 1047 218 1078 faciens,
233 1047 258 1072 in
274 1046 395 1072 latrones
408 1044 517 1075 incidit,
531 1047 557 1070 et
571 1042 614 1068 vix
628 1041 742 1068 animam
757 1047 831 1067 suam
846 1047 904 1066 ser-

114 1093 194 1124 vavit,
210 1091 304 1118 nudus
328 1090 389 1117 inde
407 1088 557 1116 discedens.
578 1087 645 1120 Quid
666 1087 745 1120 igitur
764 1085 906 1112 dicemus?

114 1137 184 1170 Quod
202 1137 305 1163 horum
320 1136 393 1163 nullo
412 1134 510 1162 tristari
525 1137 655 1168 oporteat.
679 1131 734 1158 Etsi
749 1131 819 1158 cnim
837 1138 904 1158 nau-

112 1183 214 1218 fragium
225 1182 305 1215 fecit,
315 1182 395 1209 habet
403 1185 491 1208 tamen
500 1180 608 1215 justitia:
617 1179 731 1205 fructum
741 1177 886 1212 perfectum
897 1185 904 1203 :

110 1236 152 1256 ina
164 1229 233 1256 enim
246 1235 342 1255 omnia
357 1227 488 1262 implevit,
502 1225 608 1260 collegit
623 1224 758 1259 pecunias,
772 1223 904 1257 deposuit,

110 1282 165 1301 cum
185 1273 337 1307 recepisset
348 1293 355 1304 ,
374 1271 482 1303 abibat,
500 1269 737 1305 peregrinationem
757 1267 881 1302 attigerat
898 1275 904 1292 :

111 1318 270 1354 naufragium
279 1324 348 1344 vero
354 1317 387 1344 de
396 1316 498 1351 reliquo
507 1323 558 1342 non
568 1315 601 1342 dc
611 1314 694 1348 ipsius
703 1313 752 1340 fuit
761 1312 903 1340 sententia.

110 1363 158 1390 Sed
179 1370 263 1398 quare
284 1362 340 1389 hoc
365 1362 437 1389 Deus
455 1359 597 1395 permisit?
618 1359 650 1387 Ut
672 1359 741 1385 hunc
758 1362 905 1392 spectatum

110 1409 254 1436 exhiberet.
273 1408 308 1434 At
324 1414 466 1442 pauperes,
484 1405 578 1440 inquit,
594 1404 688 1439 privati
700 1409 761 1431 sunt
776 1403 903 1438 pecuniis.

113 1455 165 1482 Non
185 1459 259 1481 tanta
281 1453 447 1488 pauperibus
462 1459 525 1478 cura
546 1456 572 1478 tu
591 1449 727 1485 provides,
746 1453 843 1484 quanta
861 1448 906 1482 qni

110 1500 167 1528 facit
184 1507 232 1527 eos
253 1500 329 1527 Deus
350 1507 357 1524 :
381 1498 430 1525 etsi
453 1498 523 1524 enim
545 1497 586 1523 his
607 1495 700 1530 privati
718 1499 797 1525 sunt,
818 1498 907 1521 tamen

110 1546 211 1574 aliunde
227 1549 321 1580 potest.
337 1545 467 1578 majorem
480 1550 558 1577 oputn
573 1541 741 1569 occasionem
758 1540 822 1574 ipsis
837 1546 907 1574 prae-

110 1591 168 1618 bere
173 1612 179 1618 .

143 1637 185 1664 l0.
206 1635 246 1663 Nc
262 1635 347 1670 igitur
359 1638 495 1670 gestorum
512 1633 628 1660 rationes
640 1631 674 1658 ab
689 1638 722 1659 eo
735 1635 887 1666 repetamus
899 1651 907 1662 ,

110 1683 153 1710 sed
168 1683 192 1709 in
207 1682 338 1709 omnibus
354 1688 416 1708 eum
431 1679 612 1715 gloriﬁcemus
625 1688 631 1706 :
647 1686 699 1706 non
717 1678 788 1705 enim
806 1678 907 1712 impru-

110 1729 199 1756 denter
213 1732 241 1756 et
256 1732 366 1754 temere
382 1726 444 1753 talia
457 1733 528 1760 sarpe
541 1725 599 1752 ﬁeri
614 1724 761 1759 permittit,
783 1723 829 1751 sed
847 1731 907 1750 cum

111 1782 139 1801 ex
154 1774 193 1800 his
207 1772 335 1808 pecuniis
357 1771 567 1798 consolationem
588 1770 725 1796 habituros
748 1776 802 1796 non
821 1769 908 1803 despi-

111 1820 158 1846 ciat
169 1840 176 1852 ,
190 1826 286 1846 verum
302 1817 371 1852 ipsis
385 1817 465 1843 aliam
479 1824 529 1850 pro
545 1815 586 1842 his
602 1815 720 1842 alimenti
741 1815 908 1842 occasionem

112 1865 240 1898 prmbeat,
255 1863 341 1890 etiam
357 1861 523 1896 naufragium
535 1868 641 1895 passum
656 1859 835 1894 probatiorem
850 1858 908 1886 ch-

111 1911 163 1943 cit,
178 1910 370 1944 majorcmque
383 1908 433 1942 ipsi
449 1911 524 1942 parat
538 1906 688 1934 mercedem
711 1915 718 1933 :
737 1905 820 1932 multo
838 1904 909 1931 enim

110 1956 192 1990 majus
205 1962 248 1982 es:
260 1975 267 1986 ,
285 1961 370 1989 quam
394 1953 593 1988 elcemosynam
615 1951 679 1978 dare
691 1971 699 1984 ,
720 1950 790 1986 quod
814 1950 910 1977 talibus

110 2001 217 2028 obrutus
230 2000 352 2035 negotiis
366 1999 421 2026 Deo
435 1998 533 2033 gratias
547 2002 617 2032 agat.

142 2045 264 2072 Fructum
276 2053 311 2072 ea:
329 2044 451 2078 patientia
461 2043 565 2079 perinde
572 2048 646 2077 alque
653 2050 684 2069 ex
694 2042 849 2076 eleemosyna
859 2049 912 2067 mc-

111 2091 229 2117 timur.—
237 2091 299 2117 Non
311 2090 385 2116 enim
403 2093 504 2116 tantum
519 2096 579 2123 qua:
590 2095 637 2123 per
649 2087 846 2122 elcemosynam
862 2086 910 2113 da-

111 2138 230 2170 mus,scd
242 2141 272 2164 ct
281 2145 328 2168 ea,
337 2136 435 2170 quibus
443 2135 477 2163 ab
484 2135 543 2162 aliis
552 2134 659 2170 spoliari
674 2134 778 2162 fortiter
791 2133 910 2164 ferimus.

111 2184 218 2210 multum
228 2183 310 2210 nobis
318 2182 434 2208 fructum
443 2181 567 2208 all‘crunt.
576 2181 608 2207 Et
616 2185 645 2207 ut
652 2180 739 2207 discas
750 2179 800 2206 hoc
809 2179 854 2206 illo
861 2187 913 2206 ma-

112 2230 150 2263 jus
157 2237 228 2262 esse,
239 2237 272 2256 ex
288 2229 324 2255 iis
334 2235 396 2262 quur
404 2227 454 2254 Job
462 2227 644 2261 contigerunt,
657 2225 708 2253 hoc
720 2225 813 2252 faciam
827 2224 913 2251 mani-

110 2274 214 2301 festum.
227 2274 277 2301 Ille
289 2272 401 2308 quando
415 2272 540 2306 pecunias
554 2271 681 2306 possedit,
694 2270 796 2304 aperuit
806 2269 913 2296 domum

112 2321 272 2355 pauperibus
285 2339 294 2351 ,
312 2324 341 2346 et
358 2319 448 2345 omnia
459 2325 517 2352 qua:
529 2317 644 2344 habebat
657 2316 834 2350 elargiebatur
848 2324 854 2342 :
869 2315 914 2342 sed

112 2374 160 2394 non
170 2371 229 2394 erat
238 2372 295 2393 tam
309 2365 433 2396 illustris,
443 2363 548 2399 quando
556 2362 718 2398 pauperibus
728 2361 836 2388 domum
850 2368 915 2395 ape-

112 2413 180 2444 ruit,
194 2419 279 2446 quam
294 2418 360 2438 cum
375 2411 460 2444 ipsam
475 2409 603 2436 cecidisse
616 2409 727 2435 audiens
748 2415 802 2435 non
828 2408 917 2441 inique

114 2459 179 2485 tulit.
192 2458 253 2485 Non
265 2462 331 2484 erat
341 2462 394 2484 tant
409 2456 536 2489 illustris,
548 2455 654 2489 quando
664 2462 697 2481 ex
709 2454 796 2480 ovium
810 2458 916 2480 tonsura

113 2505 194 2532 nudos
209 2504 327 2532 vestivit.
339 2523 348 2536 ,
370 2510 452 2537 quam
475 2502 523 2529 fuit
539 2502 627 2529 clarus
646 2506 673 2528 et
690 2505 823 2535 spectatus
836 2520 843 2532 ,
858 2507 917 2527 cum

111 2551 222 2578 audiens
237 2551 334 2585 ignem
351 2548 483 2576 cecidisse
495 2569 502 2580 ,
522 2552 550 2575 et
570 2554 664 2582 greges
681 2553 774 2573 onmcs
796 2553 920 2572 consum-

110 2596 212 2631 psisse,
227 2595 339 2631 gratias
350 2595 414 2629 egit.
427 2593 503 2620 Tunc
515 2593 646 2620 humanus
661 2591 747 2618 fuerat
761 2612 768 2623 ,
784 2598 855 2618 nunc
871 2590 920 2617 fuit

131 2642 294 2676 hilusophus
311 2650 318 2667 :
337 2645 402 2667 tunc
413 2646 560 2674 pauperum
578 2637 767 2669 miserebatur,
785 2644 854 2662 nunc
870 2636 920 2662 Dn-

119 2688 186 2716 uino
200 2687 307 2722 gratias
321 2685 429 2719 agebat.
446 2684 500 2711 Nec
513 2684 580 2710 intra
594 2690 623 2710 se
636 2683 703 2709 dixit
714 2703 721 2713 ,
733 2681 800 2715 Quid
815 2680 920 2707 tandem

125 2741 164 2759 mc
184 2734 251 2759 est?
271 2739 374 2766 greges
398 2730 548 2763 consumpti
568 2733 649 2760 sunt,
673 2727 769 2762 quibus
792 2726 922 2753 iunium-ri

119 2785 248 2811 pauperes
276 2777 426 2804 alebantur
440 2785 447 2802 :
463 2775 512 2802 etsi
527 2782 577 2810 ego
591 2773 713 2808 indignus
728 2780 801 2800 eram
817 2772 866 2798 hac
881 2780 917 2798 re-

153 2843 188 2873 (a)
203 2842 242 2868 Ad
255 2839 422 2873 martyrium,
437 2845 480 2862 seu
503 2838 532 2862 ad
554 2838 695 2873 ecclesiamr
706 2841 847 2873 martyrum:
874 2836 917 2871 llol

126 2867 186 2897 item.
194 2874 300 2897 nomine
311 2867 387 2900 appet
393 2870 487 2894 labatur
493 2870 610 2899 templum
618 2867 749 2893 Salvatoris
755 2869 765 2892 J
771 2867 900 2898 ct‘o'solynxi
907 2881 924 2892 π.

954 223 1013 243 runt
1027 216 1076 243 frui
1089 216 1165 251 copia
1178 237 1184 249 ,
1200 216 1294 243 saltem
1308 220 1416 252 propter
1427 223 1518 245 earum
1531 223 1670 247 consortes
1685 226 1746 254 par-

953 265 1067 293 ccndum
1080 270 1146 294 erat.
1162 266 1215 294 Sed
1228 266 1294 294 nihil
1307 266 1401 294 horum
1416 267 1457 294 vel
1468 267 1534 294 dixit
1547 268 1589 296 vel
1599 268 1725 303 cogitavit
1738 277 1744 296 :

955 317 1032 340 norat
1043 314 1114 341 enim
1131 315 1214 341 Deum
1226 314 1315 341 omnia
1329 314 1428 341 utiliter
1442 314 1651 349 dispensantem.
1669 314 1702 341 Et
1718 321 1746 342 ut

954 360 1024 387 scias
1045 367 1106 387 eum
1125 360 1230 394 gravius
1251 363 1342 394 postea
1362 358 1456 386 vulnus
1476 360 1596 388 intulisse
1616 360 1724 388 diabolo
1737 381 1744 393 ,

954 413 1015 433 cum
1029 406 1156 440 spoliatus
1170 405 1268 441 gratias
1280 406 1332 440 egit
1347 426 1354 437 ,
1373 412 1452 440 quam
1467 412 1526 432 cum
1543 406 1682 440 possidens
1694 407 1744 434 nti-

958 459 1105 486 seraretur,
1112 453 1221 481 adverte
1227 455 1298 489 quod
1307 454 1416 489 quando
1431 454 1596 488 possidebat,
1605 455 1743 489 suspicio-

958 506 1017 526 nem
1027 499 1170 534 quamdam
1179 499 1271 527 habuit
1280 500 1404 527 diabolus
1413 508 1419 525 :
1427 499 1592 532 etsifalsam,
1602 500 1695 527 habuit
1706 504 1747 527 Ia-

958 553 1019 572 mcn
1032 545 1103 572 unde
1120 545 1236 573 diceret:
1251 545 1323 572 Num
1343 547 1426 581 gratis
1447 551 1470 574 te
1490 546 1552 573 colit
1563 545 1614 573 Job
1629 545 1701 582 (Job.
1716 547 1742 573 l.

956 589 997 622 9)?
1007 590 1151 621 Postquam
1161 599 1223 618 vero
1236 593 1327 619 omnia
1338 592 1459 623 abstulit,
1472 597 1498 619 et
1510 593 1597 624 ipsum
1612 592 1743 619 omnibus

956 631 1078 667 spoliavit
1091 652 1097 665 ,
1110 636 1137 659 et
1147 636 1235 659 tamen
1249 631 1369 659 eamdem
1384 632 1405 658 is
1419 639 1480 666 erga
1495 632 1576 658 Dcum
1590 631 1749 659 benevolen-

956 682 1019 706 tiam
1033 679 1168 711 servavit,
1186 683 1247 705 tunc
1262 678 1369 705 demmn
1384 678 1548 705 obstructutn
1563 682 1604 705 est
1618 685 1648 705 os
1666 678 1749 712 impu-

956 725 1021 752 dens
1034 746 1041 757 ,
1055 730 1082 752 ct
1101 725 1166 752 nihil
1184 724 1296 759 amplius
1319 723 1388 758 quod
1415 724 1514 751 diceret
1537 724 1651 751 habebat
1666 734 1672 750 :
1689 732 1749 751 natn

956 771 1120 805 splendidior
1133 779 1212 806 quant
1229 771 1302 806 prius
1317 771 1472 806 cratjustus
1491 771 1535 798 ille
1554 771 1602 798 vir.
1622 771 1750 798 Omnibus

957 817 1028 843 cuitu
1043 818 1172 850 privatum
1187 837 1194 849 ,
1210 824 1338 852 generose
1352 821 1378 844 et
1398 824 1458 843 cum
1480 817 1622 850 gratiarum
1646 817 1751 844 actione

956 861 1027 889 ferre
1040 862 1122 888 multo
1139 862 1223 896 majus
1237 866 1295 895 cst,
1311 869 1389 896 quam
1405 862 1430 888 in
1445 861 1545 889 divitiis
1558 861 1697 896 degentem
1714 861 1752 888 fa-

957 915 1019 935 ccre
1034 908 1230 943 elcemosynam
1247 928 1253 940 ,
1273 908 1342 935 sicut
1355 912 1382 935 et
1396 908 1423 935 in
1436 907 1487 935 hoc
1497 909 1570 942 justo
1583 908 1751 935 demonstra-

959 958 1013 980 tum
1035 957 1087 981 est.
1105 954 1180 980 Tunc
1203 954 1284 980 multa
1305 953 1331 980 in
1349 960 1493 981 conservos
1513 953 1562 980 fuit
1583 953 1751 988 benignitas,

957 1007 1029 1026 nunc
1050 1007 1160 1033 magnus
1180 999 1205 1025 in
1227 999 1366 1026 Dominum
1382 1006 1457 1026 amor
1473 999 1658 1026 exhibebatur.
1679 999 1754 1026 llttnc

959 1052 1021 1071 vero
1038 1051 1090 1071 non
1111 1048 1212 1071 temere
1230 1051 1381 1071 sermonem
1402 1045 1538 1076 extendo;
1555 1043 1605 1078 scd
1628 1044 1752 1078 quoniam

958 1091 1033 1118 multi
1049 1090 1146 1125 srcpins
1158 1090 1201 1125 qui
1215 1090 1398 1125 elcemosynas
1410 1093 1551 1124 crogarent
1564 1111 1571 1122 ,
1588 1089 1681 1116 viduas
1696 1089 1753 1116 ale-

958 1142 1036 1169 rent,
1051 1137 1122 1164 omni
1136 1137 1282 1164 substantia
1303 1136 1436 1172 dispoliati
1456 1140 1540 1163 sunt:
1561 1135 1604 1162 alii
1627 1135 1750 1162 incendio

958 1183 1048 1211 omnia
1063 1183 1229 1215 amiserunt,
1251 1181 1295 1208 alii
1319 1182 1345 1208 in
1368 1180 1504 1216 naufragia
1525 1180 1671 1208 inciderunt
1687 1201 1694 1212 ,
1709 1180 1752 1206 alii

958 1228 1117 1260 calumniis,
1138 1232 1165 1254 et
1188 1227 1284 1254 talibus
1300 1226 1438 1261 quibusvis
1459 1225 1562 1260 injuriis
1582 1230 1640 1259 post
1657 1225 1754 1251 multas

959 1275 1145 1309 clcemosynas
1159 1274 1184 1300 in
1199 1276 1344 1300 extremam
1358 1271 1458 1299 redacti
1474 1275 1536 1298 sunt
1555 1270 1706 1305 pauperiem
1726 1276 1755 1298 et

962 1319 1144 1347 infirmitatem
1170 1323 1197 1345 ct
1221 1317 1424 1352 :vgritudincm,
1450 1320 1476 1344 ct
1501 1324 1515 1343 a
1541 1315 1646 1343 nemine
1673 1315 1754 1342 ullum

959 1365 1046 1400 adepti
1060 1369 1122 1392 sunt
1134 1364 1273 1391 auxilium.
1288 1363 1326 1390 Nc
1338 1363 1417 1397 igitur
1431 1363 1549 1389 dicamus
1562 1383 1568 1395 ,
1592 1361 1661 1396 quod
1684 1369 1756 1396 smpti

960 1410 1035 1437 multi
1052 1410 1140 1437 dicunt
1153 1430 1160 1442 ,
1177 1408 1260 1435 Nemo
1271 1409 1407 1444 quidquam
1418 1408 1463 1435 uit
1477 1408 1527 1444 (α),
1549 1407 1685 1435 sufficiunt
1694 1415 1756 1435 om-

960 1457 1003 1484 nia
1017 1464 1098 1490 supra
1111 1456 1180 1483 dicta
1195 1455 1226 1482 ad
1241 1455 1320 1482 talem
1334 1454 1519 1488 expellendum
1539 1454 1752 1489 trepidationem.

960 1503 1007 1530 Ille
1021 1523 1027 1534 ,
1043 1502 1130 1537 inquit
1145 1523 1152 1533 ,
1169 1506 1208 1528 tot
1219 1501 1320 1528 faciens
1332 1501 1516 1535 cleemosynas
1529 1500 1617 1526 omnia
1632 1499 1756 1534 perdidit.

961 1548 1062 1584 Ecquid
1078 1547 1140 1575 illud
1153 1552 1194 1575 est
1208 1568 1215 1580 ,
1231 1547 1319 1574 omnia
1335 1545 1470 1581 perdidit?
1484 1545 1511 1573 Si
1529 1553 1575 1580 pro
1590 1545 1638 1572 hac
1652 1546 1752 1580 gratias

961 1595 1046 1630 egerit
1057 1595 1159 1630 jactura
1174 1615 1181 1627 ,
1197 1594 1280 1621 multo
1295 1593 1422 1628 majorem
1436 1600 1450 1619 a
1465 1592 1519 1619 Deo
1540 1591 1754 1620 benevolentiam

963 1641 1088 1668 hauriet:
1110 1647 1159 1667 nec
1178 1639 1285 1674 duplum
1309 1639 1376 1666 sicut
1395 1638 1464 1670 Job,
1485 1637 1532 1664 sed
1553 1637 1705 1671 centttplum
1729 1637 1755 1664 in

961 1687 1014 1715 vita
1028 1691 1127 1714 interna
1141 1685 1262 1720 recipiet.
1285 1686 1312 1713 Si
1328 1692 1392 1712 vero
1405 1683 1450 1711 hic
1463 1683 1560 1710 malum
1575 1683 1673 1718 patitur
1685 1704 1691 1715 ,
1707 1682 1759 1710 hoc

962 1734 1048 1768 ipsum
1062 1732 1190 1767 majorem
1210 1731 1262 1758 illic
1276 1731 1430 1757 thesaurum
1451 1729 1500 1764 ipsi
1525 1728 1654 1763 prtebebit
1666 1748 1673 1761 ,
1687 1727 1756 1763 quod

962 1787 1091 1815 generose
1103 1777 1193 1805 ontnia
1208 1777 1275 1804 ferat
1291 1786 1296 1803 :
1313 1775 1346 1803 ad
1365 1775 1478 1809 majores
1497 1775 1568 1801 cnim
1590 1774 1676 1809 ipsum
1695 1773 1756 1800 inde

965 1834 1063 1854 vocans
1077 1823 1282 1853 exercitationes
1303 1827 1330 1849 et
1348 1821 1432 1848 luctas
1445 1841 1452 1853 ,
1472 1820 1505 1847 de
1525 1819 1600 1854 copia
1624 1819 1651 1846 in
1672 1827 1758 1854 penu-

964 1873 1030 1900 riam
1046 1871 1163 1898 incidere
1176 1869 1247 1896 Deus
1270 1867 1400 1903 permisit.
1425 1866 1494 1901 Ignis
1514 1866 1639 1900 ingruens
1660 1873 1759 1900 saeptus

963 1919 1071 1945 donmm
1088 1921 1158 1943 tuam
1171 1914 1338 1949 absumpsit,
1349 1917 1375 1940 et
1389 1916 1471 1940 totam
1486 1911 1660 1938 substantiam
1677 1918 1759 1945 popu-

964 1964 1032 1990 latus
1044 1962 1105 1989 est?
1119 1960 1300 1988 Reminiscere
1320 1965 1412 1985 eorum
1431 1965 1490 1992 qua:
1511 1956 1560 1984 Job
1582 1956 1757 1983 acciderunt:

964 2017 1012 2044 age
1027 2007 1126 2043 gratias
1141 2005 1253 2033 Domino
1265 2025 1272 2037 ,
1289 2004 1334 2039 qui
1349 2003 1492 2038 prohibere
1513 2005 1615 2036 poterat
1628 2021 1636 2033 ,
1658 2006 1684 2027 et
1706 2008 1757 2027 non

965 2053 1121 2089 prohibuit:
1142 2055 1170 2078 ct
1193 2054 1293 2077 tantam
1314 2048 1428 2083 recipies
1449 2046 1598 2074 mercedem
1611 2066 1619 2078 ,
1633 2050 1758 2080 quantam

965 2101 986 2127 si
1001 2098 1089 2125 omnia
1105 2097 1147 2123 illa
1164 2096 1190 2123 in
1208 2102 1352 2129 pauperum
1366 2099 1459 2120 manus
1473 2090 1649 2126 reposuisses.
1665 2089 1716 2117 Sed
1734 2089 1759 2116 in

967 2143 1094 2179 pauperie
1106 2142 1196 2176 dcgis,
1213 2145 1239 2167 et
1254 2140 1321 2166 huic
1336 2144 1360 2166 et
1375 2137 1485 2165 infinitis
1501 2135 1645 2171 periculis?
1660 2135 1760 2162 Recoru

966 2191 1030 2217 dare
1040 2187 1132 2216 Lazari
1146 2207 1153 2220 ,
1165 2194 1224 2213 enm
1239 2185 1326 2219 inopia
1339 2188 1366 2211 ct
1377 2183 1489 2210 orbitate
1502 2187 1529 2208 ct
1543 2180 1689 2208 innumeris
1702 2180 1761 2207 aliis

967 2235 1108 2271 pugnantis
1122 2232 1252 2260 molestiis
1265 2252 1271 2262 ,
1287 2235 1313 2257 ct
1333 2230 1390 2256 lucc
1408 2233 1469 2263 post
1490 2227 1613 2254 virtutem
1638 2231 1737 2253 tantam
1754 2235 1760 2254 :

968 2280 1110 2308 recordare
1125 2277 1308 2312 apostolorum
1324 2296 1331 2308 ,
1346 2275 1391 2309 qui
1407 2278 1434 2301 et
1448 2274 1474 2300 in
1487 2273 1556 2300 fame
1577 2278 1604 2299 ct
1625 2272 1651 2298 in
1672 2272 1715 2299 siti
1736 2276 1763 2299 et

1001 2390 1036 2422 (ιι)
1047 2390 1154 2422 Πξεειυι
1166 2396 1196 2413 ex
1209 2384 1373 2422 Chrysostomi
1387 2382 1598 2422 verbis‘argluitnr,
1612 2381 1760 2422 tnttqadagii

969 2414 1038 2447 more
1049 2414 1203 2445 ferebantur
1217 2426 1222 2442 :
1237 2414 1265 2443 ac
1277 2418 1336 2441 licet
1356 2416 1439 2440 Graeca
1462 2414 1588 2447 duplicem
1601 2414 1760 2447 negationem

970 2444 1120 2484 exprimant,
1131 2448 1246 2484 ne_ga_tive
1259 2452 1348 2484 tamcn‘
1362 2445 1578 2484 siuntellgerenda,
1589 2450 1669 2484 nemo

971 2474 1120 2517 adﬂigat}:
1131 2474 1315 2517 :itic'ebaturque
1327 2477 1358 2513 ab
1372 2475 1496 2517 imperitis
1516 2474 1761 2517 rerumdivinalrutu,

971 2505 1215 2546 quincu‘mvidcrent
1236 2505 1290 2546 eos,
1312 2508 1354 2546 qui
1374 2505 1445 2544 bonis
1467 2506 1585 2546 operibus
1602 2505 1761 2546 _ianumbttnt,

973 2536 1097 2572 sibiius,
1111 2536 1297 2570 calamitatibus,
1309 2536 1461 2572 calumniis,_
1469 2536 1657 2572 afgritudinibus
1667 2536 1762 2572 impeti,

973 2567 1002 2601 Et;
1010 2567 1074 2600 nihil
1085 2567 1110 2599 in
1121 2579 1203 2598 rerum
1216 2567 1376 2595 humanarum
1398 2567 1609 2601 administratione
1622 2571 1711 2601 capere
1725 2567 1763 2601 te!

1137 2596 1328 2638 proﬁtebantur;
1349 2600 1437 2635 Simile
1458 2598 1550 2623 dictum
1572 2596 1680 2622 occurrit
1699 2596 1763 2627 apud

975 2631 1100 2668 Enni-lpidis
1110 2631 1262 2667 Iphigeniam
1275 2633 1300 2657 in
1309 2631 1396 2656 Tauris
1409 2639 1414 2655 :
1534 2640 1639 2696 ἢ

1157 2688 1240 2712 Πάντα
1250 2687 1294 2717 γὰρ
1306 2686 1336 2709 τὰ
1346 2685 1393 2717 uie
1407 2684 1473 2717 Θξῷν
1529 2658 1567 2717 ,ιλ

1009 2722 1048 2748 Εἰς
1059 2720 1144 2751 ἀφανὲς
1157 2711 1232 2750 ἕρπει,
1240 2711 1333 2751 ﬂesset
1343 2716 1386 2751 ubi"
1398 2714 1465 2751 ρύδὲν
1476 2711 1558 2751 Ξιᾳχόν.

1012 2745 1097 2782 Ὶίγόίρ
1109 2745 1175 2781 ἐὐχή
1184 2745 1301 2778 παρήγαγ’
1315 2747 1347 2773 εἷς
1358 2747 1385 2769 τὸ
1396 2745 1520 2775 δυσμαθές.

1165 2800 1251 2826 Omnia
1262 2805 1317 2831 qua:
1326 2798 1383 2823 deos
1395 2798 1500 2831 spectant

1016 2835 1042 2859 lu
1060 2833 1150 2858 occulto
1163 2822 1527 2862 rejitaiit,'ctrtetttoquidquam
1538 2824 1601 2862 notuit
1611 2822 1677 2862 mult.

1011 2850 1467 2891 i/jemli
1473 2855 1639 2884 difﬁcultatem
1645 2850 1767 2882 perduxit.
