1984 3110
216 159 248 186 5|
583 155 612 183 S.
633 151 773 186 JOANNIS
790 148 1036 180 CIIRYSOSTOMI
1055 145 1214 176 ARCHIEP.
1235 141 1500 174 CONSTANTINOP.
1831 137 1867 168 εξ

221 215 247 244 in
263 215 382 244 nuditate
394 212 526 249 degebant
540 233 546 244 ,
559 211 747 246 pmphetarum
761 230 768 243 ,
783 208 992 244 patriarcharum
1006 226 1014 239 ,

221 263 352 298 iustorum
368 270 375 289 :
390 266 418 288 et
432 266 525 287 omnes
539 259 611 293 ipsos
624 257 743 284 invenies
756 263 809 282 non
822 255 856 282 de
871 253 996 281 divitibus
1007 271 1014 281 .

222 316 274 336 non
288 308 322 335 de
333 306 509 342 gaudentibus
520 326 527 338 ,
542 304 589 332 sed
603 303 636 331 de
651 302 790 338 egentibus
801 321 810 334 ,
825 299 956 327 tribulatis
967 319 977 330 ,
990 301 1018 325 et

224 353 380 387 angustiatis
393 359 463 380 esse.

258 400 303 426 ll.
323 399 386 426 lla-c
404 396 473 432 apud
495 396 606 430 teipsum
627 393 774 427 colligens,
790 390 903 418 Domino
917 388 1017 424 gratias

223 452 272 480 age
286 464 296 477 ,
310 443 379 478 quod
396 448 422 470 te
436 442 514 476 hujus
530 441 590 467 fecit
604 439 683 466 sortis
695 459 703 470 ,
719 445 771 464 non
785 443 883 463 exosus
894 455 901 467 ,
923 434 969 462 sed
990 438 1017 462 et

222 490 300 518 valde
313 489 426 524 diligens
441 497 447 515 :
463 495 523 514 nam
544 491 571 513 et
590 486 648 512 illos
664 488 702 512 tot
715 482 805 518 gravia
820 481 872 516 pati
887 488 939 507 nun
954 487 1016 514 per-

222 536 357 566 misisset,
375 535 425 562 nisi
442 535 614 561 vehementer
625 534 760 561 amasset,
777 527 900 563 quoniam
919 526 1016 554 clario-

221 590 265 610 res
280 582 350 617 ipsos
365 590 411 616 per
425 581 482 608 haec
501 579 570 606 mala
588 576 727 604 reddebat.
748 574 852 602 Nullum
871 572 1015 608 gratiarum

222 630 320 657 actioni
337 637 383 663 par
396 629 494 654 bonum
508 635 515 659 ;
529 622 753 660 quemadmodum
767 620 931 655 blasphemia
943 618 1017 653 pejus

223 675 301 702 nihil.
327 673 366 701 Ne
387 673 570 702 admiremur,
594 668 664 704 quod
685 665 866 702 spiritualihus
888 665 1017 691 instantes

223 720 304 746 multa
321 720 452 754 patiamur
464 717 586 744 adversa.
602 714 637 743 Ut
658 714 729 741 enim
751 713 868 739 latrones
880 731 889 744 ,
904 717 957 738 non
972 709 1017 737 ubi

224 767 323 792 l'u-num
337 770 364 792 et
378 764 461 798 palea:
473 767 501 790 et
514 762 632 789 calamus
644 780 653 793 ,
664 759 709 786 sed
721 759 766 786 ubi
778 765 871 784 aurum
884 762 910 783 et
920 763 1016 790 argen-

223 817 277 837 tum
292 830 301 844 ,
317 810 352 836 ibi
366 810 468 836 fodiunt
481 812 508 835 et
521 806 627 834 assidue
642 804 750 840 vigilant
765 812 771 830 :
791 803 830 830 sic
849 806 876 830 et
895 801 1016 828 diabolus

222 856 253 882 iis
268 854 382 882 maxime
396 854 486 886 instat,
498 852 543 887 qui
566 850 713 886 spiritualia
737 848 869 883 attingunt
890 847 993 881 negotia
1008 854 1016 879 ;

223 900 258 927 ibi
272 900 360 927 multa:
374 899 476 926 insidia:
486 919 492 930 ,
506 898 549 924 ubi
561 898 643 923 virtus
660 905 666 923 ε
683 895 737 922 illic
753 894 849 921 invidia
863 914 871 926 ,
885 892 929 919 ubi
943 892 1016 919 elec-

222 953 343 982 mosyna.
360 946 411 973 Sed
427 949 469 973 est
482 944 559 971 nobis
571 943 651 970 telum
664 942 807 968 maximum
819 960 826 972 ,
840 939 912 974 quod
923 946 1017 965 omnes

223 992 291 1019 tales
304 990 441 1018 machinas
457 989 586 1023 repellere
601 987 687 1014 vale-it
701 1007 708 1019 ,
729 991 757 1012 ιιι
778 993 826 1020 per
846 984 904 1012 [nec
927 984 1017 1011 omnia

224 1039 278 1066 Deo
292 1038 391 1073 gratias
405 1044 524 1071 agamus.
542 1034 609 1062 Abel
623 1055 630 1066 ,
645 1033 689 1061 dic
701 1032 764 1060 mihi
778 1053 785 1064 ,
800 1039 889 1058 nonne
908 1030 942 1058 de
962 1031 1017 1065 pri-

223 1084 304 1110 mitiis
320 1084 374 1110 Deo
387 1083 560 1113 Sacrificans,
579 1080 694 1107 fraterna
716 1077 812 1105 cecidit
832 1085 912 1104 manu
929 1076 938 1112 (
953 1076 1016 1103 Gen.

222 1131 236 1157 Δ
253 1130 276 1165 )?
289 1129 335 1156 sed
352 1134 439 1155 tamen
457 1129 526 1154 Deus
540 1126 661 1162 permisit
675 1146 682 1158 ,
700 1132 753 1152 non
768 1132 830 1152 eum
846 1130 957 1158 perosus
972 1123 1016 1156 qui

222 1183 252 1203 se
265 1175 402 1201 honoravit
416 1194 424 1206 ,
441 1173 487 1200 sed
503 1172 580 1199 valde
595 1172 708 1207 diligens
724 1180 730 1198 :
751 1175 778 1198 et
798 1173 895 1205 pra-ter
915 1169 1019 1203 specie.

224 1221 323 1248 sissimi
339 1221 408 1247 illius
429 1219 552 1246 sacrificii
571 1225 697 1245 coronam
711 1237 719 1249 ,
735 1217 846 1244 alteram
867 1216 946 1243 etiam
969 1215 1018 1249 ipsi

224 1275 272 1302 per
287 1266 442 1301 martyrium
459 1264 589 1299 pra-hens.
604 1263 691 1290 Moses
701 1261 805 1289 cuidam
819 1261 913 1295 injuria
924 1260 1019 1287 affecto

221 1313 345 1348 opitulari
361 1313 462 1345 voluit,
483 1317 510 1339 et
532 1310 599 1338 mori
621 1310 786 1345 periclitatus
804 1314 845 1335 est
858 1330 864 1341 ,
887 1314 914 1336 et
935 1308 1018 1343 patria

222 1358 320 1386 excidit
336 1358 345 1394 (
360 1357 443 1385 Exod.
458 1357 476 1384 2
489 1357 509 1393 ),
527 1357 650 1391 Deosque
667 1355 785 1391 permisit
800 1375 807 1387 ,
823 1359 851 1381 ut
866 1359 1018 1381 sanctorum

224 1404 377 1438 patientiam
393 1403 489 1431 discas.
506 1403 534 1430 Si
549 1403 621 1430 enim
635 1401 740 1436 praescii
756 1401 821 1428 nihil
835 1407 883 1427 nos
893 1407 1019 1435 passuros

222 1450 282 1477 mali
296 1470 302 1481 .
319 1450 357 1477 sie
370 1450 516 1484 spiritualia
532 1449 711 1483 attigisscmus
724 1447 830 1482 negotia
842 1467 850 1480 ,
872 1446 937 1474 nihil
958 1454 1017 1473 ma-

221 1504 303 1531 gnum
324 1496 412 1523 facere
434 1495 482 1522 visi
507 1502 648 1527 essemus,
673 1493 726 1521 tale
749 1493 901 1520 securitatis
923 1493 1019 1528 pignus

224 1542 354 1571 habentes
369 1552 375 1568 :
392 1550 429 1569 nu
442 1550 463 1569 xc
477 1549 542 1569 vero
556 1542 617 1568 hinc
636 1541 755 1567 maxime
773 1539 943 1566 admirabiles
958 1543 1020 1566 sunt

222 1589 266 1620 qui
282 1589 343 1615 talia
361 1588 459 1616 faciunt
471 1609 477 1618 .
492 1587 564 1622 quod
576 1591 603 1614 et
612 1586 728 1622 pericula
740 1590 767 1613 et
778 1585 873 1613 damna
886 1605 894 1618 ,
908 1589 935 1612 et
949 1592 1021 1612 mor-

223 1638 272 1663 tes,
283 1639 309 1661 et
320 1634 420 1661 infinita
435 1633 610 1668 prmvidentes
620 1632 698 1663 mala,
710 1636 796 1658 tamen
806 1630 957 1666 hujusmodi
963 1630 1022 1657 offi-

223 1679 273 1706 ciis
287 1687 340 1706 non
356 1679 502 1710 absistant,
519 1685 604 1711 neque
624 1677 766 1704 timorum‘
781 1676 1022 1710 exspectationibus

224 1725 361 1758 segniores
370 1724 430 1750 facti
441 1724 493 1750 sint
513 1723 588 1750 Sicut
596 1722 674 1757 igitur
683 1726 737 1749 tres
746 1722 818 1756 pueri
830 1721 966 1749 dicebant:
975 1720 1021 1748 Est

225 1769 295 1797 Dens
310 1770 335 1795 in
351 1769 411 1796 ca'lo
424 1773 511 1803 potens
526 1768 621 1802 eripere
634 1776 680 1794 nos
693 1775 703 1794 :
717 1773 740 1794 et
753 1768 774 1794 si
788 1776 838 1794 non
851 1789 859 1801 ,
881 1772 969 1794 notum
990 1767 1022 1794 sit

224 1815 268 1840 libi
283 1835 291 1847 ,
306 1822 352 1841 rea:
363 1835 370 1847 ,
384 1814 452 1848 quod
467 1813 515 1840 diis
528 1814 576 1840 tuis
591 1822 640 1840 non
653 1814 774 1840 servimus
786 1834 793 1845 ,
808 1818 830 1840 et
844 1821 946 1840 auream
956 1814 1019 1840 ima-

225 1861 308 1895 ginem
320 1880 328 1893 ,
340 1868 416 1895 quam
425 1860 526 1886 erexiin
534 1881 541 1892 ,
555 1868 605 1886 non
617 1859 753 1887 adoratum
765 1860 774 1895 (
786 1859 851 1886 Dan.
864 1860 890 1886 5.
904 1861 946 1887 l7.
958 1860 1003 1896 18)
1014 1869 1020 1887 :

227 1911 254 1932 υι
269 1911 295 1933 ιιι
312 1906 390 1941 igitur
404 1906 510 1941 quando
525 1906 588 1940 quid
604 1905 666 1933 boni
682 1905 827 1933 secundum
851 1905 935 1933 Deum
958 1913 1022 1941 ope-

227 1953 277 1978 rari
302 1951 385 1979 debes
397 1973 404 1985 ,
421 1951 502 1978 multa
516 1952 638 1987 prospice
654 1951 781 1986 pericula,
799 1951 883 1978 multa
904 1951 999 1978 damna
1013 1971 1021 1983 ,

229 1997 325 2024 midIas
338 2002 459 2029 inertes;
478 2002 506 2024 et
530 2005 563 2024 ne
585 1997 709 2029 mireris,
730 2004 816 2031 neque
838 1997 1001 2031 perturberis
1013 2017 1021 2030 ,

228 2043 249 2068 si
267 2043 323 2069 hate
337 2043 467 2069 accidant.
483 2042 536 2070 Fili
548 2063 555 2075 ,
573 2043 675 2078 inquit,
690 2042 810 2069 accedens
828 2043 862 2068 ad
881 2043 1023 2069 servitutem

227 2088 276 2115 Dei
288 2109 295 2120 ,
311 2096 429 2123 pi-wpara
444 2089 555 2115 animam
570 2093 641 2115 tuan:
654 2088 688 2114 ad
703 2088 864 2115 tentationem
878 2087 979 2124 (Et-cli.
993 2088 1021 2114 2.

228 2135 239 2161 t
256 2137 277 2167 ).
294 2133 379 2161 Nemo
393 2141 489 2168 nempe
503 2141 619 2169 pugnare
631 2134 779 2161 decernens
791 2155 799 2167 ,
814 2133 914 2169 absque
927 2134 1023 2161 vulne-

228 2181 303 2208 ribus
317 2188 442 2208 coronam
457 2186 594 2215 reportare
608 2185 753 2215 exspectat.
770 2180 803 2208 Et
814 2184 841 2206 tu
853 2179 948 2215 igitur,
959 2180 1024 2207 cha-

229 2227 334 2253 rissime
344 2246 351 2258 .
364 2233 424 2253 eum
435 2225 542 2253 diabolo
555 2227 617 2253 totis
627 2226 727 2253 viribus
741 2233 857 2261 pugnare
870 2233 1021 2260 aggressus,

230 2279 263 2299 ne
276 2271 354 2298 vitam
376 2279 495 2299 securam
516 2276 542 2299 et
564 2271 668 2298 deliciis
687 2271 794 2306 plenam
817 2272 949 2306 sequaris.
963 2271 1021 2298 Non

229 2318 299 2344 enim
314 2317 357 2345 hic
372 2317 419 2344 tibi
442 2317 629 2344 retributiones
651 2321 678 2344 ct
699 2317 906 2351 promissiones,
929 2317 976 2344 sed
997 2318 1022 2344 in

229 2363 319 2389 futuro
333 2362 432 2389 stcculo
454 2362 543 2390 omnia
568 2362 695 2396 przeclara
717 2362 787 2389 Deus
806 2362 936 2396 promisit.
956 2362 1023 2390 Cum

230 2409 310 2443 igitur
324 2408 365 2435 vel
379 2408 436 2443 ipse
448 2408 547 2436 bonum
563 2408 658 2435 feceris
670 2429 677 2440 .
692 2411 719 2435 et
730 2408 863 2436 contraria
877 2409 1022 2444 receperis,

231 2455 273 2481 vel
289 2455 369 2481 alium
385 2454 436 2481 hoc
451 2453 550 2481 videris
571 2454 713 2487 patientem
728 2474 735 2487 ,
754 2454 840 2488 gaude
860 2458 887 2481 et
910 2453 1000 2481 lzetare
1016 2463 1022 2481 :

231 2499 339 2534 majoris
353 2499 424 2527 enim
439 2499 484 2526 tibi
500 2499 682 2527 retributionis
695 2500 804 2527 materia
818 2504 867 2527 est.
882 2500 920 2527 Ne
933 2500 1024 2527 conci-

231 2545 299 2577 ilus,
326 2552 412 2579 neque
433 2544 521 2571 solvas
543 2544 623 2570 animi
649 2544 764 2571 studiutn
779 2565 787 2577 ,
811 2552 897 2579 neque
919 2545 1025 2580 segnior

232 2590 281 2616 tias
293 2610 300 2622 ,
316 2589 363 2616 sed
379 2589 466 2624 potius
479 2591 546 2617 insta
557 2597 616 2616 cum
630 2589 724 2624 majori
735 2590 881 2618 alacritate.
895 2591 1024 2624 Quoniam

232 2640 259 2661 et
285 2636 397 2670 apostoli
420 2643 481 2662 cum
510 2635 708 2670 praedicabant,
736 2636 785 2662 etsi
807 2636 1023 2671 flagellat-eatur,

233 2679 421 2713 lapidarentur,
437 2687 560 2708 carceres
582 2682 707 2708 continue
728 2681 889 2713 habitarent,
911 2689 962 2708 non
982 2689 1026 2708 so-

233 2724 287 2753 lum
311 2729 369 2760 post
391 2725 567 2760 periculorum
594 2725 777 2753 liberationem
791 2747 798 2758 ,
819 2726 866 2754 sed
881 2731 908 2754 et
921 2727 946 2754 iu
962 2727 1024 2762 ipsis

264 2811 273 2828 ¹
291 2815 354 2838 Unus
365 2813 440 2839 habet
453 2820 458 2838 :
472 2818 550 2845 Neque
566 2814 735 2839 timendorum.
754 2814 819 2840 Alter
841 2821 846 2838 :

245 2841 250 2846 ‘
264 2818 273 2828 '
291 2818 354 2838 unus
367 2818 440 2839 habet
453 2820 458 2838 ἒ
472 2818 550 2845 Neque
566 2818 735 2839 timendorum.
754 2818 819 2840 Αιιοι·
841 2821 846 2838 Ζ
867 2818 944 2847 Neque
964 2821 1015 2841 ΠΙοΓ

233 2844 301 2872 lium.

1073 205 1197 241 periculis
1211 211 1270 232 cum
1284 203 1386 239 majore
1406 201 1543 230 alacritate
1564 199 1683 228 veritatis
1702 199 1866 235 prteconinm

1071 251 1254 279 enuntiabant.
1272 250 1305 277 Et
1319 250 1410 277 videre
1424 253 1466 276 est
1478 247 1588 275 Paulum
1610 247 1636 274 in
1656 247 1714 281 ipso
1733 252 1843 273 carcere
1856 266 1865 278 ,

1071 298 1097 325 in
1114 297 1177 332 ipsis
1190 296 1292 325 catenis
1307 296 1481 323 instruentem
1493 314 1502 328 ,
1516 293 1664 321 initiantem
1678 312 1687 325 ,
1709 296 1737 319 et
1759 291 1787 318 in
1808 290 1867 317 foro

1069 343 1188 377 judiciali
1202 349 1310 370 rursum
1325 341 1393 369 idem
1409 340 1550 368 facientem
1563 360 1571 372 ,
1587 342 1614 366 et
1632 338 1660 365 in
1681 336 1820 371 naufragio
1840 340 1867 363 et

1071 389 1097 416 iu
1111 392 1269 423 tempestate
1282 408 1289 421 ,
1305 392 1332 415 et
1347 387 1372 414 in
1388 385 1513 422 periculis
1527 383 1683 412 innumeris.
1705 382 1745 410 Tu
1760 389 1867 417 quoque

1071 439 1177 462 sanctos
1198 434 1264 461 istos
1287 433 1432 466 mmulare,
1453 435 1480 459 et
1500 438 1516 458 a
1538 429 1615 458 bonis
1633 429 1778 464 operibus,
1802 427 1866 455 dum

1071 485 1157 516 potes,
1182 487 1216 507 ne
1237 479 1345 508 excidas
1360 480 1368 494 ¹
1385 488 1391 506 :
1407 483 1434 506 ct
1448 478 1510 506 licet
1532 477 1628 504 millies
1651 476 1865 510 interpellantem

1071 532 1097 554 te
1114 526 1249 554 diabolum
1270 526 1385 557 videris,
1406 531 1536 559 nusquam
1560 523 1684 550 absistas.
1708 522 1747 549 Tu
1758 521 1866 556 quidem

1071 574 1198 608 pecunias
1242 573 1380 607 perferens
1402 592 1411 605 ,
1448 571 1516 599 forte
1548 570 1712 605 naufragium
1746 569 1830 597 fecisti
1857 577 1865 601 ;

1071 618 1169 645 Paulus
1191 622 1280 645 autem
1301 617 1426 645 omnibus
1449 617 1570 652 pecuniis
1593 616 1734 650 pretiosius
1754 615 1865 642 verbum

1071 663 1159 690 ferens
1169 684 1176 696 ,
1192 663 1306 690 Romam
1319 663 1407 690 abibat
1420 684 1427 695 ,
1448 667 1476 690 et
1489 664 1514 690 in
1528 663 1693 697 naufragium
1709 662 1799 689 incidit
1813 682 1821 694 ,
1839 666 1867 689 et

1072 709 1173 736 infinita
1187 708 1269 737 subiit
1283 709 1462 736 incommoda.
1478 709 1512 736 Et
1525 709 1575 736 hoc
1587 709 1644 743 ipse
1661 707 1806 736 declaravit
1826 707 1868 734 di-

1070 763 1134 784 cens
1148 764 1153 782 :
1170 755 1272 791 Sepias
1284 755 1409 782 voluimus
1422 755 1506 782 venire
1531 754 1566 782 ad
1587 762 1646 786 vos,
1673 754 1716 781 sed
1735 753 1867 784 impedivit

1071 811 1117 830 nos
1128 807 1229 830 satanas
1245 801 1255 838 (
1267 803 1294 830 1.
1307 801 1396 829 Thess.
1410 801 1437 828 2.
1454 801 1486 829 18
1499 801 1507 836 )
1523 810 1529 829 :
1543 805 1570 828 et
1592 801 1661 828 Dens
1671 801 1792 836 permisit
1805 821 1812 832 ,
1833 808 1866 827 ex

1071 849 1296 884 superabundanti
1311 856 1387 876 suam
1398 848 1585 876 demonstrans
1596 848 1721 875 virtutem
1734 852 1761 875 et
1773 852 1866 874 osten-

1071 895 1140 922 dens
1152 915 1159 928 ,
1173 895 1246 930 quod
1260 895 1362 922 infinita
1376 894 1490 922 faciente
1509 894 1616 922 diabolo
1637 898 1665 922 et
1684 894 1843 929 prohibente
1856 913 1865 926 .

1072 941 1137 968 nihil
1150 949 1180 968 ex
1196 941 1246 968 hoc
1259 941 1413 975 praedicatio
1424 940 1594 968 minuebatur
1605 961 1613 974 ,
1628 944 1673 967 aut
1687 940 1866 974 interrumpe-

1073 987 1157 1014 batur.
1173 986 1273 1014 Idcirco
1289 987 1314 1013 in
1329 986 1454 1013 omnibus
1464 986 1561 1013 Paulus
1575 986 1629 1013 Deo
1641 986 1739 1021 gratias
1752 985 1845 1020 agebat
1857 1005 1865 1016 ,

1072 1033 1161 1060 sciens
1173 1033 1243 1068 quod
1259 1033 1440 1067 probatiorem
1456 1040 1504 1067 per
1517 1032 1574 1060 hazc
1588 1040 1618 1060 se
1630 1033 1700 1060 Deus
1714 1031 1843 1059 reddebat
1857 1041 1865 1058 :

1072 1083 1099 1105 et
1113 1078 1192 1105 studii
1219 1078 1260 1105 sui
1288 1077 1482 1105 vehementiam
1505 1077 1531 1105 in
1557 1078 1682 1105 omnibus
1704 1077 1865 1110 exhibebat,

1073 1124 1144 1152 nullo
1157 1124 1252 1152 horum
1273 1123 1523 1158 impedimentorum
1535 1123 1677 1151 cohibitus.
1692 1124 1801 1157 Quoties
1816 1123 1867 1157 igi—

1073 1175 1114 1198 tur
1129 1170 1246 1198 frustrati
1262 1171 1389 1198 fuerimus
1403 1191 1410 1204 ,
1426 1171 1506 1198 toties
1520 1170 1664 1205 spiritualia
1677 1177 1758 1205 opera
1771 1177 1868 1205 aggre-

1074 1217 1199 1245 diamur:
1222 1225 1309 1252 neque
1326 1217 1465 1249 dicamus,
1488 1224 1569 1252 quare
1588 1217 1659 1244 Deus
1677 1216 1866 1251 impedimenta

1073 1265 1213 1298 permisit?
1235 1269 1342 1299 propter
1362 1265 1414 1292 hoc
1437 1265 1507 1292 enim
1531 1264 1674 1299 permisit,
1698 1269 1727 1291 ut
1748 1265 1866 1291 studium

1073 1313 1145 1336 tuum
1161 1309 1245 1337 multo
1257 1310 1340 1345 magis
1352 1309 1522 1337 demonstres
1534 1331 1542 1343 ,
1555 1314 1583 1337 et
1601 1310 1711 1336 multum
1735 1317 1865 1337 amorem.

1072 1354 1192 1381 Amantis
1207 1355 1278 1382 enim
1299 1356 1415 1382 maxime
1434 1359 1475 1382 est
1488 1376 1495 1388 ,
1518 1363 1663 1390 numquam
1684 1355 1764 1382 abiis
1778 1376 1786 1388 ,
1807 1363 1868 1390 qua:

1072 1405 1161 1426 amato
1175 1400 1361 1434 complacent,
1376 1400 1516 1428 absistere.
1531 1401 1616 1428 Mollis
1629 1401 1699 1428 enim
1715 1405 1743 1428 et
1756 1401 1868 1436 ignarus

1072 1453 1103 1472 ex
1121 1446 1206 1480 primo
1220 1447 1310 1473 statim
1325 1447 1426 1481 impetu
1446 1447 1587 1479 concidet;
1610 1447 1756 1474 vehemens
1777 1452 1866 1475 autem

1072 1497 1098 1519 et
1111 1493 1242 1520 excitatus
1253 1512 1260 1524 .
1277 1493 1327 1520 etsi
1341 1493 1437 1520 millies
1457 1493 1640 1528 interpelletur
1653 1514 1661 1526 ,
1684 1498 1758 1520 tanto
1782 1494 1868 1529 magis

1072 1539 1169 1565 divinis
1182 1538 1264 1566 rebus
1277 1538 1386 1566 instabit
1399 1559 1407 1572 ,
1421 1544 1549 1573 quantum
1564 1540 1589 1566 in
1609 1547 1639 1567 se
1652 1544 1693 1567 est
1710 1540 1798 1567 omnia
1814 1540 1867 1567 im-

1074 1585 1149 1619 pleas
1159 1604 1168 1616 .
1178 1589 1206 1612 et
1219 1585 1245 1612 in
1259 1585 1382 1612 omnibus
1393 1585 1492 1620 gratias
1505 1592 1586 1620 agens
1600 1594 1607 1612 :
1622 1585 1672 1612 hoc
1685 1590 1710 1613 et
1726 1593 1774 1613 nos
1787 1586 1869 1613 facia-

1074 1639 1143 1659 mus.
1160 1631 1270 1666 lllagnus
1284 1631 1424 1658 thesaurus
1436 1631 1579 1666 gratiarum
1595 1631 1664 1659 actio
1675 1651 1684 1664 ,
1705 1639 1808 1666 magna:
1827 1633 1870 1660 di-

1074 1676 1146 1703 vitia:
1156 1696 1164 1709 ,
1180 1676 1394 1711 inconsumptum
1408 1677 1524 1710 bonum,
1541 1681 1673 1704 armatura
1689 1676 1764 1704 fortis
1778 1686 1784 1704 :
1799 1677 1869 1705 sicut

1074 1728 1101 1751 et
1116 1723 1279 1758 blasphemia
1293 1727 1450 1757 praesentem
1462 1723 1593 1758 jacturam
1608 1722 1720 1749 intendit
1731 1744 1738 1755 ,
1752 1727 1781 1750 et
1793 1723 1868 1757 plura

1074 1776 1152 1804 quam
1166 1775 1226 1803 quae
1248 1768 1429 1803 perdidimus,
1450 1769 1558 1803 insuper
1578 1767 1666 1803 perire
1688 1768 1759 1796 facit.
1776 1769 1870 1797 Perdi-

1074 1815 1136 1842 disti
1151 1815 1299 1850 pecunias?
1313 1816 1334 1842 si
1349 1816 1447 1850 gratias
1460 1816 1567 1851 quidem
1581 1817 1683 1851 egeris,
1698 1817 1813 1843 animam
1829 1817 1870 1843 lu-

1076 1865 1167 1888 cratus
1179 1868 1226 1894 es,
1243 1866 1270 1888 et
1285 1862 1401 1895 majores
1423 1867 1515 1889 nactus
1535 1871 1564 1890 es
1587 1863 1692 1890 divitias
1706 1884 1713 1896 ,
1737 1864 1798 1898 quia
1821 1863 1869 1890 Dei

1076 1907 1287 1934 benevolentiam
1309 1908 1354 1934 tibi
1375 1908 1533 1942 ampliorem
1559 1909 1729 1941 conciliasti;
1759 1909 1782 1936 si
1804 1917 1870 1936 vero

1075 1952 1318 1987 hlasphentaveris,
1336 1953 1444 1988 insuper
1464 1958 1491 1981 et
1510 1954 1621 1981 salutem
1644 1959 1715 1981 luant
1733 1955 1845 1982 amisisti
1860 1974 1869 1988 ,

1075 2005 1161 2032 neque
1183 1998 1240 2026 illas
1263 1999 1436 2034 recuperasti,
1457 2003 1484 2027 et
1502 2007 1581 2034 quam
1602 1999 1716 2027 habuisti
1740 2000 1870 2032 animam,

1076 2044 1143 2071 hanc
1157 2052 1262 2079 quoque
1273 2045 1404 2072 occidisti.

1111 2090 1155 2117 12.
1166 2089 1286 2124 Pra-cipit
1301 2095 1327 2117 ut
1345 2091 1487 2126 blasphemi
1507 2091 1679 2126 corripiantur
1696 2096 1720 2118 et
1737 2092 1868 2125 vapulem.

1075 2135 1171 2163 —Scd
1195 2141 1333 2172 postquam
1353 2137 1387 2164 de
1408 2138 1573 2173 blasphemia
1598 2139 1675 2166 nobis
1696 2139 1776 2166 verba
1799 2147 1872 2166 nunc

1076 2181 1143 2208 facta
1165 2186 1236 2214 sunt,
1250 2189 1329 2209 ttnam
1348 2190 1362 2208 a
1381 2182 1458 2210 vobis
1472 2183 1596 2210 omnibus
1608 2188 1698 2218 petere
1711 2183 1773 2210 volo
1789 2184 1871 2210 retri-

1076 2225 1211 2253 butionem
1227 2234 1275 2261 pro
1285 2227 1413 2255 concione
1424 2227 1474 2255 hac
1494 2233 1574 2263 atque
1595 2236 1736 2256 sermone:
1753 2233 1782 2255 ut
1795 2228 1821 2256 in
1836 2229 1870 2256 ci-

1076 2271 1157 2298 vitate
1179 2271 1391 2306 blasphemautes
1411 2273 1475 2300 Inibi
1493 2273 1638 2309 eastigetis.
1665 2273 1693 2301 Si
1716 2274 1872 2309 quempiam

1076 2315 1102 2342 in
1117 2316 1187 2343 bivio
1201 2321 1230 2343 et
1244 2317 1301 2344 foro
1312 2317 1368 2344 Deo
1379 2318 1605 2352 blasphemantem
1620 2319 1746 2352 audieris,
1761 2319 1873 2352 accede,

1077 2361 1200 2396 increpa:
1213 2366 1240 2389 et
1253 2362 1276 2389 si
1290 2362 1400 2390 verbera
1417 2363 1536 2397 infligere
1551 2368 1682 2398 oporteat,
1697 2372 1730 2391 ne
1745 2371 1874 2392 recuses:

1077 2407 1159 2441 ipsius
1171 2407 1263 2435 faciem
1277 2408 1352 2443 alapa
1371 2414 1479 2443 percute
1491 2430 1498 2442 ,
1518 2416 1627 2437 contere
1642 2417 1672 2437 os
1688 2411 1771 2445 ipsius
1786 2431 1794 2443 ,
1811 2419 1873 2445 per-

1076 2453 1200 2480 cusdone
1208 2461 1314 2480 manum
1323 2458 1393 2481 luam
1402 2455 1548 2482 sanctifica.
1556 2455 1588 2482 Et
1595 2455 1616 2482 si
1627 2455 1671 2482 ulli
1678 2456 1872 2489 accusaverim,

1077 2498 1138 2524 etsi
1153 2498 1179 2524 in
1190 2498 1318 2532 judicium
1331 2500 1476 2532 traxerint,
1495 2507 1625 2535 sequere:
1646 2505 1673 2528 et
1687 2501 1708 2528 si
1724 2508 1818 2536 poenas
1829 2501 1874 2536 ju-

1077 2543 1126 2569 dex
1140 2550 1189 2577 pro
1203 2543 1327 2570 tribunali
1342 2546 1534 2580 repnposcerit.
1545 2546 1652 2574 diccum
1664 2546 1872 2582 libertate,quod

1078 2589 1232 2622 angelorum
1253 2589 1352 2623 [legem
1376 2590 1608 2626 blasphemaverit.
1634 2591 1662 2619 Si
1684 2592 1755 2619 enim
1782 2600 1873 2627 regem

1079 2638 1157 2660 terra:
1179 2634 1395 2668 blasphemantes
1410 2637 1496 2671 puniri
1512 2642 1635 2671 oportet,
1648 2638 1731 2665 multo
1742 2639 1826 2673 magis
1842 2639 1875 2666 il-

1078 2679 1132 2706 lum
1160 2681 1320 2707 contumelia
1336 2682 1492 2710 al'ticieutes.
1517 2683 1665 2710 Commune
1686 2683 1787 2711 crimen
1812 2689 1874 2717 est,

1080 2725 1183 2760 publica
1201 2726 1307 2761 injuria,
1318 2729 1413 2763 cuique
1425 2736 1551 2756 accusare
1564 2729 1662 2756 volenti
1680 2730 1749 2758 licet.
1766 2731 1874 2767 Discapt

1134 2819 1293 2877 ἐῖὲοαῗξὶρι
1313 2817 1392 2847 savil.,
1409 2822 1433 2842 m
1447 2817 1512 2842 bouis
1523 2817 1635 2849 operibus
1653 2825 1780 2849 perm-cru
1791 2825 1872 2850 quam

1173 2854 1184 2870 r
1229 2854 1241 2871 ι·
1264 2864 1271 2872 .

1173 2854 1271 2872 ιάυειτε.
