1984 3110
172 109 208 138 53
667 111 710 140 ΑΙ)
729 112 889 141 POPULU.“
910 111 1165 142 ANTIOCHENUM.
1187 112 1301 140 IIOMIL.
1317 113 1348 141 li.
1797 115 1831 144 56

172 174 197 195 et
214 168 300 196 Judre'.
318 175 347 198 ct
360 171 486 206 gentiles.
495 169 659 198 Christianos
668 177 728 196 esse
744 169 858 196 civitatis
870 176 981 196 conser-

171 220 292 246 vatores,
312 221 342 242 et
359 222 509 247 curatores,
525 219 553 243 et
562 215 689 250 prmsides
703 236 710 248 ,
731 220 757 242 ct
778 217 918 250 magistros
932 225 938 241 :
955 221 982 242 et

172 262 242 286 idem
258 261 379 290 discant.
391 262 513 289 dissoluti
526 266 553 288 et
563 261 680 296 perversi
690 283 697 293 ,
714 262 844 288 timendos
857 262 907 289 sibi
922 270 982 289 esse

169 305 215 333 lh-i
228 313 344 339 servos,
357 312 387 334 ut
399 308 460 335 etsi
473 307 534 342 quid
549 307 600 334 tale
610 306 681 341 loqui
693 314 817 341 umquam
826 307 982 341 aggredian-

168 357 221 382 tur,
239 359 307 378 Sese
323 354 445 388 undique
455 352 670 387 circumspiciunt
685 357 712 379 et
727 353 834 380 umbras
853 353 979 384 timeant.

166 397 240 424 anxii
253 406 290 424 nc
304 398 379 426 forte
389 399 558 426 Christianus
566 399 676 425 audiens
688 398 793 430 insiliat,
807 403 832 425 et
844 399 983 425 Vt'ltemelt-

166 444 219 470 tius
231 444 351 478 puniat.
373 444 535 472 Nunaudisti
547 443 607 479 quid
618 444 734 471 Joannes
753 443 865 471 fecerit?
877 443 981 478 Tyran-

166 497 232 516 num
253 491 330 518 vidit
340 493 475 519 hominem
488 492 637 525 nuptiarum
649 490 721 525 leges
730 490 940 520 subvertentem.
954 493 982 517 et

165 543 228 562 Cttltl
254 536 361 564 fiducia
378 538 403 564 in
419 537 506 564 medio
521 536 580 563 foro
594 536 675 563 dicit:
692 535 752 562 Non
767 536 824 562 licet
838 535 882 562 tibi
892 535 982 562 habere

166 589 278 607 uxorem
296 582 418 618 Philippi
427 583 512 618 fratris
526 583 562 608 tui
571 581 697 617 (ΜΔΝ-,6.
703 583 711 608 Ι
718 583 755 615 8).
767 582 820 616 ligo
829 585 916 608 autem
928 589 979 607 tton

165 628 200 654 ad
214 633 236 662 ι)
245 636 369 655 rannuut
392 634 418 657 te
436 629 499 656 duvi
511 650 519 661 ,
532 636 618 664 neque
632 628 664 655 ad
681 628 814 663 jttdicem,
832 635 917 662 neque
933 635 981 661 pro

165 673 274 706 nuptiis
295 674 446 709 illegititnis
461 694 468 706 ,
494 681 580 708 neque
603 681 650 708 pro
673 675 808 700 conservis
821 673 979 700 contumelia

163 719 288 752 affectis,
306 721 356 746 Sed
378 727 425 753 pro
438 719 526 746 fttrore
539 719 564 746 itt
581 719 730 752 hominum,
747 717 876 752 mqttalem
893 721 919 743 ut
937 725 980 743 ct-

163 765 252 796 stigt-s
268 765 404 799 deposco.
418 764 512 792 Nonne
526 764 548 791 si
556 764 602 790 tibi
614 764 751 796 dixissem,
768 770 844 797 reges
860 763 980 796 veljndi-

164 817 212 835 ρος
227 810 445 843 μικιινίηήρυηιοε
457 810 519 844 puni
534 809 574 836 vel
586 809 699 843 corrige,
716 816 759 836 tne
770 807 886 834 insanire
901 808 980 834 dixis‘

164 856 234 882 ses?
259 856 295 882 Et
321 862 410 883 tamen
425 856 542 884 Joannes
563 856 614 884 hoc
632 856 712 882 fecit:
738 855 805 881 adeo
826 861 879 880 non
900 859 941 881 est
954 854 978 880 id

163 909 249 936 Supra
271 910 336 929 nos.
352 903 429 929 Nunc
438 910 501 930 vero
512 903 605 929 saltem
617 909 786 932 conservum,
799 901 839 928 vel
850 903 978 936 atqnah-m

162 948 276 982 corrige
292 969 300 981 ,
320 949 382 975 etsi
405 949 473 975 mori
489 956 556 983 opus
577 949 628 980 sit,
656 949 787 984 castigare
813 949 922 976 fratrem
945 956 978 975 t.e

165 997 298 1026 torpens:
318 995 475 1029 martyrium
489 994 535 1020 tibi
550 994 599 1021 hoc
611 998 669 1026 est,
682 995 806 1028 quoniam
822 1000 847 1022 et
857 994 977 1022 Joannes

165 1045 277 1074 martyr
293 1040 354 1066 l'ttzt.
373 1041 429 1066 Non
444 1041 690 1076 sacriticn-rjnssns
701 1040 760 1074 fuit,
776 1049 863 1075 tthtte
875 1041 976 1068 idolum

164 1085 290 1112 adorare
302 1107 310 1118 ,
325 1086 372 1113 sed
397 1095 445 1121 pro
465 1087 548 1114 sacris
571 1087 672 1121 legibus
689 1087 825 1114 temeratis
839 1091 918 1121 caput
933 1087 978 1114 de-

163 1135 278 1166 posuit:
291 1137 321 1160 et
331 1137 356 1158 tu
373 1133 453 1167 igitur
464 1141 512 1168 pro
525 1133 634 1160 veritate
647 1140 730 1167 usqtte
745 1133 777 1159 ad
791 1138 904 1159 mortem
913 1141 977 1159 cott-

165 1180 298 1210 tctnle.et
316 1180 386 1206 Deus
399 1178 525 1214 pugnabit
540 1186 586 1212 pro
596 1178 688 1205 te.Nec
697 1179 760 1204 ntihi
773 1178 834 1205 illud
844 1178 918 1205 dicas
930 1178 978 1204 fri-

164 1224 264 1259 gidum
273 1224 471 1257 verbntu,Quid
483 1223 545 1250 mihi
553 1231 624 1251 curte
631 1224 688 1251 est?
696 1232 755 1251 cum
766 1224 823 1258 ipso
838 1232 978 1251 commune

164 1271 199 1297 ha
205 1271 260 1298 beo
270 1271 350 1298 niltil.
360 1270 539 1298 Cumdiabolo
547 1271 603 1297 solo
612 1278 753 1298 commune
763 1270 827 1297 nihil
837 1270 976 1303 habemus,

169 1325 235 1344 cum
267 1317 398 1344 omnibtts
429 1322 518 1344 antctu
551 1317 703 1343 ltominibus
736 1317 816 1343 multa
850 1317 978 1344 habemus

162 1366 337 1391 communia.
366 1364 494 1398 Ejusdem
519 1363 590 1390 enim
613 1363 750 1390 nobiscum
783 1368 883 1390 natura:
916 1370 977 1397 par-

165 1410 271 1445 ticipes
301 1415 392 1442 sunt,
421 1410 543 1436 eamdem
571 1410 691 1437 habitant
712 1414 810 1436 terram
832 1429 839 1440 ,
871 1409 978 1435 iisdem-

164 1464 219 1490 quu
251 1456 361 1482 alttntnr
389 1455 560 1482 nutrimentis
582 1476 589 1486 ,
610 1454 733 1482 eumdem
766 1454 864 1482 habent
891 1454 980 1480 Domi-

165 1510 235 1528 num
248 1523 254 1531 .
268 1502 379 1528 easdem
400 1505 531 1535 ceperunt
548 1501 637 1535 leges.
660 1500 694 1527 ad
718 1499 811 1527 eadem
837 1499 975 1526 nobiscum

165 1568 273 1575 ~—

1035 169 1104 196 bona
1127 169 1282 196 invitantur.
1305 169 1346 197 Ne
1374 170 1453 206 igitur
1467 171 1587 199 dicamus
1606 179 1656 200 uos
1670 171 1734 200 nihil
1755 180 1830 201 (mlh

1036 223 1117 242 mune
1127 223 1187 242 cum
1203 215 1267 250 ipsis
1282 215 1400 244 habere:
1415 217 1532 245 satanica
1542 224 1584 246 est
1597 220 1645 246 ista
1657 227 1719 250 vox,
1732 219 1828 247 diabo-

1036 259 1085 286 lica
1110 259 1299 287 inhumanitas.
1327 261 1366 288 Nc
1385 261 1464 296 igitur
1485 262 1542 290 hzec
1565 263 1695 298 dicamus,
1707 264 1754 292 sed
1767 272 1832 292 con-

1033 313 1126 340 gruam
1142 305 1267 333 fratribus
1281 314 1372 333 curam
1390 307 1573 335 exhibeamns.
1596 309 1652 344 Ego
1673 314 1762 338 autem
1779 310 1830 338 hoc

1034 358 1095 376 eum
1109 351 1181 377 ontni
1201 351 1330 385 polliceor
1343 353 1514 380 accuratione
1528 374 1535 384 .
1557 358 1585 380 et
1604 354 1678 381 vobis
1702 356 1829 383 omnibus

1036 396 1171 429 spondeo:
1185 397 1255 432 quod
1266 397 1288 424 si
1300 405 1348 424 vos
1356 405 1449 425 omnes
1463 398 1506 425 hic
1521 405 1665 433 prmseutcs
1674 401 1770 428 civium
1783 409 1812 428 sa
1820 416 1828 421 -

1035 441 1117 468 intem
1130 449 1225 469 curare
1240 442 1377 470 volueritis
1393 464 1401 476 ,
1415 443 1488 471 brevi
1503 448 1559 471 tota
1573 445 1651 471 nobis
1665 446 1758 473 civitas
1769 454 1830 473 cor-

1035 487 1150 521 rigetur:
1169 488 1273 515 tametsi
1285 489 1393 516 minima
1400 489 1457 524 ejus
1466 497 1527 524 pars
1541 490 1584 517 hic
1594 496 1644 523 est,
1661 492 1829 520 multitudine

1036 535 1144 561 tuiuima
1158 555 1164 566 ,
1181 535 1227 562 sed
1245 536 1343 570 pietate
1357 544 1471 563 sumnta.
1490 537 1679 571 Dispensemns
1693 539 1771 574 igitur
1784 547 1828 566 sa-

1035 579 1115 606 lntcm
1145 581 1254 608 fratrum
1275 587 1442 614 nostrorum;
1466 583 1562 611 sufficit
1583 591 1650 611 unus
1672 584 1752 612 homo
1767 586 1829 613 fidei

1035 626 1091 652 zelo
1106 634 1252 654 succensus
1265 627 1298 654 ad
1315 633 1398 655 totum
1411 629 1596 663 corrigendum
1614 631 1749 665 populum.
1760 632 1826 659 Cum

1034 679 1098 698 vero
1112 679 1163 698 non
1180 681 1248 700 unus
1264 678 1376 706 tantum,
1389 682 1475 708 neque
1487 674 1540 701 duo
1556 675 1595 702 vel
1612 680 1675 707 tres.
1692 676 1739 703 sed
1754 681 1827 704 tanta

1033 718 1066 743 sit
1081 718 1237 750 multitudo,
1261 727 1320 753 qua:
1341 720 1530 754 negligetttitnn
1547 728 1637 748 curam
1653 723 1734 756 possit
1748 723 1828 749 attin.

1032 771 1104 798 ενι-ο,
1121 772 1172 791 non
1187 765 1294 792 aliunde
1304 786 1311 797 ,
1329 774 1408 799 quam
1422 774 1468 800 per
1481 771 1613 801 torporem
1629 774 1746 796 vestrttm
1757 790 1763 801 ,
1779 778 1829 797 nec

1033 817 1079 844 per
1094 810 1273 838 infirmitatem
1286 811 1375 845 plures
1390 818 1503 847 pereunt
1529 818 1557 840 et
1579 813 1714 842 labttntttr.
1728 816 1824 842 Annon

1033 855 1178 882 absurdum
1194 876 1201 888 ,
1218 857 1239 883 si
1254 864 1368 891 pugnant
1386 857 1492 892 quidem
1506 858 1533 885 in
1553 858 1610 885 foro
1627 860 1778 891 videamus.
1793 868 1830 888 eo

1032 901 1160 928 accedere
1170 906 1197 929 et
1221 908 1370 937 pugnantes
1395 904 1556 931 c0uciliare:
1589 905 1652 938 quid
1679 913 1742 933 vero
1766 906 1827 933 dico

1031 955 1145 982 pugnam
1156 948 1168 974 ?
1179 948 1201 975 si
1214 949 1318 975 asinum
1333 950 1462 977 Cecidisse
1478 950 1623 977 viderimus
1637 972 1644 984 ,
1661 959 1753 978 omnes
1769 960 1826 978 tua-

1032 1002 1094 1020 nuut
1111 995 1256 1029 porrigere,
1271 999 1299 1022 et
1311 995 1410 1030 pariter
1425 995 1528 1030 erigere
1541 1005 1548 1023 :
1564 995 1674 1023 fratrum
1691 1005 1754 1024 vero
1765 1005 1826 1032 pcr-

1029 1040 1149 1066 rnntiutn
1165 1047 1255 1067 curam
1271 1040 1502 1072 haberenullam?
1517 1042 1615 1068 Asinus
1637 1046 1678 1068 est
1700 1041 1825 1076 blasphe—

1031 1091 1106 1114 mus;
1122 1085 1266 1112 iracundim
1280 1085 1385 1120 pondus
1401 1093 1454 1112 non
1467 1085 1573 1120 ferens,
1584 1087 1696 1114 cecidit:
1712 1087 1824 1120 accede,

1031 1131 1103 1164 erige
1114 1130 1211 1160 verbis.
1228 1130 1305 1157 factis
1320 1151 1328 1164 ,
1344 1131 1454 1158 lenitate
1465 1152 1472 1163 ,
1490 1131 1659 1159 vehementia
1674 1153 1682 1164 ,
1699 1133 1770 1159 varia
1790 1134 1826 1160 sit

1031 1175 1172 1202 medicina.
1184 1176 1259 1210 Quod
1275 1176 1296 1203 si
1311 1181 1403 1203 nostra
1425 1177 1462 1203 sic
1483 1177 1655 1211 disponamus
1667 1199 1675 1211 ,
1691 1182 1718 1205 et
1732 1185 1823 1212 proxt-

1031 1229 1135 1248 morttm
1151 1222 1263 1248 salutem
1285 1223 1470 1256 suscipiamus,
1486 1223 1538 1249 cito
1552 1228 1580 1250 et
1592 1224 1643 1250 illis
1657 1225 1721 1258 ipsis
1734 1232 1827 1252 corre-

1031 1267 1146 1294 ctionem
1158 1267 1360 1294 admittentibus
1372 1267 1563 1295 desiderabiles
1570 1269 1670 1296 erimus
1683 1274 1709 1296 et
1724 1270 1827 1297 amabi-

1033 1313 1083 1345 les,
1099 1317 1128 1339 et
1146 1312 1215 1346 quod
1241 1312 1364 1339 omnibus
1387 1313 1473 1347 majus
1483 1317 1522 1339 est
1536 1334 1543 1346 ,
1560 1314 1684 1348 repositis
1706 1313 1825 1341 fruemur

1033 1358 1110 1384 bouis
1125 1378 1133 1390 ,
1149 1365 1208 1392 qua:
1227 1366 1275 1384 nos
1286 1365 1379 1384 omttcs
1393 1358 1503 1393 adipisci
1518 1359 1654 1394 contingat
1668 1379 1676 1389 ,
1691 1360 1774 1393 gratia
1797 1364 1826 1386 et

1032 1403 1195 1438 benignitate
1212 1403 1315 1430 [)outini
1333 1404 1415 1430 nostri
1432 1404 1494 1431 Jesu
1513 1404 1610 1431 Christi
1625 1425 1632 1437 ,
1645 1412 1692 1439 per
1705 1413 1783 1439 quem
1797 1411 1825 1432 et

1031 1458 1091 1476 cunt
1105 1458 1158 1485 quo
1170 1450 1240 1476 Patri
1252 1455 1276 1476 et
1291 1450 1388 1476 Sancto
1401 1449 1511 1484 Spiritui
1523 1450 1616 1484 gloria,
1636 1456 1764 1484 potestas,
1777 1451 1825 1478 lto-

1033 1506 1092 1526 nor.
1110 1504 1179 1523 nunc
1189 1502 1216 1523 et
1230 1505 1346 1529 semper,
1360 1502 1386 1523 ct
1401 1497 1532 1523 ittsa-cula
1545 1498 1713 1524 surculorum.
1728 1498 1824 1525 Atocu.

807 1617 980 1662 BOMILIA
1000 1617 1191 1653 SECUNDA,

170 1717 358 1738 ANTIOCHI}:
389 1716 507 1736 ΙΙΔΒΙΤΔ
536 1715 568 1735 IN
592 1714 738 1735 ECCLESIA
762 1713 855 1734 DICTA
872 1713 999 1740 VETERI,

1032 1713 1098 1734 CUM
1119 1712 1187 1733 IPSE
1210 1712 1392 1732 PRESBYTER
1411 1712 1516 1738 ESSET,
1535 1713 1576 1733 DE
1603 1713 1820 1740 CALAMITATE,

213 1768 287 1794 QUAE
309 1766 385 1788 URBI
407 1765 534 1787 ACCIDH‘
555 1764 615 1785 PRO
642 1763 793 1785 TUMULTU
828 1763 1049 1784 SUBVERSIONIS
1083 1762 1243 1783 HlAGINUM
1271 1762 1444 1783 TIIEOI)OSII
1477 1763 1576 1783 MAGNI
1604 1762 1818 1786 HH'ERATORIS

215 1820 271 1845 PII,
295 1819 336 1839 ET
366 1817 397 1838 ΙΝ
422 1817 541 1837 ῺΙΟΤιΞΜ
564 1814 721 1841 APOSTOLI,
746 1813 904 1834 DIVITIHL‘S
927 1813 1025 1834 IIUJUS
1047 1812 1165 1834 S/BCULI
1188 1812 1329 1832 ναίκαιιιε
1359 1812 1418 1833 NON
1453 1812 1589 1834 SUBLIME
1616 1813 1734 1834 SAPERE
1771 1805 1818 1845 (1.

216 1861 293 1891 Tim.
317 1860 348 1889 6.
374 1858 410 1888 17
428 1858 459 1898 ):
485 1867 523 1887 ET
544 1866 666 1887 CONTRA
683 1864 870 1886 summa“.

912 1925 1095 1952 ὅπςὲωὲ

214 2002 242 2029 1.
257 2001 326 2034 Quid
339 2000 437 2031 diram,
451 2002 495 2024 attt
505 1997 566 2032 qnid
582 1995 695 2031 loquar?
708 1995 884 2030 larrymarnm
906 2002 976 2028 prm-

175 2056 242 2076 SCIIS
253 2053 316 2080 tetu;
328 2053 426 2078 llS,lI0fI
441 2044 593 2071 verborum:
605 2044 788 2072 Ιυειιιιιιιι,ηυιι
800 2048 952 2067 SCI‘lIiOlllllll
968 2049 974 2066 ἲ

178 2093 344 2130 precationis
360 2112 368 2124 ,
396 2099 449 2118 non
473 2089 618 2116 conciouis.
643 2088 725 2115 Tanta
754 2091 917 2122 patratorum
936 2090 976 2113 e-t

177 2137 348 2173 magnitudo,
365 2134 621 2163 tamimmedieabile
630 2133 733 2165 vulnus,
744 2137 795 2159 tatu
806 2137 876 2157 vasta
891 2131 975 2165 plaga,

178 2191 207 2212 et
221 2185 294 2211 omni
309 2183 487 2211 medicamine
500 2181 584 2215 major
595 2201 602 2213 ,
619 2185 645 2208 et
665 2186 779 2215 superno
794 2178 914 2212 indigens
927 2185 975 2204 au-

181 2231 258 2258 xilio.
271 2230 318 2257 Sic
329 2229 400 2256 cnitn
417 2233 443 2256 ct
456 2228 506 2255 Job
521 2227 645 2254 omnibus
659 2226 764 2252 amissis
784 2225 809 2251 in
827 2224 888 2251 limo
901 2222 978 2250 sede-

180 2275 297 2309 hatUob
311 2275 339 2302 2.
364 2276 404 2307 8),
425 2273 598 2301 etaudientes
607 2270 977 2304 amiciaccesserunt,ipsuut—

179 2330 234 2357 qtte
249 2321 340 2356 procul
353 2319 498 2354 conspicati
515 2318 678 2346 discidernnt
695 2317 851 2344 vestimenta
864 2337 870 2344 .
885 2321 911 2342 et
922 2315 972 2342 sibi

180 2369 301 2394 cinerem
327 2366 530 2400 iusperserunt,
551 2368 578 2391 et
611 2363 784 2390 vehementer
814 2361 976 2396 ingemuere.

183 2414 255 2441 ldetn
271 2420 341 2439 nunc
355 2412 444 2439 facere
461 2410 560 2438 vicinas
574 2416 667 2436 omnes
683 2408 805 2435 civitates
818 2406 956 2440 oportebat
969 2425 976 2436 ,

181 2460 215 2486 ad
237 2459 329 2485 urbem
353 2461 474 2484 nostram
497 2455 606 2485 venire,
628 2459 652 2481 el
677 2461 735 2488 qua)
753 2452 902 2480 acciderant
918 2460 978 2479 cum

181 2505 257 2533 anni
278 2502 514 2532 Cuntutiseratiouc
533 2500 642 2527 deﬂere.
669 2499 715 2525 Ille
737 2499 762 2525 in
781 2504 898 2525 stercore
918 2503 979 2525 tunc

181 2551 304 2582 sedebat,
318 2550 377 2577 hzrc
395 2549 423 2575 in
442 2555 538 2582 magno
553 2547 646 2581 laqueo
672 2552 742 2571 nunc
758 2544 887 2571 considet.
906 2544 979 2570 Sient

181 2599 254 2627 enim
269 2603 333 2624 tunc
347 2595 474 2623 diabolus
487 2596 511 2620 in
526 2602 618 2628 greges
638 2598 663 2619 et
682 2597 802 2619 armenta
813 2613 820 2624 ,
834 2598 858 2619 et
873 2600 980 2619 omnem

185 2645 247 2672 iusti
261 2643 443 2671 substantiam
460 2640 568 2668 insiliit:
584 2641 622 2666 sic
635 2647 706 2666 nunc
722 2638 748 2665 in
762 2645 868 2665 omnem
886 2637 978 2664 civita-

184 2695 264 2718 tatent
275 2688 462 2717 debacchatus
471 2691 520 2713 est.
534 2685 584 2713 Sed
597 2685 666 2712 Deus
676 2689 703 2712 et
718 2689 780 2711 tunc
791 2688 817 2710 et
834 2692 904 2710 nunt:
922 2691 982 2718 per-

172 2737 268 2767 ;misit:
293 2740 361 2763 tunc
383 2734 512 2769 quidem.
536 2738 565 2759 ut
582 2732 682 2767 justum
701 2731 841 2758 clariorem
860 2730 983 2757 redderet

183 2783 361 2811 lentationum
379 2778 580 2814 magnitudine;
595 2785 665 2804 nunc
685 2785 748 2804 vero
762 2798 768 2808 ,
786 2782 813 2804 ut
826 2784 875 2803 nos
889 2775 981 2802 mtttlc~

182 2838 277 2858 sttorcs
292 2834 428 2856 air-mna:
438 2825 518 2859 hujus
531 2823 709 2859 magnitudine
721 2823 822 2850 reddat.
835 2823 898 2849 Date
909 2821 984 2854 nti'ti,

1030 2000 1058 2022 ut
1070 1995 1208 2030 prmsrntia
1223 1995 1336 2030 lugeam.
1352 1995 1496 2022 Tacuituus
1509 1995 1567 2023 dies
1581 2000 1684 2030 septem
1695 2016 1702 2028 ,
1714 1996 1783 2023 sicut
1796 2001 1825 2024 et

1030 2041 1107 2068 amici
1122 2041 1174 2068 Job
1186 2039 1246 2075 μοι
1255 2042 1282 2070 2.
1300 2042 1365 2076 15);
1380 2043 1518 2069 concedite
1529 2043 1607 2069 hodie
1616 2047 1643 2069 ut
1657 2050 1686 2068 os
1695 2044 1829 2077 aperiam,

1029 2092 1057 2112 ct
1072 2085 1140 2113 hanc
1152 2094 1319 2114 communem
1334 2087 1437 2122 lugeam
1451 2087 1638 2115 calamitatem.
1662 2087 1726 2120 Quis
1747 2088 1828 2115 nobis

1032 2131 1143 2164 invidit,
1153 2130 1381 2167 charissinﬂquis
1396 2132 1422 2159 iu
1439 2140 1487 2160 nos
1501 2133 1585 2160 livore
1599 2138 1750 2161 commotus
1759 2139 1801 2161 est
1811 2135 1828 2161 ἲν

1032 2177 1101 2204 unde
1116 2182 1186 2204 tanta
1201 2177 1267 2205 facta
1281 2182 1322 2204 est
1342 2178 1476 2205 mutatio?
1493 2178 1561 2205 Nihil
1576 2178 1662 2206 fuerat
1675 2183 1766 2206 nostra
1781 2180 1819 2205 ci-

1032 2225 1113 2251 vitate
1123 2224 1317 2252 venerabilius:
1331 2224 1396 2250 nihil
1405 2231 1474 2251 nuuc
1482 2229 1523 2251 est
1532 2224 1720 2252 miserabilius.
1737 2224 1827 2258 Ροιιιιι-

1032 2271 1072 2296 lus
1089 2274 1140 2296 tam
1156 2270 1319 2305 compositus
1338 2273 1366 2296 et
1392 2274 1544 2297 mansuetus
1559 2290 1568 2302 ,
1583 2270 1656 2297 velut
1669 2277 1753 2305 equus
1773 2275 1825 2297 tra-

1034 2317 1140 2343 ctabilis
1162 2322 1190 2344 et
1215 2316 1335 2351 placidus
1361 2323 1467 2350 semper
1481 2317 1674 2344 accersentium
1702 2317 1828 2344 manibus

1031 2363 1146 2395 cedens,
1163 2367 1273 2396 repente
1293 2367 1393 2389 tantum
1410 2369 1481 2389 nunc
1501 2362 1579 2389 nobis
1599 2363 1695 2390 resiliit
1709 2383 1716 2396 ,
1733 2368 1762 2390 ut
1785 2367 1824 2390 tot

1032 2409 1100 2436 tuala
1114 2407 1206 2436 fecerit
1218 2429 1226 2440 ,
1246 2413 1309 2443 quot
1322 2415 1408 2442 neque
1419 2408 1509 2435 dicere
1522 2407 1570 2435 fas.
1583 2408 1728 2435 Lamcntor
1741 2413 1768 2435 et
1783 2408 1825 2435 lu-

1032 2462 1082 2488 geo
1105 2461 1174 2480 nnue
1190 2474 1197 2485 ,
1226 2461 1277 2480 non
1302 2458 1410 2487 propter
1434 2459 1596 2487 exspor-tatas
1611 2451 1830 2480 comminationis

1033 2499 1253 2534 magnitudinem,
1265 2499 1312 2525 sed
1328 2504 1437 2532 propter
1452 2499 1559 2524 nimiam
1575 2504 1739 2532 patratorum
1755 2499 1827 2525 insa-

1034 2545 1115 2571 niant.
1132 2544 1204 2571 Licet
1222 2544 1292 2571 cuitu
1316 2552 1368 2570 non
1390 2545 1537 2571 irritarctttr
1553 2543 1702 2578 Imperator
1716 2565 1723 2577 .
1740 2552 1828 2579 neque

1035 2591 1140 2624 puniret
1151 2594 1179 2617 et
1192 2591 1344 2624 castigaret,
1358 2589 1503 2623 quomodo,
1519 2589 1562 2616 dic
1577 2589 1640 2615 mihi
1654 2610 1661 2620 ,
1680 2589 1831 2616 facinorum

1035 2635 1206 2671 ignominiam
1221 2635 1374 2662 ferremus?
1398 2635 1481 2662 Luctu
1503 2635 1670 2661 inti-reiditttr
1693 2635 1758 2661 miiu
1778 2635 1830 2661 do-

1035 2681 1127 2708 ctrina:
1148 2687 1247 2712 sermo,
1266 2679 1309 2706 vix
1322 2687 1352 2706 os
1374 2687 1495 2706 reserare
1506 2679 1580 2706 valeo
1594 2684 1619 2706 et
1634 2679 1700 2706 labia
1712 2687 1830 2714 aperire,

1036 2727 1150 2762 linguam
1167 2735 1273 2754 movere
1284 2731 1311 2753 et
1324 2726 1446 2753 emittere
1459 2726 1554 2752 verba:
1577 2726 1616 2753 sic
1629 2731 1762 2760 tamquam
1775 2726 1828 2753 fre—

1036 2781 1098 2799 unm
1112 2772 1212 2799 doloris
1225 2772 1265 2798 vis
1279 2771 1389 2806 impedit
1403 2771 1518 2805 linguam
1530 2778 1616 2798 meatu
1629 2791 1638 2804 ,
1653 2776 1680 2798 et
1696 2771 1775 2798 verba
1788 2770 1827 2798 in-

1037 2819 1151 2853 tercipit.
1166 2817 1237 2845 Nihil
1249 2817 1356 2845 civitate
1371 2820 1462 2844 nostra
1471 2816 1545 2851 prius
1557 2820 1617 2843 erat
1629 2817 1751 2849 beatius;
1763 2814 1831 2843 ιωιῆ
