1984 3110
161 114 196 142 35
535 113 563 140 S.
576 111 717 140 JOANNiS
737 110 956 139 αιιηγευδτωι

1010 109 1141 138 RCHIEP.
1158 110 1422 140 CONSTAN'I‘INOP.
1763 115 1798 142 56

163 176 233 197 nune
248 168 425 203 iniucundius.
449 168 678 201 Quemadmodum
693 176 755 203 apes
771 167 952 194 bombizautes

162 217 277 247 alveare,
293 214 331 242 sic
341 214 427 242 forum
442 222 488 249 per
501 215 619 248 singulos
632 215 689 241 dies
697 214 768 241 cives
779 213 954 241 circumvola-

162 261 224 288 bant
236 282 243 292 ,
260 266 286 287 et
304 268 397 287 omnes
412 260 445 287 de
466 261 515 287 hac
539 268 588 286 nos
610 259 779 286 ntultitttdine
802 259 894 286 beatos
908 266 955 284 vo-

161 307 269 333 cabaut.

188 353 407 379 .Antiochenorum
419 353 548 379 calamitas
558 357 611 386 post
622 352 731 386 dejectat
741 355 846 378 statuas.
857 365 891 370 —
900 349 952 378 Sed

161 406 225 425 ecce
237 406 306 424 nunc
320 397 370 425 hoc
380 398 484 424 alveare
494 396 639 424 solitarium
652 396 782 424 redditum
790 401 832 422 est
844 404 851 422 :
862 403 954 430 quem-

160 444 304 471 adtuoduttt
324 444 394 470 enim
409 451 472 478 apes
487 443 544 469 illas
560 442 646 469 fut-tus
656 463 663 474 ,
682 443 720 469 sic
734 442 781 469 bas
794 449 858 475 apes
875 441 954 468 timor

161 489 260 525 fugavit
277 498 284 515 :
301 489 354 516 imo
369 489 456 523 potius
470 489 539 522 quod
554 488 588 515 de
604 488 750 515 Jerusalem
769 487 897 522 propheta
913 487 954 513 ht-

161 542 227 569 gens
238 534 321 567 dixit,
336 534 386 561 hoc
401 539 427 561 et
442 542 490 561 ttos
508 534 541 561 ad
563 541 679 568 pratseus
697 537 801 567 tempus
816 533 951 564 dicemus,

161 580 244 608 Facta
261 585 297 608 est
317 579 388 607 nobis
406 580 493 607 civitas
508 585 535 606 ut
549 580 700 606 terebinthus
714 580 815 614 objectis
831 579 915 613 foliis,
932 583 954 605 et

160 632 288 662 lmttqttam
302 626 389 652 [tortus
401 634 491 660 aquam
502 634 552 652 non
565 625 657 652 Italicus
667 624 742 660 (Iani.
756 625 768 651 1
793 624 848 659 50).
858 624 955 658 Quem-

160 672 302 700 admodum
314 672 384 698 cuitu
399 671 490 698 ltortus
503 671 641 698 deficiente
656 671 807 704 irrigatione
821 670 888 697 foliis
903 671 956 705 pri-

160 723 234 744 vatas
254 722 280 744 et
301 718 429 744 fructibus
451 717 535 744 nudas
558 717 667 743 arbores
690 716 796 743 exhibet
819 725 824 742 :
847 716 906 742 talis
928 720 956 742 ct

160 763 253 790 civitas
268 763 345 789 nobis
359 763 424 790 facta
439 767 488 790 est.
505 763 636 796 Supremo
654 762 724 788 enim
738 761 863 789 destituta
881 761 955 787 auxi-

161 808 212 838 lio,
234 808 351 834 solitaria
376 808 521 840 remansit,
544 807 667 834 omnibus
687 806 742 834 fere
763 806 955 834 habitatoribus

161 854 269 881 nudata.
290 854 359 881 Nihil
378 855 462 888 patria
475 854 592 887 dulcius,
608 853 654 881 sed
670 861 741 880 nunc
758 852 823 880 nihil
841 853 955 879 amarius

161 900 258 927 factum
274 906 324 927 est.
344 900 443 928 Omnes
458 905 554 927 terrant
572 908 631 934 qua:
647 907 676 927 se
694 900 752 928 tulit
768 904 899 934 tamquam
916 899 955 926 la-

161 954 258 980 queunt
275 947 393 981 fugiunt,
410 946 538 973 deserunt
558 951 689 980 tatnqttam
705 945 868 977 barathrum,
886 949 954 971 taut—

162 1001 240 1026 quatn
256 993 289 1019 ab
304 993 363 1026 igtte
384 992 516 1019 resiliunt.
532 991 564 1018 Et
584 991 651 1018 sicut
664 991 744 1018 domo
758 991 818 1025 igne
833 995 954 1024 correpta

162 1047 214 1065 ron
228 1043 329 1065 tantum
344 1038 452 1065 domuut
469 1038 626 1069 habitantes,
639 1037 686 1064 sed
699 1043 725 1065 et
739 1045 831 1064 outnes
843 1037 955 1072 proximi

160 1092 220 1111 cum
242 1085 323 1110 multa
345 1091 374 1111 se
396 1083 526 1118 rccipiunt
545 1083 727 1114 festinatione,
742 1082 841 1109 nttdum
859 1090 955 1117 corpus

161 1137 266 1157 servare
280 1130 416 1156 studenrcs
428 1138 434 1156 :
449 1130 486 1157 sic
496 1135 522 1157 et
534 1137 603 1156 ttunc
612 1130 674 1156 dum
686 1129 758 1164 regia
772 1129 809 1156 ira
822 1134 955 1164 tamquam

161 1175 266 1202 ﬂamma
280 1175 399 1210 qtuedam
411 1183 526 1209 supertte
540 1180 719 1209 exspectatur,
734 1175 886 1210 priusquam
900 1182 957 1201 seu-

161 1221 210 1247 situ
234 1221 408 1255 progrediens
429 1221 461 1247 ad
485 1221 555 1255 ipsos
581 1221 715 1256 perveniat
740 1221 823 1255 igttis,
846 1221 957 1255 quilibet

161 1266 233 1300 prius
244 1266 327 1298 exire,
341 1270 367 1293 et
381 1267 477 1293 nudum
490 1274 585 1301 corpus
597 1274 705 1294 servare
716 1266 822 1293 festinat
834 1275 839 1292 :
854 1272 880 1293 et
893 1267 958 1293 ll‘lli-

162 1318 222 1345 gma
234 1319 302 1338 nunc
314 1311 380 1338 facta
391 1317 432 1338 est
445 1312 549 1339 miseria
565 1317 652 1339 ttostra
668 1321 675 1339 :
687 1312 744 1338 sine
755 1312 873 1338 hostibus
886 1312 955 1346 fuga,

163 1357 220 1383 sitte
232 1364 316 1391 pugna
329 1357 533 1391 transmigratio,
547 1362 572 1383 et
583 1357 640 1384 sine
651 1357 723 1384 urbis
733 1357 836 1384 excidio
848 1357 958 1392 captivi-

164 1408 204 1429 tas
219 1411 226 1429 :
242 1410 293 1430 non
307 1403 421 1430 vidimus
440 1403 606 1430 barbaricum
623 1403 724 1438 ignem,
741 1411 826 1437 tteque
842 1403 956 1430 ltostiotn

163 1450 250 1476 vultus
269 1449 464 1484 spectavimus,
483 1454 509 1476 et
529 1456 559 1475 ea
577 1456 636 1483 qua:
654 1448 723 1483 capti
744 1448 866 1483 patimur.
882 1448 958 1476 Nunc

162 1502 257 1522 omnes
271 1494 377 1521 discunt
391 1494 555 1521 calamitates
570 1497 674 1520 nostras
689 1502 695 1520 :
710 1497 815 1520 nostros
828 1494 898 1520 cuitu
912 1501 957 1520 ex-

163 1539 234 1566 sulcs
247 1538 431 1572 suscipientes,
448 1539 481 1565 ab
497 1539 548 1566 illis
561 1538 675 1565 civitatis
688 1538 790 1565 cladem
806 1538 924 1566 audiunt.

198 1584 225 1610 2.
242 1584 295 1611 Sed
316 1591 367 1610 non
389 1591 469 1618 super
490 1584 540 1611 ltoc
559 1583 722 1617 confundor,
739 1591 788 1611 nec
805 1584 933 1611 erubesco
949 1593 956 1611 :

164 1637 257 1656 omnes
271 1629 419 1663 intelligant
438 1629 550 1656 civitatis
565 1629 697 1663 pericula,
713 1633 741 1656 ut
759 1629 837 1656 matri
855 1630 958 1657 condo-

165 1676 268 1705 lentes,
282 1682 450 1702 communem
470 1675 502 1701 ab
520 1674 592 1701 omni
614 1679 682 1701 terra
703 1675 736 1702 ad
761 1675 843 1701 Deum
866 1683 957 1702 vocent

165 1721 303 1752 extollant,
319 1725 345 1748 et
360 1720 519 1747 unanimiter
531 1727 697 1747 communem
712 1721 830 1747 omnium
846 1725 957 1748 matrem

164 1770 191 1791 et
201 1766 319 1792 altricem
331 1773 344 1790 a
354 1766 478 1793 caelorum
491 1765 563 1798 Rege
574 1765 728 1800 deposcant.
744 1765 819 1793 Prius
830 1773 958 1794 concussa

164 1815 206 1838 est
222 1811 297 1837 ttobis
314 1810 392 1843 urbs,
408 1817 478 1837 nunc
497 1810 562 1844 ipsa:
583 1811 760 1838 habitatorum
781 1812 876 1839 animm
892 1820 959 1846 qua-

165 1857 266 1883 tiuntur
289 1864 296 1884 :
318 1861 380 1883 tunc
401 1855 540 1882 domorum
565 1855 734 1884 fundamenta
756 1857 958 1891 quatiebantur,

164 1909 235 1928 tutuc
249 1902 303 1935 ipsa
318 1901 445 1935 cujusque
458 1901 546 1928 cordis
561 1901 612 1928 ima
627 1907 839 1936 commoventur,
854 1907 881 1929 et
894 1911 959 1937 quo-

167 1947 230 1972 tidie
246 1951 307 1972 ante
320 1946 412 1972 oculos
430 1951 536 1973 nostros
552 1954 645 1974 omnes
666 1952 778 1974 tnortem
797 1948 939 1982 aspicimus
951 1968 958 1980 ,

117 1992 120 1995 ’
164 1991 191 2018 itt
205 1992 332 2018 continuo
347 1991 460 2018 vivimus
474 1991 584 2024 timore,
597 1996 624 2019 et
637 1992 702 2019 Cain
723 2000 827 2027 poenam
843 1994 960 2021 sustine-

164 2045 234 2067 mus.
250 2037 312 2063 olim
328 2044 464 2063 carcerem
479 2036 659 2064 habitantibus
673 2038 849 2065 miserabilius
861 2038 957 2070 affecti,

165 2087 192 2109 et
215 2082 370 2109 obsessione
392 2082 514 2109 inusitata
536 2082 648 2116 quadam
669 2086 695 2109 ct
714 2090 782 2109 ttova
801 2083 920 2115 obsessi,
935 2090 961 2111 et

165 2136 244 2162 quattt
259 2127 401 2161 cogitatum
416 2127 450 2154 sit
465 2128 595 2162 graviore.
617 2128 720 2155 Etenim
736 2129 774 2156 illi
794 2130 900 2164 quidem
916 2131 960 2165 qui

166 2174 199 2199 ah
219 2173 338 2199 hostibtts
358 2172 408 2199 hoc
427 2173 563 2208 patiuntur
584 2173 651 2199 itttra
673 2181 762 2200 tnuros
782 2178 882 2200 tantum
895 2182 960 2201 cou-

166 2219 309 2247 cluduutur
325 2229 331 2246 :
347 2220 422 2246 nobis
437 2227 500 2247 vero
513 2219 599 2246 forum
614 2228 718 2254 quoque
738 2220 900 2247 inaccessum
912 2242 918 2252 ,
935 2225 961 2248 et

167 2266 194 2292 itt
209 2266 290 2293 domo
307 2266 419 2300 quisque
434 2273 480 2292 sua
501 2265 619 2292 inclusus
632 2271 688 2297 est;
708 2273 739 2292 ac
758 2266 826 2292 sicut
844 2266 961 2294 obsessis

166 2316 252 2338 tutum
273 2319 327 2338 non
347 2315 388 2338 est
407 2318 496 2337 muros
516 2311 683 2345 transgredi,
705 2311 824 2338 hostibus
845 2312 961 2339 exterius

167 2356 435 2388 circumsidentibus,
459 2356 498 2383 sic
519 2364 604 2391 neque
624 2356 712 2383 tttulzis
730 2357 820 2383 urbem
840 2357 961 2384 habitau-

168 2403 232 2429 tinm
247 2406 331 2429 tutttnt
344 2402 424 2428 domo
438 2402 522 2434 exire,
537 2409 587 2428 nec
602 2401 627 2428 itt
647 2401 735 2428 medio
749 2409 887 2436 apparere,
902 2410 962 2436 pro-

167 2454 225 2484 pter
238 2455 285 2475 eos
296 2448 340 2482 qui
355 2447 472 2482 undique
485 2452 539 2474 tum
559 2451 649 2474 sotttes
663 2452 717 2474 tum
731 2447 849 2475 insontes
863 2456 961 2475 venan-

167 2499 228 2526 tur,
245 2499 271 2521 et
283 2501 316 2521 ex
330 2493 417 2520 medio
431 2494 536 2528 rapiunt.
550 2493 607 2519 foro
617 2513 624 2525 ,
636 2497 662 2519 et
677 2493 702 2519 in
712 2493 840 2528 judicium
856 2501 962 2529 qttoqtto

168 2541 248 2566 modo
263 2547 294 2566 ac
307 2544 406 2566 tetuere
422 2539 538 2566 trahuttt.
555 2539 697 2573 Propterea
715 2539 789 2566 liberi
802 2547 862 2567 cum
878 2541 962 2567 servis

167 2585 224 2612 suis
238 2583 378 2618 compediti
393 2584 462 2610 intus
474 2583 584 2616 sedent,
598 2584 657 2618 quis
671 2584 881 2618 comprehensus
895 2585 960 2617 fuit,

168 2631 227 2664 quis
248 2629 377 2656 abductus
390 2649 397 2662 ,
412 2629 471 2664 quis
491 2629 597 2664 punitus
618 2629 710 2661 hodie,
726 2630 859 2664 quomodo
871 2635 899 2658 et
911 2639 961 2665 qua

169 2678 282 2708 ratione,
299 2676 411 2703 sollicite
425 2680 585 2710 qumrentes,
600 2681 626 2702 et
639 2676 743 2703 curiose
756 2677 930 2707 sciscitantes,
946 2684 962 2703 a

175 2724 264 2758 quibus
282 2722 344 2750 talia
361 2729 453 2750 secure
473 2722 576 2750 discere
599 2727 707 2757 possunt
723 2731 730 2749 :
745 2726 771 2749 et
788 2723 859 2749 otuni
876 2727 962 2750 morte

177 2767 386 2795 niserahilioretu
407 2767 506 2801 degunt
528 2768 606 2794 vitam
620 2788 627 2800 ,
649 2768 802 2803 alienasque
823 2767 961 2795 lamentari

179 2813 291 2842 miserias
305 2812 420 2846 quotidie
432 2813 527 2844 ευςιςιῐ,
544 2817 569 2839 et
585 2820 631 2847 pro
648 2813 732 2840 salute
746 2820 791 2840 sua
807 2817 959 2844 trementes,

1009 170 1036 193 et
1050 166 1161 193 mortuis
1174 166 1238 194 nihil
1250 168 1343 194 melius
1358 168 1494 200 habentes,
1506 168 1574 203 quod
1589 168 1688 196 dudum
1704 170 1798 197 tintOrc

1007 212 1103 239 mortui
1121 214 1184 240 sint.
1204 213 1231 240 Si
1250 214 1308 248 quis
1323 222 1386 241 vero
1398 215 1442 249 qui
1456 219 1528 242 extra
1543 215 1663 242 timorem
1677 220 1703 242 et
1714 223 1798 250 angu-

1006 257 1083 284 stiaut
1097 257 1165 285 ltanc
1176 258 1219 291 sit,
1236 258 1261 284 itt
1273 257 1358 285 forum
1373 259 1517 293 procedere
1531 259 1654 292 voluerit,
1666 264 1718 286 tam
1730 261 1797 286 tristi

1006 308 1114 338 aspectu
1130 304 1219 330 statim
1235 304 1261 330 in
1274 304 1382 331 dontum
1397 312 1470 332 suam
1491 305 1646 336 retruditur,
1661 305 1702 332 vix
1718 313 1797 332 unum

1006 348 1073 375 forte
1085 349 1127 376 vel
1141 349 1207 376 duos
1220 357 1333 376 cernens
1348 350 1495 381 inclinatoa,
1510 355 1536 377 et
1550 357 1610 377 cum
1626 351 1707 377 mttlta
1724 350 1797 377 inec-

1006 394 1101 422 deutes
1112 395 1228 428 tristitia,
1242 395 1284 422 ubi
1299 400 1360 422 ante
1375 403 1474 432 paucos
1485 396 1541 423 dies
1555 395 1692 423 ﬂuviorum
1705 404 1798 424 cursus

1007 439 1148 467 multitudo
1168 441 1323 474 superabat,
1338 441 1383 468 sed
1400 449 1469 468 nunc
1491 441 1567 468 nobis
1584 449 1677 468 omnes
1697 442 1732 471 illi
1750 449 1798 471 cx-

1007 485 1074 518 pttlsi
1089 490 1160 513 suttt.
1175 486 1207 512 Et
1221 486 1291 513 sicut
1304 494 1364 513 cum
1379 494 1411 513 ex
1427 487 1498 521 sylva
1514 487 1604 514 multa:
1618 487 1713 522 passim
1728 488 1798 514 exci-

1006 531 1104 558 duntur
1117 532 1238 564 arbores,
1254 533 1372 566 ingratus
1387 532 1506 559 redditur
1518 538 1649 568 aspectus,
1665 538 1798 568 tamquam

1006 577 1101 612 capitis
1122 578 1202 604 multa
1221 578 1325 604 calvitia
1346 578 1468 606 habentis
1483 587 1489 605 :
1503 579 1540 606 sic
1561 584 1586 605 et
1602 579 1674 606 urbis
1694 579 1798 611 solum,

1007 622 1159 650 hominibus
1182 623 1294 656 ablatis,
1312 628 1339 650 et
1359 624 1449 658 paucis
1471 622 1568 658 passim
1592 625 1798 658 apparentibus,

1007 669 1137 703 ingratum
1152 677 1222 696 ttuuc
1236 669 1332 696 factum
1346 673 1396 703 est,
1411 673 1437 696 ct
1452 670 1560 696 ntultam
1574 671 1742 697 cernentibus
1753 671 1800 697 tri-

1007 716 1085 742 Slilill}
1098 715 1238 750 caliginem
1252 716 1372 742 oiTundiI.
1395 715 1450 742 Non
1466 720 1565 742 tatttunt
1583 724 1644 743 vero
1659 721 1737 748 terra,
1753 717 1799 743 sed

1007 766 1034 788 et
1054 761 1110 794 ipsa
1130 761 1200 788 acris
1218 766 1328 793 natura,
1345 766 1370 788 et
1393 762 1518 789 solariuttt
1538 762 1671 789 radiorum
1687 763 1800 790 circulus

1007 814 1078 834 nuttc
1097 807 1161 833 ntilti
1182 814 1296 834 moerere
1318 811 1344 834 et
1366 807 1485 834 obtusior
1506 807 1593 834 lucere
1609 806 1711 834 videtur
1726 816 1732 833 :
1747 816 1800 834 nott

1007 853 1146 880 elementis
1158 858 1277 880 naturam
1292 853 1462 885 mutantibus,
1478 853 1524 880 sed
1540 853 1636 880 nostris
1648 854 1740 885 oculis,
1755 854 1800 888 qui

1008 899 1120 927 tristitia:
1135 900 1205 927 nube
1217 899 1313 926 turbati
1326 905 1397 932 sunt,
1412 907 1463 926 non
1478 899 1625 927 valentibus
1638 907 1702 934 pure
1716 907 1802 933 neque

1007 953 1067 973 cum
1078 946 1172 973 eodem
1184 945 1277 973 aﬂ‘ectu
1289 946 1422 972 radiorttnt
1439 946 1527 972 lumen
1541 946 1684 980 suscipere.
1696 945 1751 972 [loc
1762 950 1802 972 est

1007 991 1077 1026 quod
1097 992 1159 1018 olim
1181 992 1308 1026 propheta
1325 992 1429 1026 lugebat
1444 991 1536 1018 dicens
1551 1001 1557 1018 :
1574 991 1674 1018 Occidet
1689 992 1750 1026 ipsis
1764 992 1803 1018 sal

1006 1039 1034 1065 in
1053 1038 1173 1070 meridie,
1189 1043 1213 1065 et
1232 1038 1431 1065 obteuebrabitnr
1446 1038 1498 1064 dies
1525 1038 1534 1073 (
1545 1038 1620 1065 Amos
1635 1039 1662 1066 8.
1683 1038 1728 1073 9).
1749 1038 1802 1066 lloc

1008 1088 1096 1111 autem
1119 1084 1239 1117 dicebat,
1261 1092 1312 1111 non
1335 1084 1404 1119 quod
1425 1088 1524 1111 astrum
1547 1085 1733 1117 occultaretur,
1754 1093 1803 1112 nec

1008 1129 1079 1164 quod
1094 1130 1151 1157 dies
1165 1135 1347 1162 evanesceret,
1360 1129 1405 1157 sed
1417 1130 1485 1165 quod
1500 1135 1643 1157 atterentes
1654 1139 1686 1157 ne
1696 1130 1802 1165 quidem

1009 1175 1034 1202 in
1057 1176 1167 1203 meridie
1189 1180 1298 1210 propter
1318 1175 1417 1203 doloris
1433 1176 1570 1210 caliginem
1592 1176 1676 1202 lucem
1692 1184 1803 1203 cernere

1010 1226 1118 1255 possent
1139 1221 1229 1256 :quod
1253 1226 1278 1247 ct
1302 1229 1371 1248 nunc
1394 1221 1491 1248 factum
1514 1226 1555 1247 est
1571 1230 1578 1248 :
1594 1226 1620 1248 ct
1638 1229 1804 1256 quocumque

1008 1267 1067 1300 quis
1078 1267 1239 1302 respexerit,
1255 1267 1310 1294 sive
1323 1267 1347 1294 itt
1364 1272 1476 1300 terram,
1494 1267 1549 1294 sive
1565 1268 1589 1294 in
1605 1268 1732 1302 parietes,
1749 1267 1804 1293 sive

1009 1312 1035 1338 in
1050 1312 1122 1338 ttrbis
1134 1312 1270 1339 columnas
1281 1333 1287 1340 .
1304 1312 1360 1339 sive
1379 1313 1404 1339 itt
1426 1313 1560 1347 proximos
1572 1333 1579 1343 ,
1594 1317 1698 1340 noctem
1712 1317 1739 1339 et
1753 1313 1803 1338 ob-

1009 1358 1161 1385 scuritatem
1183 1358 1338 1392 profundam
1363 1366 1474 1386 cernere
1497 1359 1602 1386 videtur
1625 1367 1632 1386 τ
1655 1358 1694 1386 sic
1715 1359 1803 1386 omnia

1011 1402 1100 1429 multa:
1116 1402 1193 1437 plena
1213 1407 1275 1430 sunt
1289 1403 1410 1430 tristitiae.
1425 1403 1565 1431 Silentium
1584 1404 1681 1439 ubique
1694 1404 1804 1431 horrore

1010 1447 1117 1481 plenum
1133 1451 1160 1474 et
1180 1448 1310 1480 solitudo,
1326 1453 1352 1476 et
1367 1449 1550 1476 desiderabilis
1565 1449 1609 1476 ille
1627 1449 1804 1477 multitudinis

1010 1494 1138 1520 tumultus
1158 1494 1305 1521 exstinctus
1327 1500 1367 1522 est
1384 1504 1390 1521 :
1407 1500 1540 1530 tamquam
1561 1495 1684 1522 omnibus
1704 1501 1802 1523 terram

1010 1539 1195 1571 subeuntibus,
1213 1540 1247 1566 ita
1262 1547 1331 1566 nunc
1347 1540 1479 1567 civitatem
1495 1540 1660 1567 taciturnitas
1673 1541 1801 1575 continet,

1010 1585 1081 1610 saxis
1097 1592 1190 1615 omnes
1210 1585 1311 1612 similes
1333 1591 1395 1613 sunt
1407 1607 1413 1614 .
1430 1591 1456 1612 ct
1474 1592 1605 1621 tamquam
1621 1587 1734 1621 quodam
1755 1587 1805 1614 lin-

1011 1638 1069 1664 gnat
1081 1630 1186 1658 vittculo
1196 1631 1346 1658 calamitate
1360 1632 1478 1664 cohibiti,
1491 1631 1724 1666 profundissimum
1741 1633 1806 1659 reti-

1012 1680 1075 1702 ucnt
1097 1676 1249 1707 silentium,
1272 1683 1399 1710 quattttttu
1422 1677 1444 1704 si
1467 1678 1556 1705 hostes
1578 1678 1756 1712 iugruissent,
1778 1682 1805 1705 et

1011 1728 1105 1748 omnes
1123 1722 1200 1748 simul
1222 1723 1281 1757 igni:
1300 1729 1327 1749 et
1347 1723 1417 1750 ferro
1436 1723 1657 1758 absumpsissent.
1676 1724 1749 1751 Nunc
1763 1724 1805 1751 di-

1011 1766 1086 1794 cendi
1101 1772 1204 1802 tempus
1215 1773 1256 1794 est
1271 1777 1277 1794 :
1293 1768 1385 1795 Mittite
1396 1769 1430 1795 ad
1443 1769 1638 1802 lantcnlatrices,
1651 1775 1673 1796 ct
1686 1770 1784 1797 veniant
1795 1778 1805 1798 .'

1011 1818 1034 1839 et
1049 1813 1083 1839 ad
1098 1821 1140 1840 eas
1151 1834 1157 1846 ,
1174 1822 1229 1848 qtae
1243 1815 1367 1849 sapientes
1381 1820 1452 1847 sunt,
1467 1821 1490 1842 et
1505 1816 1670 1851 voriferentnr
1689 1816 1760 1850 (Jer.
1777 1817 1803 1844 9.

1012 1859 1068 1894 17).
1085 1859 1219 1887 Deducaut
1232 1861 1299 1887 octtli
1316 1861 1396 1888 vestri
1418 1861 1558 1896 lacryutas,
1576 1867 1602 1888 et
1618 1862 1748 1897 palpebra:
1762 1871 1803 1888 vc-

1012 1909 1074 1931 strm
1087 1905 1203 1932 deﬂuant
1215 1906 1299 1940 aquis.
1311 1906 1410 1938 Colles,
1425 1907 1520 1933 sumite
1534 1907 1677 1941 planetunt,
1690 1911 1717 1934 et
1729 1915 1802 1934 mou-

1013 1955 1062 1983 tes,
1079 1951 1188 1978 lttctttm.
1204 1952 1360 1979 Creaturam
1376 1960 1482 1979 omnem
1503 1953 1530 1982 in
1552 1953 1680 1980 malorum
1701 1959 1806 1981 nostro-

1013 2003 1070 2022 ruttt
1086 1996 1282 2023 miserationem
1302 2005 1437 2024 vocemtts.
1455 1998 1555 2025 Civitas
1569 2003 1622 2025 tam
1644 2006 1737 2033 magna
1750 2020 1757 2031 ,
1780 2005 1806 2026 et

1013 2041 1181 2068 orientalium
1196 2047 1275 2076 caput
1287 2063 1293 2074 ,
1310 2049 1325 2069 e
1338 2043 1426 2069 medio
1441 2044 1495 2070 tolli
1511 2048 1640 2070 terrarum
1656 2044 1721 2071 orbe
1735 2046 1805 2079 peri-

1012 2086 1117 2113 clitatur
1129 2096 1136 2114 :
1148 2095 1218 2114 nunc
1229 2095 1287 2122 qurc
1299 2089 1395 2115 multos
1408 2088 1521 2116 habebat
1535 2089 1612 2122 filios,
1627 2095 1736 2124 repente
1749 2091 1806 2118 sine

1014 2131 1074 2158 {hiis
1090 2131 1158 2159 facta
1178 2137 1217 2160 est
1228 2153 1235 2165 ,
1249 2138 1277 2160 et
1293 2133 1336 2168 qui
1357 2134 1510 2164 auxilictur.
1526 2143 1615 2162 nemo.
1631 2136 1721 2163 laesus
1736 2137 1805 2163 enim

1013 2182 1053 2203 εει
1066 2178 1109 2211 qui
1125 2186 1177 2204 non
1193 2178 1273 2205 Itath
1287 2186 1375 2212 parem
1391 2180 1471 2206 ulltttn
1487 2187 1568 2214 super
1583 2186 1680 2208 terram
1698 2191 1704 2208 :
1722 2182 1808 2216 Impe-

1014 2228 1086 2249 rator
1097 2223 1167 2249 enim
1180 2228 1230 2255 est,
1245 2223 1377 2258 fastigium
1390 2229 1416 2251 et
1431 2230 1511 2259 caput
1529 2226 1647 2252 omnium
1662 2235 1741 2261 sttpcr
1752 2232 1806 2253 ter-

1014 2275 1069 2293 ram
1087 2267 1233 2295 hominum.
1248 2268 1390 2303 Propterea
1401 2270 1433 2296 ad
1445 2278 1588 2304 sttpcrtttutt
1601 2271 1698 2306 Regem
1710 2271 1806 2299 confu-

1013 2313 1125 2346 giamus,
1141 2312 1214 2339 illum
1230 2313 1255 2340 itt
1270 2314 1396 2341 auxilium
1412 2314 1580 2347 invocemus;
1596 2316 1644 2342 nisi
1664 2323 1806 2350 supernam

1014 2366 1187 2393 assequamur
1207 2360 1335 2394 gratiam,
1354 2361 1425 2388 nulla
1450 2362 1652 2388 commissitrtnu
1676 2363 1807 2396 reparatio

1014 2404 1180 2438 relinquitur.

1050 2449 1076 2476 3.
1092 2448 1240 2476 Voluissem
1257 2449 1299 2476 hic
1314 2451 1468 2478 concionem
1486 2451 1590 2479 solvere
1605 2461 1612 2478 :
1629 2453 1721 2479 nolunt
1736 2454 1806 2480 euitn

1014 2495 1175 2529 gementium
1197 2495 1277 2522 anitni
1303 2496 1396 2530 longos
1417 2497 1560 2524 extendere
1584 2505 1740 2528 sermones;
1761 2499 1806 2526 sed

1015 2542 1083 2567 sicut
1102 2541 1186 2567 nubes
1206 2540 1326 2575 quzcdam
1344 2541 1443 2575 densa,
1458 2547 1484 2569 et
1501 2543 1551 2570 sub
1570 2544 1683 2570 solarem
1705 2544 1806 2571 radium

1015 2594 1138 2617 currens,
1154 2594 1260 2613 omnem
1281 2591 1425 2614 retrorsum
1447 2587 1617 2622 splendorem
1637 2590 1752 2616 avertit:
1769 2590 1807 2616 sic

1015 2638 1039 2659 et
1057 2631 1169 2658 tristitia:
1183 2631 1287 2662 ttehttla,
1304 2639 1364 2659 cum
1380 2638 1440 2660 ante
1457 2633 1574 2660 animum
1591 2640 1710 2662 nostrttm
1726 2640 1807 2664 stete-

1016 2677 1058 2709 rit,
1075 2685 1126 2703 nott
1142 2677 1205 2703 sinit
1220 2677 1321 2704 facilem
1338 2685 1397 2705 esse
1411 2679 1538 2706 orationis
1557 2687 1674 2713 cursum,
1690 2681 1735 2707 sed
1752 2681 1807 2708 suf-

1015 2721 1099 2754 foeat,
1120 2726 1146 2748 et
1167 2730 1227 2748 cum
1246 2722 1327 2749 multa
1351 2723 1375 2749 vi
1400 2723 1469 2750 itttus
1491 2724 1619 2758 reprimit.
1641 2725 1672 2751 Et
1691 2724 1741 2752 ltoc
1755 2734 1806 2752 nott

1015 2768 1162 2794 dicentibus
1180 2772 1280 2794 tantum
1291 2788 1298 2800 ,
1315 2768 1361 2795 sed
1384 2773 1411 2795 et
1426 2768 1592 2796 audientibus
1611 2770 1724 2800 accidit;
1740 2771 1808 2797 sicut

1017 2813 1087 2840 enim
1104 2814 1136 2840 ab
1156 2813 1245 2840 animo
1259 2813 1370 2841 dicentis
1386 2821 1438 2841 ncn
1452 2814 1572 2841 concedit
1593 2814 1677 2849 ipsam
1692 2823 1752 2843 ettm
1767 2815 1807 2842 fa—
