1984 3110
98 93 127 121 55
641 103 685 129 AD
706 103 871 133 PUPULUM
894 98 1143 136 ANTIOCHENUM
1164 110 1280 139 ιιοιιιι.
1299 110 1329 138 Il.
1790 111 1825 140 35

99 151 290 199 ἀτερπέστερον
300 154 404 190 γέγονε
414 156 477 183 νῦν.
494 151 627 194 Καθάπερ
642 160 762 195 μέλιτται
774 163 869 197 κηρίον
879 164 946 199 βομ-

101 195 196 227 δθῧστ-ιν
208 196 282 242 θῧτω
291 199 345 233 τὴν
357 199 470 234 ἀγορὰν
488 210 520 227 πε
527 203 667 237 ριίπταντο
677 204 737 230 καθ’
752 195 870 241 ἑκάστην
877 195 945 242 μέ-

101 247 143 285 ραν
154 242 178 285 οἱ
259 241 344 269 πόλιν
367 244 514 277 οἰκοῦντες
532 252 544 265 ι
559 267 566 278 ,
585 247 630 272 καὶ
648 247 747 279 πάντες
759 249 831 283 ἡμᾶς
847 240 945 285 ἐπίγτῷ

101 283 187 317 πληθει
199 284 290 320 τούτῳ
303 286 447 321 πρότερον
467 289 645 325 ἐμακάριζον.

136 327 200 352 Ἀλλ’
215 327 271 354 ίδοίι
281 328 334 356 νῦν
344 330 377 357 τὺ
390 332 491 366 κηρίον
509 333 588 360 τοῦτο
614 334 725 369 γέγονεν
744 334 847 371 ἔρημον
857 344 864 351 °
880 336 947 363 καθ-

103 371 164 415 άπερ
180 371 236 407 γὰρ
259 372 314 405 τὰς
336 375 471 409 μελίττας
481 377 587 409 ἐκείνας
601 378 714 409 καπνὸς,
742 378 813 405 οὕτω
831 378 881 411 τὰς
899 389 946 415 με-

101 414 184 446 λίττας
196 416 303 449 ταύτας
317 418 404 452 φόϐος
416 419 543 455 ἀπήλασε
554 429 560 436 ·
573 422 673 456 μᾶλλον
683 421 714 448 δὲ
727 422 773 448 καὶ
789 422 803 448 ὃ
819 423 883 458 περὶ
897 414 946 458 τῆς

108 458 283 496 Ἰερουσαλὴμ
303 461 417 497 θρηνῶν
430 463 445 489 ὁ
457 465 601 499 προφήτης
617 465 705 499 ἔλεγε,
717 466 793 492 τοῦτο
808 466 854 493 καὶ
867 468 946 501 ἡμεῖς

101 503 136 533 είς
147 503 244 539 καιρὸν
265 505 391 540 ἐροῦμεν
408 506 472 533 νῦν⁸
494 508 637 543 Ἐγενήοη
653 508 724 542 ἡμῖν
742 509 761 541 ’ἡ
782 509 881 541 πόλις,
906 508 946 541 ὡς

101 547 264 580 τερέϐινθος
289 549 519 584 ἀποϐεϐληκυῖα
542 552 577 578 τὰ
596 553 709 586 φύλλα,
725 553 774 579 καὶ
797 552 837 585 ὡς
854 552 947 586 παρά-

102 589 197 623 δεισος
215 591 300 626 ὕδωρ
323 593 368 627 μὴ
386 594 475 628 ἔχων.
492 595 625 631 Καθάπερ
642 596 696 631 γὰρ
711 596 872 631 παράδεισος
897 595 946 630 τῆς

101 633 206 668 ἀρδείας
219 635 419 671 ἐπιλιπούσης,
433 637 525 673 ἔρημα
539 638 593 665 τῶν
607 638 712 673 φύλλων
727 640 774 665 καὶ
786 639 877 674 γυμνά
892 640 945 665 τῶν

101 678 213 711 ιαρπῶν
224 679 262 705 τὰ
271 679 371 716 δένδρα
385 681 532 714 δείκνυσιν,
554 682 624 709 οὕτω
635 682 667 718 δή
684 682 731 708 καὶ
747 684 763 717 ἡ
782 682 857 714 πόλις
868 682 946 717 ἡμῶν

101 722 193 756 γέγονε
211 723 262 749 νῦν
274 732 282 739 ⁸
302 725 353 759 τῆς
373 725 428 761 γὰρ
444 726 548 753 ἀνωθεν
565 726 689 762 βοηθείας
711 726 945 761 ἐγκαταλιπούσης
983 731 985 734 ’

103 766 194 801 αὖτῆνν
204 767 326 802 ἒστηκεν
339 768 453 805 ἕρημος,
473 771 564 806 γυμνὴ
578 770 632 797 τῶν
646 770 796 806 οἰκητόρων
811 770 945 804 γενομένη

104 810 192 844 σχεδόν
207 811 350 839 ἁπάντων.
366 813 449 840 Οὐδὲν
466 814 595 849 πατρίδος
610 814 786 847 γλυκύτερον,
804 813 860 839 ἀλλ’
871 813 945 839 οὐδὲν

103 854 263 890 πικρότερον
277 855 327 882 νῦν
350 856 460 890 γέγονε·
475 854 575 889 πάντες
599 857 648 892 τὴν
674 857 837 891 ἐνεγκοῦσαν
851 856 945 891 ὥσπερ

104 897 203 930 παγίδα
227 898 389 933 φεύγουσιν,
415 900 512 936 ὥσπερ
534 900 669 936 βάραθρον
691 900 946 935 ἐγκαταλιμπάνου-

105 948 145 967 σιν
166 941 190 972 ι’,
214 941 313 979 ῶσπερ
338 945 428 979 πυρᾶς
450 945 626 980 ἀποπηδῶσι·
643 945 690 971 κειιί¹
713 944 838 979 καθάπερ
857 944 945 975 οἰκίας

105 985 261 1021 ἁπτομένης
273 988 324 1022 οὐχ
338 989 363 1014 οἰ
376 989 426 1023 τὴν
439 989 530 1016 οὶκίαν
545 989 683 1020 οἰκοῦντες
706 990 796 1024 μόνον,
811 989 879 1016 ἀλλὰ
899 989 945 1015 καὶ

105 1029 202 1061 πάντες
221 1031 246 1056 οἱ
264 1031 380 1067 πλησίον
398 1033 469 1068 μετά
491 1033 590 1068 πολλῆς
611 1033 772 1068 ἀποπηδῶσι
790 1034 841 1068 τῆς
863 1042 946 1059 σπου-

104 1072 159 1107 δῆς,
174 1075 282 1109 γυμνὸν
296 1075 327 1102 τὸ
348 1076 428 1111 σῶμα
450 1076 580 1103 διασῶσαι
596 1077 807 1109 σπουδάζοντες·
827 1076 899 1103 οὕτω
913 1077 944 1111 δὴ

105 1117 149 1143 καὶ
160 1117 208 1143 νῦν
219 1119 273 1153 τῆς
289 1119 433 1155 βασιλικῆς
448 1121 534 1156 ὀργῆς
549 1121 673 1157 καθάπερ
688 1122 777 1157 πυρᾶς
790 1129 861 1152 τινος
875 1121 945 1147 ἀνω-

106 1160 149 1186 θεν
163 1162 240 1196 ἥξειν
259 1164 503 1200 προσδοκωμένης.
519 1165 583 1201 πρὶν
602 1166 646 1191 ἐπ’
662 1165 762 1197 αὐτοὺς
773 1165 825 1200 ὀδῷ
840 1163 946 1200 βαδίζον

105 1206 167 1242 ἔλθῃ
190 1208 222 1234 τὸ
236 1208 305 1244 πῦρ,
323 1208 438 1241 ἕκαστος
452 1211 591 1244 ἐπείγεται
606 1210 789 1246 προεξελθεῖν,
826 1210 873 1236 καὶ
892 1218 944 1243 γυ-

106 1253 168 1286 μνὸν
184 1253 321 1280 διασῶσαι
337 1254 367 1281 τὸ
381 1254 476 1290 σῶμα·
488 1255 535 1282 καὶ
557 1255 666 1289 γέγονεν
679 1255 757 1290 ἡμῶν
772 1254 885 1289 αἴνιγμα
898 1253 946 1280 νῦν

105 1295 121 1330 ἡ
140 1297 280 1332 συμφορά.
294 1298 387 1333 Χωρὶς
403 1299 540 1333 πολεμίων
555 1299 639 1335 φυγὴ,
653 1298 739 1334 χωρὶς
764 1298 852 1334 μάχης
884 1305 947 1332 μετ-

106 1339 256 1372 ανάστασις
267 1361 275 1371 ,
291 1341 378 1376 χωρὶς
390 1341 519 1373 ἁλώσεως
544 1342 718 1378 αἰχμαλωσία
728 1351 735 1358 ·
764 1342 814 1368 οὐκ
841 1340 947 1375 εἴδομεν

107 1381 276 1419 βαρϐαρικὸν
297 1384 363 1420 πῦρ,
383 1385 445 1412 οὐδὲ
468 1385 602 1420 πολεμίων
617 1386 677 1420 ὄψιν
699 1384 883 1420 ἐθεασάμεθα,
900 1384 947 1411 καὶ

105 1426 139 1452 τὰ
153 1427 207 1453 τῶν
217 1427 381 1455 ἑαλωκότων
397 1429 549 1465 πάσχομεν.
568 1429 672 1461 Πάντες
686 1429 733 1456 νῦν
747 1429 795 1460 τὰς
808 1427 946 1464 ἡμετέρας

109 1471 273 1507 μανθάνουσι
286 1473 431 1508 συμφοράς
442 1481 448 1486 ·
462 1474 525 1505 τοὺς
533 1473 586 1509 γὰρ
595 1473 743 1509 ἡμετέρους
754 1473 946 1508 ὑποδεχόμενοι

107 1515 226 1550 φυγάδας
237 1517 304 1551 παρ’
312 1517 427 1544 ἐκείνων
434 1517 483 1552 τὴν
490 1517 539 1552 τῆς
546 1517 649 1548 πόλεως
656 1517 820 1553 μανθάνουσι
828 1517 945 1552 πληγήν.

140 1558 173 1593 β’.
190 1560 263 1586 Ἀλλ’
275 1561 325 1586 οὐκ
334 1560 498 1596 αἰσχύνομαι
505 1561 550 1587 ἐπὶ
558 1561 656 1595 τούτῳ,
663 1560 723 1586 οὐδὲ
731 1560 859 1597 ἐρυθριῶ.
872 1561 948 1587 Μαν-

107 1601 264 1630 θανέτωσαν
278 1605 400 1636 ἅπαντες
413 1604 447 1630 τὰ
460 1604 509 1639 τῆς
528 1604 631 1635 πόλεως
650 1604 734 1639 πάθη,
756 1603 947 1639 ἵνα¹συναλγὴ-

108 1655 203 1678 σαντες
210 1649 244 1682 τῇ
258 1648 368 1683 μητέρι,
381 1648 475 1683 κοινὴν
482 1647 535 1674 ἀπὸ
545 1648 594 1683 τῆς
602 1648 652 1683 γῆς
660 1648 769 1683 ἀπάσης
782 1647 947 1681 ἀνενέγκωσι

107 1690 145 1724 τῷ
163 1690 224 1725 Θεῷ
249 1691 353 1726 φωνὴν,
379 1691 427 1717 καὶ
446 1691 616 1726 ὁμοθυμαδὸν
634 1691 683 1726 τὴν
704 1691 797 1726 κοινὴν
821 1691 948 1717 ἁπάντων

111 1734 216 1769 μητέρα
233 1735 282 1760 καὶ
296 1735 397 1770 τροφὸν
416 1735 492 1770 παρά
514 1735 562 1761 τοῦ
581 1735 635 1761 τῶν
649 1735 769 1770 οὐρανῶν
787 1733 949 1769 ἐξαιτὴσων-

109 1785 152 1803 ται
172 1777 315 1812 βασιλέως.
340 1778 466 1814 Ἐσείσθη
487 1778 581 1814 πρῴην
598 1779 663 1813 ἡμῖν
681 1780 697 1813 ἡ
715 1778 802 1809 πόλις,
820 1778 887 1805 ἀλλὰ
902 1778 948 1805 νῦν

111 1821 190 1847 αὑταὶ
219 1822 379 1848 σαλεύονται
406 1822 460 1849 τῶν
490 1822 639 1857 οἰκητόρων
664 1827 675 1841 ε
702 1823 730 1848 αἱ
759 1822 860 1857 ψυχαί·
887 1822 948 1848 τότε

112 1865 213 1892 ἐσείετο
228 1865 262 1892 τὰ
280 1865 394 1901 θεμέλια
409 1866 464 1892 τῶν
485 1867 652 1901 οἰκημάτων,
674 1866 722 1893 νῦν
737 1866 766 1892 δὲ
782 1866 851 1892 αὐτὰ
867 1866 949 1892 δονεῖ-

112 1918 155 1936 ται
166 1909 200 1936 τὰ
214 1909 327 1944 θεμέλια
344 1911 394 1945 τῆς
416 1910 530 1937 ἑκάστου
553 1910 675 1946 καρδίας,
697 1910 744 1937 καὶ
758 1910 817 1937 καθ’
831 1910 950 1946 ἑκάστην

111 1954 217 1989 ἡμέραν
233 1954 288 1989 πρὸ
303 1954 361 1980 τῶν
381 1954 529 1989 ὀφθαλμῶν
543 1953 590 1980 τὸν
607 1953 721 1981 θάνατον
737 1953 836 1985 πάντες
854 1953 949 1988 βλέπο-

114 2006 172 2033 μεν,
186 1999 235 2025 καὶ
251 1998 328 2034 φόϐῳ
342 1998 469 2033 συζῶμεν
481 1999 610 2033 διηνεκεῖ,
625 1998 671 2025 καὶ
686 1998 734 2029 τὴν
748 1997 795 2024 τοῦ
808 1998 877 2025 Κὰῐν
888 1999 951 2025 ὑπο-

114 2042 230 2078 μένομεν
247 2042 384 2077 τιμωρίαν
401 2042 580 2077 ἐλεεινότερον
602 2041 657 2068 τῶν
673 2040 739 2067 ποτέ
759 2041 789 2068 τὸ
807 2041 950 2076 δεσμωτή-

113 2095 169 2122 ριον
183 2085 334 2112 οἰκούντων
349 2085 528 2120 διακείμενοι,
548 2084 595 2111 καὶ
618 2083 777 2119 πολιορκίαν
793 2083 952 2119 πολιορκού-

112 2133 185 2160 μενοι
203 2125 284 2160 ξένην
295 2126 356 2152 τινὰ
370 2127 417 2155 καὶ
426 2126 532 2161 καινὴν,
545 2125 592 2152 καὶ
602 2125 651 2160 τῆς
662 2125 861 2160 νενομισμένης
870 2125 883 2145 ά
895 2125 951 2151 δει-

111 2166 232 2201 νοτέραν.
240 2165 299 2202 [‘22]
313 2167 345 2192 υἱ
355 2166 405 2201 μὲν
415 2166 469 2200 γὰρ
477 2166 529 2192 ὑπὸ
539 2165 593 2191 τῶν
601 2165 737 2201 πολεμίων
746 2166 826 2192 τοῦτο
833 2166 951 2202 πάσχον-

111 2216 164 2239 τις,
180 2208 234 2234 ἔσω
244 2207 344 2242 τειχῶν
360 2205 546 2234 ἀποκλείονται
563 2207 652 2242 μόνον,
664 2207 729 2242 ἡμῖν
738 2207 766 2233 δὲ
777 2208 822 2233 καὶ
835 2208 850 2242 ἡ
863 2208 950 2243 ἀγορά

111 2252 209 2283 ἄϐατος
222 2251 321 2285 γέγονε
332 2270 339 2282 ,
360 2251 408 2277 καὶ
423 2251 478 2281 τοῖς
495 2250 593 2285 τοίχοις
610 2250 724 2282 ἕκαστος
737 2250 787 2285 τῆς
801 2251 889 2282 οἰκίας
905 2252 949 2277 ἐν-

111 2292 322 2320 αποκέκλεισται
334 2292 384 2326 τῆς
397 2290 504 2318 ἐαυτοῦ.
521 2292 575 2318 Καὶ
585 2292 710 2327 καθάπερ
720 2292 782 2323 τοὺς
793 2292 935 2328 πολιορκου

113 2337 207 2371 μένους
221 2337 274 2363 οὐκ
290 2336 412 2371 ἀσφαλὲς
429 2335 579 2370 ὑπερϐῆναι
592 2335 622 2362 τὸ
632 2337 731 2371 τεῖχος,
746 2336 801 2362 τῶν
813 2336 950 2371 πολεμίων

112 2376 160 2413 ὶξω
179 2380 422 2416 περικαθημένων·
438 2379 524 2410 οὕτως
539 2379 599 2405 οὐδὲ
615 2379 721 2411 πολλοῖς
735 2379 789 2406 τῶν
803 2379 851 2415 τὴν
872 2380 950 2406 πόλιν

112 2421 255 2448 οἰκούντων
269 2421 389 2455 ἀσφαλὲς
402 2420 528 2453 ἐξελθεῖν,
543 2421 604 2447 ούδέ
620 2421 649 2447 ἐν
671 2420 710 2455 τῷ
727 2420 802 2456 μέσῳ
818 2421 945 2455 φανῆναι,

111 2463 153 2489 διὰ
163 2463 225 2494 τοὺς
237 2462 371 2489 πάντοθεν
382 2462 547 2497 θηρεύοντας
556 2461 692 2493 ἀναιτίους
702 2462 749 2488 καὶ
759 2461 862 2493 αἰτίους
871 2467 893 2493 ο,
904 2462 950 2488 καὶ

113 2505 143 2530 ἐκ
158 2505 244 2539 μέσης
258 2504 435 2539 ἁρπάζοντας
448 2503 497 2538 τῆς
508 2504 622 2538 ἀγορᾶς,
636 2503 683 2530 καὶ
697 2503 765 2537 πρὸς
777 2503 807 2529 τὸ
819 2503 949 2538 δικαστή-

115 2554 168 2580 ριον
180 2546 273 2577 ἁπλῶς
283 2546 332 2572 καὶ
345 2546 383 2577 ὡς
398 2545 494 2579 ἐτυχεν
506 2544 643 2576 ἕλκοντας.
658 2544 706 2571 Διά
720 2544 798 2571 τοῦτο
811 2544 949 2579 ἐλεύθεροι

116 2587 181 2620 μετὰ
201 2587 255 2613 τῶν
278 2586 394 2614 οἰκετῶν
406 2586 462 2612 τῶν
477 2586 582 2613 ἑαυτῶν
605 2586 678 2612 ἔνδον
701 2585 948 2621 συμπεποδισμένοι

114 2628 252 2658 κᾶθηνται,
265 2628 307 2659 τίς
324 2626 491 2661 συνελήφθη,
502 2627 543 2658 τίς
559 2626 680 2661 ἀπήχθη,
695 2627 738 2658 τίς
752 2626 888 2661 ἐκολάσθη
901 2627 949 2661 σή-

115 2675 193 2702 μερον
205 2676 212 2699 ;
225 2666 284 2696 πῶς
298 2666 346 2692 καὶ
356 2665 409 2707 τίνι
423 2665 532 2699 τρόπῳ;
545 2666 729 2701 μεριμνῶντες
740 2667 787 2693 καὶ
801 2675 948 2703 περιεργα-

144 2755 158 2770 ι
170 2755 232 2780 Sice
245 2754 321 2780 Savil.
340 2757 366 2780 et
386 2755 482 2785 aliquot
492 2761 551 2778 mss.
563 2755 729 2786 oorggximus;
742 2756 815 2785 paulo
826 2758 881 2786 post
892 2757 953 2783 μᾶλ-

115 2786 154 2811 λον
164 2787 189 2810 δέ
201 2786 336 2814 adierimus
348 2793 380 2809 ex
395 2786 484 2809 eodem
495 2785 594 2809 Savilioi
608 2785 675 2809 Εωτ.

145 2818 157 2838 δ
171 2816 218 2841 Alii
232 2817 449 2843 ἀπολιμπάνουσιν.

146 2850 155 2862 ⁸
171 2850 216 2872 Alii
229 2849 277 2871 τῶν
287 2847 428 2871 οἰκούντων,

140 2878 153 2899 ἢ
168 2880 214 2903 Alii
225 2880 265 2902 καὶ
278 2879 363 2907 πολλῆ)
378 2880 421 2905 τῆς
432 2885 477 2900 νεν.
491 2877 553 2900 lnl'ra
566 2877 662 2907 quidam
675 2877 858 2902 ἐναποκλείεται.

142 2909 153 2925 '
169 2911 208 2936 Sic
220 2908 296 2935 Savil.
310 2911 338 2933 et
350 2908 405 2938 atii,
417 2907 443 2932 iu
457 2907 542 2934 Morel.
554 2908 594 2931 καὶ
605 2907 692 2936 αἰτίους
703 2909 781 2933 deest.

999 165 1106 200 ζόμενοι
1118 174 1154 192 πα
1160 167 1183 201 ρ’
1196 162 1233 193 ὧν
1245 166 1278 192 τὰ
1288 167 1399 194 τοιαῦτα
1408 168 1519 195 δυνατὸν
1533 166 1677 204 μανθάνειν
1690 167 1832 201 ἀσφαλῶς,

998 208 1045 235 καὶ
1061 208 1174 235 θανάτου
1196 210 1294 241 παντὸς
1309 210 1488 247 ἐλεεινότερον
1503 211 1569 243 ζῶσι
1585 211 1651 245 βίον,
1670 209 1719 241 τάς
1740 218 1769 235 τε
1782 209 1830 236 ἀλ-

997 251 1104 287 λοτρίας
1120 252 1262 288 ὀδύρεσθαι
1281 254 1423 289 συμφορὰς
1446 254 1662 289 ἀναγκαζόμενοι
1685 252 1747 279 καθ’
1763 252 1833 287 ἠμέ-

999 304 1058 330 ραν,
1070 295 1117 322 καὶ
1124 295 1246 330 ὺπέρτῆς
1254 295 1509 332 ἐαυτῶντρέμοντες
1516 295 1661 331 σωτηρίας,
1667 297 1715 323 καὶ
1726 296 1831 331 νεκρῶν

995 339 1070 366 οὐδὲν
1086 339 1195 374 ἄμεινον
1210 339 1376 373 διακείμενοι
1401 339 1439 374 τῷ
1460 339 1543 366 πάλαι
1558 339 1683 366 τεθνάναι
1705 346 1744 375 τῳ
1762 339 1829 366 δέει.

996 383 1028 409 EI
1045 382 1072 409 δέ
1086 391 1128 412 τις
1145 382 1190 409 καὶ
1203 382 1249 408 τοῦ
1269 382 1351 415 φόϐου
1378 382 1472 408 τούτου
1487 384 1534 409 καὶ
1547 382 1597 416 τῆς
1613 383 1731 416 ἀγωνίας
1750 383 1829 409 ἐκτὸς

995 423 1033 450 ὢν
1057 425 1208 460 ἐθελήσειεν
1221 426 1260 457 είς
1276 424 1379 460 ἀγορὰν
1392 424 1529 460 ἐμϐαλεῖν,
1545 424 1597 451 ὑπὸ
1614 424 1664 459 τῆς
1677 424 1764 459 θψεως
1779 422 1831 458 τῆς

996 468 1131 503 ἀτερποῦς
1150 469 1250 501 εὐθέως
1269 471 1308 501 είς
1323 469 1371 504 τὴν
1397 468 1486 495 οἰκίαν
1508 467 1690 494 είσελαύνεται
1703 468 1752 494 τὴν
1766 467 1830 493 ἐαυ-

995 512 1053 543 τοῦ,
1067 512 1115 538 ἕνα
1133 521 1182 539 που
1203 513 1250 539 καὶ
1275 512 1322 538 δύο
1354 512 1430 547 μόλις
1454 511 1525 547 ὀρῶν
1553 511 1765 545 συγκεκυφότας.
1784 510 1831 536 καὶ

998 555 1066 589 μετά
1082 555 1180 591 πολλῆς
1192 556 1348 591 βαδίζοντας
1358 556 1407 591 τῆς
1419 554 1580 590 κατηφείας,
1594 554 1657 581 ἔνθα
1671 553 1722 589 πρὸ
1734 553 1831 587 ὀλίγων

996 599 1107 634 ἡμερῶν
1122 599 1252 634 ποταμῶν
1268 600 1391 635 ῥεύματα
1404 599 1435 625 τὺ
1448 599 1549 634 πλῆθος
1566 598 1753 633 ἀπέκρυπτεν,
1764 596 1832 624 ἀλλά

997 642 1043 668 νῦν
1056 643 1234 678 ἀπηλάθησαν
1247 644 1312 678 ἡμῖν
1327 643 1427 674 πάντες
1441 643 1547 669 ἐκεῖνοι.
1563 642 1618 668 Καὶ
1627 641 1752 676 καθάπερ
1769 640 1832 676 δρυ-

998 685 1048 719 μοῦ
1060 685 1198 721 συμφύτου
1212 686 1316 713 πολλῶν
1331 686 1499 721 πανταχόθεν
1516 685 1690 712 ἐκκοπέντων
1705 683 1831 718 δένδρων,

995 729 1115 764 ἀτερπὴς
1130 731 1146 765 ἡ
1164 730 1224 764 ὄψις
1239 731 1353 765 γίνεται,
1369 730 1385 765 ἢ
1404 730 1530 765 καθάπερ
1545 728 1665 763 κεφαλῆς
1685 727 1832 763 φαλακρώ-

998 781 1069 807 ματα
1081 773 1195 809 ἐχούσης
1206 774 1299 805 πολλὰ,
1308 774 1378 800 οὕτω
1395 774 1427 809 δὴ
1444 775 1490 800 καὶ
1502 773 1532 799 τὸ
1545 773 1594 808 τῆς
1607 773 1710 803 πόλεως
1721 771 1831 805 ἔδαφος,

995 816 1050 843 τῶν
1064 817 1214 852 ἀνθρώπων
1225 818 1439 849 ἐλαττωθέντων,
1455 818 1501 844 καὶ
1514 817 1611 851 ὀλίγων
1624 815 1760 851 σποράδην
1772 824 1833 849 φαι-

997 860 1126 894 νομένων,
1138 861 1256 897 ἀτερπές
1273 862 1369 896 γέγονε
1388 862 1447 894 νῦν,
1463 862 1510 888 καὶ
1525 861 1624 896 πολλὴν
1642 860 1695 886 τῶν
1709 858 1833 895 ὁρώντων

997 904 1124 938 καταχέει
1141 905 1190 940 τῆς
1201 905 1319 940 ἀθυμίας
1330 905 1379 941 τὴν
1392 905 1484 940 ἀχλύν.
1504 905 1539 931 Οὐ
1551 905 1581 931 τὸ
1594 904 1691 938 ἔδαφος
1701 903 1728 929 δὲ
1743 903 1832 938 μόνον,

997 946 1063 973 ἀλλά
1084 948 1130 973 καὶ
1148 948 1216 984 αὑτὴ
1228 948 1274 974 τοῦ
1292 948 1372 984 ἀέρος
1388 950 1404 984 ή
1423 949 1512 983 φύσις,
1529 948 1576 975 καὶ
1593 947 1674 979 αὐτὸς
1687 946 1741 972 τῶν
1755 945 1834 981 ἡλια-

997 990 1053 1016 κῶν
1073 991 1189 1017 ἀκτίνων
1207 993 1221 1018 ὀ
1240 991 1338 1024 κύκλος
1361 992 1519 1026 στυγνάζειν
1545 1000 1588 1027 μοι
1608 991 1682 1017 δοκεῖ
1709 989 1768 1022 νῦν,
1787 988 1834 1015 καὶ

997 1034 1184 1070 ἀμαυρότερος
1194 1035 1348 1070 φαίνεσθαι,
1362 1036 1393 1062 ού
1409 1036 1462 1062 τῶν
1477 1035 1614 1070 στοιχείων
1628 1034 1676 1069 τὴν
1692 1033 1771 1068 φύσιν
1787 1040 1834 1067 με-

996 1077 1190 1108 ταϐαλλόντων.
1210 1078 1278 1105 ἀλλά
1293 1079 1348 1105 τῶν
1370 1079 1512 1114 ἡμετέρων
1532 1077 1680 1112 ὀφθαλμῶν
1699 1076 1738 1111 τῷ
1759 1075 1835 1101 τεθο-

996 1120 1096 1147 λῶσθαι
1115 1121 1165 1157 τῆς
1185 1122 1303 1158 ἀθυμίας
1318 1122 1356 1157 τῷ
1374 1123 1460 1156 νέφει,
1479 1122 1515 1157 μὴ
1534 1121 1690 1156 δυναμένων
1707 1118 1835 1153 καθαρῶς

998 1164 1064 1199 μηδὲ
1083 1165 1151 1199 μετὰ
1170 1166 1219 1201 τῆς
1234 1166 1320 1201 αὐτῆς
1338 1166 1483 1197 διαθέσεως
1502 1165 1532 1191 τὸ
1550 1165 1625 1199 παρά
1644 1164 1697 1190 τῶν
1717 1163 1835 1190 ἀκτίνων

996 1206 1120 1242 δέχεσθαι
1140 1208 1207 1242 φῶς.
1223 1209 1307 1235 Τοῦτό
1327 1210 1400 1235 ἐστιν
1417 1210 1431 1235 ὁ
1445 1209 1528 1236 πάλαι
1541 1210 1554 1234 ὀ
1570 1209 1710 1243 προφήτης
1727 1207 1834 1241 ἐθρήνει

996 1250 1092 1284 λέγων’
1109 1252 1232 1279 Alidem!
1249 1254 1351 1285 αὐτοῖς
1367 1255 1383 1279 ό
1401 1253 1487 1286 ἥλιος
1502 1252 1698 1286 μεσημϐρίας,
1715 1250 1763 1277 καὶ
1778 1257 1830 1275 συ-

997 1295 1139 1322 σκοτάσει
1152 1296 1171 1329 ἡ
1187 1296 1291 1330 ἡμέρα.
1303 1296 1387 1323 Τοῦτο
1401 1297 1429 1323 δέ
1445 1296 1545 1329 ἐλεγεν,
1561 1296 1607 1329 οὐχ
1621 1296 1658 1326 ὡς
1670 1294 1721 1328 ξοῦ
1736 1293 1834 1328 ἄστρου

998 1338 1196 1374 κρυπτομένου,
1213 1340 1274 1366 οὐδὲ
1298 1340 1336 1372 ὼς
1355 1340 1403 1375 τῆς
1419 1340 1526 1375 ἡμέρας
1549 1338 1758 1373 ἀφανιζομένης,
1777 1337 1833 1362 ἀλλ’

996 1383 1034 1414 ὡς
1045 1382 1097 1409 τῶν
1114 1383 1290 1419 ἀθυμούντων
1306 1384 1366 1410 οὐδὲ
1385 1385 1413 1410 ἐν
1432 1384 1589 1419 μεσημϐρίᾳ
1601 1382 1757 1417 δυναμένων
1771 1381 1835 1415 ὁρᾷν

997 1425 1028 1452 τὸ
1047 1426 1105 1460 φῶς
1122 1427 1166 1454 διὰ
1187 1428 1232 1454 τὸν
1247 1427 1301 1454 ἀπὸ
1319 1428 1369 1463 τῆς
1392 1428 1487 1462 ὀδύνης
1508 1427 1587 1460 ζόφον
1600 1435 1606 1441 ·
1625 1426 1638 1452 ὃ
1662 1426 1693 1460 δὴ
1714 1425 1760 1451 καὶ
1788 1423 1836 1450 νῦν

998 1471 1093 1505 γέγονε
1103 1480 1109 1486 ·
1129 1472 1176 1498 καὶ
1190 1473 1313 1508 ὅπουπερ
1332 1473 1365 1500 ἂν
1380 1473 1421 1509 ἴδῃ
1439 1481 1493 1504 τις,
1509 1473 1560 1498 κᾶν
1573 1473 1612 1503 εἰς
1628 1471 1657 1497 τὸ
1669 1471 1775 1505 ἔδαφος,
1786 1470 1837 1496 κᾶν

998 1516 1038 1547 εἰς
1047 1516 1109 1547 τοὺς
1124 1517 1239 1551 τοίχους,
1252 1517 1304 1544 κᾶν
1316 1518 1355 1548 είς
1364 1517 1426 1548 τοὺς
1436 1518 1528 1548 κίονας
1540 1517 1587 1552 τῆς
1601 1515 1713 1546 πόλεως,
1730 1514 1781 1541 κᾶν
1796 1514 1836 1545 εἰς

998 1559 1060 1591 τοὺς
1081 1559 1202 1595 πλησίον,
1224 1560 1309 1587 νύκτα
1326 1561 1393 1596 όρᾷν
1405 1561 1479 1587 δοκεῖ
1493 1561 1538 1587 καὶ
1557 1560 1637 1593 ζόφον
1652 1558 1734 1594 βαθύν
1745 1566 1751 1572 ⁸
1765 1557 1837 1584 οὕτω

999 1603 1088 1630 πάντα
1098 1603 1197 1639 πολλῆς
1215 1604 1295 1640 γέμει
1309 1605 1358 1639 τῆς
1372 1604 1534 1639 κατηφείας.
1546 1604 1612 1637 Σιγὴ
1629 1601 1765 1636 πανταχοῦ
1776 1602 1837 1638 φρί-

998 1655 1049 1681 κης
1069 1646 1190 1682 γέμουσα
1221 1648 1268 1674 καὶ
1287 1647 1400 1684 ἐρημία,
1420 1647 1467 1674 καὶ
1486 1648 1500 1673 ὁ
1524 1646 1646 1678 ποθεινὸς
1670 1646 1773 1677 ἐκεῖρος
1789 1645 1837 1672 τοῦ

999 1690 1118 1726 πλήθους
1127 1691 1253 1718 ἔσϐεσται
1267 1691 1390 1727 θόρυϐος,
1406 1691 1453 1717 καὶ
1465 1691 1590 1725 καθάπερ
1601 1690 1728 1717 ἁπάντων
1739 1690 1779 1719 είς
1789 1688 1837 1723 τὴν

999 1736 1051 1769 γῆν
1068 1735 1253 1762 καταδυόντων
1272 1735 1295 1766 ί,
1320 1735 1406 1767 οὕτως
1430 1735 1536 1769 ἀφωνία
1563 1734 1611 1770 τὴν
1631 1733 1707 1760 πόλιν
1727 1732 1837 1768 κατέχει

999 1778 1057 1810 νῦν,
1077 1780 1123 1805 καὶ
1140 1780 1196 1811 τοῖς
1209 1779 1292 1811 λίθοις
1309 1780 1429 1806 ἐοίκασιν
1445 1779 1573 1811 ἅπαντες,
1599 1779 1645 1805 καὶ
1668 1778 1762 1813 ὥσπερ
1784 1777 1837 1803 τινὶ

1000 1823 1170 1859 γλωττοπέδῃ
1185 1825 1217 1859 τῇ
1242 1825 1370 1860 συμφορᾷ
1396 1824 1573 1859 κατεχόμενοι
1591 1823 1745 1859 βαρυτάτην
1771 1831 1837 1849 κατ-

1001 1866 1109 1901 έχουσιν
1123 1867 1247 1903 ἡσυχίαν,
1267 1868 1313 1894 καὶ
1329 1868 1472 1902 τοσαύτην,
1486 1869 1590 1903 ὄσηπερ
1607 1867 1640 1894 ἂν
1659 1868 1683 1893 εἰ
1703 1866 1840 1901 πολεμίων

1001 1910 1166 1937 ἐπελθόντων
1184 1912 1231 1938 καὶ
1249 1911 1352 1943 πάντας
1370 1911 1437 1947 ὀμοῦ
1455 1911 1521 1947 πυρὶ
1536 1912 1583 1938 καὶ
1601 1910 1702 1946 σιδήρῳ
1715 1910 1836 1945 δαπανη-

1002 1954 1105 1981 σάντων
1130 1955 1248 1988 ἐγένετο.
1275 1955 1408 1988 Εὖκαιρον
1433 1955 1481 1981 νῦν
1505 1955 1605 1981 εἰπεῖν’
1630 1954 1840 1981 Ἆποστείλατε

1002 1996 1077 2030 πρὸς
1091 1995 1143 2028 τὰς
1156 1996 1336 2029 θρηνούσας,
1350 1995 1407 2032 [25]
1426 1996 1476 2023 καὶ
1496 1996 1676 2023 ἐλθέτωσαν.
1694 1996 1743 2022 καί
1762 1996 1838 2029 πρὸς

1001 2039 1055 2072 τὰς
1062 2038 1169 2073 σοφὰς,
1178 2039 1225 2065 καὶ
1235 2039 1483 2074 φθεγξάσθωσαν.
1501 2039 1650 2066 Ῥεέτωσαν
1660 2039 1685 2065 οἱ
1699 2038 1836 2073 ὀφθαλμοὶ

1001 2084 1077 2120 ὑμῶν
1093 2084 1175 2118 ὕδωρ,
1189 2085 1236 2111 καὶ
1251 2084 1285 2111 τὰ
1303 2084 1426 2119 βλέφαρα
1440 2083 1516 2118 ὑμῶν
1531 2082 1672 2116 καταγὲτω
1685 2082 1798 2117 δάκρυα·
1813 2082 1837 2108 οἱ

1002 2128 1099 2164 βουνοὶ,
1107 2127 1202 2154 λάϐετε
1216 2127 1339 2159 κοπετὸν,
1358 2128 1404 2154 καὶ
1418 2127 1452 2153 τὰ
1468 2126 1530 2162 ὅρη,
1543 2125 1651 2161 θρῆνον.
1669 2125 1836 2160 Καλέσωμεν

1001 2172 1049 2207 τὴν
1068 2172 1155 2198 κτίσιν
1175 2172 1282 2198 ἃπασαν
1303 2172 1343 2202 εἰς
1363 2170 1534 2206 συμπάθειαν
1552 2169 1605 2195 τῶν
1628 2169 1770 2204 ἡμετέρων
1789 2177 1838 2195 κα-

1001 2215 1066 2242 κῶν.
1088 2215 1168 2246 Πόλις
1179 2214 1249 2241 οὕτω
1268 2214 1372 2249 μεγάλη
1386 2214 1432 2240 καὶ
1448 2213 1502 2239 τῶν
1517 2213 1569 2239 ὑπὸ
1584 2213 1634 2248 τὴν
1648 2213 1686 2239 ἐω
1703 2212 1838 2247 κειμένων

1001 2258 1140 2294 ἡκεφαλὴ,
1154 2260 1185 2285 ἐκ
1202 2258 1288 2293 μέσης
1301 2257 1510 2292 ἀναρπασθῆναι
1524 2256 1671 2283 κινδυνεύει
1687 2256 1736 2291 τῆς
1748 2257 1838 2282 οἰκου-

1002 2302 1101 2337 μένης·
1122 2302 1169 2328 νῦν
1185 2302 1201 2336 ἡ
1219 2301 1352 2331 πολύπαις
1368 2301 1451 2331 ἄπαις
1468 2299 1599 2335 ἐξαίφνης
1614 2300 1770 2334 γεγένηται,
1791 2298 1838 2325 καὶ

1000 2346 1014 2371 ὀ
1030 2345 1169 2380 βοηθήσων
1189 2344 1284 2375 οὐδείς.
1300 2344 1337 2370 Οὐ
1348 2344 1402 2379 γάρ
1418 2345 1491 2370 ἐστιν
1511 2343 1525 2369 ὁ
1542 2342 1682 2377 ὑϐρισθεὶς
1707 2341 1837 2377 ὀμότιμόν

1001 2396 1060 2414 τινα
1081 2387 1149 2423 ἔχων
1168 2388 1214 2413 ἐπὶ
1231 2387 1280 2422 τῆς
1302 2387 1353 2422 γῆς
1365 2396 1371 2401 '
1387 2387 1513 2421 βασιλεὺς
1528 2386 1583 2421 γάρ
1598 2387 1654 2412 ἐστι
1673 2385 1777 2421 κορυφὴ
1790 2385 1838 2411 καὶ

1002 2431 1106 2466 κεφαλὴ
1123 2430 1177 2457 τῶν
1194 2431 1240 2456 ἐπὶ
1252 2431 1301 2464 τῆς
1318 2431 1370 2465 γῆς
1385 2430 1536 2465 ἀνθρώπων
1548 2429 1684 2456 ἀπάντων.
1700 2429 1748 2454 Διὰ
1759 2428 1838 2454 τοῦτο

1001 2475 1032 2510 δὴ
1048 2475 1114 2509 πρὸς
1127 2474 1172 2501 τὸν
1188 2475 1243 2501 ἀνω
1260 2474 1475 2509 καταφεύγωμεν
1494 2473 1606 2508 βασιλέα
1616 2480 1622 2487 ·
1640 2473 1741 2499 ἐκεῖνον
1758 2471 1837 2498 καλέ-

1003 2526 1093 2552 σωμεν
1108 2518 1148 2549 εἰς
1163 2517 1304 2552 βοήθειαν·
1319 2518 1343 2543 εἰ
1362 2517 1400 2553 μὴ
1423 2517 1473 2551 τῆς
1491 2516 1594 2543 ἄνωθεν
1609 2515 1807 2549 ἀπολαύσοιμεν
1823 2515 1840 2535 Β

1002 2561 1120 2593 εὐνοίας,
1131 2561 1244 2596 οὐδεμία
1256 2561 1379 2587 λείπεται
1391 2562 1447 2591 τοῖς
1459 2560 1653 2595 γεγενημένοις
1667 2559 1836 2593 παραμυθία.

1036 2609 1072 2640 γ’.
1092 2605 1255 2640 Ἐϐουλόμην
1274 2604 1390 2633 ἐνταῦθα
1413 2603 1564 2631 καταλῦσαι
1585 2603 1629 2629 τὸν
1640 2602 1725 2636 λόγον·
1739 2603 1768 2628 ού
1783 2601 1841 2636 γὰρ

1003 2648 1123 2675 ἐθέλουσι
1146 2649 1200 2675 τῶν
1221 2648 1395 2682 όδυνωμένων
1417 2648 1445 2675 αι
1472 2646 1557 2681 ψυχαὶ
1587 2647 1708 2684 μακροὺς
1730 2645 1838 2671 ἀποτεί-

1002 2701 1058 2718 νειν
1075 2692 1178 2727 λόγους·
1211 2692 1267 2719 ἀλλ’
1286 2692 1381 2728 ὥσπερ
1399 2690 1496 2725 νεφέλη
1524 2698 1566 2719 τις
1586 2689 1674 2723 πυκνὴ
1694 2688 1837 2726 γενομένη.

1003 2737 1049 2762 καὶ
1070 2737 1119 2772 τὴν
1136 2736 1251 2772 ἡλιακὴν
1274 2737 1370 2762 ἀκτῖνα
1392 2733 1605 2770 ὑπεκδραμοῦσα
1624 2734 1655 2766 h,
1673 2733 1840 2768 ἀποστρέφει

1009 2850 1012 2854 _
1037 2817 1046 2836 ί
1070 2817 1119 2842 Alii
1135 2818 1293 2843 καταδύντων.
1316 2817 1377 2842 Infra
1393 2817 1470 2842 Savll.
1487 2819 1514 2842 el.
1541 2824 1605 2841 unus
1627 2815 1758 2848 βαρυτάτην
1778 2821 1839 2846 παρ-

1002 2857 1013 2872 :
1032 2857 1092 2872 o-m.

1015 2857 1048 2911 XF
1064 2879 1111 2903 Alii
1125 2880 1153 2902 ἂν
1165 2880 1226 2910 μή...
1241 2879 1425 2911 ἀπολαύσωμεν.
1496 2907 1506 2911 _

1035 2909 1050 2930 Ιι
1062 2910 1137 2935 Suvil.
1150 2915 1175 2934 ει
1191 2912 1233 2940 qui
1244 2911 1288 2934 lam
1303 2916 1359 2933 mss.
1373 2909 1551 2939 Oxoé‘pcgroﬁcm.
