1984 3110
153 106 188 132 57
540 103 568 131 8.
586 103 983 132 JOANNISCIIRYSOSTOMI
1001 103 1162 132 ARCIHEP.
1184 103 1456 133 CONSTANTINOP,
1853 102 1895 130 53

154 163 204 198 τὴν
217 162 305 197 αὐγὴν
316 162 407 189 πᾶσαν
421 162 461 193 είς
471 161 602 188 τούπίσω·
614 161 685 188 οὕτω
697 161 728 197 δή
747 162 793 188 καὶ
808 162 927 197 ἀθυμίας
947 162 992 189 νέ-

153 216 213 241 φος,
236 206 345 233 ἐπειδὰν
361 207 410 242 στῇ
433 206 487 241 πρὸ
506 206 555 241 τῆς
576 206 666 241 ψυχῆς
684 208 734 242 τῆς
762 207 918 242 ἡμετέρας,
942 207 992 233 οὐκ

153 251 266 286 ἀφίησιν
280 250 390 276 εὕκολον
405 249 531 283 γενέσθαι
544 250 593 285 τὴν
608 250 654 276 τοῦ
669 250 748 284 λόγου
771 250 906 281 διάϐασιν,
934 251 993 277 ἀλλ’

153 294 299 327 ἀποπνίγει
326 294 372 319 καὶ
388 293 493 328 συνέχει
510 293 579 328 μετά
595 293 694 328 πολλῆς
709 294 759 329 τῆς
773 295 896 330 ἀνάγκης
921 295 994 321 ἔνδον

153 338 245 365 αὐτόν.
261 337 317 364 Καὶ
333 337 412 364 τοῦτο
425 338 475 363 οὐκ
490 337 535 363 ἐπὶ
552 337 606 364 τῶν
620 337 763 371 λεγόντων,
788 338 855 365 ἀλλὰ
877 339 926 365 καὶ
948 338 994 364 ἐπὶ

153 382 207 408 τῶν
223 381 377 408 ἀκουόντων
392 381 506 413 γίνεται.
520 381 626 416 ’Ὠσπερ
640 381 695 417 γὰρ
706 382 760 408 ἀπὸ
772 382 822 416 τῆς
839 382 886 408 τοῦ
899 382 993 415 λέγον-

153 432 200 456 ":0:
211 425 301 461 ψυχῆς
315 426 363 451 οὐκ
380 424 493 459 ἀφίησιν
516 425 597 451 αὑτὸν
616 426 769 461 ἐκπηδῆσαι
786 427 843 462 μετ’
857 426 993 458 εὐκολίας,

154 467 242 500 οὕτως
261 469 320 494 οὐδὲ
343 470 382 500 εις
407 468 456 503 τὴν
478 468 531 495 τῶν
547 469 700 495 ἀκουόντων
721 469 840 497 διάνοιαν
864 471 994 504 ἐμπεσεῖν

156 514 294 548 συγχωρεῖ
321 513 389 547 μετά
413 513 462 548 τῆς
480 513 582 544 οἰκείας
595 513 746 549 δυνάμεως.
767 514 817 540 Διά
843 514 921 540 τοῦτο
947 514 995 541 καὶ

163 557 283 583 Ἰουδαῖοί
296 566 360 584 ποτε
375 557 412 592 τῷ
426 557 504 593 πηλῷ
521 558 567 584 καὶ
591 560 624 594 τῇ
647 559 772 594 πλινθείᾳ
790 559 960 590 δουλεύοντες
969 565 994 590 ³,

154 600 203 626 τοῦ
214 600 336 631 Μωσέως
351 600 481 632 πολλάκις
499 601 604 636 μεγάλα
617 602 681 637 περὶ
701 603 751 638 τῆς
767 603 856 629 αὐτῶν
871 602 995 636 λέγοντος

157 645 294 679 σωτηρίας
318 644 427 671 ἀκούειν
442 645 492 671 οὑκ
511 645 659 681 ἠνείχοντο,
682 646 732 681 τῆς
753 646 871 681 ἀθυμίας
896 646 995 673 ἄϐατον

156 689 287 723 ποιούσης
302 689 340 723 τῷ
356 689 427 725 λόγῳ
442 690 491 725 τὴν
503 690 634 722 διάνοιαν,
650 691 697 717 καὶ
710 691 758 726 τὴν
773 691 857 726 ἀκοὴν
872 692 995 726 ἐμφρατ-

155 733 264 766 τούσης.
288 733 456 768 Ἦϐουλόμην
471 734 520 769 μὲν
534 732 581 761 οὖν
597 735 643 761 καὶ
658 735 738 766 αὐτὸς
750 735 864 761 ἐνταῦθα
878 735 995 761 καταλῦ-

157 784 201 802 σαι
213 776 247 802 τὰ
262 776 404 811 εἰρημένα·
420 776 479 803 ἀλλ’
487 777 616 813 ἐννοήσας
636 779 676 804 ὅτι
693 779 743 804 οὐκ
759 779 933 813 ἀντιφράττει
949 779 996 813 μό-

156 829 200 846 νον
214 820 328 856 νεφέλης
342 820 422 855 φύσις
438 821 487 856 τὴν
503 823 542 853 είς
556 822 586 848 τὸ
600 822 693 857 πρόσω
708 822 793 858 φορὰν
808 822 858 858 τῆς
877 822 995 853 ἀκτῖνος,

159 865 227 891 ἀλλὰ
243 865 290 891 καὶ
301 865 455 891 τούναντίον
469 866 538 901 αὑτὴ
554 866 652 900 πάσχει
665 866 804 897 πολλάκις·
826 865 934 892 ἐπειδὰν
943 867 977 899 γα
982 874 996 900 ρ

158 909 172 934 6
189 909 262 944 ἥλιος
275 909 437 944 θερμότερος
455 909 617 945 προσπεσὼν
627 910 758 945 διηνεκῶς
770 910 851 946 τρίϐῃ
866 910 896 936 τὸ
905 909 995 943 νέφος,

161 953 242 988 μέσον
257 963 285 980 τε
302 954 367 980 αὐτὸ
384 954 509 990 δέρρηξε
530 954 668 986 πολλάκις,
680 955 728 981 καὶ
745 954 842 990 ἁθρόον
855 954 997 989 ἐκλάμψας

159 999 272 1033 φαιδρὸς
286 1000 345 1030 ταῖς
361 999 414 1026 τῶν
430 999 555 1035 ὁρώντων
572 1001 740 1036 προσέπεσεν
754 1001 840 1035 ὕψεσι·
854 1001 933 1027 τοῦτο
950 1001 997 1028 καὶ

159 1042 240 1072 αὐτὸς
256 1042 397 1077 προσδοκῶ
413 1044 535 1078 ποιήσειν
550 1044 680 1079 σήμερον,
699 1044 746 1071 καὶ
768 1044 815 1071 τοῦ
838 1044 917 1078 λόγου
936 1053 997 1071 συν-

159 1086 228 1119 εχῶς
245 1087 400 1120 ὁμιλοῦντος
420 1088 496 1122 ὑμῶν
512 1089 571 1119 ταῖς
588 1088 701 1123 ψυχαῖς,
720 1089 766 1115 καὶ
778 1089 823 1115 ἐπὶ
846 1089 936 1115 πλεῖον
953 1090 997 1115 ἐν·

159 1129 352 1164 διατρίϐοντος,
365 1131 532 1165 ῥαγήσεσθαι
544 1131 645 1163 ἐλπίζω
660 1132 708 1167 τῆς
725 1132 844 1168 ἀθυμίας
860 1133 890 1159 τὸ
907 1132 996 1166 νέφος,

160 1172 206 1197 καὶ
226 1172 413 1208 καταλάμψειν
435 1174 511 1208 ὑμῶν
530 1174 579 1209 τὴν
596 1174 715 1201 διάνοιαν
736 1177 769 1211 τῇ
791 1175 902 1211 εἰωθυία
917 1175 998 1202 πάλιν

159 1215 328 1251 διεισκαλίᾳ.
345 1216 413 1243 Ἀλλ’
428 1217 533 1244 ἑπίδοτέ
553 1226 597 1252 μοι
614 1218 663 1252 τὴν
677 1218 765 1254 ψυχὴν
786 1218 834 1253 τὴν
849 1219 997 1254 ὑμετέραν,

161 1258 266 1285 ἐπίδοτέ
288 1269 333 1294 μοι
352 1259 400 1295 τὴν
417 1261 502 1295 ἀκοὴν
528 1261 637 1296 μικρόψ
653 1262 852 1294 ἀποτινάξασθε
865 1262 915 1297 τὴν
932 1262 999 1289 ἀθυ-

163 1303 237 1346 μίαν·
263 1304 316 1346 ἐπξ
332 1303 362 1329 τὸ
386 1304 518 1339 πρότερον
540 1303 599 1335 έθος
620 1305 822 1339 ἐπανέλθωμεν.
840 1306 888 1331 καὶ
904 1304 998 1340 ὥσπερ

161 1344 296 1380 εἰώθαμεν
304 1344 354 1372 ’ἀεὶ
368 1346 425 1381 μετ’
439 1347 570 1381 εὐθυμίας
582 1347 698 1374 ἐνταῦθα
709 1348 919 1382 παραγίνεσθαι,
928 1348 998 1374 οὕτω

162 1390 208 1415 καὶ
232 1389 280 1415 νῦν
302 1390 433 1425 ποιῶμεν,
447 1391 476 1416 τὸ
497 1391 550 1417 πᾶν
562 1391 608 1417 ἐπὶ
622 1391 667 1417 τὸν
684 1391 750 1417 Θεὸν
763 1391 899 1426 ῥίψαντες.
915 1391 999 1419 Τοῦτο

162 1434 209 1458 καὶ
225 1432 292 1467 πρὸς
306 1433 391 1468 αὐτὴν
410 1435 474 1468 ἡμῖν
487 1434 535 1469 τῆς
550 1436 692 1470 συμφορᾶς
708 1435 886 1469 συμϐαλεῖται
901 1434 948 1470 τὴν
956 1434 1000 1461 λύ-

163 1486 214 1503 σιν.
227 1478 273 1502 Ἂν
285 1477 338 1512 γὰρ
353 1478 394 1513 ἴδῃ
411 1478 479 1512 μετά
494 1477 637 1513 ἀκριϐείας
648 1479 839 1514 ἀκροωμένους
851 1478 904 1506 τῶν
916 1479 999 1505 αὑτοῦ

162 1521 257 1554 λόγων.
274 1522 320 1547 καὶ
333 1521 381 1555 τὴν
398 1521 555 1555 φιλοσοφίαν
569 1522 634 1556 ἡμῖν
648 1522 697 1548 οὐκ
715 1522 898 1557 ἐλεγχομένην
907 1524 940 1558 τῇ
952 1523 999 1549 τοῦ

163 1564 258 1598 καιροῦ
281 1564 417 1599 δυσκολία,
440 1564 545 1600 ταχέως
557 1565 742 1600 ἀντιλήψεται,
757 1566 805 1592 καὶ
826 1567 933 1601 ποιήσει
951 1566 999 1602 τὴν

161 1608 281 1643 γαλήνην
287 1608 335 1634 καὶ
342 1608 490 1644 μεταϐολὴν
497 1609 601 1643 ἀγαθὴν
607 1609 661 1635 ἀπδ
666 1609 711 1636 τοῦ
719 1610 849 1645 παρόντος
856 1610 999 1645 χειμῶνος.

156 1682 158 1684 ,
197 1655 249 1681 Τὸν
262 1655 317 1690 γὰρ
327 1654 490 1689 Χριστιανὸν
499 1654 547 1681 καὶ
561 1655 590 1680 ὲν
603 1654 690 1689 τούτῳ
705 1653 759 1680 τῶν
770 1654 892 1680 ἀπίστων
904 1654 998 1689 διαφέ-

163 1707 220 1733 ρειν
234 1699 298 1734 χρὴ,
314 1698 370 1734 [‘24]
380 1700 409 1725 ἐν
417 1698 457 1733 τῷ
469 1698 562 1734 φέρειν
571 1698 703 1731 γενναίως
712 1697 830 1729 ἅπαντα,
843 1698 890 1725 καὶ
901 1699 935 1734 τῇ
946 1697 1000 1726 τῶν

163 1744 313 1779 μελλόντων
336 1745 423 1771 ἐλπίδι
442 1745 625 1780 πτερούμενον
643 1745 779 1781 ἀνώτερον
796 1744 865 1773 εἶναι
881 1747 930 1781 τῆς
945 1745 998 1772 τῶν

161 1787 340 1822 ἀνθρωπίνων
350 1787 444 1814 κακῶν
456 1788 616 1824 προσϐολῆς.
632 1789 694 1814 Ἐπὶ
708 1789 757 1824 τῆς
769 1789 871 1825 πέτρας
884 1790 999 1824 ἕστηκεν

161 1832 176 1857 ὁ
192 1831 297 1863 πιστὸς,
312 1831 356 1858 διὰ
377 1831 456 1859 τοῦτο
469 1833 529 1864 ταῖς
543 1832 597 1859 τῶν
613 1832 742 1867 κυμάτων
767 1833 914 1869 ἀχείρωτός
941 1834 998 1860 ἐστι

162 1875 349 1910 προσϐολαῐςιι
364 1895 370 1902 .
390 1876 438 1902 Ἀν
456 1876 510 1912 γὰρ
525 1876 631 1912 ἐπαρθῇ
647 1876 681 1903 τὰ
701 1877 810 1912 κύματα
829 1877 884 1903 τῶν
901 1886 999 1913 πειρα-

162 1918 251 1953 σμῶν,
268 1919 318 1946 οὐκ
333 1919 483 1953 ἐφικνεῖται
497 1920 552 1947 τῶν
572 1921 676 1947 ἐκείνου
694 1920 798 1947 ποδῶν·
816 1918 892 1952 οὗτος
905 1921 1000 1956 ὑψηλό-

138 1992 140 1995 .
160 1971 239 1998 τερος
251 1964 300 1998 τῆς
310 1963 419 1998 ἀπάσης
428 1963 556 1999 τοιαύτης
566 1964 681 1999 ἔστηκεν
692 1964 847 2000 ἐπιϐουλῆς.
857 1965 903 2000 Μὴ
910 1965 999 1991 τοίνυν

162 2007 371 2043 καταπέσωμεν,
391 2008 539 2043 ἀγαπητοί.
559 2008 615 2043 Οὐχ
630 2008 717 2040 οὕτως
729 2009 809 2043 ἡμεῖς
822 2008 999 2044 φροντίζομεν

160 2051 211 2086 τῆς
219 2051 357 2086 ἡμετέρας
370 2051 516 2087 σωτηρίας,
525 2052 563 2083 ὼς
575 2052 589 2077 6
599 2052 714 2087 ποιήσας
724 2053 797 2087 ἡμᾶς
808 2052 883 2084 Θεός·
893 2053 942 2088 οὺχ
955 2052 1000 2079 οὖ-

161 2103 214 2125 τω;
223 2096 288 2129 ἡμῖν
301 2095 377 2129 μέλει
385 2096 431 2121 τοῦ
444 2095 527 2131 μηδὲν
538 2094 634 2122 παθεῖν
644 2095 740 2128 δεινὸν,
750 2096 788 2128 ὼς
797 2095 836 2131 τῷ
849 2097 897 2132 τὴν
911 2097 999 2132 ψυχὴν

162 2140 228 2175 ἡμῖν
243 2140 429 2176 χαρισαμένῳ,
445 2140 492 2167 καὶ
502 2140 620 2167 τοσαῦτα
633 2140 704 2167 δόντι
720 2141 788 2175 μετὰ
801 2141 887 2168 ταῦτα
898 2142 998 2176 ἀγαθά.

162 2183 281 2215 Ταύταις
295 2185 406 2213 ἑαυτοὺς
421 2184 605 2220 πτερώσωμεν
615 2186 674 2217 ταῖς
686 2185 787 2218 ἐλπίσι,
802 2186 849 2212 καὶ
863 2186 917 2212 τῶν
936 2186 999 2220 μελ-

162 2226 262 2253 λόντων
278 2227 444 2263 ῥηθήσεσθαι
458 2227 528 2263 μετά
539 2228 589 2262 τῆς
603 2228 730 2260 εἰωθυίας
749 2228 909 2263 ἀκούσωμεν
931 2237 998 2265 προ-

163 2270 272 2306 θυμίας.
299 2271 415 2304 Μακράν
439 2271 535 2306 πρῴην
555 2271 685 2298 ἀπέτεινα
705 2272 773 2307 πρὸς
793 2272 842 2307 τὴν
864 2273 998 2308 ὑμετέραν

162 2315 272 2350 ἀγάπην
288 2314 469 2350 δημηγορίαν,
490 2315 535 2341 καὶ
562 2315 665 2347 πάντας
682 2313 750 2342 εἶδον
766 2315 999 2351 παρακολουθοῦν-

161 2366 221 2389 τας,
238 2358 283 2384 καὶ
294 2358 390 2385 οὐδένα
409 2359 440 2384 ἐκ
459 2358 546 2394 μέσης
569 2358 776 2394 ὑποστρέψαντα
791 2359 841 2394 τῆς
856 2359 925 2386 ὁδοῦ.
942 2360 998 2386 Χά-

164 2410 206 2436 ριν
221 2402 284 2436 ὑμῖν
301 2402 362 2428 ἀντὶ
376 2402 425 2437 τῆς
441 2401 595 2437 προθυμίας
612 2402 666 2437 ἐχω
683 2403 801 2437 ἐκείνης,
817 2403 930 2429 καὶτῶν
949 2403 997 2429 πό-

162 2454 214 2472 νων
228 2446 274 2471 τδν
290 2446 384 2480 μισθὸν
396 2446 545 2481 ἀπείληφα·
555 2446 622 2472 ἀλλά
639 2447 686 2473 καὶ
700 2447 793 2483 ἕτερον
815 2449 872 2482 μετ’
893 2447 998 2475 ἐκείνου

163 2489 259 2523 μισθὸν
280 2490 351 2524 ὑμᾶς
362 2489 452 2525 ᾔτησα
466 2490 538 2516 τότε·
561 2490 632 2525 τάχα
647 2490 703 2517 ῐστε
719 2492 766 2518 καὶ
784 2491 935 2527 μέμνησθε.
951 2492 999 2524 Τίς

161 2532 190 2558 δὲ
213 2531 247 2567 ἦν
265 2534 279 2560 6
293 2533 402 2568 μισθός;
418 2533 488 2565 Τοὺς
502 2533 678 2569 βλασφήμους
691 2535 753 2566 τοὺς
769 2535 840 2561 κατὰ
855 2535 905 2570 τὴν
922 2535 999 2562 πόλιν

163 2577 287 2610 κολάζειν
299 2578 346 2604 καὶ
359 2577 546 2613 σωφρονίζειν,
566 2579 629 2610 τοὺς
644 2580 683 2611 εἰς
696 2579 742 2606 τὸν
756 2579 822 2605 Θεὸν
839 2579 998 2615 ὑϐρίζοντας

164 2622 210 2649 καὶ
226 2622 422 2658 παροινοῦντας
435 2629 446 2642 ο
459 2623 594 2657 κατέχειν·
607 2625 656 2651 οῦκ
665 2622 741 2659 οἶμαι
754 2624 840 2651 ταῦτα
854 2625 901 2651 ἀπ’
914 2625 999 2659 ἐμαυ-

162 2666 210 2693 τοῦ
225 2667 286 2693 τότε
303 2667 454 2702 εἰρηκέναι,
472 2667 539 2694 ἁ).λά
547 2667 593 2694 τοῦ
602 2668 670 2694 Θεοῦ
683 2668 717 2694 τὰ
731 2667 861 2703 μέλλοντα
875 2668 999 2703 προειδό-

163 2718 209 2741 τος
218 2711 258 2742 εἰς
266 2710 315 2746 τὴν
322 2711 441 2738 διάνοιαν
450 2712 499 2747 τὴν
506 2712 643 2747 ἡμετέραν
653 2712 852 2747 ἐμϐεϐληκέναι
864 2712 898 2739 τὰ
908 2713 941 2747 ρή
946 2721 998 2747 μα-

163 2762 207 2781 ςα’
223 2756 247 2781 εί
261 2755 314 2790 γὰρ
328 2756 391 2787 τοὺς
408 2755 442 2782 τὰ
455 2755 567 2782 τοιαῦτα
581 2755 738 2790 τολμῶντας
758 2755 933 2791 ἐκολάξομεν,
949 2756 999 2782 οὐκ

162 2799 196 2826 ἂν
210 2799 295 2826 ταῦτα
308 2799 388 2835 ἐξέϐη
403 2799 460 2832 νῦν,
470 2800 541 2835 ἀπερ
553 2799 643 2834 ἐξέϐη.
657 2799 736 2834 Πόσῳ
746 2799 849 2834 βέλτιον
863 2798 908 2836 ἦν,
918 2801 941 2827 εἰ
952 2802 999 2827 καὶ

193 2884 290 2919 fiam.
305 2888 328 2910 el
346 2887 421 2917 aliqui
438 2887 541 2919 πλινθείᾳ
558 2888 783 2919 ταλαιπωρούμενοι.

193 2914 205 2934 ι·
223 2916 356 2947 Ἐμϐολαῖς.
368 2914 403 2942 εἱὶ·
415 2919 465 2941 alii.

193 2949 197 2956 '
217 2948 255 2971 su:
268 2949 332 2972 ﬁmi!
355 2953 377 2972 Irl
394 2950 482 2976 μῑὶνιιιτνι
499 2956 549 2972 "NQ
562 2967 568 2974 .
583 2950 622 2972 :lHi
637 2950 832 2973 ﬁxam-mwﬂvwe

1047 162 1213 189 κινδυνεύειν
1233 162 1297 194 ἔδει,
1320 162 1519 198 σωφρονίζοντα
1532 161 1630 193 αὐτοὺς
1641 162 1687 188 καὶ
1702 160 1895 188 παιδεύονταιι

1047 205 1143 233 παθεῖν
1157 215 1194 238 τι,
1211 206 1226 232 ὃ
1238 207 1286 232 καὶ
1302 205 1452 242 μαρτυρίου
1469 205 1599 240 στέφανον
1622 207 1689 241 ἡμῖν
1712 206 1856 241 ἐκόμιζεν,
1875 204 1894 240 ἢ

1045 249 1092 276 νῦν
1101 250 1260 282 δεδοικέναι,
1278 250 1326 276 καὶ
1339 249 1461 285 τρέμειν,
1484 249 1531 275 καὶ
1546 249 1660 276 θάνατον
1684 250 1840 285 προσδοκᾷν
1857 251 1897 277 ἐκ

1044 294 1094 329 τῆς
1106 293 1217 320 ἐκείνων
1228 293 1357 326 ἀταξίας;
1374 293 1438 320 Ἰδοὺ
1453 292 1483 319 τὸ
1491 293 1600 329 ἀμάρτη
1605 302 1643 328 μα
1654 294 1763 328 γέγονεν
1774 294 1894 328 ὀλίγων,

1045 338 1092 364 καὶ
1105 338 1136 364 τὸ
1147 338 1273 373 ἔγκλημα
1284 338 1387 372 γίνεται
1401 337 1498 364 κοινόν·
1515 338 1570 364 ἰδοὺ
1584 338 1618 364 δι’
1632 338 1751 370 ἐκείνους
1764 338 1896 371 ἅπαντες

1044 381 1203 418 δεδοίκαμεν
1223 382 1280 415 νῦν,
1301 382 1347 409 καὶ
1367 382 1421 409 τῶν
1441 383 1554 414 ἐκείνοις
1574 382 1783 418 τετολμημένων
1807 383 1896 410 αὐτοὶ

1043 426 1093 457 τὰς
1105 427 1240 461 τιμωρίας
1258 426 1439 462 ὑπομένομεν.
1467 427 1497 452 Εἰ
1523 426 1552 453 δὲ
1580 426 1762 461 προλαϐόντες
1784 427 1895 459 αὐτοὺς

1045 469 1210 505 ἐξεϐάλομεν
1219 470 1269 505 τῆς
1282 470 1396 501 πόλεως,
1407 469 1454 496 καὶ
1466 469 1698 505 ἐσωφρονίσαμεν,
1712 470 1759 497 καὶ
1769 474 1800 497 το
1812 479 1894 496 νενο-

1046 513 1132 548 σηκὸς
1146 513 1342 549 διωρθώσαμεν
1355 514 1445 549 μέλος,
1455 514 1506 540 οὐκ
1521 514 1553 540 ἂν
1570 513 1616 540 τὸν
1633 514 1753 549 παρόντα
1769 514 1894 549 ἐφοϐού-

1046 558 1117 594 μεθα
1129 558 1220 592 φόϐον.
1232 556 1297 585 Οἶδα
1310 559 1350 585 ὅτι
1362 558 1412 593 τῆς
1426 557 1529 589 πόλεως
1540 558 1570 584 τδ
1583 556 1649 593 ἦθος
1661 558 1763 585 ἀνωθεν
1777 558 1894 586 ἐλεύθε-

1047 611 1102 638 ρον,
1129 602 1199 635 ξένοι
1218 602 1245 628 δέ
1262 611 1333 634 τινες
1347 602 1395 629 καὶ
1413 601 1524 637 μιγάδες
1551 602 1698 638 ἀνθρωττοι,
1723 603 1817 638 μιαροὶ
1839 603 1894 630 καὶ

1045 646 1171 681 ὀλέθριοι,
1183 646 1229 673 καὶ¹
1244 646 1294 681 τῆς
1308 645 1410 672 ἑαυτῶν
1421 646 1610 679 ἀπεγνωκότες
1624 646 1759 681 σωτηρίας
1771 646 1830 673 ἐτό)
1836 655 1894 682 μη-

1048 698 1108 723 σαν,
1123 689 1195 725 ἀπερ
1206 690 1366 725 ἐτόλμησαν.
1383 690 1432 715 Διά
1446 689 1533 716 ταῦτα
1550 689 1619 724 βοῶν
1640 690 1683 716 ἀεὶ
1698 690 1745 716 καὶ
1766 690 1892 725 διαμαρ-

1045 734 1194 769 τυρόμενος
1204 734 1235 759 οὺ
1248 734 1381 760 διέλειπον
1391 742 1397 749 ·
1411 733 1569 769 κολάσωμεν
1582 733 1636 760 τῶν
1653 733 1893 770 βλασφημούντων

1045 778 1095 812 τὴν
1111 778 1219 813 μανίαν,
1236 778 1447 813 σωφρονίσωμεν
1454 777 1544 804 αὐτῶν
1558 777 1608 813 τὴν
1623 778 1753 809 διάνοιαν,
1770 779 1892 814 προνοή-

1048 831 1139 857 σωμεν
1156 821 1245 849 αὐτῶν
1266 822 1315 857 τῆς
1340 821 1486 857 σωτηρίας·
1506 821 1558 848 κᾶν
1576 821 1721 848 ἀποθανεῖν
1740 822 1787 857 δέῃ
1808 822 1893 848 τοῦτο

1047 865 1200 897 ποιοῦντας,
1217 865 1287 901 μέγα
1300 866 1368 900 ἡμῖν
1384 865 1452 892 οἴσει
1469 865 1499 891 τδ
1508 866 1623 901 πρᾶγμα
1640 865 1744 901 κέρδος·
1764 865 1802 901 μὴ
1819 874 1892 901 παρ-

1049 909 1147 943 ίδωμεν
1166 909 1212 935 τὸν
1228 908 1317 935 κοινὸν
1350 907 1527 944 ὑϐριζόμενον
1549 909 1696 943 Δεσπότην·
1713 908 1785 944 μέγα
1801 917 1827 935 τι
1844 908 1892 935 τέ-

1048 954 1122 987 ξεται
1132 954 1165 988 τῇ
1182 952 1258 979 πόλει
1270 952 1354 979 κακὸν
1372 952 1403 979 τὸ
1416 952 1450 979 τὰ
1467 953 1580 980 τοιαῦτα
1597 955 1738 989 περιορᾷν.

1082 995 1113 1022 δ’.
1123 996 1215 1023 Ταῦτα
1226 996 1386 1032 προύλεγον,
1401 995 1573 1031 ταῦταέξέϐη
1578 996 1636 1029 νῦν,
1644 997 1690 1023 καὶ
1695 997 1744 1032 τῆς
1751 996 1892 1032 ῥᾳθυμίας

1048 1040 1155 1075 ἐκείνης
1166 1040 1275 1075 τίνομεν
1293 1040 1379 1071 δίκας.
1396 1039 1448 1066 Τὸν
1462 1040 1528 1067 Θεὸν
1547 1040 1723 1075 ὑϐριζόμενον
1740 1040 1889 1074 περιεῖδες·

1050 1083 1104 1110 ἰδοὺ
1118 1083 1306 1119 συνεχώρησεν
1314 1082 1475 1118 ὑϐρισθῆναι
1488 1083 1608 1118 βασιλέα·
1619 1084 1665 1110 καὶ
1675 1083 1721 1110 τὸν
1733 1083 1797 1118 περὶ
1810 1088 1822 1102 ε
1833 1082 1891 1108 τῶν

1049 1129 1170 1164 ἐσχάτων
1185 1129 1420 1164 ἐπικρεμασθῆναι
1435 1129 1502 1155 πᾶσι
1515 1129 1647 1163 κίνδυνον,
1664 1129 1707 1155 ἴνα
1724 1130 1753 1155 ἐν
1762 1128 1800 1163 τῷ
1813 1127 1891 1162 φόϐῳ

1048 1172 1134 1208 τούτῳ
1151 1173 1200 1208 τῆς
1214 1172 1351 1208 ῥᾳθυμίας
1362 1173 1469 1208 ἐκείνης
1482 1173 1572 1208 δῶμεν
1582 1172 1669 1208 δίκην.
1684 1169 1758 1207 Ἀρα
1781 1172 1819 1207 μὴ
1836 1171 1891 1206 μά-

1047 1225 1107 1251 την,
1124 1217 1192 1252 μηδὲ
1206 1218 1266 1252 εικῆ
1283 1216 1369 1243 ταῦτα
1386 1217 1544 1252 προύλεγον,
1554 1217 1600 1243 καὶ
1616 1216 1735 1251 συνεχῶς
1750 1216 1891 1251 ἠνώχλουν

1049 1262 1080 1296 τῇ
1095 1261 1216 1296 ὑμετέρα
1230 1261 1325 1297 ἀγάπῃ
1336 1270 1343 1293 ;
1353 1261 1421 1287 Ἀλλ’
1431 1261 1505 1296 ὅμως
1515 1261 1591 1287 οὐδὲν
1605 1260 1701 1295 γέγονε
1716 1260 1805 1291 πλέον,
1820 1260 1891 1287 ἀλλά

1049 1303 1170 1330 γενέσθω
1186 1303 1248 1336 νῦν,
1269 1305 1316 1330 καὶ
1340 1304 1393 1330 ἀπὸ
1413 1305 1461 1340 τῆς
1492 1304 1633 1340 παρούσης
1659 1303 1891 1339 σωφρονισθέντες

1050 1352 1203 1387 συμφορᾶς,
1218 1351 1277 1387 [‘25]
1289 1351 1447 1385 ἐπίσχωμεν
1456 1350 1505 1384 τὴν
1518 1350 1635 1376 ἄτακτον
1651 1349 1762 1375 ἐκείνων
1777 1349 1888 1383 μανίαν.

1055 1394 1255 1430 Ἐμφράξωμεν
1270 1394 1359 1421 αὐτῶν
1371 1393 1406 1420 τά
1418 1393 1550 1428 στόματα,
1567 1391 1692 1426 καθάπερ
1706 1390 1797 1426 πηγὰς
1809 1391 1891 1418 θανα-

1047 1439 1183 1474 τηφόρους
1199 1438 1417 1473 ἀποκλείσωμεν,
1433 1440 1479 1465 καὶ
1488 1439 1555 1474 προς
1564 1440 1593 1464 τὸ
1601 1439 1721 1464 ἐναντίον
1729 1436 1888 1472 μεταϐάλω-

1050 1492 1109 1518 μεν,
1118 1483 1165 1509 καὶ
1172 1483 1280 1514 πάντως
1288 1484 1416 1517 στήσεται
1424 1483 1458 1509 τά
1467 1482 1649 1516 κατειληφότα
1658 1481 1707 1517 τὴν
1716 1481 1793 1507 πόλιν
1802 1480 1887 1507 κακά.

1084 1527 1140 1553 οὐκ
1169 1526 1226 1552 ἔστι
1255 1526 1369 1561 θέατρον
1397 1527 1413 1561 ἡ
1444 1525 1597 1561 ἐκκλησία,
1622 1526 1666 1551 ἴνα
1692 1525 1761 1560 πρὸς
1791 1524 1888 1559 τέρψιν

1048 1571 1202 1606 ἀκούωμεν·
1217 1570 1407 1606 ὠφεληθέντας
1422 1569 1548 1596 ἐντεῦθεν
1567 1570 1676 1596 ἀπιέναι
1699 1569 1752 1604 χρὴ
1763 1590 1770 1601 ,
1788 1568 1888 1603 κερδά-

1049 1614 1148 1645 ναντάς
1162 1623 1189 1640 τι
1212 1614 1293 1640 πλέον
1315 1615 1362 1641 καὶ
1384 1614 1465 1648 μέγα,
1482 1613 1569 1645 οὕτως
1591 1614 1742 1648 ἀναχωρεῖν
1758 1613 1812 1639 δεῖ·
1827 1613 1889 1638 ἐπεὶ

1051 1658 1138 1693 μάτην
1153 1658 1200 1684 καὶ
1217 1658 1278 1693 εἰκῆ
1297 1656 1515 1692 παραγινόμεθα,
1535 1658 1558 1683 εί
1573 1657 1639 1692 πρὸς
1651 1657 1746 1692 καιρὸν
1758 1656 1888 1691 ψυχαγω-

1049 1702 1179 1737 γηθέντες
1189 1701 1275 1733 οὕτως
1286 1701 1504 1736 ἀναχωροίημεν,
1516 1700 1613 1736 ἔρημοι
1630 1702 1677 1727 καὶ
1691 1701 1763 1727 κενοὶ
1772 1700 1822 1735 τῆς
1835 1699 1889 1726 ἀπὸ

1048 1746 1103 1772 τῶν
1120 1746 1274 1781 λεγομένων
1290 1745 1424 1781 ὡφελείας
1441 1745 1592 1780 γενόμενοι.
1606 1745 1637 1771 Τί
1654 1753 1698 1780 μοι
1711 1744 1765 1770 τῶν
1783 1745 1888 1779 κρότων

1049 1789 1145 1824 ὄφελος
1161 1789 1280 1822 τούτων;
1303 1789 1329 1815 τί
1348 1789 1376 1815 δὲ
1396 1789 1449 1815 τῶν
1468 1789 1587 1815 ἐτωίνων
1610 1788 1657 1814 καὶ
1676 1788 1729 1814 τῶν
1746 1787 1887 1822 θορύϐων;

1051 1834 1181 1866 Ἐπαινος
1198 1834 1263 1869 ἐμὸς
1277 1833 1307 1860 τὸ
1321 1833 1365 1859 διὰ
1381 1833 1436 1859 τῶν
1450 1832 1538 1867 ἔργων
1558 1833 1630 1867 ὑμᾶς
1646 1832 1776 1864 ἐπιδεῖξαι
1791 1831 1826 1857 τά
1845 1831 1888 1857 λε-

1049 1877 1152 1912 γόμενα
1172 1877 1289 1904 ἅπαντα·
1312 1877 1372 1903 τότε
1393 1876 1448 1910 ἐγὼ
1466 1876 1585 1911 ζηλωτὸς
1602 1876 1649 1902 καὶ
1674 1875 1819 1911 μακάριος,
1839 1876 1887 1911 οὐχ

1048 1922 1113 1948 ὅταν
1127 1921 1304 1957 ἀποδέχησθε,
1314 1921 1371 1947 ἀλλ’
1383 1921 1447 1948 ὅταν
1461 1920 1555 1955 ποιῆτε
1569 1919 1638 1955 μετὰ
1649 1919 1803 1956 προθυμίας
1819 1920 1888 1946 ἀπά-

1050 1974 1109 1999 σης,
1126 1965 1197 2000 ἀπερ
1209 1965 1241 1992 ἂν
1256 1964 1392 2000 ἀκούσητε
1410 1965 1475 2000 παρ’
1491 1964 1580 1999 ἡμῶν.
1600 1964 1735 1995 ’Ἕκαστος
1754 1963 1800 1990 τὸν
1818 1963 1885 1999 πλη-

1050 2009 1105 2035 σίον
1121 2008 1295 2044 διορθούσθω·
1314 2007 1502 2042 Οίκοδομεῖτε
1516 2007 1570 2043 γὰρ
1590 2006 1634 2040 εἷς
1649 2008 1702 2034 τὸν
1714 2008 1778 2039 ἕνα,
1793 2008 1884 2042 φησίν·

1048 2052 1081 2078 ἂν
1099 2052 1154 2088 γὰρ
1172 2053 1209 2088 μὴ
1231 2052 1310 2079 τοῦτο
1332 2052 1469 2087 ποιῶμεν,
1493 2052 1509 2087 ἡ
1531 2052 1596 2086 παρ’
1619 2052 1734 2078 ἑκάστου
1757 2052 1885 2087 γινομένη

1050 2096 1223 2131 πλημμέλεια
1237 2097 1329 2132 κοινήν
1345 2105 1406 2122 τινα
1426 2096 1473 2122 καὶ
1490 2096 1627 2131 ἀφόρητον
1639 2097 1707 2122 οἴσει
1719 2096 1768 2131 τὴν
1784 2096 1885 2131 βλάϐην

1048 2142 1081 2176 τῇ
1097 2141 1183 2167 πόλει.
1204 2140 1280 2173 Ἰδοὺ,
1295 2140 1377 2176 μηδὲν
1390 2140 1538 2172 συνειδότες
1557 2141 1613 2172 τοῖς
1628 2141 1820 2176 γεγενημένοις
1832 2141 1886 2167 τῶν

1048 2184 1251 2219 τετολμηκότων
1268 2184 1318 2210 οὐκ
1335 2183 1445 2210 ἔλαττον
1464 2183 1632 2219 δεδοίκαμεν,
1666 2184 1712 2210 καὶ
1726 2184 1883 2219 φρίττομεν,

1051 2228 1087 2263 μὴ
1105 2230 1209 2260 πάντας
1222 2228 1236 2254 6
1246 2228 1293 2254 τοῦ
1309 2227 1442 2263 βασιλέως
1456 2227 1540 2262 θυμὸς
1553 2227 1703 2264 καταλάϐῃ·
1716 2228 1762 2254 καὶ
1776 2228 1826 2254 οὐκ
1835 2228 1884 2264 ἀρ-

1049 2273 1093 2298 κεῖ
1104 2272 1142 2303 είς
1157 2272 1305 2306 ἀπολογίαν
1321 2272 1387 2307 ἡμῖν
1400 2271 1430 2297 τὸ
1441 2271 1540 2304 λέγειν·
1555 2270 1594 2297 Οὐ
1608 2272 1750 2307 παρήμην,
1770 2272 1801 2297 οὺ
1822 2280 1883 2298 συν-

1048 2315 1132 2350 ῄδειν,
1140 2315 1188 2341 οὐκ
1199 2314 1366 2349 ἐκοινώνησα
1375 2315 1428 2341 τῶν
1438 2314 1640 2349 γεγενημένων.
1649 2314 1688 2340 Δι’
1699 2314 1764 2340 αὐτὸ
1777 2315 1826 2349 μὲν
1839 2313 1884 2341 οὖν

1048 2362 1127 2388 τοῦτο
1138 2360 1263 2392 κολάζου,
1277 2360 1354 2395 φησι,
1368 2360 1415 2386 καὶ
1424 2360 1495 2386 δίδου
1509 2359 1586 2394 δίκην
1595 2359 1643 2394 τὴν
1654 2358 1782 2394 ἐσχάτην,
1797 2359 1838 2385 ὅτι
1847 2360 1883 2395 μὴ

1050 2405 1150 2440 παρῆς,
1171 2403 1240 2438 μηδέ
1251 2402 1378 2433 ἐκώλυες,
1392 2403 1458 2437 μηδὲ
1475 2403 1538 2433 τοὺς
1550 2401 1738 2436 ἀκοσμοῦντας
1751 2404 1881 2437 κατεῖχες,

1051 2447 1118 2483 μηδέ
1141 2445 1310 2477 ἐκινδύνευες
1330 2446 1399 2479 ὑπὲρ
1417 2446 1466 2480 τῆς
1480 2446 1521 2477 εἰς
1536 2445 1581 2471 τὸν
1603 2445 1713 2480 βασιλέα
1732 2447 1824 2480 τιμῆς.
1847 2446 1882 2472 Ub

1050 2491 1180 2527 μετέσχες
1189 2489 1242 2515 τῶν
1252 2488 1474 2523 τετολμημένων;
1489 2488 1593 2516 ἐπαινῶ
1608 2488 1686 2516 τοῦτο
1699 2490 1745 2515 καὶ
1756 2489 1882 2524 ἀποδέχο-

1050 2543 1109 2570 μαι·
1135 2534 1191 2561 ἀλλ’
1213 2533 1274 2560 οὐδὲ
1286 2532 1441 2568 ἐπέσχεςτά
1453 2533 1583 2568 γινόμενα
1599 2541 1606 2548 ·
1618 2533 1698 2560 τοῦτο
1719 2533 1881 2568 κατηγορίας

1048 2579 1132 2611 ἀξιον.
1146 2577 1238 2604 Ταῦτα
1252 2578 1299 2603 καὶ
1311 2576 1387 2611 παρά
1397 2576 1444 2603 τοῦ
1455 2576 1523 2603 Θεοῦ
1535 2577 1568 2603 τὰ
1581 2578 1691 2612 ῥήματα
1701 2577 1879 2611 ἀκουσόμεθα,

1047 2623 1112 2649 ὃταν
1129 2623 1192 2656 σιγῇ
1207 2621 1335 2656 φέρωμεν
1347 2620 1397 2652 τὰς
1410 2621 1450 2652 είς
1464 2620 1545 2647 αὐτὸν
1560 2620 1653 2656 ὕϐρεις
1677 2620 1723 2647 καὶ
1742 2620 1881 2656 παροινίας

1048 2666 1207 2702 γενομένας·
1224 2665 1286 2692 ἐπεὶ⁸
1298 2664 1346 2691 καὶ
1358 2665 1373 2690 6
1383 2664 1413 2691 τὸ
1424 2664 1555 2691 τάλαντον
1565 2666 1652 2691 ἐκεῖνο
1667 2664 1827 2699 καταχώσας
1836 2665 1880 2700 οὐχ

1049 2710 1119 2745 ὑπὲρ
1134 2709 1189 2736 τῶν
1208 2708 1268 2735 καθ’
1280 2708 1376 2734 ἐαυτὸν
1401 2707 1554 2734 ἐνεκαλεῖτο
1567 2708 1628 2734 τότε
1655 2707 1811 2743 (ὁλόκληρον
1831 2709 1880 2744 γὰρ

1048 2754 1097 2788 τὴν
1123 2751 1357 2787 παρακαταθήκην
1380 2751 1549 2785 ἀπέδωκεν),
1580 2750 1637 2777 ἀλλ’
1666 2751 1707 2777 ὅτι
1733 2751 1818 2787 αὑτήν
1835 2753 1880 2779 οὐκ

1049 2796 1269 2828 ἐπλεόνασεν,ὃτι
1284 2795 1395 2829 ἐτέρους
1405 2794 1455 2821 οὐκ
1470 2794 1641 2826 ἐπαίδευσεν,
1656 2795 1695 2821 ὅτι
1711 2795 1741 2821 τὸ
1755 2796 1881 2831 ἀργύριον

1079 2887 1092 2907 δ
1106 2887 1151 2912 Alii
1170 2883 1559 2919 σωφρο-ιίξοντᾳςμ,,παιᾷεΰονεας-
1579 2912 1583 2919 ,
1652 2911 1657 2918 ,
1677 2912 1681 2916 .
1706 2912 1710 2916 ,
1828 2913 1835 2919 .
1861 2913 1864 2918 .

1083 2927 1093 2938 τ·
1105 2913 1374 2947 Οιιὶό.ιιιιἰὶιιιιιινιςνιὶριί
1388 2915 1486 2945 βασιλέα
1503 2913 1601 2943 φθαρτὸν
1621 2913 1659 2935 καὶ
1673 2913 1784 2941 ἐπίκηρον
1796 2913 1835 2939 καὶ
1846 2913 1881 2938 xi»

1050 2950 1110 2976 τιςιί.
1126 2950 1176 2972 Μιιχ
1190 2949 1229 2972 :Illi
1243 2949 1356 2971 ἧιέπτωυτν
1368 2947 1442 2973 ξίν-ην.
