1984 3110
105 156 137 184 S'l
618 154 663 181 Λῐ)
676 153 834 182 POPULUM
850 153 916 180 ANT

971 153 1091 181 .llENUM
1118 153 1232 181 HOMIL.
1253 154 1284 182 ΙΙ.
1726 155 1760 183 δυ

111 213 207 241 αιὶιιιε
221 211 334 238 exsilire
350 220 357 238 :
371 211 414 239 sic
431 219 483 239 nec
500 212 526 239 in
540 211 700 238 audientium
722 213 837 237 mentetn
860 216 920 243 per-

115 259 193 286 mittit
215 257 289 284 illabi
312 265 377 284 euut
404 259 516 292 propria
541 258 643 284 virtute.
667 256 768 283 Idcirco
788 261 815 282 et
835 254 920 282 «ἰυύωὶ

116 303 247 338 quondam
264 303 324 330 luto
337 307 367 330 et
381 303 506 330 lateritio
518 302 590 337 operi
609 302 754 329 servientes
780 301 875 336 (Exod.
891 300 918 327 6.

117 352 162 384 9),
177 349 277 376 Mosem
297 356 397 383 magna
411 348 446 375 dc
462 349 580 383 ipsorum
598 348 681 374 salute
699 353 771 381 szepe
787 346 919 373 dicentem

117 397 210 423 audire
228 403 283 422 non
298 399 435 430 poterant,
450 395 554 421 tristitia
569 393 654 421 verbis
668 393 828 420 inaccessam
843 399 919 419 men-

118 448 171 469 lent
189 441 331 470 reddente,
346 445 373 467 et
388 440 510 466 auditutn
526 439 688 465 obstruettte.
704 438 785 472 Igitur
799 436 919 464 volebam

115 487 225 521 quidem
240 491 268 513 et.
283 486 342 521 ipse
356 486 437 512 ﬁnem
452 485 497 512 hic
508 484 611 511 dicendi
626 482 726 514 facere;
740 482 788 509 sed
801 481 919 517 cogitans

114 533 187 565 quod
200 540 255 558 non
269 532 358 558 solum
371 531 477 558 nebulae
492 534 582 557 natura
597 529 660 556 radii
675 529 699 555 itt
715 529 845 555 anteriora
860 535 920 562 pro-

114 585 225 604 cessum
241 577 366 611 impedit,
379 575 426 602 sed
441 580 470 602 et
480 575 637 602 contrarium
649 574 704 608 ipsa
718 580 790 608 satpc
801 573 899 607 patitur
911 582 917 600 :

114 629 178 648 cum
194 621 272 648 enim
293 621 333 648 sol
348 620 461 647 calidior
475 620 598 647 continue
616 618 724 652 illapsus
743 619 840 645 nubem
854 626 919 645 con-

117 666 234 699 triverit,
247 667 368 694 medium
383 666 467 701 ipsius
479 673 549 700 s:rpe
562 664 708 698 dissipavit,
721 669 748 691 et
758 668 829 691 totus
841 664 919 691 simul

115 712 242 742 elucens,
255 711 413 746 splendidus
425 710 590 738 cernentium
603 709 737 736 obtutibus
747 709 838 736 incidit
850 718 856 736 :
870 709 920 736 ltoc

116 763 144 784 et
158 759 218 791 ipse
231 757 316 784 hodie
331 765 372 783 tne
385 756 516 784 facturum
531 763 608 790 spero
623 763 629 781 :
646 763 677 782 ac
691 762 814 782 sermone
826 755 850 781 itt
863 755 919 782 atti-

118 803 171 830 mis
191 804 293 830 vestris
313 803 419 829 assidue
435 806 574 833 versante,
588 805 615 828 et
628 800 726 827 diutius
743 801 899 828 immorante
910 821 917 833 ,

118 848 240 874 soltttum
262 848 294 874 iri
317 855 396 881 spero
417 847 529 873 tristitia:
546 845 684 877 nebulam,
701 849 727 872 et
741 850 856 872 mentem
873 854 919 872 γε.

119 899 204 920 stram
220 893 300 920 solita
312 900 419 920 rutsum
429 892 549 919 doctrina
565 891 726 918 micaluram.
738 890 791 918 Sed
805 890 919 925 prmbete

120 940 187 967 mihi
208 940 328 966 animant
354 946 490 971 vestram,
512 938 626 972 prtebete
645 937 709 964 milii
728 937 918 972 aliquatttulum

119 992 211 1016 aures.
229 985 366 1012 tristitiam
382 985 516 1016 excutite;
530 983 562 1010 ad
576 984 689 1018 priorem
701 983 918 1010 consuetudinem

118 1030 265 1058 redeamus
276 1051 285 1063 ,
302 1036 329 1058 et
350 1030 420 1057 sicut
433 1029 617 1057 consuevimus
637 1036 742 1062 semper
755 1036 814 1055 cum
829 1029 918 1056 laetitia

121 1076 172 1103 huc
186 1076 317 1103 advenire
327 1097 334 1108 ,
351 1077 389 1103 sic
402 1080 430 1103 et
445 1083 514 1103 nunc
529 1075 671 1107 faciamus,
687 1074 774 1101 omnia
790 1075 815 1101 itt
836 1075 918 1102 Deum

119 1122 285 1155 rejicientes.
310 1122 365 1149 lloc
386 1126 414 1148 et
434 1121 468 1148 ad
489 1122 571 1156 ipsam
588 1121 744 1148 calamitatis
758 1121 916 1148 solutionem

118 1167 197 1194 nobis
209 1167 343 1194 conferet.
356 1167 384 1194 Si
395 1167 466 1194 enim
480 1166 605 1193 Dominus
615 1174 663 1193 nos
674 1165 767 1192 viderit
780 1174 918 1194 sermones

119 1220 184 1238 suos
198 1219 259 1239 eum
275 1212 420 1239 sedulitate
432 1212 581 1245 audientes,
595 1217 622 1238 et
634 1211 799 1245 disciplittam
814 1220 827 1238 a
843 1212 918 1240 nobis

120 1258 249 1292 temporis
267 1258 424 1285 difﬁcultate
438 1265 490 1285 non
504 1257 590 1291 respui
601 1278 608 1287 .
624 1257 745 1284 celeriter
766 1265 814 1284 nos
832 1257 917 1284 susci-

120 1304 185 1337 piet,
202 1309 228 1330 et
246 1303 468 1338 tranquillitatem
484 1302 561 1330 faciet
573 1306 599 1329 et
610 1310 643 1329 ex
663 1302 786 1337 prmsenti
800 1302 916 1337 procella

120 1348 216 1375 bonam
233 1349 421 1375 mutationem.

155 1393 315 1420 Christianus
325 1401 370 1428 spe
380 1394 524 1428 futurorum
534 1392 617 1419 omnia
629 1400 746 1427 generose
755 1394 820 1427 ferre
834 1392 915 1420 debet.

121 1453 154 1458 —-
167 1438 349 1465 Christianum
365 1438 436 1466 enim
450 1443 478 1465 et
497 1438 521 1464 itt
537 1437 587 1465 hoc
601 1437 635 1464 ab
650 1437 798 1465 infidelibus
810 1437 916 1466 differre

122 1489 239 1518 oportet,
257 1489 285 1510 ttt
306 1484 395 1511 omnia
414 1490 544 1518 generose
561 1483 642 1515 ferat,
660 1487 686 1510 et
703 1490 750 1517 spe
770 1483 915 1510 futurorum

121 1534 225 1556 erectus
243 1529 422 1556 humanorum
437 1528 566 1555 ntalorutn
585 1528 683 1563 impetu
703 1535 732 1555 se
752 1528 915 1562 superiorem

121 1575 254 1602 exhibeat.
265 1575 350 1608 Supra
365 1579 470 1610 petrant
483 1577 595 1600 statutus
605 1578 645 1601 est
659 1573 744 1601 fidelis
757 1582 763 1599 :
778 1577 916 1608 propterea

121 1625 148 1647 et
162 1620 294 1647 undarum
309 1620 406 1646 ictibus
421 1618 628 1653 inexpugnabilis
641 1623 691 1646 est.
705 1619 732 1646 Si
745 1619 816 1646 enitn
832 1624 916 1646 tenta-

123 1665 222 1692 tiooum
238 1664 316 1691 undat
329 1664 442 1691 elevata:
455 1663 561 1697 fuerint,
573 1663 605 1690 ad
619 1663 687 1690 illius
698 1664 779 1698 pedes
790 1671 841 1690 non
856 1671 916 1698 per-

122 1711 232 1738 veniunt
244 1719 251 1736 :
266 1710 308 1737 hic
317 1709 392 1736 onttti
406 1709 451 1736 tali
464 1709 569 1736 incursu
582 1709 719 1736 sublimior
734 1708 851 1736 ﬁrmatus
863 1713 913 1736 est.

123 1756 161 1784 Ne
175 1757 254 1791 igitur
267 1756 360 1783 animo
372 1755 553 1787 concidamus,
566 1754 653 1782 dilecti
669 1763 674 1781 :
687 1762 739 1780 non
752 1753 790 1781 sic
804 1754 915 1781 salutem

121 1804 242 1826 nostram
251 1805 394 1829 curamus,
404 1798 475 1824 sicut
487 1799 531 1832 qui
551 1798 612 1824 fecit
626 1806 674 1825 ttos
691 1798 760 1825 Deus
772 1807 779 1825 :
790 1807 841 1825 ttott
855 1803 916 1825 latt-

122 1851 154 1872 ιε
166 1845 244 1871 nobis
259 1851 334 1870 cura:
346 1849 404 1876 est,
418 1844 485 1870 nihil
499 1852 580 1879 grave
595 1846 662 1879 pati,
677 1849 786 1880 quantae
802 1846 839 1872 illi
867 1846 914 1880 qui

121 1890 198 1916 nobis
211 1889 330 1916 animam
340 1888 464 1920 donavit,
475 1893 501 1915 et
512 1893 550 1915 tot
562 1895 623 1924 post
634 1890 690 1916 inec
703 1891 771 1917 bona
788 1892 912 1918 contulit.

120 1933 167 1961 llts
174 1935 229 1968 spei
237 1934 913 1969 rationibusnostrosanimoserigamus,etdieenda

118 1987 180 2006 cum
190 1979 331 2006 alacritate
342 1979 423 2005 solita
436 1979 587 2007 audiamus.
600 1979 720 2015 Longam
738 1989 823 2015 nuper
840 1981 911 2015 apud

119 2026 183 2052 char
196 2025 719 2057 tatemvcstramextendiconcioncnt,ct
731 2035 825 2053 omnes
833 2028 911 2054 obse—

123 2077 166 2104 qui
175 2074 234 2096 ntes
243 2068 398 2100 cernebam,
412 2069 562 2102 nullumque
570 2075 601 2095 ex
611 2067 696 2095 media
712 2075 846 2095 reversum
861 2068 912 2095 via.

158 2114 253 2140 Contra
268 2114 437 2148 blasphemas.
453 2128 487 2133 ——
498 2112 613 2140 Gtatiam
628 2112 702 2140 vobis
719 2113 752 2140 de
772 2113 817 2140 illo
833 2113 914 2140 animi

123 2160 211 2187 studio
231 2160 331 2190 habeo.
353 2165 380 2186 et
399 2159 518 2186 labortttn
535 2158 683 2186 ntercedetn
698 2159 808 2192 accepi;
824 2159 870 2185 sed
888 2164 915 2186 et

123 2205 202 2232 aliam
217 2214 231 2232 a
249 2205 324 2231 vobis
338 2210 400 2231 tttttc
420 2204 568 2231 mercedem
588 2204 674 2238 exegi.
695 2203 773 2230 Forte
794 2204 875 2230 nostis
889 2208 916 2231 et

123 2252 292 2279 meministis.
306 2251 370 2284 Qua:
385 2258 448 2277 vero
464 2257 565 2277 merces
576 2254 630 2276 erat
640 2249 651 2275 7
661 2249 780 2276 Civitatis
794 2250 916 2284 blasphe-

123 2303 240 2324 ntatores
256 2297 368 2332 punire.
383 2302 409 2323 et
429 2296 558 2330 castigare
578 2295 658 2322 Deum
676 2296 836 2322 contttutclia
856 2295 915 2321 alii-

124 2344 242 2375 cientes,
257 2348 284 2370 et
300 2342 417 2369 furiosos
431 2341 564 2368 cohibere.
586 2340 643 2368 Non
663 2348 695 2367 ex
719 2349 760 2367 me
779 2341 836 2375 ipso
855 2341 915 2367 talia

125 2397 165 2416 me
179 2390 280 2416 dixisse
293 2389 421 2419 arbitror,
437 2387 483 2415 sed
499 2388 579 2414 Deum
595 2387 679 2414 futura
695 2387 874 2421 providentem
889 2386 915 2413 itt

127 2440 238 2461 mentem
262 2439 381 2460 nostram
405 2433 484 2460 verba
507 2433 619 2459 misisse.
636 2432 663 2459 Si
679 2432 748 2459 enim
763 2431 823 2458 talia
837 2439 916 2458 ausos

126 2481 308 2514 puuissetntts,
323 2486 377 2504 non
392 2477 454 2504 talia
468 2485 537 2504 nunc
550 2476 723 2507 accidissent,
738 2484 796 2510 quae
811 2476 915 2503 accide-

126 2530 192 2552 runt.
215 2525 321 2559 Quanto
345 2524 443 2551 melius
462 2528 536 2551 erat.
552 2523 574 2550 si
597 2522 737 2556 periclitari
757 2522 893 2555 oportebat
906 2542 914 2554 ,

128 2571 194 2606 ipsos
214 2571 377 2605 msligantcs
400 2573 428 2595 et
449 2569 609 2602 eorrigentes
634 2566 732 2601 aliquid
755 2566 913 2600 pertulisse,

128 2615 190 2650 qunti
201 2621 226 2642 et
237 2614 359 2650 martyrii
374 2620 503 2640 coronant
517 2613 591 2639 nobis
602 2611 742 2643 attulisset,
756 2618 834 2644 quam
846 2618 916 2638 nunc

130 2660 261 2688 litrtnidare
277 2665 305 2687 et
320 2664 458 2689 tremere,
471 2663 496 2684 et
513 2664 544 2683 ex
564 2657 666 2683 illorutn
686 2655 827 2690 petulantia
843 2662 913 2681 mor-

128 2710 171 2733 tcnt
191 2704 370 2741 exspectare?
397 2703 467 2730 Ecce
485 2702 584 2729 crimen
603 2709 617 2727 a
637 2701 727 2736 paucis
745 2700 915 2727 commissum

125 2757 158 2778 est
168 2773 175 2783 ,
188 2757 214 2778 et
227 2752 306 2786 culpa
329 2747 487 2775 communis
501 2747 609 2773 ellicitur
624 2755 630 2772 :
647 2752 709 2772 ecce
731 2749 838 2779 propter
857 2744 916 2771 illos

123 2806 183 2824 nunc
197 2804 294 2824 omnes
306 2794 494 2830 parescinms,
507 2791 576 2818 etab
587 2791 635 2818 illis
651 2795 810 2825 patritorum
823 2797 915 2824 pmuas

122 2843 160 2878 ipsi
174 2844 356 2871 sustinemus.
373 2839 404 2866 Si
417 2842 506 2864 autem
522 2837 710 2871 prmvcnirutcs
723 2836 793 2870 ipsos
807 2842 840 2862 ex
851 2833 914 2861 urbe

974 209 1168 244 cxpulissemus
1179 230 1186 242 ,
1202 215 1229 237 et
1243 211 1468 242 correxissemns.
1484 217 1510 239 et
1529 216 1656 247 :rgrotnm
1671 220 1758 240 cttras-

974 261 1064 280 senius
1078 254 1226 281 membrum
1238 276 1245 287 ,
1263 264 1314 282 ιιοιι
1331 257 1453 289 ντίιιεοιιιί
1476 261 1626 284 tenerentur
1652 266 1757 292 pavore.

973 299 1040 326 Novi
1052 300 1164 327 civitatis
1179 308 1266 328 mores
1279 309 1294 328 a
1309 301 1451 336 majoribus
1467 303 1604 336 liberales,
1618 304 1665 331 sed
1681 312 1757 338 perc-

973 345 1040 380 grini
1054 345 1160 380 quidam
1173 350 1200 373 et
1214 347 1353 380 promisctti
1369 347 1498 380 homines,
1513 349 1615 376 scelesti
1628 354 1655 375 et
1671 351 1756 384 perni.

975 390 1052 423 ciosi.
1066 395 1093 418 et
1106 391 1139 417 de
1151 399 1197 418 sua
1208 391 1381 426 desperantes
1394 393 1488 423 salute.
1502 394 1558 420 ausi
1575 400 1635 420 sunt
1647 403 1687 425 ea,
1699 403 1756 430 quae

973 439 1076 469 patrata
1098 440 1169 462 sttnt.
1192 436 1333 471 Propterea
1354 437 1471 465 clamare
1491 442 1518 464 et
1540 440 1680 465 contestari
1705 448 1755 466 non

973 481 1063 509 destiti
1079 491 1085 508 :
1101 482 1344 517 Blasphemantium
1367 483 1482 511 furorem
1505 484 1662 519 puttiamus.
1687 486 1756 519 ipso-

973 534 1032 553 rttm
1041 532 1155 554 mentem
1167 528 1334 563 castigemus,
1347 529 1462 563 ipsorum
1475 529 1551 556 salttti
1563 530 1755 563 provideamus;

973 576 1000 598 et
1013 572 1034 599 si
1051 573 1100 599 ltoe
1113 573 1238 600 facientes
1255 574 1321 601 mori
1336 579 1465 609 oporteat,
1480 583 1602 610 maguum
1619 576 1694 603 ttobis
1708 577 1756 604 hoc

973 617 1065 645 afferet
1080 619 1180 646 lucrum
1195 628 1202 646 :
1219 628 1252 646 ne
1265 628 1432 647 communem
1445 621 1579 648 dominum
1590 624 1757 650 Cttllllllllt'il's

972 664 1042 691 afﬁci
1058 665 1238 700 negligamus;
1252 667 1487 701 magnumcivitati
1503 668 1600 695 tttaluttt
1621 669 1704 703 pariet
1718 673 1756 696 ta-

973 709 1006 736 lia
1020 709 1167 744 despicere.

1008 756 1034 781 4.
1065 755 1126 782 lltrc
1149 756 1346 790 prmdicebam,
1370 757 1427 785 ha-c
1449 766 1517 786 ntmc
1537 760 1705 791 accidcrmtt.
1728 766 1754 788 et

973 801 1088 834 torporis
1108 801 1180 829 illitts
1202 810 1294 837 pit-nas
1319 804 1467 837 pendimus.
1491 805 1573 832 Deum
1596 808 1756 834 eontutttclta

972 845 1095 872 all'ectum
1122 845 1287 881 despnxisti:
1311 856 1372 875 ecce
1399 849 1517 884 permisit
1546 850 1732 885 Imperatorem
1747 853 1755 868 ¹

972 890 1131 917 contumelia
1145 892 1213 918 allici
1225 912 1233 924 ,
1248 897 1273 920 et
1288 893 1321 919 de
1334 894 1459 921 extremis
1470 895 1615 929 periculum
1635 897 1757 924 omnibus

973 935 1135 969 impendere,
1151 942 1178 963 Ill
1192 938 1216 964 itt
1238 939 1288 965 hoc
1303 940 1396 966 timore
1408 939 1477 967 illius
1488 941 1652 976 negligentia:
1667 951 1757 977 pmnas

971 981 1074 1008 detntts.
1089 982 1156 1010 Num
1173 984 1252 1018 igitur
1264 984 1360 1012 frustra
1372 1006 1378 1015 ,
1391 978 1452 1012 nttnt
1469 990 1568 1014 temere
1589 987 1645 1014 lure
1664 988 1757 1022 pratdi-

971 1026 1075 1059 eebam,
1091 1031 1118 1054 et
1131 1028 1236 1056 assidue
1248 1030 1754 1066 vestramcharitatentinterpellabant?

971 1071 1024 1098 Sed
1036 1076 1123 1099 tamen
1139 1073 1204 1100 nihil
1219 1074 1332 1108 amplius
1350 1075 1445 1101 factum
1460 1080 1519 1108 est;
1535 1076 1581 1103 sed
1605 1077 1649 1103 liat
1672 1085 1755 1109 nttltt‘,

971 1121 998 1144 et
1013 1124 1027 1144 e
1041 1118 1166 1151 pra‘senti
1180 1118 1331 1146 calamitate
1346 1121 1465 1155 eaStigati
1477 1141 1484 1153 ,
1500 1121 1677 1148 iunrdiualutn
1699 1122 1756 1148 illo-

972 1170 1029 1189 rum
1045 1162 1160 1191 furorem
1174 1164 1345 1192 cohibeamus
1360 1175 1366 1192 :
1383 1166 1553 1193 obstruatnns
1569 1167 1682 1201 ipsornttt
1696 1176 1752 1200 ora,

972 1213 1104 1243 tamquam
1125 1210 1210 1237 fontes
1224 1211 1375 1237 mortiferos
1394 1212 1580 1243 occltnlanttts,
1596 1217 1622 1240 et
1643 1213 1668 1239 in
1690 1221 1755 1240 eou-

971 1256 1080 1282 trarittm
1101 1261 1243 1289 mutemus,
1256 1262 1282 1283 et
1299 1258 1404 1292 penitus
1420 1263 1578 1285 ev:tttescent
1598 1259 1663 1285 mala
1675 1280 1682 1292 ,
1698 1267 1756 1293 quas

970 1301 1103 1328 civitatem
1118 1301 1387 1336 comprehenderunt.

1005 1345 1196 1381 Chrysostomus
1213 1348 1316 1382 plausus
1334 1348 1414 1383 rejici!
1433 1363 1468 1368 -ι
1480 1348 1536 1375 Non
1558 1353 1598 1375 est
1624 1349 1754 1376 theatrum

968 1392 1103 1425 ecclesia,
1118 1397 1146 1419 ut
1170 1392 1204 1419 ad
1229 1392 1430 1421 delectationem
1457 1394 1595 1421 audianms
1620 1403 1627 1421 :
1651 1395 1755 1428 adjutus

970 1436 1032 1464 hinc
1045 1437 1170 1465 recedere
1184 1442 1306 1472 oportet,
1323 1438 1438 1466 luctatos
1451 1439 1574 1473 quiddam
1594 1439 1707 1473 amplius
1729 1444 1756 1466 ct

970 1491 1104 1518 magnum,
1119 1484 1157 1510 sic
1172 1483 1299 1511 rect-dere
1319 1484 1428 1519 expedit
1442 1493 1447 1510 :
1464 1485 1594 1519 siquidem
1610 1489 1709 1512 temere
1729 1489 1755 1511 et

969 1527 1065 1555 frttstra
1080 1529 1280 1561 accesserimus,
1294 1529 1315 1557 si
1329 1529 1361 1556 ad
1375 1534 1478 1564 tempus
1493 1530 1603 1557 instituti
1624 1530 1754 1557 dictormn

968 1578 1060 1609 postea
1082 1574 1194 1601 utilitate
1206 1574 1282 1601 vacui
1303 1575 1468 1602 recedamus.
1485 1575 1549 1608 Qum
1573 1575 1637 1602 tttilti
1660 1575 1753 1602 ltorntu

969 1619 1106 1654 plausuum
1116 1619 1300 1655 utilitas?quat
1313 1619 1417 1648 laudum
1440 1626 1467 1647 et
1487 1620 1667 1648 tntnuttuum?
1686 1620 1756 1649 Laus

969 1673 1027 1693 mea
1042 1669 1101 1698 est,
1115 1670 1142 1692 ut
1155 1673 1203 1692 vos
1216 1665 1303 1693 omnia
1318 1673 1377 1700 qum
1389 1665 1514 1693 dicuntur
1525 1687 1532 1698 ,
1544 1665 1668 1701 operibus
1681 1666 1755 1694 exhi-

967 1711 1052 1738 beatis
1076 1719 1082 1737 :
1101 1716 1162 1738 tunc
1185 1718 1235 1746 ego
1261 1711 1321 1738 felix
1348 1711 1486 1739 habendus
1507 1716 1533 1739 et
1554 1712 1646 1739 beatus
1669 1722 1676 1739 :
1702 1721 1754 1740 ttoo

967 1756 1073 1792 quando
1086 1763 1145 1784 cum
1164 1757 1292 1791 applausu
1311 1758 1467 1791 exceperitis
1478 1778 1485 1789 ,
1499 1758 1546 1785 sed
1562 1758 1668 1792 quando
1683 1766 1716 1785 οη
1729 1759 1753 1784 tti

966 1810 1027 1830 cum
1049 1802 1186 1829 alacritate
1201 1801 1318 1829 feceritis
1333 1809 1507 1836 qna-cumque
1528 1811 1542 1829 a
1566 1803 1642 1830 nobis
1662 1803 1754 1830 audie-

966 1847 1035 1874 ritis.
1058 1846 1175 1881 Quisque
1202 1847 1351 1882 proximum
1376 1847 1513 1882 corrigat:
1533 1847 1673 1881 Ediﬁcale
1689 1849 1753 1875 enim

967 1892 1031 1919 alter
1053 1893 1158 1919 alterunt
1173 1891 1194 1928 (Ι
1209 1892 1295 1919 Thess.
1312 1893 1338 1920 5.
1356 1893 1412 1927 ll),
1423 1893 1516 1928 inquit.
1532 1893 1587 1921 Nisi
1609 1893 1680 1920 enim
1705 1894 1755 1921 hoc

967 1937 1111 1969 faciamus,
1126 1946 1140 1964 a
1163 1945 1330 1972 quocumque
1347 1938 1489 1966 admissum
1511 1939 1597 1966 scelus
1615 1947 1755 1966 commune

968 1982 1099 2018 quoddam
1113 1989 1138 2009 et
1151 1982 1316 2010 intolerabile
1329 1982 1453 2010 damnum
1464 1983 1562 2011 civitati
1573 1984 1674 2011 :ttl‘erct.
1687 1985 1756 2012 Ecce

967 2028 1066 2056 nullius
1080 2029 1179 2056 conscii
1194 2036 1246 2055 non
1270 2029 1357 2055 tniuus
1370 2029 1413 2062 iis,
1429 2031 1473 2065 qui
1494 2035 1686 2064 peccaverunt,
1703 2036 1756 2058 ter-

967 2075 1010 2101 riti
1024 2082 1116 2102 sumus
1129 2079 1156 2101 et
1168 2076 1409 2107 eontremiscitntts.
1424 2083 1458 2103 ne
1469 2084 1565 2103 omnes
1585 2077 1754 2112 ltnpcratoris

969 2122 1006 2148 ira
1021 2122 1156 2155 corripiat.
1167 2121 1222 2149 Nec
1236 2122 1306 2148 enim
1320 2121 1345 2149 in
1359 2123 1556 2149 excusationem
1572 2123 1648 2149 nobis
1665 2123 1755 2151 dicere

968 2166 1066 2194 sufﬁcit
1077 2176 1084 2193 :
1096 2167 1153 2194 Non
1164 2167 1283 2200 aderam,
1298 2175 1349 2194 non
1361 2168 1481 2195 conscius
1492 2175 1563 2194 erant
1573 2188 1580 2199 ,
1590 2176 1641 2194 ttott
1657 2168 1756 2196 facino-

968 2221 1026 2240 rum
1050 2221 1160 2241 consors
1185 2214 1229 2240 liti.
1243 2214 1282 2240 Ob
1299 2214 1349 2241 lioc
1363 2214 1450 2249 igitur,
1468 2214 1565 2248 inquit,
1579 2215 1712 2249 pttnieris,
1728 2222 1756 2244 et

969 2260 1087 2286 ultimam
1099 2259 1198 2294 pendes
1212 2267 1327 2293 penam,
1341 2260 1402 2294 quia
1419 2267 1470 2285 non
1488 2258 1609 2291 adfuisti,
1629 2268 1677 2288 nec
1695 2269 1756 2296 pro-

969 2305 1076 2332 hibuisti
1086 2326 1092 2336 ,
1104 2313 1156 2332 non
1170 2305 1311 2331 coltibuisti
1328 2304 1531 2336 tumultuantes,
1544 2312 1594 2331 nec
1606 2313 1653 2339 pro
1667 2305 1753 2340 Impe-

970 2352 1065 2378 ratoris
1078 2352 1179 2378 honore
1191 2350 1354 2385 periclitatus
1376 2357 1416 2377 es.
1438 2349 1496 2376 Non
1521 2351 1630 2384 patratis
1650 2352 1756 2386 partici-

969 2398 1055 2432 pasti?
1067 2397 1145 2423 laudo
1161 2396 1210 2424 hoc
1225 2401 1251 2423 et
1265 2400 1392 2430 accepto;
1407 2395 1454 2422 sed
1467 2403 1553 2430 neque
1576 2395 1642 2422 facta
1664 2396 1756 2431 prohi-

969 2443 1067 2475 buisti;
1082 2443 1131 2470 hoc
1145 2442 1315 2469 accusatione
1326 2441 1445 2475 dignum.
1466 2440 1528 2467 Hac
1543 2444 1569 2467 et
1586 2447 1601 2466 a
1612 2440 1665 2466 Deo
1677 2441 1755 2469 verba

968 2488 1107 2515 audiemus
1118 2508 1124 2519 ,
1136 2487 1242 2522 quando
1252 2494 1312 2513 ettm
1327 2486 1433 2513 silentio
1448 2485 1623 2512 contumelias
1645 2491 1671 2513 et
1687 2486 1755 2520 inju-

970 2534 1023 2560 rias
1036 2534 1061 2560 itt
1075 2533 1160 2568 ipsmtt
1175 2533 1334 2560 commissas
1348 2532 1478 2566 patimur:
1492 2532 1616 2566 quoniam
1630 2537 1655 2558 et
1676 2533 1697 2559 is
1713 2532 1757 2566 qui

971 2580 1097 2606 talentutn
1113 2578 1213 2605 defodit
1226 2578 1333 2613 (.llault.
1346 2577 1392 2604 25.
1404 2577 1449 2604 25.
1465 2577 1521 2610 50),
1537 2584 1589 2603 non
1605 2584 1654 2611 pro
1675 2577 1755 2604 reati-

970 2625 1018 2652 bus
1031 2625 1086 2651 suis
1098 2628 1160 2650 tunc
1172 2623 1363 2654 accusabatur;
1381 2623 1510 2656 integrum
1521 2622 1592 2648 enim
1607 2621 1756 2656 depositum

970 2671 1101 2701 reddidit;
1117 2669 1163 2697 sed
1175 2670 1299 2704 quoniam
1314 2669 1398 2702 ipsum
1410 2676 1461 2695 non
1480 2667 1679 2702 multiplicavit,
1690 2675 1757 2701 quo-

970 2718 1040 2745 niam
1053 2724 1106 2743 non
1119 2715 1255 2748 castigavit
1277 2720 1400 2745 casteros,
1416 2713 1541 2748 quoniam
1562 2717 1699 2746 argentum
1721 2712 1754 2738 ad

971 2761 1162 2790 nummularius
1174 2770 1226 2788 non
1240 2760 1344 2789 detulit.
1359 2760 1408 2786 hoc
1417 2764 1468 2791 est,
1483 2766 1534 2785 non
1546 2758 1693 2790 admonuit,
1703 2764 1755 2784 nou

1004 2837 1010 2850 ι
1028 2834 1124 2864 quidam
1137 2831 1298 2862 manuscripti,
1312 2829 1435 2855 mortalem
1445 2832 1467 2854 et
1479 2827 1597 2861 frugilem.
