1984 3110
241 159 275 187 59
589 157 617 184 ὃ.
637 158 777 186 JOANNIS
790 155 1023 185 CllltYSOSTOlll
1045 153 1192 182 ARClllEP
1223 152 1491 181 CONSTANTINOP.
1847 154 1880 184 ιο

238 220 379 251 Consilium
393 218 478 251 dedit,
490 225 542 244 non
568 217 713 251 increpuit,
730 222 782 242 HO‘I
804 214 921 241 correxit
943 220 1031 245 pron-

240 276 298 296 mos
319 271 474 302 peccatores
492 263 678 295 inordinatos;
692 261 790 288 idcirco
804 261 904 294 absque
925 258 1032 286 miseri-

239 313 329 341 cordia
345 313 371 339 in
387 311 446 338 illas
461 308 642 337 intolerabiles
662 315 753 342 poenas
766 305 930 333 mittebatur.
943 303 995 331 Sed
1009 303 1032 330 si

239 368 292 388 non
306 364 394 390 antra,
409 365 480 384 nunc
493 357 586 383 saltem
607 362 686 389 spero
701 361 749 380 vos
771 352 832 379 huic
851 350 1031 378 emendationi

238 405 439 440 advigilaturos,
454 408 480 430 et
495 402 577 429 Deum
590 399 750 428 contumelia
765 397 887 425 allectum
910 403 963 423 non
982 404 1027 422 ne-

239 453 384 488 glecturos.
399 450 512 477 Possunt
532 448 602 475 enim
625 454 684 481 quze
707 444 872 476 acciderunt,
889 443 950 470 licet
975 449 1032 468 ino—

239 501 320 525 nente
344 497 450 524 nemine
461 516 467 527 ,
485 495 526 522 vel
547 493 688 521 insensatis
701 492 842 525 deinceps,
855 494 883 516 ut
897 489 1030 524 propriam

239 548 361 571 asseram
379 542 503 573 salutem,
519 539 689 575 persuadere.
710 538 791 565 Nobis
806 543 869 565 vero
888 536 942 571 jam
965 535 1031 562 hora

239 595 281 618 est
294 611 300 621 .
314 589 419 616 solitam
443 587 519 614 vobis
534 591 559 613 ut
575 594 589 612 a
604 585 685 612 Paulo
705 590 825 611 mensam
845 588 1010 617 apponainus
1023 601 1029 612 ,

240 638 437 669 lectionemque
451 633 606 660 hodiernam
622 638 786 666 promamus,
796 635 824 656 et
837 629 863 656 in
875 628 962 655 medio
975 635 1032 654 om-

241 683 320 710 nibus
337 687 527 716 pr0p0itanttts.
540 677 608 712 Quid
623 677 702 712 igitur
712 680 751 702 cst
764 675 843 702 hodie
857 674 954 701 lectum
966 673 977 698 ’ἒ
991 672 1033 698 Di-

240 728 330 754 vitibus
339 727 414 760 hujus
427 725 511 751 surculi
524 724 631 757 itrtrripe
644 730 692 748 non
703 721 807 748 sublime
817 719 920 753 θηρσί-(³(
930 719 951 744 l.
962 718 1030 744 Tim.

240 774 266 802 6.
285 774 341 808 Π).
356 773 405 805 Qui
417 771 493 804 dixit,
511 770 631 797 Divitibus
645 769 721 803 lntjus
731 767 827 798 surculi,
839 765 1032 793 demonstravit

239 823 266 846 et
279 819 345 845 alios
359 818 439 844 futuri
455 817 544 844 smculi
556 816 650 843 divites
665 821 726 841 esse
743 821 749 839 ε
766 811 851 847 qualis
862 811 905 837 ille
916 810 1032 837 Lazarus

240 868 298 890 erat
310 883 317 896 ,
333 863 359 890 in
375 862 499 898 prtcsenti
510 861 617 896 quidem
633 859 685 886 vita
700 865 812 893 pauper,
828 856 854 883 in
869 856 955 882 lutura
967 862 1032 881 vero

239 908 313 936 dives
326 917 333 935 :
348 916 402 935 non
416 915 481 934 auro
494 911 521 934 et
536 910 646 940 argento
660 903 746 931 ctulla
768 902 813 928 tali
828 900 993 935 corruptibili
1005 904 1032 926 et

241 954 418 983 marcescibili
430 954 540 980 materia
551 952 673 982 afﬂuens,
683 950 728 978 sed
739 948 845 976 arcanis
856 947 907 974 illis
921 947 995 973 bouis
1011 947 1030 978 ',

240 1010 299 1037 qnte
315 1001 370 1028 Nec
380 1001 467 1028 oculus
478 1000 548 1030 vidit,
559 1007 603 1025 nec
617 997 686 1023 auris
705 996 800 1022 audivit
810 1015 816 1025 .
829 1002 874 1021 nec
889 994 915 1020 in
926 1001 969 1019 cor
983 993 1031 1019 lto-

241 1048 314 1074 minis
328 1046 490 1072 ascenderunt
505 1045 542 1080 (Ι.
558 1043 616 1070 Cor.
633 1042 659 1068 2.
673 1041 713 1075 9).

281 1092 352 1119 Verte
365 1090 586 1124 divititzquw?—
597 1089 643 1116 Ιιιῐε
662 1094 776 1121 namque
790 1093 860 1113 vera:
882 1084 981 1112 divitia:
1005 1088 1032 1110 et

239 1137 391 1172 opulentia,
406 1135 513 1171 quando
533 1139 560 1162 et
576 1133 808 1161 itmnarcescibilia
827 1136 890 1158 sunt
908 1131 994 1161 bona,
1006 1134 1033 1156 et

239 1183 337 1211 nullam
362 1182 470 1217 capiunt
492 1179 723 1207 mutationein.At
743 1185 796 1204 non
818 1177 880 1204 talis
901 1181 960 1203 erat
986 1175 1032 1202 ille

240 1233 408 1263 contemptor
422 1227 506 1259 dives,
520 1226 566 1254 sed
592 1225 711 1252 omnium
735 1223 920 1258 pauperrimus
947 1222 1032 1248 factus

240 1282 291 1303 est.
306 1275 368 1302 Post
382 1274 439 1300 ha-c
454 1274 533 1308 igitur
554 1273 652 1299 stillam
680 1271 801 1298 obtinere
825 1275 946 1303 quarrens
959 1288 965 1297 ,
983 1273 1032 1293 nec

242 1321 324 1355 ipsius
345 1319 430 1346 factus
444 1323 486 1345 est
507 1324 637 1352 compos:
653 1318 678 1342 in
702 1320 754 1342 tam
777 1319 924 1341 extremam
949 1312 1031 1339 devc-

241 1369 319 1394 nerat
333 1369 526 1399 paupertatem.
543 1362 645 1389 Idcirco
661 1359 800 1395 praesentis
819 1358 909 1386 δινουιί
932 1357 1032 1384 divites

240 1411 397 1445 appellavit,
413 1413 441 1436 ut
454 1409 542 1435 discas
554 1407 624 1442 quod
645 1414 706 1433 cum
739 1405 793 1431 vita
816 1403 941 1439 przesenti
964 1410 1031 1437 opu-

241 1455 320 1482 lentia
332 1455 485 1482 dissolvitur
503 1461 576 1480 :non
590 1451 709 1486 procedit
729 1450 855 1481 ulterius,
875 1456 927 1475 non
952 1448 1031 1475 simul

242 1501 405 1534 migratcnni
421 1498 616 1533 possessoribus
630 1495 815 1530 migrantibus.
830 1493 878 1521 sed
889 1494 961 1528 ipsos
982 1500 1032 1519 5a:-

241 1546 300 1579 pius
313 1549 340 1571 et
352 1549 414 1570 ante
428 1544 507 1570 ﬁnetn
527 1541 626 1570 deserit
641 1550 648 1568 :
671 1540 741 1576 quod
756 1544 783 1567 ct
808 1540 894 1574 ipsum
919 1538 1031 1566 demou-

243 1594 310 1617 strat
333 1589 435 1622 dicens,
454 1589 541 1623 Neque
560 1595 661 1623 sperare
675 1587 702 1613 in
725 1587 819 1613 incerto
837 1585 980 1611 divitiarum
994 1584 1030 1618 (Ι.

242 1634 309 1662 Tim.
317 1635 403 1669 6.17):
411 1634 477 1661 nihil
485 1634 555 1660 enim
562 1636 616 1659 tam
627 1631 826 1665 inﬁdum,quam
836 1629 934 1657 divitia:
945 1638 952 1656 :
962 1628 1032 1663 quod

242 1688 302 1708 cum
316 1688 387 1714 sa-pc
401 1679 527 1710 dixerint,
541 1678 630 1705 dicere
643 1676 815 1704 noncessabo
826 1696 834 1708 ,
849 1675 918 1709 quod
943 1674 1031 1708 fugiti-

243 1734 294 1754 vus
306 1731 349 1754 est
362 1732 388 1753 et
403 1726 521 1760 ingratus
530 1731 623 1751 servus
645 1723 723 1750 ﬁdem
750 1730 802 1749 non
821 1721 931 1752 habens,
946 1720 989 1747 vel
1010 1720 1032 1746 si

243 1773 382 1799 innumera
397 1771 447 1805 ipsi
461 1770 564 1797 vincula
577 1770 696 1804 injicias,
711 1768 749 1796 sic
768 1775 872 1802 qquuc
886 1775 946 1794 cum
968 1767 1032 1802 ipsis

243 1817 356 1845 vinculis
379 1816 489 1851 aufugit.
513 1815 616 1849 Saepius
642 1815 722 1849 igitur
745 1813 858 1848 pessulis
880 1817 907 1840 et
933 1812 1032 1838 foribus

244 1863 330 1897 ipsum
345 1868 512 1896 possessmcs
527 1860 731 1892 cont-luserunt,
748 1866 887 1886 servorum
916 1857 1032 1884 adhibita

244 1908 383 1936 custodia:
400 1908 441 1934 ille
454 1914 518 1934 vero
533 1907 619 1934 servis
631 1906 784 1933 subornatis
803 1912 862 1932 cum
889 1905 954 1939 ipsis
970 1904 1033 1937 l'ugit.

244 1953 409 1984 custodibus,
426 1957 559 1986 tamquam
582 1955 703 1978 catenam
728 1958 775 1978 eos
791 1951 908 1981 trahens,
921 1954 949 1976 et
968 1949 1032 1976 nihil

245 1999 344 2034 proluit
357 1997 487 2025 custodia.
499 1997 567 2030 Quid
589 1997 640 2024 ltoe
655 1996 807 2023 inlidelius?
827 1995 889 2030 quid
902 2003 966 2022 Vero
981 1995 1012 2022 iis
1024 2016 1031 2028 ,

244 2044 288 2078 qui
317 2045 388 2070 circa
415 2043 484 2070 hunc
515 2041 630 2069 studium
663 2041 811 2072 collvicant.
835 2040 1033 2068 miserabilius?

245 2088 351 2123 quando
364 2096 420 2115 rem
433 2093 486 2115 tam
499 2087 604 2115 labilem
618 2087 690 2113 omni
704 2085 791 2113 studio
805 2085 930 2121 colligere
941 2093 1034 2120 aggre-

245 2134 365 2166 diuntur,
379 2141 430 2162 nec
442 2134 597 2173 prophetam
612 2133 722 2160 audiunt
732 2133 876 2165 dicentem,
895 2131 937 2159 Va:
948 2133 978 2158 iis
991 2133 1034 2166 qui

245 2180 374 2213 conﬁdunt
385 2180 410 2206 in
421 2179 510 2206 virtute
520 2187 576 2209 sua.
586 2184 608 2205 et
620 2179 644 2204 in
654 2178 813 2205 multitudine
820 2178 962 2204 diuitiarum
974 2186 1034 2204 sttu-

246 2234 302 2252 rum
310 2226 450 2260 gloriantur
457 2226 465 2259 (
471 2224 589 2252 PsaHS.
595 2225 631 2259 7).
643 2225 688 2251 Dic
697 2224 836 2259 quare,V:c
842 2224 853 2250 ?
860 2223 1031 2256 Tliesaurizut,

247 2271 332 2305 inquit
343 2290 350 2301 ,
363 2275 387 2296 et
405 2270 503 2304 ignorat
516 2290 523 2303 ,
540 2270 580 2296 cui
607 2270 767 2305 congregabit
790 2278 818 2296 ca
832 2269 917 2304 (Psal.
932 2270 976 2296 58.
989 2270 1033 2303 7):

246 2317 371 2352 quoniam
391 2316 466 2343 labor
479 2316 587 2351 quidem
601 2320 701 2349 certus,
717 2315 816 2343 fructus
830 2324 892 2343 vero
907 2315 1032 2343 incertus

247 2363 351 2397 Sit-pius
362 2361 475 2388 inimicis
483 2361 596 2393 laboras,
607 2366 634 2389 et
644 2362 770 2388 mrumnis
777 2362 928 2389 conﬁceris:
939 2362 1035 2396 smpins

247 2411 309 2442 post
319 2411 430 2434 mortem
445 2412 514 2434 tuam
527 2407 560 2434 ad
576 2415 622 2434 eos
635 2407 679 2442 qui
695 2412 720 2434 te
732 2407 876 2434 allererunt
890 2407 995 2441 injuria,
1009 2411 1036 2434 et

247 2452 395 2480 innumeris
408 2453 638 2480 circumvenerunt
649 2452 762 2485 insidiis,
772 2452 904 2479 hereditas
914 2453 1033 2483 venit-ns,

248 2498 292 2524 tibi
308 2498 414 2533 quidem
427 2503 543 2532 peccata,
562 2499 755 2532 possessionem
769 2505 832 2524 vero
845 2498 902 2525 aliis
914 2498 1033 2532 prtebuit.

281 2544 308 2571 5.
330 2543 388 2570 Jam
412 2543 475 2570 illud
501 2543 634 2576 inquirere
663 2543 770 2578 dignum
796 2547 853 2576 est,
876 2551 957 2578 quare
982 2552 1034 2570 non

248 2589 459 2622 dixit,Divitibus
467 2591 606 2624 praesentis
614 2590 702 2616 szeculi
711 2589 824 2623 pra‘cipe
834 2597 885 2615 non
893 2588 1033 2621 ditescere,

250 2635 364 2668 praecipe
378 2634 564 2668 depauperari,
578 2635 690 2669 prtccipe
703 2642 761 2668 qua:
773 2634 870 2660 habent
880 2634 1034 2660 exhaurire:

248 2679 295 2706 sed
304 2679 379 2710 dixit,
395 2679 508 2713 Prwcipe
521 2688 569 2705 non
585 2679 689 2705 sublime
698 2677 957 2713 sapere7Novitquod
970 2678 1038 2705 divi-

251 2724 345 2752 tiarum
359 2725 431 2752 radix
442 2729 468 2752 et
480 2725 587 2752 tnatcria
599 2726 633 2751 sit
645 2724 767 2759 superbia
780 2732 786 2750 :
798 2729 824 2750 et
834 2724 856 2750 si
866 2724 924 2758 quis
935 2723 1037 2750 modice

251 2771 338 2798 vivere
352 2772 456 2803 scierit,
474 2779 525 2798 non
549 2771 657 2798 multam
671 2778 762 2798 earum
782 2777 872 2797 curam
895 2774 964 2805 aget.
979 2769 1036 2803 Qua

251 2857 271 2883 ιη
282 2827 291 2843 ¹
301 2830 373 2863 tinus
387 2828 467 2853 Codex
480 2832 505 2853 et
516 2827 585 2853 Savil.
594 2827 619 2853 in
637 2833 724 2858 marg.,
740 2833 833 2853 -ῖνσαιιτς
844 2828 866 2852 et
881 2825 1038 2858 ine/rubum!”

269 2865 323 2883 ληιδ.

269 2865 323 2883 ams.

1085 211 1168 240 cnim.
1181 209 1224 238 die
1239 210 1312 243 mihi,
1325 209 1358 237 de
1372 217 1450 237 causa
1463 210 1560 237 multos
1574 209 1750 237 circumducis
1763 217 1859 237 servos
1869 233 1878 242 ,

1086 257 1227 290 parasitos,
1241 256 1394 284 adulatores
1405 277 1413 289 ,
1425 260 1451 283 et
1462 256 1589 291 reliquam
1604 264 1711 283 omnctn
1731 263 1856 291 pompam
1869 257 1880 282 ?

1084 301 1142 329 Non
1160 302 1281 329 utilitatis
1296 309 1374 329 causa
1385 323 1392 335 ,
1407 301 1454 329 sed
1472 302 1629 337 arrogantim
1641 302 1735 334 solius,
1748 307 1775 328 ut
1791 309 1823 328 ex
1839 303 1879 328 his

1085 347 1262 375 venerabilior
1274 347 1333 374 aliis
1353 347 1504 374 hominibus
1520 354 1580 374 esse
1603 347 1726 374 videaris.
1747 348 1880 375 Prattct'en

1085 393 1158 419 novit
1171 400 1222 419 non
1239 392 1384 427 prohibitas
1391 399 1451 419 esse
1461 392 1576 425 divitias,
1591 394 1611 419 si
1621 393 1681 427 quis
1693 394 1719 420 in
1733 393 1880 420 necessita-

1085 443 1138 465 tem
1157 438 1220 472 ip~is
1235 446 1298 465 usus
1320 437 1407 465 luerit.
1430 437 1504 465 Sicut
1523 438 1593 465 enim
1604 438 1669 470 dixi,
1684 446 1736 465 non
1752 439 1819 465 mala
1836 446 1880 466 res

1085 483 1185 515 vinum,
1202 483 1248 510 sed
1265 483 1332 509 mala
1354 483 1468 510 ebrietas
1484 491 1491 509 :
1507 483 1541 510 ita
1555 490 1607 510 non
1623 483 1690 510 mala
1706 491 1748 510 res
1761 484 1878 516 divititc,

1084 528 1131 554 sed
1155 529 1222 554 mala
1247 528 1367 560 avaritia,
1379 528 1446 554 mala
1472 527 1611 562 cupiditas.
1629 528 1707 555 Aliud
1729 535 1838 560 avarus,
1852 532 1879 555 et

1084 573 1154 600 aliud
1168 574 1242 600 dives
1254 582 1261 600 :
1276 581 1370 600 avarus
1384 581 1435 600 non
1447 579 1487 600 est
1501 573 1585 606 dives,
1597 582 1692 601 avarus
1706 574 1796 601 multis
1812 575 1880 601 indi-

1084 623 1138 653 get.
1153 619 1274 654 indigens
1288 625 1375 646 autem
1392 619 1481 646 multis
1495 627 1636 654 numquam
1648 620 1723 647 dives
1738 627 1798 647 esse
1815 627 1878 654 pos-

1084 665 1128 692 sit.
1155 666 1257 692 Avarus
1282 670 1372 692 custos
1394 669 1514 697 est,non
1538 665 1660 692 domitms
1684 665 1877 699 pecuniarum;

1085 719 1189 743 servus,
1202 718 1253 738 non
1265 718 1404 745 possessor
1413 720 1419 737 :
1428 711 1529 738 facilius
1542 711 1612 738 enim
1624 711 1701 738 alicui
1714 719 1746 738 ex
1762 713 1877 746 propriis

1084 756 1220 788 carnibus,
1234 764 1312 790 quam
1323 764 1356 782 ex
1371 756 1476 783 defosso
1489 763 1554 783 auro
1568 756 1787 784 communicaret.
1800 757 1880 784 Velut

1085 802 1157 828 enim
1170 801 1260 835 jussus
1274 801 1338 828 nihil
1349 801 1383 828 de
1407 801 1531 836 repositis
1546 805 1664 836 tangere,
1679 802 1717 829 sic
1729 810 1788 828 cum
1804 803 1876 829 omni

1084 847 1218 882 diligentia
1233 855 1264 874 ea
1278 851 1366 875 servat
1381 853 1408 874 et
1423 848 1533 880 detinet,
1549 855 1562 874 a
1577 848 1632 874 suis
1647 852 1770 882 tanquam
1783 848 1878 875 alienis

1085 892 1221 919 abstinens
1238 901 1244 918 :
1260 897 1286 919 ct
1299 897 1372 920 certe
1386 896 1447 919 sunt
1460 892 1556 919 aliena.
1572 892 1636 925 Quae
1655 893 1725 919 enim
1746 893 1805 920 aliis
1819 901 1878 920 ero-

1084 945 1147 972 gare
1168 945 1311 972 numquam
1335 942 1478 972 pateretur,
1499 946 1585 972 neque
1608 938 1634 965 in
1659 945 1759 973 egenos
1784 938 1878 965 distri-

1086 984 1177 1017 buere,
1190 985 1268 1011 etiam
1287 984 1308 1011 si
1329 984 1443 1012 inﬁnitas
1459 985 1601 1012 sustineret
1612 992 1704 1020 pcenas
1718 994 1724 1013 :
1743 986 1877 1021 quotnodo

1086 1029 1142 1056 ha-c
1165 1037 1225 1057 esse
1259 1030 1367 1064 propria
1389 1035 1483 1065 putare
1510 1030 1625 1065 posset?
1647 1031 1787 1065 Quomodo
1813 1039 1877 1059 vero

1084 1082 1177 1102 eorum
1205 1075 1285 1102 habet
1318 1077 1534 1110 possessionem,
1559 1084 1672 1111 quorum
1705 1084 1755 1104 nec
1788 1085 1876 1110 nsunt,

1085 1127 1134 1146 nec
1149 1119 1261 1147 fructum
1278 1127 1338 1147 cum
1360 1120 1482 1148 libertate
1496 1121 1596 1148 habet?
1611 1121 1650 1148 Ad
1665 1121 1722 1149 hinc
1737 1129 1801 1149 vero
1824 1130 1877 1150 non

1085 1167 1208 1193 omnibus
1235 1167 1322 1193 omnia
1339 1166 1436 1193 Paulus
1456 1167 1588 1201 imperare
1609 1168 1759 1200 consuevit,
1783 1168 1829 1195 sed
1851 1173 1878 1196 et

1083 1212 1248 1240 audientium
1262 1212 1435 1240 imbecillitati
1448 1220 1477 1240 se
1491 1218 1659 1247 attemperat,
1677 1214 1745 1241 sicut
1758 1219 1784 1241 et
1797 1214 1878 1241 Chii.

1084 1263 1140 1285 stus
1159 1258 1231 1286 fecit.
1251 1259 1356 1285 Etenim
1382 1259 1418 1286 illi
1443 1259 1516 1286 diviti
1538 1259 1570 1286 ad
1591 1267 1620 1287 se
1634 1260 1784 1293 accedenti,
1800 1265 1826 1287 et
1844 1260 1877 1287 de

1084 1305 1137 1331 vita
1163 1304 1298 1340 loquenti,
1327 1313 1378 1332 tton
1407 1305 1472 1332 dixit
1489 1305 1591 1337 :Vade,
1607 1305 1691 1333 vende
1711 1306 1800 1333 omnia
1819 1314 1877 1341 qua:

1085 1349 1183 1382 habes;
1200 1350 1247 1377 sed
1272 1350 1322 1377 hoc
1346 1351 1564 1385 prmtermittcns,
1577 1351 1611 1378 de
1625 1352 1683 1378 aliis
1700 1351 1786 1386 ipsum
1803 1360 1877 1378 nian-

1084 1395 1152 1422 datis
1166 1396 1280 1422 instruit.
1296 1395 1396 1423 Deinde
1415 1401 1551 1431 postquam
1568 1396 1611 1424 ille
1633 1397 1716 1431 ipsum
1738 1397 1874 1429 invitavit,

1086 1441 1207 1475 inquiens
1222 1450 1229 1468 ;
1244 1441 1311 1473 Quid
1326 1441 1408 1467 adhuc
1421 1442 1481 1468 nti/ti
1495 1441 1561 1468 deest
1573 1441 1676 1476 (Mttll/t.
1696 1441 1736 1469 l9.
1749 1441 1816 1478 9.0)?
1829 1450 1876 1470 ne-

1085 1495 1135 1521 que
1150 1492 1203 1513 tum
1218 1487 1375 1521 simpliciter
1389 1487 1474 1520 dixit,
1493 1487 1583 1514 Vende
1600 1488 1689 1514 omnia
1702 1497 1760 1523 qua:
1776 1488 1874 1522 habes;

1084 1532 1142 1564 sed,
1157 1531 1186 1560 Si
1203 1533 1238 1558 vis
1250 1534 1375 1567 perfectus
1389 1541 1451 1565 esse,
1467 1533 1543 1560 vende
1555 1541 1611 1568 qua:
1626 1533 1701 1560 habet
1715 1534 1767 1568 (Ib.
1779 1535 1875 1569 v.2i):

1086 1577 1136 1603 hoc
1149 1577 1175 1604 in
1192 1582 1237 1604 tuo
1252 1585 1321 1612 pono
1331 1578 1451 1611 arbitrio,
1467 1582 1492 1605 te
1506 1578 1643 1605 electionis
1656 1579 1792 1606 dominum
1809 1587 1873 1606 con-

1084 1623 1182 1656 sntuo,
1210 1631 1262 1649 non
1290 1623 1317 1650 in
1344 1624 1529 1650 necessitatem
1564 1624 1649 1651 traho.
1681 1624 1823 1660 Propterea
1850 1630 1877 1652 ct

1085 1668 1182 1695 Paulus
1195 1668 1259 1695 nihil
1273 1668 1306 1695 de
1320 1673 1474 1704 paupertate
1494 1669 1620 1697 divitibus
1642 1670 1814 1705 loquebatur.
1831 1671 1876 1698 sed

1085 1712 1118 1740 de
1132 1713 1290 1747 humilitate,
1301 1719 1355 1741 tum
1367 1719 1474 1749 propter
1484 1715 1647 1742 audientium
1660 1716 1875 1748 imbecillitatem,

1086 1764 1140 1786 tum
1162 1759 1222 1794 quia
1247 1760 1346 1794 optime
1372 1761 1482 1793 sciebat,
1493 1760 1516 1787 si
1538 1761 1659 1788 modeste
1682 1766 1801 1796 agerent,
1817 1766 1842 1788 et
1862 1770 1875 1788 a

1085 1805 1209 1840 superbia
1224 1805 1304 1833 alieni
1319 1811 1419 1838 essent,
1431 1806 1503 1834 brevi
1528 1805 1630 1833 futuros
1644 1814 1659 1834 a
1673 1807 1759 1834 studio
1772 1807 1876 1834 divitia-

1085 1859 1144 1878 rum
1157 1851 1264 1878 liberos.
1280 1851 1411 1879 Pratterea
1430 1859 1483 1879 non
1499 1852 1581 1879 altum
1610 1859 1704 1887 sapere
1719 1852 1875 1886 admonens,

1086 1898 1314 1933 etmodum,quo
1338 1906 1389 1925 non
1412 1898 1493 1925 altum
1518 1906 1612 1933 sapere
1634 1899 1746 1932 possint.
1769 1899 1877 1926 demon-

1086 1943 1189 1971 stravit.
1212 1943 1277 1976 Quis
1302 1951 1366 1970 vero
1384 1943 1426 1971 hic
1446 1944 1510 1971 est?
1525 1944 1552 1970 Si
1581 1944 1730 1971 divitiarum
1757 1949 1880 1972 naturain

1085 1989 1340 2022 animadverterent,
1356 1998 1434 2024 quam
1450 1991 1556 2017 incerta:
1570 1990 1623 2018 sint
1641 1995 1667 2017 ct
1680 1990 1767 2018 inﬁda:
1784 2000 1790 2018 :
1811 1999 1873 2026 qua-

1088 2040 1196 2070 propter
1217 2035 1314 2067 intulit,
1331 2035 1420 2071 Neque
1438 2045 1540 2071 sperare
1560 2037 1586 2063 in
1607 2038 1750 2064 divitiarum
1772 2038 1876 2064 incerta.

1089 2080 1166 2108 Dives
1178 2085 1228 2113 est,
1241 2089 1292 2108 non
1307 2082 1350 2116 qui
1367 2082 1448 2108 multa
1463 2082 1599 2116 possidet,
1612 2082 1658 2109 sed
1673 2082 1717 2117 qui
1730 2083 1812 2110 multa
1828 2083 1878 2110 lar-

1086 2126 1155 2160 gitur
1174 2125 1270 2153 :dives
1293 2131 1350 2152 erat
1371 2126 1520 2158 Abraham,
1546 2127 1592 2154 sed
1614 2135 1664 2154 non
1688 2135 1784 2155 atarus
1802 2137 1809 2155 ι
1825 2136 1876 2155 non

1086 2171 1156 2197 enim
1168 2170 1245 2205 hujus
1259 2171 1367 2198 domum
1381 2171 1582 2205 considerabat,
1600 2180 1648 2200 nec
1663 2173 1733 2199 illius
1752 2173 1876 2200 substan-

1088 2216 1149 2242 tiam
1165 2216 1270 2243 curiose
1288 2217 1470 2249 scrutabatur;
1487 2217 1533 2244 sed
1545 2217 1686 2252 egrediens
1702 2218 1874 2252 explorabat,

1088 2268 1150 2287 num
1161 2261 1257 2288 alicubi
1270 2260 1377 2296 hospes,
1394 2269 1456 2288 num
1471 2261 1569 2288 alicubi
1590 2269 1708 2296 pauper,
1724 2267 1752 2290 ut
1765 2270 1878 2298 pauper-

1088 2311 1169 2334 tatem
1184 2307 1336 2337 resarciret.
1354 2312 1381 2334 ut
1397 2308 1564 2342 peregrinum
1581 2308 1732 2343 exciperet:
1747 2316 1800 2336 non
1813 2317 1877 2337 auro

1089 2358 1186 2380 tectum
1199 2353 1294 2384 linivit,
1309 2352 1355 2380 sed
1371 2353 1439 2388 aptid
1455 2361 1582 2388 qnercutn
1597 2353 1666 2380 illam
1681 2354 1875 2382 hibernaculum

1089 2398 1183 2433 ﬁgens,
1199 2398 1319 2425 foliorum
1333 2398 1424 2425 umbra
1437 2403 1577 2426 contentus
1589 2404 1646 2426 erat
1659 2408 1666 2426 :
1682 2404 1709 2426 et
1723 2404 1775 2426 tam
1788 2401 1877 2434 splen-

1088 2445 1178 2471 didum
1207 2445 1258 2480 ipsi
1284 2449 1341 2471 erat
1361 2445 1550 2478 diversorium,
1565 2450 1593 2472 ut
1614 2453 1663 2472 nec
1680 2446 1787 2480 angelos
1809 2447 1876 2481 apud

1089 2492 1173 2526 ipsntn
1187 2500 1294 2519 manere
1310 2493 1437 2527 puderet;
1454 2501 1506 2521 non
1521 2495 1591 2522 enim
1605 2496 1761 2530 qua-rebaut
1782 2496 1876 2524 dotntts

1088 2538 1255 2572 Splendoretn
1268 2559 1276 2570 ,
1292 2539 1338 2565 sed
1351 2539 1431 2565 animi
1447 2540 1580 2568 virtutem.
1601 2541 1678 2568 llunc
1698 2546 1726 2568 et
1746 2549 1795 2568 nos
1818 2542 1876 2568 imi-

1089 2589 1185 2616 temur,
1193 2584 1359 2617 cbarissimi,
1371 2588 1397 2611 et
1406 2591 1467 2619 quae
1477 2585 1605 2612 habemus
1615 2606 1622 2619 ,
1639 2586 1664 2612 in
1681 2594 1812 2624 pauperes
1827 2587 1876 2613 im-

1089 2629 1244 2663 pendamus.
1261 2629 1329 2656 Rudi
1350 2629 1429 2657 modo
1454 2635 1572 2665 paratum
1590 2635 1648 2658 erat
1662 2632 1697 2659 ibi
1719 2632 1877 2660 tabernacu-

1088 2674 1154 2704 lum.
1170 2675 1217 2702 sed
1232 2675 1311 2710 regiis
1327 2675 1395 2702 aulis
1407 2676 1572 2710 splendidius
1583 2676 1640 2705 fuit.

1126 2719 1310 2755 Ilospitalitatis
1323 2720 1408 2748 (auset
1416 2722 1547 2756 prwinium
1559 2722 1688 2750 —Nullus
1701 2731 1815 2758 unquam
1832 2732 1875 2751 reti

1088 2766 1197 2800 angelos
1215 2767 1329 2800 suscepit
1344 2775 1350 2793 :
1367 2766 1410 2793 hic
1431 2775 1494 2794 vero
1508 2767 1558 2794 sub
1581 2775 1679 2802 quercu
1698 2768 1796 2797 sedens
1815 2770 1875 2801 illa,

1089 2811 1237 2845 cellamque
1248 2811 1339 2845 ﬁgens,
1350 2811 1401 2839 hnc
1415 2812 1513 2839 honore
1527 2812 1622 2847 dignus
1635 2813 1740 2840 habitus
1752 2818 1792 2841 est
1802 2835 1810 2847 ,
1826 2822 1875 2842 non

1091 2860 1200 2891 propter
1211 2856 1304 2883 domus
1315 2857 1440 2885 vilitatem
1456 2857 1609 2892 honoratus,
1621 2859 1666 2886 scd
1681 2865 1789 2895 propter
1797 2860 1874 2889 anitni
