1984 3110
116 165 142 193 ιι
576 164 621 192 AD
642 163 801 192 POPUHJM
818 162 1064 193 ANTIOCIIENUM
1098 164 1210 193 llOMiL.
1231 165 1263 193 ll.
1706 146 1749 197 742

116 225 226 249 ornatum
241 224 267 248 et
281 220 395 249 divitias
409 222 435 249 in
450 222 506 257 ipso
522 223 650 256 repositas
665 221 714 249 hoc
729 229 839 249 tnunere
851 228 900 256 po-

118 269 180 293 titus.
195 266 225 293 Et
239 273 290 293 nos
305 266 391 301 igitur
411 274 445 295 ne
467 267 560 294 domos
583 274 709 295 ornemus
721 288 728 300 ,
744 268 790 294 sed
815 267 904 302 potius

116 321 184 347 quam
198 312 306 339 domum
323 313 444 340 animant
463 317 590 340 nostram.
607 313 746 347 Quomodo
760 314 830 341 enim
851 321 903 339 non

117 363 197 393 turpe,
212 357 398 385 marmoribus
413 359 528 392 parietes
541 358 638 386 {rustra
658 363 686 386 et
700 363 800 386 temere
812 364 904 385 eonte-

115 410 179 437 gere,
191 402 326 429 Christum
340 410 408 430 vero
421 403 519 430 nndttm
533 403 740 431 circumeuntem
753 403 904 438 negligere?

116 456 165 483 qua:
179 448 221 475 tibi
236 448 335 476 domus
349 450 461 481 utilitas,
477 449 576 477 homo?
590 450 717 485 numquid
733 451 803 477 enim
820 450 903 485 ipsam

117 499 192 520 tecum
204 493 306 521 ducens
323 494 434 523 abibis?
446 495 503 522 Non
522 495 589 522 hanc
604 501 689 523 tecum
707 496 794 523 l'erens
808 496 902 529 abibis,

117 541 220 567 animam
229 547 293 567 vero
309 541 424 569 omnino
440 541 525 569 ferens
537 542 673 576 migrabis.
687 542 756 569 Ecce
769 550 838 569 nunc
853 543 904 570 tale

117 593 159 612 nos
169 586 270 619 excepit
290 587 442 621 periculum
457 596 464 615 :
480 588 606 615 assistant
627 589 703 615 nobis
720 589 816 615 donius
827 609 835 622 ,
848 589 904 616 sol-

117 635 172 658 rant
185 631 332 666 periculum
356 632 434 660 nobis
449 633 608 666 imminens;
625 634 672 661 sed
694 643 746 661 non
769 639 902 669 poterunt.

117 676 164 704 Vos
176 677 223 711 ipsi
234 677 298 704 mihi
315 683 399 706 testes
417 680 497 711 estis,
513 679 633 707 desertas
649 688 694 708 eas
716 681 904 716 derelinquen-

119 728 166 755 tes,
179 728 204 750 et
218 722 249 749 ad
264 723 442 752 solitudinem
460 726 628 759 exsilientes,
643 731 775 761 tamquam
795 727 904 761 laqueos

119 773 141 795 et
158 768 218 795 retia
239 776 285 795 eas
299 769 437 798 timentes.
453 771 622 805 Opitulentur
644 779 713 799 nunc
726 772 841 804 divitixc;
857 772 904 799 sed

119 813 333 848 opportunitatem
350 823 403 842 non
416 815 525 844 habent.
536 816 612 850 Quod
626 817 648 844 si
660 817 702 844 ubi
719 816 832 844 hominis
846 818 884 844 ira
895 838 903 850 ,

119 860 277 894 pecuniarum
295 861 339 888 vis
361 866 503 896 superatur
514 883 522 894 ,
533 863 617 889 multo
631 862 714 897 magis
734 863 760 889 in
775 863 864 890 divino
879 867 906 890 et.

120 905 265 940 implacabili
282 906 388 940 judicio
408 908 459 934 hoc
477 908 529 935 liet.
543 908 572 936 Si
587 908 667 935 homo
681 913 722 935 est
736 909 779 943 qui
794 915 903 936 exacer-

120 951 200 981 hatur,
214 956 239 978 et
256 959 328 986 :rgre
346 952 413 985 l‘ert,
429 957 455 980 et
469 953 533 981 nihil
546 954 622 981 nobis
642 962 712 982 nunc
728 962 821 982 aurum
841 962 905 990 pro-

120 996 170 1023 dest
185 1005 191 1023 τ
204 997 288 1024 multo
306 999 394 1033 magis
416 999 546 1027 irascente
563 1000 617 1027 Deo
628 1020 635 1032 ,
650 1000 696 1035 qui
716 1001 833 1035 pecuniis
852 1008 905 1028 non

122 1042 218 1077 indiget,
232 1043 290 1070 auri
304 1044 425 1078 potentia
447 1045 551 1080 penitus
564 1051 715 1073 evanescet.
731 1046 827 1073 Domos
840 1046 904 1073 :cdi~

121 1086 218 1114 ﬂeamus
229 1106 236 1119 ,
253 1093 282 1115 ut
302 1088 457 1116 habitetnus
469 1110 475 1122 ,
499 1098 551 1117 non
569 1095 597 1118 ut
618 1091 813 1126 superbiamtts.
827 1091 904 1125 Quod

122 1133 296 1161 necessitatem
314 1135 438 1168 excedit,
453 1136 616 1170 superﬂuum
635 1141 675 1163 est
687 1142 714 1164 et
728 1137 825 1164 inutile.
844 1137 905 1164 ροι-

120 1186 188 1206 eeare
204 1180 322 1207 calceum
337 1182 408 1215 pede
423 1182 566 1216 majorem,
581 1183 628 1210 sed
646 1190 698 1210 non
721 1183 865 1215 tolerabis;
881 1188 907 1211 te

120 1223 182 1250 enim
196 1223 226 1251 ad
245 1232 371 1259 gressum
387 1226 517 1261 impedit:
533 1228 571 1255 sic
591 1231 619 1255 et
640 1228 735 1255 domus
751 1228 907 1256 necessitate

122 1269 211 1302 imjor.
226 1270 253 1296 in
276 1271 362 1298 melos
382 1271 520 1298 transitum
546 1272 666 1307 impedit.
679 1273 726 1300 Vis
746 1280 855 1308 magnas
881 1278 908 1300 et

121 1313 262 1348 splendidas
277 1314 376 1342 domos
390 1316 541 1344 aediﬁcare?
555 1325 608 1344 non
629 1317 770 1352 prohibeo,
786 1317 833 1345 sed
854 1322 907 1345 non

121 1366 194 1394 super
214 1363 312 1388 terram
329 1370 337 1388 :
352 1361 456 1389 :cdilica
481 1362 649 1390 tabernacula
670 1363 697 1390 in
715 1363 789 1391 cmlis
801 1383 808 1395 ,
832 1367 859 1390 ut
881 1367 908 1390 et

121 1404 181 1432 alios
192 1406 313 1441 excipere
328 1407 427 1442 possis,
439 1407 606 1435 tabernacula
622 1415 766 1443 numquam
780 1407 907 1435 deﬁciens

123 1450 162 1476 tia.
174 1451 239 1483 Quid
261 1452 367 1479 insanis
386 1453 456 1480 circa
478 1453 604 1488 fugientia
616 1473 624 1487 ,
639 1457 666 1482 et
686 1454 730 1481 hic
751 1453 908 1481 manentia?

122 1495 183 1523 Nihil
193 1496 289 1525 divitiis
303 1498 443 1526 fallacius:
456 1499 535 1527 hodie
550 1504 646 1531 tecum,
656 1503 683 1527 et
696 1507 756 1527 cras
765 1504 856 1527 contra
871 1503 907 1531 te,

123 1541 261 1570 invidorum
299 1543 396 1571 oculos
427 1549 532 1571 armant
559 1544 676 1580 undique
696 1553 704 1571 :
727 1545 818 1572 hostes
847 1549 910 1572 sunt

122 1588 319 1616 contubernales
329 1610 336 1620 ,
354 1589 452 1617 inimici
466 1590 605 1617 domestici
621 1599 628 1617 :
642 1594 669 1617 et
682 1598 729 1617 vos
743 1590 909 1625 possidentes

124 1638 211 1666 testes,
225 1635 270 1669 qui
284 1636 361 1662 omni
376 1635 456 1662 modo
469 1636 540 1670 ipsas
555 1636 672 1663 iul'oditis
685 1640 713 1664 et
727 1636 907 1664 absconditis:

123 1680 236 1713 quoniam
251 1686 277 1708 rt
300 1689 372 1708 nunc
386 1682 462 1708 nobis
479 1682 624 1716 periculum
639 1682 830 1709 intolerabilius
840 1682 906 1709 divi-

125 1725 163 1751 tia:
179 1725 283 1753 iaciunt.
302 1726 368 1754 Nam
386 1728 475 1755 cernis
490 1735 619 1762 pauperes
636 1728 742 1762 quidem
760 1728 909 1756 succinctos

126 1773 149 1796 et
160 1771 293 1804 expeditos
310 1772 342 1798 ad
354 1773 442 1799 omnia
453 1778 575 1806 paratos;
588 1772 685 1800 divites
698 1777 785 1800 autem
799 1773 909 1800 multam

127 1815 241 1844 habentes
253 1816 451 1850 diﬂicultatem,
467 1822 494 1845 et
503 1818 709 1850 circumeuntes,
721 1822 748 1845 et
760 1823 910 1853 quatreutes

126 1860 164 1887 ubi
176 1869 263 1888 aurum
275 1862 419 1895 inlodiant,
430 1867 580 1897 quarrentes
592 1863 661 1897 apud
674 1870 752 1898 quem
766 1863 909 1898 deponant.

127 1906 186 1938 Quid
199 1907 308 1941 qu:cris,
324 1907 415 1939 homo,
430 1907 593 1934 conservos?
605 1907 726 1935 Christus
737 1912 787 1935 stat
801 1908 834 1935 ad
849 1915 910 1935 sus-

128 1952 264 1986 cipiendum
280 1957 402 1988 paratus,
421 1958 448 1980 et
467 1953 499 1980 ad
514 1953 633 1988 deposita
646 1953 692 1980 tibi
707 1953 847 1986 servanda,
861 1961 911 1981 nec

129 2001 218 2026 tantum
241 1999 390 2032 servanda,
407 1999 454 2026 sed
472 1999 551 2026 etiam
574 1999 788 2034 multiplicanda,
802 2004 829 2027 et
849 2007 910 2027 cum

129 2045 202 2071 multo
216 2045 320 2072 rumore
340 2045 474 2072 reddenda
489 2053 495 2071 :
511 2053 544 2072 ex
558 2045 628 2073 illius
641 2053 719 2072 tnanu
731 2053 808 2072 nemo
822 2045 909 2080 eripit.

128 2088 178 2116 Non
196 2093 282 2117 servat
303 2095 392 2118 autem
409 2095 510 2117 tantum
524 2090 644 2125 deposita
654 2110 661 2124 ,
676 2091 723 2118 sed
737 2091 818 2118 etiam
832 2098 912 2125 super

130 2134 172 2166 iis,
189 2143 313 2163 securum
336 2135 513 2171 depositorem
533 2136 605 2163 facit.
626 2136 653 2162 In
669 2135 820 2163 hominibus
840 2136 911 2163 enim

130 2181 167 2215 qui
186 2181 305 2217 deposita
325 2181 489 2216 suscipiunt,
506 2182 617 2217 gratiam
637 2189 666 2209 se
684 2183 762 2209 nobis
785 2187 912 2217 praestare

131 2231 221 2259 putant,
233 2228 255 2254 si
269 2227 421 2254 custodiant
434 2235 493 2262 qua:
504 2232 691 2261 susceperunt;
707 2227 732 2254 in
748 2226 853 2255 Christo
866 2235 913 2254 au-

132 2275 176 2298 tem
188 2273 349 2298 contrarium
363 2281 371 2299 :
385 2279 437 2299 nou
453 2273 522 2300 enim
535 2273 646 2307 gratiam
658 2273 820 2307 prmstitisse,
830 2281 859 2300 se
869 2280 913 2300 ac-

131 2317 223 2349 cepisse
237 2324 270 2344 se
292 2317 375 2350 dicit,
386 2324 447 2344 cum
460 2317 579 2351 deposita
597 2318 742 2352 susceperit
755 2322 814 2345 tua:
826 2323 853 2345 et
866 2326 913 2352 pro

132 2359 179 2393 ipsi
196 2362 327 2394 custodia,
342 2369 421 2397 quam
432 2363 500 2389 circa
517 2362 641 2396 pecunias
656 2367 712 2389 tttas
727 2361 845 2395 exhibet,
858 2370 911 2390 non

132 2413 144 2431 a
164 2412 186 2434 te
203 2408 354 2435 mercedem
369 2408 482 2442 repetit,
494 2408 541 2436 sed
556 2409 613 2443 ipse
625 2408 673 2435 tibi
691 2408 738 2435 dat
751 2409 910 2436 mercedem.

163 2452 186 2478 6.
202 2452 375 2488 Ειειηιωνηιε
384 2455 489 2489 fructm.
503 2468 539 2473 —
550 2453 606 2487 Qua
629 2453 707 2488 igitur
726 2461 817 2481 smnus
834 2461 914 2481 exeu-

133 2497 224 2526 satione
236 2499 311 2534 digni
323 2519 331 2531 ,
346 2506 397 2533 qua
413 2500 498 2531 venia,
513 2499 619 2534 quando
633 2503 660 2526 et
673 2499 807 2527 custodire
820 2499 914 2527 valen-

135 2546 193 2575 tem,
207 2550 231 2571 et
251 2552 299 2580 pro
311 2545 430 2572 custodia
445 2545 542 2580 gratias
559 2545 717 2579 habentem,
732 2550 758 2573 et
778 2553 874 2573 arcana
887 2549 914 2573 et

135 2595 216 2623 magna
231 2590 339 2624 praemia
354 2598 403 2625 pro
425 2590 475 2618 hac
494 2590 614 2618 custodia
634 2591 788 2618 reddentem
803 2596 914 2626 praeter-

135 2633 259 2661 mittentes
269 2655 276 2666 ,
293 2634 446 2662 hominibus
457 2635 527 2663 circa
539 2635 691 2670 huiusmodi
705 2636 851 2664 custodiam
866 2636 914 2664 de-

136 2679 235 2714 bilibus,
247 2686 273 2708 et.
296 2681 409 2716 gratiam
423 2681 500 2709 nobis
511 2682 632 2710 conferre
651 2690 681 2710 se
700 2682 849 2717 putantibus
860 2703 868 2715 ,
888 2687 915 2710 et

135 2725 182 2752 sola
197 2727 250 2761 ipsa
263 2735 323 2762 qua:
337 2726 437 2754 dantur
449 2732 539 2761 postea
554 2727 739 2760 reddentibus,
756 2731 846 2755 nostra
859 2732 914 2754 tra-

136 2769 230 2798 dimus?
243 2772 348 2806 Hospes
370 2780 401 2800 es
422 2773 464 2800 hic
479 2777 506 2800 et
524 2772 698 2808 peregrinus?
709 2774 818 2808 patriam
834 2772 915 2800 habes

137 2813 158 2840 in
180 2817 267 2844 ctelis:
284 2818 347 2844 illuc
370 2818 459 2845 omnia
487 2819 652 2851 transmitte,
669 2823 699 2846 ut
721 2823 749 2846 et
773 2823 914 2853 antequam

138 2859 233 2892 lunaris.
249 2864 293 2890 hic
311 2864 512 2891 retributionem
524 2864 623 2894 canias.
639 2865 688 2898 Qui
701 2865 770 2893 cnitn
781 2865 849 2892 bona
865 2871 912 2899 spe

278 2912 418 2941 Prrooe.
440 2911 496 2939 Gn.
521 2909 632 2941 XLIX.

958 220 1051 252 alitur,
1069 225 1094 247 et
1110 220 1142 247 de
1156 221 1251 249 futuris
1266 221 1391 257 conlidit,
1406 223 1448 253 hic
1458 224 1513 260 jam
1533 233 1644 261 regnum
1655 233 1748 263 gustu-

956 267 1002 292 vit.
1019 265 1089 293 Nihil
1106 268 1176 294 enim
1204 273 1305 295 tantum
1320 273 1434 297 animant
1454 278 1578 306 reparare
1598 275 1748 306 consuevit,

956 316 983 338 et
995 312 1131 340 meliorem
1146 313 1242 346 facere,
1255 322 1334 349 quam
1348 315 1416 342 bona
1430 312 1577 345 futurorum
1591 325 1664 353 spes,
1679 319 1700 346 si
1716 326 1749 346 eo

958 358 1138 385 transmittens
1148 359 1252 386 divitias
1265 361 1360 387 animae
1381 366 1432 389 tua:
1446 370 1536 390 curam
1548 371 1608 392 cum
1621 366 1676 392 otio
1688 373 1749 393 con-

956 403 1060 436 gruenti
1075 404 1170 438 egeris.
1185 403 1250 431 Nam
1264 406 1307 440 qui
1322 406 1437 434 studium
1453 416 1532 436 omne
1547 409 1572 436 itt
1584 410 1678 438 domus
1694 419 1749 438 sua:

957 453 1078 476 oniatum
1099 450 1263 485 impendunt,
1276 452 1302 479 in
1313 454 1488 482 exterioribus
1502 455 1608 489 divites,
1624 457 1749 485 interiora

958 494 1108 528 negligant,
1125 503 1155 523 ac
1169 496 1299 524 desertam
1312 519 1318 530 ,
1340 499 1504 533 squalentem
1528 505 1556 527 et
1569 503 1675 529 araneis
1692 503 1749 537 ple-

959 547 1018 565 nam
1033 540 1149 567 auiuiam
1166 548 1239 568 suam
1253 541 1401 578 despiciunt
1415 552 1421 570 :
1436 544 1459 571 si
1476 553 1540 572 vero
1551 547 1686 574 exteriora
1701 556 1748 575 ne-

957 585 1087 618 gligentes
1100 586 1169 613 circa
1185 591 1301 615 mentem
1319 596 1394 615 suam
1412 597 1493 617 omne
1512 591 1628 618 studitttn
1644 592 1747 627 impen‘

957 629 1054 663 derint,
1067 630 1182 666 undique
1193 633 1276 667 ipsam
1286 640 1422 668 ornantes,
1435 636 1632 664 tabernaculum
1644 637 1750 666 Christo

958 677 1009 702 erit
1029 676 1119 704 talium
1143 678 1278 706 hominum
1301 680 1411 708 anima:
1429 681 1561 709 Christum
1586 688 1675 710 alitem
1700 684 1744 712 ha-

957 722 1036 749 bente
1051 722 1262 757 iuhabitatorem,
1280 726 1341 761 quid
1354 734 1479 761 umquam
1498 727 1602 756 felicius
1617 736 1676 756 esse
1690 738 1746 764 pos-

957 767 1021 793 set?
1035 767 1079 795 Vis
1101 768 1201 795 ditari?
1214 770 1328 796 amicum
1349 771 1445 799 habeas
1468 772 1549 800 Deum
1561 794 1569 806 ,
1583 778 1610 801 et
1631 776 1748 802 omnium

957 811 1103 840 ditissimus
1123 814 1185 841 eris.
1201 814 1245 842 Vis
1258 815 1355 843 ditari?
1366 824 1399 844 ne
1413 817 1494 844 altum
1513 819 1610 853 sapias.
1627 819 1683 846 lloc
1697 829 1748 847 non

957 857 991 884 ad
1012 857 1098 885 futura
1113 863 1224 892 tantum,
1240 860 1286 888 sed
1298 861 1377 888 etiatu
1394 861 1428 889 ad
1438 863 1578 897 prznsentia
1592 864 1665 891 utile.
1679 864 1749 892 Nihil

958 903 1028 929 enim
1051 907 1103 930 tam
1124 904 1281 932 invidiosum
1292 927 1299 939 ,
1311 914 1389 941 quain
1404 907 1484 935 homo
1504 907 1578 936 dives
1593 917 1600 935 :
1615 917 1674 937 cum
1685 918 1751 937 vero

934 962 937 964 -
958 949 1081 983 superbia
1094 951 1252 984 accesserit,
1267 951 1362 986 duplex
1377 958 1484 987 paratur
1497 955 1682 990 praecipitium,
1696 956 1749 983 dil-

959 993 1052 1021 licilius
1072 995 1105 1022 ab
1118 997 1240 1024 omnibus
1261 998 1370 1025 bellum.
1387 999 1415 1026 Si
1439 1007 1502 1026 vero
1525 1001 1645 1029 modeste
1661 1002 1750 1030 vivere

958 1039 1068 1073 scieris,
1082 1041 1195 1069 succidis
1221 1042 1368 1071 humilitate
1392 1044 1498 1073 invidia:
1518 1047 1682 1081 tyrannidem
1695 1069 1702 1081 ,
1723 1053 1749 1077 et

958 1092 1019 1112 cum
1033 1087 1174 1114 securitate
1195 1087 1277 1115 habes
1295 1095 1468 1124 quaecumque
1487 1090 1578 1120 habes.
1591 1092 1665 1122 Talis
1679 1093 1748 1121 cuitu

959 1135 1001 1159 est
1011 1132 1115 1159 virtutis
1130 1138 1232 1166 natura,
1243 1142 1294 1162 non
1310 1135 1342 1162 ad
1355 1135 1441 1163 futura
1456 1143 1506 1164 nns
1520 1141 1619 1164 tantum
1632 1138 1748 1173 adjuvat,

959 1177 1005 1204 sed
1021 1182 1046 1204 et
1061 1178 1166 1213 hicjam
1181 1179 1368 1208 retributiones
1381 1182 1490 1215 priebet.
1503 1182 1541 1209 Ne
1552 1182 1630 1217 igitur
1642 1184 1666 1210 in
1683 1184 1751 1211 divi-

960 1222 1003 1249 tiis
1015 1222 1097 1250 altum
1119 1224 1267 1258 sapiamus,
1284 1225 1330 1252 sed
1347 1233 1396 1253 nec
1411 1226 1437 1253 in
1452 1227 1504 1254 ulla
1523 1228 1573 1254 alia
1587 1236 1626 1255 re.
1640 1228 1667 1256 Si
1679 1230 1749 1256 enitn

961 1268 986 1294 iti
1000 1268 1181 1303 spiritualibus
1195 1270 1275 1297 altum
1296 1272 1401 1306 sapiens
1419 1272 1515 1299 labitur
1527 1278 1554 1300 et
1567 1274 1649 1308 perit,
1668 1276 1751 1302 multo

960 1314 1044 1348 magis
1053 1314 1078 1341 in
1089 1315 1406 1350 carnalibus.(‘.ogitemus
1416 1322 1537 1345 naturam
1550 1324 1678 1353 nostram,
1688 1327 1735 1355 pec
1743 1336 1752 1342 -

960 1363 1019 1386 cata
1032 1366 1216 1387 recenseamus
1227 1381 1235 1394 ,
1253 1361 1385 1389 discamus
1399 1363 1443 1397 qui
1458 1363 1539 1390 simus
1549 1385 1555 1395 ,
1572 1368 1599 1391 et
1611 1363 1661 1392 hoc
1675 1366 1752 1392 nobis

960 1403 994 1430 ad
1006 1404 1092 1431 omnis
1101 1405 1256 1433 humilitatis
1269 1408 1404 1434 materiam
1419 1408 1524 1436 sul‘licit.
1537 1408 1574 1437 Ne
1583 1409 1655 1437 dicas
1667 1411 1730 1438 mihi
1743 1421 1750 1438 :

962 1448 1012 1476 Tot
1021 1454 1048 1476 et
1056 1453 1094 1477 tot
1103 1457 1231 1478 annorum
1241 1457 1385 1486 proventus
1397 1453 1528 1487 repositos
1538 1454 1633 1487 habeo,
1643 1456 1700 1482 auri
1711 1461 1752 1483 ta-

962 1493 1033 1521 lenta
1044 1495 1192 1529 innumera,
1203 1496 1274 1524 lucra
1288 1504 1335 1531 per
1347 1497 1463 1532 singulos
1475 1498 1586 1527 adaucta
1594 1499 1660 1528 dies.

997 1537 1100 1566 Divitiw
1122 1548 1199 1575 quam
1225 1542 1312 1576 fluxw.
1329 1557 1365 1563 —
1386 1542 1604 1579 Quantactunque
1633 1544 1752 1579 dixeris,

962 1585 1051 1612 omnia
1069 1589 1169 1613 tcntere
1191 1586 1263 1614 dices
1283 1592 1309 1614 et
1328 1587 1479 1615 incassum:
1496 1597 1567 1624 stupe
1581 1597 1631 1616 una
1645 1589 1710 1617 hora
1725 1595 1753 1618 et

962 1628 1036 1656 brevi
1057 1630 1184 1665 temporis
1208 1636 1361 1664 momento,
1383 1633 1454 1660 velut
1470 1638 1549 1660 vento
1575 1641 1689 1669 superne
1715 1635 1753 1662 ir-

962 1679 1056 1701 ruente
1080 1674 1211 1709 jactabilis
1237 1676 1338 1711 pulvis,
1364 1677 1403 1704 sic
1424 1677 1481 1705 haec
1503 1679 1591 1705 omnia
1615 1687 1648 1707 ex
1672 1679 1752 1706 domo

962 1719 1145 1748 exsufflantur.
1158 1721 1190 1748 Et
1205 1721 1299 1749 horum
1315 1722 1390 1750 nobis
1400 1724 1581 1758 exemplorum
1596 1724 1648 1752 vita
1664 1725 1750 1760 plena,

962 1766 1048 1800 plena:
1070 1774 1135 1794 vero
1150 1767 1294 1802 Scriptura:
1308 1767 1525 1797 documentorum
1539 1779 1545 1796 :
1560 1769 1639 1798 hodie
1661 1771 1734 1798 dives
1744 1793 1751 1804 ,

963 1819 1022 1839 cras
1039 1820 1149 1847 pauper.
1166 1812 1266 1841 idcirco
1289 1814 1386 1848 smpius
1410 1815 1457 1842 risi
1480 1819 1637 1843 testatncnta
1663 1817 1753 1851 legens

963 1857 1077 1885 dicentia
1091 1867 1098 1885 :
1114 1857 1160 1885 Ille
1172 1859 1278 1893 quidem
1296 1859 1391 1887 habeat
1404 1867 1527 1895 agrorum
1541 1861 1582 1888 vel
1597 1861 1692 1889 domus
1705 1861 1753 1889 do-

963 1904 1085 1937 minium,
1102 1911 1177 1931 usutn
1193 1912 1255 1932 vero
1269 1904 1355 1932 alius:
1371 1912 1465 1933 omnes
1485 1906 1556 1933 enim
1576 1914 1653 1933 usum
1668 1907 1752 1934 habes

963 1957 1023 1977 mus
1036 1971 1043 1982 ,
1059 1950 1204 1978 dominium
1228 1956 1317 1979 autem
1340 1960 1427 1980 nemo.
1444 1952 1500 1980 Etsi
1515 1953 1585 1980 enim
1608 1953 1685 1980 nobis
1705 1961 1753 1989 per

964 2004 1070 2024 onmem
1093 2001 1266 2032 permaneant
1287 1998 1367 2025 vitam
1393 1998 1492 2025 nullam
1516 1997 1643 2026 facientes
1656 1999 1754 2026 divitia:

965 2043 1147 2075 mutationent,
1161 2042 1275 2070 velimus
1287 2043 1400 2070 nolimus
1412 2063 1419 2075 ,
1433 2043 1459 2070 in
1475 2043 1527 2070 line
1541 2043 1599 2070 aliis
1617 2044 1752 2076 cedemus,

964 2088 1080 2122 ipsarum
1095 2095 1144 2114 usu
1159 2088 1216 2115 solo
1231 2093 1348 2123 recepto,
1364 2088 1481 2116 dominio
1494 2093 1581 2115 autetn
1596 2088 1659 2116 nudi
1673 2093 1699 2116 et
1714 2096 1754 2115 or-

964 2132 1019 2160 bati
1034 2133 1066 2160 ad
1081 2133 1152 2160 illam
1166 2133 1246 2160 vitatu
1263 2134 1415 2168 migrantes.
1428 2133 1504 2161 Unde
1517 2133 1685 2161 manifestum
1696 2139 1753 2166 est,

965 2178 1025 2206 illos
1039 2179 1110 2206 solos
1128 2178 1273 2206 dominium
1297 2179 1412 2212 habere,
1427 2179 1472 2214 qui
1495 2183 1522 2206 et
1545 2179 1661 2213 ipsarutn
1677 2188 1753 2208 usum

965 2229 1182 2260 contempserunt
1193 2246 1200 2258 ,
1216 2229 1243 2253 et
1263 2224 1376 2253 fructum
1391 2225 1550 2253 deriserunt.
1563 2225 1612 2259 Qui
1627 2226 1697 2254 enim
1713 2226 1753 2254 l‘a-

965 2271 1105 2298 cultatibus
1125 2271 1348 2305 abjectisuipsas
1369 2271 1528 2307 pauperibus
1550 2276 1659 2307 erogat,
1676 2277 1754 2307 prout

966 2317 1105 2352 oportebat
1121 2317 1287 2344 facunatibus
1301 2324 1366 2344 usus
1379 2320 1471 2350 est,'e‘t
1481 2317 1596 2352 ipsorqu
1608 2317 1753 2345 dominium

967 2363 1067 2390 habens
1082 2363 1161 2395 obiit,
1176 2369 1260 2397 neque
1275 2362 1301 2388 iu
1317 2361 1372 2396 ipsa
1388 2365 1473 2388 tnorte
1494 2361 1537 2388 illa
1551 2361 1675 2389 excidens
1690 2369 1752 2397 pos-

966 2409 1096 2439 sessione,
1112 2407 1158 2435 sed
1172 2408 1259 2434 omnia
1281 2407 1326 2434 illo
1348 2407 1480 2442 recipiens
1502 2412 1637 2442 tetnpore,
1653 2411 1681 2435 et
1703 2408 1755 2435 illis

967 2454 1050 2481 multo
1063 2454 1136 2488 plura
1146 2474 1154 2487 ,
1168 2452 1273 2488 quando
1294 2453 1320 2480 in
1342 2452 1386 2480 die
1402 2453 1495 2487 judicii
1511 2453 1614 2480 illorum
1632 2453 1756 2487 przesidio

967 2499 1082 2527 maxime
1096 2499 1193 2534 egebit,
1209 2503 1236 2525 et
1246 2498 1352 2533 quando
1365 2505 1379 2525 a
1396 2497 1473 2525 nobis
1488 2498 1610 2525 omnibus
1624 2498 1754 2526 factorum

967 2545 1084 2572 rationes
1103 2548 1265 2579 repetentur.
1282 2542 1372 2578 itaque
1386 2543 1409 2570 si
1424 2543 1483 2578 quis
1498 2542 1555 2570 vult
1567 2543 1717 2571 divitiarum
1729 2547 1756 2570 et

967 2589 1163 2625 possessionetn
1179 2593 1204 2616 et
1219 2596 1296 2615 usum
1310 2594 1336 2616 et
1349 2588 1495 2616 dominium
1510 2588 1618 2621 habere,
1633 2587 1756 2615 omnibus

968 2635 1136 2663 facultatibus
1158 2635 1213 2662 suis
1235 2642 1265 2662 se
1287 2634 1410 2670 expediat
1425 2643 1432 2662 :
1445 2634 1571 2669 quoniam
1595 2633 1646 2661 hoc
1660 2634 1682 2661 si
1701 2641 1755 2660 non

968 2681 1060 2713 faciat,
1075 2681 1102 2708 in
1117 2685 1202 2708 morte
1215 2680 1249 2707 ab
1262 2680 1326 2715 ipsis
1340 2680 1448 2707 omnino
1461 2679 1625 2714 separabitur
1639 2688 1647 2706 :
1660 2679 1755 2706 multo-

969 2727 1019 2755 ties
1041 2733 1104 2755 vero
1128 2731 1155 2753 et
1177 2730 1238 2753 ante
1267 2727 1346 2753 linem
1371 2733 1431 2753 cum
1455 2725 1578 2760 periculis
1598 2729 1625 2752 et
1647 2724 1754 2752 inﬁnitis

968 2773 1046 2801 malis
1059 2773 1129 2807 ipsas
1147 2772 1252 2799 amittit.
1269 2771 1323 2799 Nec
1335 2771 1386 2799 hoc
1398 2772 1483 2799 solum
1504 2770 1599 2798 malum
1613 2774 1652 2798 est
1662 2791 1671 2803 ,
1685 2770 1753 2805 quod

970 2818 1080 2845 mutatio
1094 2818 1121 2845 lit
1134 2821 1245 2852 repente
1258 2817 1389 2850 universa,
1405 2816 1451 2844 sed
1467 2815 1537 2851 qttod
1551 2815 1748 2850 imprzemedita-
1783 2820 1788 2825 ‘

971 2867 1013 2890 tus
1032 2863 1064 2889 ad
1087 2863 1247 2898 paupertatis
1262 2862 1427 2890 tolerantiam
1447 2862 1520 2889 dives
1536 2860 1682 2888 deducitur.
1703 2859 1752 2888 Sed
