1984 3110
214 127 248 155 ιδ
569 122 597 151 S.
618 120 757 150 .‘OANNIS
776 119 1011 149 CIIRYSOSTOMI
1031 118 1193 148 ARCHIEP.
1212 118 1480 148 CONSTANTINOP.
1824 121 1855 147 δι

212 192 263 212 ηυιι
280 181 339 210 talis
351 187 452 216 pauper
464 188 470 207 :
482 185 535 206 non
550 178 620 206 enim
634 185 700 206 auro
715 177 824 205 confidit
837 181 863 204 et
878 181 1005 212 argento,

213 226 365 255 inanimatis
380 224 509 257 materiis,
520 222 567 251 sed
578 223 633 250 Deo
645 223 733 250 omnia
746 223 854 257 copiose
868 220 1006 256 praebenti.

212 274 302 309 Itaque
321 272 397 300 dives
410 270 495 306 magis
511 270 538 297 in
553 270 655 297 incerto
667 276 746 304 quam
765 275 865 303 pauper
877 267 1008 296 constitu-

212 325 254 347 tns
266 322 323 351 est,
344 324 404 345 eum
423 317 574 352 frequentes
588 320 615 343 et
625 315 764 343 continuas
784 313 945 341 mutationes
964 320 1009 341 re-

212 364 302 398 cipiat.
319 362 387 397 Quid
404 369 468 389 vero
489 360 554 388 illud
567 364 607 387 est
619 380 627 392 ,
644 359 693 393 Qui
707 363 810 394 prastat
828 358 899 385 nobis
911 358 1010 385 abunde

214 409 298 436 omnia
326 407 359 435 ad
382 407 519 444 fruendum
543 405 589 442 (1.
604 404 671 432 Tim.
686 404 713 432 6.
730 404 784 440 l7)
800 404 813 431 ἲ
831 403 924 431 Omnia
948 411 1008 430 cuin

213 454 337 489 largitate
355 453 402 480 dat
421 453 508 486 Deus,
522 459 582 488 qua:
596 455 659 479 sunt
678 450 762 478 multo
774 450 859 485 magis
871 457 952 485 qnam
964 456 1011 484 pe-

213 501 299 527 cunim
312 497 474 532 necessaria,
489 501 518 525 ut
537 504 626 528 aerem
636 517 644 530 ,
655 503 750 531 aquam
762 516 769 530 ,
785 495 871 531 ignem
882 516 889 528 ,
905 494 988 522 solem
1001 515 1009 528 ,

214 546 305 573 omnia
327 545 400 572 talia.
416 543 474 571 Non
496 543 560 571 licet
583 543 673 571 dicere
686 541 757 578 quod
773 541 856 576 magis
872 540 953 568 radiis
967 539 1010 567 di-

215 600 263 620 ves
273 613 280 624 ,
294 591 383 619 minus
399 597 464 618 vero
486 597 586 625 pauper
608 589 711 616 fruatur
724 596 731 616 :
747 595 800 615 non
815 587 877 615 licet
895 586 986 614 dicere
1001 607 1009 620 ,

217 637 289 672 quod
303 636 480 671 copiosiorem
494 642 584 663 acrem
598 641 677 670 quam
688 641 788 669 pauper
801 633 913 668 respiret
925 632 1010 665 tiives,

217 684 264 711 sed
279 683 367 711 omnia
382 683 454 718 paria
467 686 495 710 et
510 681 661 709 communia
683 679 819 716 proposita
836 683 907 706 sunt.
924 678 1012 711 Quare

218 731 297 766 igitur
318 729 418 765 maiora
431 728 538 764 quidem
560 732 588 755 et
608 727 691 762 magis
706 725 855 754 necessaria
866 745 874 757 ,
891 730 918 752 et
930 725 1011 751 vitam

219 780 337 804 nostram
359 774 539 807 continentia,
553 773 703 802 communia
724 773 793 800 Deus
807 771 887 804 fecit;
910 771 1012 798 minora

217 829 282 850 vero
293 826 321 849 et
333 821 424 849 viliora
433 828 487 847 non
498 824 559 847 sunt
568 818 855 853 communia,pecnniac
865 817 989 844 nimirum
999 815 1012 842 ?

217 876 269 903 qua
280 867 314 895 de
322 867 421 894 causa?
435 865 471 894 Ut
484 866 537 893 vita
556 870 647 893 nostra
663 868 852 895 conservetur,
866 867 892 890 et
908 862 1013 889 virtutis

218 913 304 940 stadia
319 912 473 939 habeamus.
489 911 517 938 Si
533 910 604 938 enim
620 917 673 937 non
687 913 778 937 essent
790 908 940 936 necessaria
955 907 1013 935 hmc

217 958 368 987 communia
382 978 390 991 ,
406 957 474 985 forte
494 955 688 987 divites,solita
701 955 741 982 usi
756 954 1012 988 avaritia,pauperes

218 1003 394 1031 suffocassent
408 1011 415 1029 :
430 1002 451 1030 si
467 1002 538 1030 enim
561 1001 588 1029 in
610 1000 708 1028 divitiis
723 1000 775 1028 hoc
788 998 904 1031 faciunt,
928 998 1012 1026 multo

219 1049 303 1083 magis
326 1048 353 1075 in
371 1047 424 1075 illis
439 1047 574 1075 fecissent.
590 1046 706 1073 Rursum
723 1045 744 1072 si
758 1049 786 1073 et
797 1044 917 1080 pecunia:
939 1051 1013 1071 com-

219 1101 314 1121 mones
326 1098 427 1126 essent,
434 1096 462 1120 et
470 1092 593 1120 similiter
603 1091 726 1119 omnibus
734 1091 888 1126 propositae,
897 1089 1014 1117 eleemo-

219 1147 294 1176 synaa
314 1139 420 1166 occasio
431 1138 533 1166 sublata
540 1142 625 1169 esset,
635 1139 660 1162 el
668 1136 806 1164 charitatis
818 1135 1011 1171 Opportunitas.

253 1185 281 1213 7.
294 1183 328 1212 Ut
341 1184 421 1219 igitur
434 1190 529 1211 secure
538 1183 659 1210 vivamus
671 1202 678 1214 ,
693 1188 850 1208 communes
864 1180 939 1208 facta:
952 1184 1014 1207 sunt

219 1231 296 1258 nobis
305 1231 366 1257 vitae
378 1237 481 1262 causzc;
491 1236 606 1262 rursum,
619 1232 649 1255 ut
658 1227 805 1255 habeamus
815 1234 972 1254 coronarum
986 1231 1014 1254 et

219 1275 326 1304 laudum
348 1274 514 1303 occasionem
525 1294 533 1306 ,
548 1281 601 1301 non
613 1280 769 1301 communes
790 1271 866 1300 facta:
883 1276 946 1299 sunt
966 1279 1014 1306 pe-

219 1323 315 1355 cunim,
331 1326 358 1349 ut
376 1321 514 1348 avaritiam
524 1320 609 1353 exosiI
625 1324 654 1348 et
664 1320 795 1356 justitiam
810 1324 952 1352 sectantes,
965 1326 1013 1346 no—

219 1373 274 1394 stra
307 1367 486 1402 indigentibus
520 1370 679 1401 erogantes,
705 1365 811 1400 aliquod
842 1369 1013 1400 peccatorum

220 1418 372 1440 nostrorum
396 1411 542 1439 remedium
565 1418 613 1446 per
632 1411 703 1438 viam
725 1410 794 1438 hanc
808 1410 954 1445 capiamus.
968 1409 1014 1437 Di-

219 1459 299 1486 vitem
312 1463 338 1488 te
351 1459 411 1486 fecit
431 1458 510 1491 Deus,
525 1457 589 1493 quid
611 1462 638 1485 te
662 1457 748 1492 ipsum
770 1464 914 1492 pauperem
929 1455 1014 1483 facis?

221 1505 334 1532 Divitem
348 1509 374 1531 te
389 1504 464 1536 fecit,
478 1508 507 1530 ut
520 1503 611 1538 egenis
624 1502 775 1536 auxilieris,
789 1507 818 1530 ut
839 1507 947 1537 peccata
969 1506 1014 1530 tua

218 1551 308 1580 solvas
318 1558 365 1586 per
374 1550 559 1578 liberalitatem
572 1549 632 1577 aliis
644 1549 789 1577 exhibitam
801 1557 808 1576 :
820 1548 893 1576 dedit
907 1548 952 1576 tibi
969 1556 1014 1583 pe-

218 1597 330 1630 cunias,
344 1605 395 1624 non
409 1603 438 1624 ttt
457 1596 483 1624 in
502 1601 616 1624 mortem
636 1600 708 1623 tuam
732 1595 858 1628 claudas,
872 1595 920 1623 sed
937 1599 966 1622 ut
987 1595 1014 1622 in

219 1643 332 1671 salutem
348 1647 419 1670 tuam
433 1641 566 1670 effundas.
581 1642 726 1676 Propterea
740 1645 767 1668 et
780 1641 896 1676 ipsarum
909 1647 1014 1676 posses-

219 1690 322 1716 sionetn
335 1689 463 1716 incertam
477 1692 502 1715 et
515 1695 567 1714 non
581 1687 703 1715 stabilem
719 1686 791 1720 fecit,
805 1691 835 1713 ut
849 1694 897 1721 per
911 1686 962 1713 hoc
975 1686 1014 1713 in-

221 1736 304 1762 saniae
316 1735 386 1762 circa
397 1735 468 1769 ipsas
478 1733 653 1761 intentionem
667 1733 835 1760 dissolveret.
849 1732 877 1760 Si
888 1732 958 1760 enim
970 1731 1015 1766 qui

220 1788 291 1808 nunc
314 1779 466 1815 possident,
479 1779 525 1814 qui
544 1778 578 1807 de
593 1779 657 1814 ipsis
675 1777 812 1806 confidere
832 1785 885 1805 noti
906 1777 1014 1809 valent,

219 1825 340 1861 quinimo
350 1825 446 1852 multas
460 1831 492 1851 ex
504 1824 555 1852 hac
565 1831 594 1852 re
609 1827 752 1851 nascentes
766 1822 876 1850 insidias
889 1826 1014 1855 cernunt,

220 1872 260 1899 sie
269 1871 339 1899 circa
353 1871 458 1898 illarum
477 1870 638 1898 desiderium
652 1868 850 1897 suecenduutur
865 1877 871 1896 :
885 1868 908 1895 si
920 1874 947 1896 et
964 1867 1016 1895 hoc

220 1916 339 1944 additum
354 1920 441 1948 esset,
457 1919 486 1943 ut
507 1915 618 1943 stabiles
630 1919 657 1942 et
671 1914 781 1942 minime
795 1913 900 1942 caducas
917 1913 1013 1946 forent,

220 1962 265 1996 qui
286 1960 484 1996 pepercissent?
498 1967 514 1987 a
529 1967 581 1995 quo
595 1959 807 1988 abstinuissent?
820 1966 834 1986 a
849 1967 900 1993 qua
917 1959 1015 1987 vidua?

220 2015 235 2034 a
262 2007 357 2042 quibus
378 2006 507 2042 pupillis?
529 2013 544 2032 a
567 2005 662 2040 quibus
682 2005 860 2040 pauperibus?
871 2004 909 2032 Ne
936 2005 1015 2039 igitur

222 2060 347 2088 magnum
374 2057 498 2087 putetnus
520 2051 619 2078 bonum
646 2058 707 2078 esse
730 2050 835 2078 divitias
862 2060 869 2077 :
891 2058 1014 2085 magnum

221 2099 292 2125 enim
307 2099 405 2125 bonum
415 2117 422 2131 ,
437 2105 490 2124 non
502 2096 639 2132 possidere
654 2096 780 2131 pecunias
791 2116 799 2128 ,
814 2096 861 2124 sed
877 2096 923 2123 Dei
939 2096 1016 2122 timo-

221 2152 278 2171 rem
289 2148 316 2171 et
328 2143 505 2171 reverentiam
519 2141 666 2177 possidere.
678 2141 747 2168 Ecce
760 2148 831 2168 nunc
840 2141 861 2167 si
875 2141 934 2175 quis
945 2145 1016 2168 esset

220 2191 320 2225 iustus,
337 2193 364 2217 et
384 2188 454 2224 apud
469 2188 554 2216 Deum
574 2187 677 2214 fiduciae
697 2186 798 2214 habens
817 2186 948 2218 multum,
965 2185 1015 2214 etsi

222 2236 342 2264 omnium
366 2234 505 2262 hominum
539 2233 726 2269 pauperrimus
757 2236 847 2266 esset,
873 2233 1015 2267 praesentia

222 2282 293 2309 mala
308 2281 411 2310 solvere
426 2283 536 2316 posset;
553 2280 617 2307 satis
632 2279 704 2307 enim
722 2283 794 2306 esset
807 2282 908 2306 tantum
924 2279 949 2306 in
965 2284 1017 2305 eoe-

223 2328 277 2354 lnm
291 2334 385 2354 manus
399 2325 554 2356 extendere,
571 2329 597 2353 et
610 2325 691 2352 Deum
707 2325 841 2357 invocare,
857 2328 885 2352 et
897 2324 954 2351 h:ec
969 2331 1016 2351 tte-

223 2373 283 2399 bula
307 2371 464 2406 prmteriret.
480 2371 581 2398 Aurum
598 2377 663 2397 vero
677 2373 780 2397 tantum
793 2369 938 2405 repositum
960 2369 1016 2396 luto

222 2418 295 2444 otnni
309 2416 341 2443 ad
358 2415 568 2450 impendentium
583 2415 712 2442 malorum
727 2414 888 2442 solutionem
899 2414 1016 2442 inutilius

221 2468 263 2490 est
279 2472 285 2490 :
300 2469 351 2490 nec
365 2461 392 2489 in
411 2461 463 2488 hoc
478 2464 578 2487 tantum
594 2460 730 2495 periculo,
752 2461 799 2488 sed
814 2465 842 2488 et
863 2461 885 2488 si
908 2461 1017 2488 morbtts

223 2507 465 2544 compreltenderit,
481 2507 538 2533 sive
547 2513 630 2539 mors,
642 2505 698 2533 sive
712 2506 782 2534 aliud
797 2506 860 2541 quid
874 2507 1016 2541 ejusmodi,

223 2553 392 2588 redarguitut'
406 2551 578 2587 pecuniarum
594 2551 635 2578 vis
650 2551 781 2586 impotens
792 2572 800 2585 ,
811 2557 838 2579 et
852 2552 950 2579 nullam
970 2560 1017 2579 va-

224 2601 282 2627 lens
303 2598 337 2626 de
356 2598 465 2633 proprio
483 2597 694 2624 consolationem
715 2597 742 2624 in
765 2597 886 2625 adversis
908 2597 1015 2626 afferre.

225 2645 310 2673 Unum
324 2648 366 2672 est
387 2651 439 2679 quo
453 2647 634 2678 paupertatem
659 2643 757 2671 divitia:
775 2651 902 2678 superare
926 2644 1018 2671 viden-

225 2697 277 2724 tur,
293 2690 455 2726 quotidianis
470 2689 591 2718 difﬂuere
606 2690 709 2718 deliciis
719 2711 726 2724 ,
741 2694 769 2717 et
784 2690 866 2718 multa
882 2691 908 2717 in
927 2691 1018 2718 convi-

225 2738 274 2764 viis
294 2736 392 2771 repleri
410 2735 554 2770 voluptate.
572 2735 627 2762 [loc
651 2741 739 2762 tanien
766 2739 793 2761 et
820 2735 846 2762 in
872 2743 1017 2770 pauperum

226 2789 317 2809 mensa
332 2781 487 2816 contingere
503 2780 617 2813 videtur,
630 2779 716 2808 ethos
729 2780 822 2815 majori
833 2788 911 2816 quam
926 2789 1018 2809 omnes

226 2829 320 2856 divites
336 2827 469 2862 voluptate
482 2826 543 2853 frui.
560 2826 593 2853 Et
607 2834 639 2853 ne
659 2825 791 2853 miremini
802 2847 809 2860 ,
826 2833 891 2854 neve
905 2827 1018 2855 incredi-

1064 176 1117 204 bile
1130 176 1246 212 putetis,
1267 176 1339 211 quod
1361 177 1460 203 dictum
1483 180 1522 204 est
1539 185 1545 204 :
1561 184 1593 203 ex
1610 175 1665 211 ipsa
1680 176 1751 204 enim
1766 184 1856 205 rerum

1062 223 1289 251 demonstratione
1304 223 1354 251 hoc
1372 223 1448 250 vobis
1462 223 1555 250 faciam
1571 223 1750 250 manifestum.
1768 222 1857 250 Nostis

1062 269 1160 304 quippe
1174 275 1268 296 onmes
1278 288 1285 300 ,
1300 272 1327 295 et
1349 267 1400 295 hoc
1411 267 1592 300 confitemini,
1606 267 1677 302 quod
1693 268 1856 302 voluptatein

1063 316 1089 342 in
1102 314 1232 343 conviviis
1243 322 1295 342 non
1307 314 1466 342 ferculorum
1480 319 1585 347 natura,
1597 313 1643 341 sed
1659 314 1857 341 convivantium

1063 361 1204 397 dispositio
1226 361 1313 388 facere
1336 360 1496 388 consuevit:
1511 365 1573 396 puta
1587 381 1594 393 ,
1619 368 1680 388 cum
1706 360 1777 388 fame
1798 360 1858 395 quis

1063 416 1182 436 mensam
1206 408 1338 443 attingens
1348 428 1355 440 ,
1371 407 1444 434 omni
1463 406 1576 433 obsonio
1587 411 1613 434 et
1627 405 1815 437 condimento,
1831 410 1858 433 et

1064 454 1212 481 innumeris
1241 454 1362 480 ciborum
1392 452 1524 480 illecebris
1547 451 1734 487 iucundiorem
1769 458 1858 478 escam

1063 500 1196 535 gustabit,
1215 500 1264 527 etsi
1295 499 1414 526 omnium
1441 498 1568 525 vilissima
1593 498 1649 525 sit:
1671 497 1858 525 necessitatem

1064 552 1127 572 vero
1147 549 1175 572 et
1195 544 1309 571 esttrictn
1337 543 1519 579 prtcveniens,
1533 543 1604 578 quod
1623 543 1720 570 divites
1739 542 1838 570 faciunt
1850 561 1858 573 .

1064 593 1086 619 si
1108 592 1187 619 etiam
1202 591 1337 626 placentas
1360 589 1493 618 invenerit
1510 588 1662 624 appositas,
1685 596 1737 616 non
1761 589 1860 616 sentiet

1065 638 1245 672 voluptatem,
1265 637 1347 671 ipsius
1371 636 1489 671 appetitu
1514 643 1566 663 non
1581 636 1706 663 excitato.
1723 635 1755 662 Et
1770 640 1798 662 ut
1819 634 1861 661 di-

1064 692 1123 712 scas
1138 685 1188 712 hoc
1198 684 1233 711 ita
1251 690 1281 710 se
1301 682 1408 715 habere,
1425 686 1508 710 testes
1523 682 1630 717 quidem
1644 686 1670 709 et
1686 688 1733 708 vos
1745 688 1858 712 omnes;

1064 731 1203 758 audiamus
1216 735 1303 757 autem
1319 734 1346 757 ct
1360 729 1523 763 Scripturam
1538 728 1589 756 hoc
1603 729 1688 763 ipsum
1704 729 1836 756 dicentem
1851 736 1858 754 :

1064 777 1157 804 Anima
1169 781 1283 804 saturata
1303 775 1367 810 [avis
1379 775 1478 806 illudft,
1490 775 1584 801 anima:
1593 779 1676 801 autent
1691 773 1772 809 egenti
1784 773 1860 800 etiam

1065 831 1152 851 amara
1178 823 1264 851 dulcia
1286 823 1400 850 videntur
1427 821 1526 856 (Prov.
1542 822 1586 849 27.
1604 822 1642 854 7).
1657 821 1692 848 Et
1710 825 1783 848 certe
1796 820 1860 855 quid

1064 869 1132 897 favis
1153 869 1257 897 dulcius
1274 874 1302 897 et
1323 868 1424 896 melle?
1436 867 1489 896 Sed
1504 875 1556 895 tton
1569 867 1716 902 ineundum
1730 888 1736 898 ,
1754 866 1858 901 inquit,

1065 923 1118 942 non
1143 915 1281 943 esurienti.
1294 914 1362 949 Quid
1389 921 1453 942 vero
1478 914 1577 941 amaris
1598 912 1789 947 iniucundius?
1813 911 1861 939 sed

1065 960 1152 988 dulcia
1165 965 1226 988 sunt
1242 961 1267 988 in
1283 960 1410 995 pauperie
1423 959 1583 987 constitutis.
1598 958 1673 992 Quod
1687 963 1776 986 autem
1793 965 1859 992 pau-

1065 1013 1144 1042 peres
1162 1013 1223 1033 cum
1245 1005 1405 1033 necessitate
1418 1009 1445 1032 et
1458 1004 1547 1032 esurie
1568 1003 1602 1031 ad
1621 1003 1709 1031 cibum
1729 1003 1857 1034 veniant,

1066 1052 1163 1080 divites
1176 1059 1239 1079 vero
1251 1059 1310 1078 eam
1324 1058 1376 1078 non
1397 1053 1551 1084 exspectent
1562 1069 1569 1081 ,
1586 1049 1637 1076 hoc
1658 1048 1755 1083 quique
1773 1047 1860 1074 mani-

1066 1099 1162 1127 festum
1177 1102 1218 1125 est
1232 1106 1240 1124 :
1255 1097 1325 1125 unde
1339 1096 1484 1132 legitimam
1506 1100 1534 1123 et
1552 1095 1683 1122 sinceram
1697 1094 1860 1128 voluptatem

1067 1151 1119 1170 non
1130 1143 1248 1177 capiunt.
1263 1142 1317 1169 Nec
1330 1142 1357 1169 in
1370 1141 1436 1169 cibis
1450 1145 1562 1174 tantum,
1577 1139 1624 1167 sed
1637 1144 1664 1168 et
1677 1140 1702 1166 in
1715 1144 1778 1174 potu
1789 1139 1860 1166 idem

1065 1188 1188 1217 accidere
1196 1188 1287 1215 videre
1302 1187 1362 1215 licet
1375 1196 1381 1213 :
1396 1191 1423 1215 et
1434 1187 1501 1214 sicut
1513 1186 1568 1214 illic
1577 1186 1680 1213 esuries
1691 1192 1769 1219 supra
1785 1192 1862 1211 esea—

1067 1242 1126 1262 rum
1141 1238 1262 1261 naturam
1283 1233 1444 1268 voluptatem
1459 1231 1576 1265 inducit,
1591 1231 1629 1259 sic
1641 1236 1669 1259 et
1689 1230 1732 1257 hic
1746 1230 1805 1257 sitis
1815 1230 1861 1264 iu-

1066 1281 1259 1310 cundissimum
1279 1284 1369 1314 potum
1385 1278 1473 1306 facere
1493 1278 1647 1310 consuevit,
1668 1277 1718 1304 etsi
1742 1283 1807 1311 pura
1827 1276 1862 1302 sit

1066 1335 1134 1363 aqua
1145 1335 1204 1362 qua:
1226 1326 1340 1353 bibatur.
1357 1324 1390 1352 Et
1414 1324 1466 1352 hoc
1489 1324 1575 1358 ipsum
1593 1322 1728 1357 Propheta
1750 1321 1863 1348 demon-

1066 1379 1154 1402 strans
1169 1393 1177 1406 ,
1203 1371 1309 1400 diccbat
1334 1379 1341 1398 :
1366 1370 1401 1398 Et
1425 1371 1457 1398 de
1478 1375 1550 1405 petra
1576 1368 1650 1396 ntelle
1674 1367 1798 1395 saturavit
1819 1374 1861 1392 eos

1067 1419 1162 1455 (Psal.
1179 1418 1223 1446 80.
1249 1418 1280 1446 l7
1294 1418 1317 1453 ).
1342 1416 1422 1452 Atqui
1444 1416 1495 1443 ltoc
1521 1421 1650 1449 nusquam
1673 1413 1699 1440 in
1723 1412 1860 1446 Scriptura

1067 1466 1165 1493 lectum
1179 1469 1238 1497 est,
1255 1463 1326 1500 quod
1347 1463 1400 1490 mel
1421 1462 1455 1489 de
1472 1465 1547 1496 petra
1562 1460 1650 1487 Moses
1663 1457 1796 1490 eduxerit,
1812 1456 1860 1484 sed

1067 1511 1165 1546 ubique
1177 1510 1287 1543 ﬂuvios,
1300 1513 1329 1536 et
1342 1515 1424 1543 aquas
1433 1528 1441 1540 ,
1452 1511 1478 1534 et
1499 1506 1592 1541 frigida
1607 1505 1716 1533 ﬂuenta.
1731 1502 1800 1537 Quid
1814 1503 1863 1537 igi-

1068 1563 1112 1586 tur
1126 1557 1235 1585 tandem
1258 1560 1300 1583 est
1321 1554 1392 1590 quod
1404 1552 1520 1581 dicitur?
1538 1559 1623 1587 neque
1638 1551 1709 1578 enim
1724 1549 1861 1583 Scriptura

1068 1604 1205 1631 mentitur.
1222 1603 1365 1637 Postquam
1380 1600 1451 1628 enim
1472 1599 1592 1626 sitientes
1611 1602 1638 1624 et
1654 1596 1796 1631 indigentia
1812 1594 1861 1622 de-

1068 1650 1168 1685 fatigati
1181 1649 1207 1676 in
1222 1648 1371 1683 frigidiores
1385 1653 1467 1681 aquas
1482 1645 1632 1672 inciderunt
1642 1664 1650 1677 ,
1661 1651 1694 1671 ex
1711 1647 1773 1677 potu
1787 1641 1863 1668 Volu-

1068 1700 1168 1732 ptatem
1185 1701 1306 1722 asserere
1324 1693 1434 1723 volens,
1455 1691 1506 1718 mel
1521 1697 1616 1725 aquam
1631 1688 1792 1723 appellavit,
1808 1694 1860 1713 non

1069 1747 1202 1777 tamquam
1217 1743 1316 1767 mutata
1330 1739 1357 1766 in
1377 1738 1430 1765 mel
1452 1743 1557 1768 natura,
1578 1735 1624 1763 sed
1646 1733 1792 1761 bibentium
1807 1732 1863 1759 dis-

1071 1787 1204 1823 positione
1228 1785 1326 1813 ﬂuenta
1346 1784 1426 1812 melle
1445 1781 1604 1818 iucundiora
1626 1780 1749 1808 faciente.
1764 1778 1864 1806 Didici-

1068 1834 1102 1862 sti
1113 1854 1120 1866 ,
1132 1840 1186 1868 quo
1209 1831 1290 1860 modo
1306 1835 1333 1859 et
1355 1834 1447 1866 potum
1469 1836 1577 1857 suavem
1592 1828 1738 1855 sitientiutn
1754 1825 1862 1853 affectio

1068 1879 1182 1907 reddere
1193 1877 1357 1905 consuevit?
1379 1875 1452 1903 Multi
1467 1873 1546 1910 igitur
1559 1880 1690 1909 pauperes
1701 1879 1772 1907 saepe
1785 1871 1861 1898 labo-

1068 1930 1158 1953 rantes
1173 1929 1199 1952 et
1212 1922 1347 1958 defatigati
1357 1942 1365 1954 .
1379 1926 1407 1949 et
1419 1921 1462 1948 siti
1475 1920 1598 1948 ardentes
1608 1940 1616 1953 ,
1628 1926 1688 1946 cum
1700 1918 1770 1946 dicta
1783 1917 1861 1945 volu-

1069 1976 1141 2007 ptate
1152 1970 1213 1998 talia
1225 1969 1342 1998 libavere
1356 1967 1454 1995 fluenta
1466 1975 1473 1994 :
1485 1966 1580 1994 divites
1590 1972 1654 1993 vero
1664 1964 1753 1992 vinum
1768 1971 1860 1997 suave,

1069 2022 1096 2046 et
1109 2017 1182 2044 floris
1195 2016 1316 2046 odorem,
1330 2020 1357 2042 et
1371 2021 1478 2042 omnem
1493 2013 1618 2040 virtutem
1635 2011 1746 2044 habens,
1760 2018 1819 2046 quae
1834 2011 1860 2038 in

1068 2065 1130 2092 vino
1144 2063 1229 2099 optari
1244 2063 1343 2098 possit,
1361 2061 1530 2094 haurientes,
1545 2067 1596 2088 non
1616 2059 1738 2087 eamdem
1752 2066 1862 2087 sensere

1068 2110 1271 2138 delectationem
1276 2127 1284 2135 .

1104 2156 1131 2184 8.
1149 2156 1205 2183 Hoc
1224 2160 1251 2182 et
1271 2155 1297 2182 in
1317 2161 1412 2182 somno
1427 2153 1482 2181 fteri
1496 2153 1596 2180 videas.
1617 2152 1673 2179 Non
1691 2153 1761 2180 enim
1781 2152 1863 2179 molle

1069 2206 1181 2230 stratum
1193 2222 1201 2235 ,
1220 2208 1306 2236 neque
1328 2200 1515 2235 deargentatus
1530 2199 1614 2226 lectus
1624 2220 1630 2230 ,
1647 2205 1733 2233 neque
1745 2198 1820 2232 quies
1835 2198 1862 2225 in

1068 2247 1187 2275 conclavi
1210 2247 1293 2280 facta,
1315 2253 1399 2280 neque
1419 2245 1488 2272 aliud
1504 2243 1654 2279 huiusmodi
1668 2243 1801 2278 quidpiam
1816 2250 1863 2270 so-

1070 2300 1161 2321 mnntn
1176 2292 1280 2319 dulcem
1294 2295 1322 2318 et
1334 2291 1477 2326 proclivem
1494 2290 1582 2317 facere
1599 2290 1686 2323 Solet,
1701 2290 1769 2316 sicut
1789 2289 1864 2316 labo-

1069 2346 1130 2366 rare
1151 2342 1179 2366 et
1201 2337 1293 2365 lassari
1306 2356 1314 2370 ,
1336 2341 1363 2364 et
1378 2337 1550 2364 vehementer
1563 2343 1657 2363 somno
1671 2335 1819 2370 indigentes
1835 2339 1864 2363 et

1069 2384 1245 2412 dormitantes
1262 2383 1385 2411 reclinari
1401 2391 1407 2409 :
1424 2388 1451 2410 et
1465 2383 1515 2410 hoc
1534 2382 1641 2417 quidem
1656 2387 1769 2409 testatur
1782 2382 1862 2409 etiam

1070 2438 1159 2458 rerum
1173 2428 1336 2464 experientia
1351 2438 1358 2456 2
1369 2432 1482 2456 testatur
1493 2432 1583 2455 autem
1598 2432 1625 2455 ct
1638 2432 1698 2454 ante
1711 2435 1800 2455 rerum
1814 2435 1864 2454 ex-

1070 2477 1225 2511 perientiam
1240 2475 1436 2510 Scripturarum
1449 2474 1591 2502 sententia.
1611 2474 1720 2501 Deliciis
1734 2474 1805 2501 enim
1822 2474 1863 2500 in-

1071 2522 1185 2550 nutritus
1199 2521 1325 2549 Salomon
1340 2520 1410 2547 idem
1422 2519 1607 2547 demonstrare
1619 2519 1723 2551 volens,
1736 2517 1844 2546 dicebat
1856 2527 1863 2545 :

1070 2567 1206 2595 Jucundus
1219 2574 1319 2593 somnus
1334 2573 1414 2597 servo,
1427 2565 1479 2592 sive
1497 2573 1598 2599 parum,
1613 2564 1665 2591 sive
1678 2563 1785 2590 multum
1797 2571 1866 2589 tom-

1072 2614 1129 2641 edat
1144 2613 1227 2649 (Eccl.
1239 2613 1265 2640 5.
1286 2612 1342 2647 Η).
1363 2611 1418 2639 Cur
1438 2611 1517 2646 igitur
1530 2611 1613 2643 addit,
1631 2610 1690 2638 Sive
1700 2617 1801 2644 parum,
1816 2610 1866 2636 sive

1072 2661 1179 2687 multant
1192 2659 1322 2686 comedat?
1333 2658 1418 2685 Ambo
1432 2658 1489 2684 hate
1499 2656 1614 2692 vigiliam
1631 2656 1756 2683 inducere
1768 2655 1865 2686 solent,

1073 2707 1216 2741 indigentia
1230 2710 1257 2733 et
1271 2705 1377 2740 crapula
1389 2713 1396 2731 :
1408 2704 1452 2731 illa
1463 2703 1569 2738 quidem
1579 2709 1676 2737 corpus
1685 2702 1693 2718 ¹
1707 2700 1866 2732 arefaciens,

1073 2759 1099 2783 et
1114 2754 1254 2790 palpebras
1267 2759 1380 2780 eorneas
1392 2751 1518 2785 reddens,
1530 2759 1580 2779 nec
1590 2750 1676 2778 claudi
1688 2749 1846 2785 permittens
1859 2756 1866 2775 :

1108 2834 1116 2849 ι
1133 2833 1168 2858 sic
1176 2832 1247 2864 iuxta
1258 2830 1328 2856 savil.
1340 2834 1372 2855 In.
1385 2833 1422 2861 13.,
1434 2836 1487 2862 pro,
1500 2835 1596 2861 corpus,
1609 2828 1709 2861 legitur,
1721 2825 1844 2860 spiritum.
