1984 3110
86 217 115 244 65

83 275 190 309 κρίσεως
211 274 324 310 ἡμέρᾳ,
337 276 392 303 καὶ
405 276 470 303 ὅταν
487 275 539 302 τῶν
557 275 759 311 πεπραγμένων
777 275 826 307 τὰς
849 274 929 302 εὐθύ-

83 319 324 354 ναςάπαιτὼμεθα
347 321 464 352 πάντες.
484 320 566 346 Ὥστε
592 319 677 351 εἴτις
704 319 790 345 ἐθέλοι
814 319 862 345 καὶ
881 319 930 354 τὴν

82 363 167 397 κτῆσιν
177 362 270 389 αὐτῶν
283 363 337 390 καὶ
352 363 405 399 τὴν
422 365 519 399 χρῆσιν
542 363 615 398 ἔχειν
630 363 676 390 καὶ
690 363 739 397 τὴν
756 362 928 394 δεσποτείαν,

82 405 288 433 ἀπαλλαττέσθω
309 407 372 433 τῶν
389 407 473 434 ὄντων
494 407 636 434 άπάντων-
654 407 691 438 ὡς
707 407 721 433 ὃ
740 415 772 440 γε
794 407 831 442 μὴ
852 407 930 434 τοῦτο

82 450 167 481 ποιῶν,
182 451 214 485 τῇ
229 449 354 486 τελευτῇ
370 451 420 486 μὲν
434 451 522 478 αὐτῶν
534 451 719 486 ἀποστήσεται
734 451 855 483 πάντως,
868 452 932 479 πολ-

81 494 149 524 λάκις
165 493 193 520 δὲ
206 494 256 520 καὶ
277 495 337 530 πρὸ
359 495 412 530 τῆς
426 495 554 531 τελευτῆς
571 495 640 530 μετὰ
659 494 790 522 κινδύνων
813 496 860 522 καὶ
878 505 929 531 μυ-

82 538 140 574 ρίων
154 537 223 565 αὖτᾶ
236 538 430 566 ἀποϐαλεῖ-ται
441 539 543 566 κακῶν.
557 539 613 566 Καὶ
628 539 659 566 οὑ
679 539 759 566 τοῦτο
777 539 857 574 μόνον
870 541 932 566 ἐστὶ

81 583 107 608 τδ
119 581 212 612 δεινὸν.
229 581 274 608 ὅτι
301 583 447 618 μεταϐολὴ
473 583 578 618 γίνεται
602 583 719 619 ἀθρόως,
742 583 799 609 ἀλλ’
822 584 864 610 ὃτι
883 585 931 611 καὶ

82 622 242 658 ἀμελέτητος
263 624 341 658 πρὸς
356 625 409 660 τὴν
421 625 470 660 τῆς
484 625 580 656 πενίας
599 625 740 660 ὑπομονὴν
763 625 777 651 6
802 625 930 658 πλούσιος

82 665 191 700 ἔρχεται·
212 665 274 692 ἀλλ’
294 666 328 692 ού
331 675 350 701 χ
366 666 382 692 6
398 666 483 702 πένης
497 666 634 698 τοιοῦτος’
654 667 685 693 οὐ
700 666 754 702 γὰρ
766 667 871 703 χρυσίῳ
882 667 930 693 καὶ

82 706 196 742 ἀργυρίῳ
209 705 398 742 τεθάῤῥηκεν
414 707 527 743 ἀψύχοις
549 706 637 740 ὕλαις,
665 707 783 743 ἀλλάτῷ
803 708 863 743 Θεῷ
889 707 930 744 τῷ

83 747 220 782 παρέχοντι
234 747 335 775 πάντα
349 748 502 780 πλουσίως·
522 748 594 775 ὥστε
611 750 625 776 ό
642 749 769 781 πλούσιος
792 750 821 776 ἐν
839 750 930 786 ἀδήλῳ

84 789 175 824 μᾶλλον
191 789 317 825 ἕστηκεν
334 790 352 825 ἢ
372 791 388 817 6
406 791 499 825 πένης.
518 790 624 822 πυκνὰς
641 791 687 817 καὶ
701 791 870 827 ἐπαλλήλους
890 792 930 819 δε-

85 831 188 866 χόμενος
200 831 251 863 τὰς
270 832 443 866 μεταϐολάς.
455 833 488 859 Τί
502 833 530 859 δέ
541 833 610 864 ἐστι,
628 832 670 866 Τῷ
681 833 843 867 παρέχοντι
857 833 930 868 ἡμῖν

85 871 117 898 τὰ
131 870 228 898 ,πάντα
253 874 421 906 πλουσίως
443 874 483 905 είς
509 874 659 900 ἀπόλαυσιν
684 880 716 906 εις
741 874 833 901 Πάντα
860 875 930 909 μετά

84 912 213 947 δαψιλείας
235 913 354 941 δίδωσιν
383 915 398 941 6
425 914 503 947 Θεὸς,
529 914 565 941 τὰ
592 914 682 950 πολλῷ
705 915 757 942 τῶν
780 917 930 952 χρημάτων

86 955 291 990 ἀναγκαιότερα,
312 953 375 982 οἷον
399 956 445 983 τὸν
470 956 549 992 ἀέρα.
574 956 605 983 τὸ
631 956 713 992 ὕδωρ.
739 957 769 984 τὸ
793 958 860 995 πῦρ,
883 959 931 986 τὸν

85 995 161 1030 ἥλιον,
177 996 290 1023 ᾶπαντα
308 997 346 1024 τά
360 997 486 1025 τοιαῦτα.
503 998 560 1026 Οὐκ
576 998 649 1026 ἐστιν
665 1000 752 1026 εἰπεῖν
771 1001 812 1027 ὃτι
835 1000 930 1027 πλείο-

86 1046 125 1069 νος
145 1038 279 1065 ἀπολαύει
305 1039 361 1074 τῆς
386 1040 494 1071 ἀκτῖνος
514 1041 528 1067 ό
548 1040 683 1072 πλούσιος,
703 1042 844 1074 ἐλάττονος
867 1043 895 1070 δέ
916 1043 931 1070 6

85 1078 179 1113 πένης·
196 1078 248 1107 ούκ
266 1079 350 1108 ἐστιν
371 1082 468 1114 εἰπεῖν,
489 1082 530 1108 ὅτι
551 1082 742 1119 δαψιλέστερον
765 1084 834 1119 ἀέρα
861 1085 929 1111 dva-

87 1119 154 1147 πνέει
168 1120 214 1147 τοῦ
233 1122 363 1157 πένητος
375 1123 390 1149 ό
405 1123 536 1150 πλουτῶν·
555 1123 623 1150 ἀλλά
631 1124 720 1151 πάντα
734 1125 779 1152 ἶσα
789 1126 836 1152 καὶ
853 1126 930 1152 κοινά

86 1163 231 1198 πρόκειται.
247 1163 336 1196 Τίνος
347 1162 394 1191 οὖν
406 1165 499 1192 ἕνεκεν
519 1165 555 1192 τὰ
577 1166 627 1201 μὲν
651 1167 761 1202 μείζονα
784 1168 831 1194 καί
850 1168 949 1202 ἀνάγ-ν

87 1203 268 1243 καιότεραικαὶ
279 1205 336 1241 τὴν
352 1205 424 1241 ζωὴν
445 1206 525 1242 ἡμῶν
545 1208 691 1243 συνέχοντα
716 1209 794 1236 κοινά
815 1209 931 1245 πεποίη-

87 1253 129 1272 κεν
143 1246 157 1271 6
173 1246 252 1278 Θεὸς,
275 1247 316 1275 τὰ
332 1248 361 1274 δέ
384 1248 512 1276 ἐλάττονα
534 1249 581 1276 καὶ
602 1250 780 1287 εὐτελέστερα
803 1251 853 1278 οὐκ
870 1251 929 1278 ἐστι

87 1287 156 1313 κοινᾶ
173 1287 198 1318 δ,
217 1287 253 1314 τὰ
278 1289 416 1324 χρήματα
446 1289 535 1324 λέγω;
553 1290 627 1323 τίνος
653 1289 699 1319 οὖν
725 1292 837 1324 ’ένεκενς
869 1293 929 1320 Ἵνα

90 1329 265 1372 συγκροτῆται
277 1330 363 1365 ἡμῶν
375 1331 476 1372 ή-ζωὴ,
495 1331 542 1358 καὶ
555 1332 657 1368 ἀρετῆς
676 1334 783 1369 ἔχωμεν
798 1333 929 1372 σκάμμα-

88 1378 127 1396 τα.
146 1371 174 1397 Εἰ
191 1371 240 1406 μὲν
255 1372 318 1407 γὰρ
340 1372 377 1408 μὴ
397 1370 431 1408 ἧν
454 1373 488 1400 τά
504 1373 641 1408 ἀναγκαῖα
659 1374 745 1402 ταῦτα
761 1376 847 1406 κοινά,
863 1370 928 1408 ίσως

91 1412 119 1438 ἂν
127 1413 149 1439 οἱ
158 1413 353 1446 πλουτοῦντες,
362 1416 394 1450 τῇ
405 1415 517 1451 είωθυίᾳ
529 1416 694 1452 κεχρημένοι
708 1417 857 1453 πλεονεξίᾳ,
865 1419 928 1450 τοὺς

91 1454 247 1489 πενομένους
267 1455 425 1489 ἀπέπνιξαν
436 1456 484 1483 ἄν·
502 1457 526 1484 εί
549 1458 604 1494 γὰρ
626 1459 671 1484 ἐπὶ
698 1458 752 1486 τῶν
778 1459 929 1494 χρημάτων

91 1494 160 1522 τοῦτο
190 1496 323 1528 ποιοῦσι,
343 1497 433 1533 πολλῷ
459 1498 558 1533 μᾶλλον
580 1499 624 1526 ἐπ’
648 1500 761 1527 ἐκείνων
786 1500 865 1527 τοῦτο
895 1500 928 1528 ἂν

93 1537 228 1572 ἐποίησαν·
250 1539 339 1565 πάλιν
354 1539 378 1565 εἰ
398 1539 446 1566 κα),
465 1540 499 1567 τὰ
514 1542 643 1576 χρήματα
657 1539 692 1577 ἦν
705 1541 792 1571 κοινὰ.
813 1543 860 1569 καὶ
875 1544 928 1570 πᾶ-

94 1587 130 1605 σιν
146 1580 242 1614 ὁμοίως
260 1581 424 1616 προύκειτο,
438 1582 623 1620 ἐλεημοσύνης
641 1584 761 1620 ἀνῄρητο
777 1585 926 1621 πρόφασις,

95 1621 135 1648 καὶ
146 1622 349 1658 φιλοφροσύνης
359 1623 480 1660 ἀφορμή.

124 1664 153 1697 ξ’.
166 1665 225 1691 Ίνα
239 1663 290 1692 οὖν
306 1665 391 1697 ἀδεῶς
408 1665 510 1700 ζῶμεν,
525 1666 603 1693 κοινά
618 1667 728 1701 γέγονεν
741 1669 808 1704 ἡμῖν
823 1668 857 1696 τὰ
877 1669 929 1704 τῆς

96 1706 159 1742 ζωῆς
180 1707 271 1734 αἴτια·
293 1707 392 1739 πάλιν,
408 1708 451 1734 ἵνα
471 1708 577 1743 ἔχωμεν
600 1710 740 1744 στεφάνων
756 1711 804 1738 καὶ
821 1711 928 1738 εὐδοκι-

98 1749 195 1783 μήσεων
220 1749 365 1785 ἀῳρμὴν,
394 1749 425 1776 οὐ
450 1749 527 1776 κοινά
543 1750 638 1784 γέγονε
659 1751 694 1778 τά
718 1752 859 1788 χρήματα,
884 1753 928 1779 ἵνα

98 1790 242 1824 πλεονεξίαν
255 1790 414 1826 μισοῦντες,
425 1791 472 1817 καὶ
482 1791 654 1827 δικαιοσύνην
666 1791 821 1824 διώκοντες,
834 1794 881 1820 καὶ
894 1794 929 1820 τὰ

99 1831 153 1858 όντσ
169 1833 222 1863 τοῖς
235 1832 380 1867 δεομένοις
405 1832 573 1868 προϊέμενοι,
600 1833 777 1868 παραμυθίαν
800 1833 860 1860 τινὰ
884 1834 929 1861 διά

98 1873 141 1908 τῆς
157 1874 267 1909 μεθόδου
290 1873 394 1909 ταύτης
408 1874 463 1900 τῶν
477 1873 584 1901 οἰκείων
602 1874 786 1910 λαμϐάνωμεν
803 1876 928 1911 ἁμαρτη-

102 1915 193 1948 μάτων.
206 1915 341 1942 Πλούσιόν
360 1923 391 1942 σε
408 1915 536 1950 ἐποίησεν
549 1916 565 1942 6
584 1915 661 1948 Θεὸς,
676 1916 702 1944 τί
719 1917 817 1944 σαυτὸν
841 1919 929 1950 ποιεῖς

101 1955 208 1991 πένητας
228 1956 364 1984 Πλούσιόν
385 1965 414 1983 σε
429 1957 567 1992 ἐποίησεν,
583 1957 626 1984 ἵνα
642 1959 696 1989 τοῖς
711 1959 848 1993 δεομένοις
863 1959 927 1995 βοη-

101 1995 154 2032 θῇς,
165 1997 205 2025 ῖνα
217 1998 252 2026 τὰ
265 1998 457 2034 ἁμαρτήματα
475 1998 561 2034 λύσῃς
584 1998 619 2025 τὰ
644 1999 743 2026 σαυτοῦ
762 2000 806 2027 διὰ
819 2000 869 2036 τῆς
887 2002 928 2030 είς

102 2038 197 2074 ἑτέρους
211 2039 370 2075 δαψιλείας·
389 2039 490 2067 δέδωκέ
507 2048 548 2066 σοι
563 2040 703 2076 χρήματα,
721 2041 770 2076 οὐχ
786 2041 829 2068 Eva
844 2051 928 2069 κατα-

102 2080 200 2117 κλείσῃς
212 2082 255 2109 ἐπ’
267 2081 374 2117 ὀλέθρῳ
389 2080 427 2116 τῷ
442 2081 490 2116 σῷ.
502 2081 559 2108 ἀλλ’
572 2082 616 2109 ἴνα
633 2082 732 2118 ἐκχέῃς
748 2083 794 2109 ἐπὶ
805 2084 928 2120 σωτηρίᾳ

102 2124 130 2158 τῇ
150 2125 190 2158 σῇ.
203 2123 252 2151 Διὰ
269 2123 349 2150 τοῦτο
365 2123 412 2150 καὶ
432 2123 480 2158 τὴν
493 2123 590 2158 κτῆσιν
600 2124 690 2150 αὐτῶν
705 2123 801 2159 ἄδηλον
812 2125 927 2160 ἐποίησε

103 2166 142 2191 καὶ
157 2166 185 2192 οὐ
206 2166 331 2201 μόνιμον,
348 2165 394 2191 ἶνα
415 2165 463 2192 καὶ
481 2166 511 2192 ἐν
528 2165 616 2201 τούτῳ
631 2166 682 2201 τῆς
702 2167 767 2202 περὶ
783 2166 854 2193 αὐτὰ
875 2176 927 2202 μα-

104 2207 154 2238 νίας
161 2207 299 2243 καταλύσῃ
306 2207 353 2234 τὸν
364 2206 450 2233 τόνον.
464 2207 496 2233 Εί
508 2206 563 2242 γὰρ
576 2206 623 2234 νῦν
633 2207 684 2234 οὒκ
696 2207 805 2242 ἔχοντες
815 2208 926 2245 θαρῤεῖν

104 2249 126 2275 οἱ
137 2249 294 2285 κεκτημένοι
307 2249 373 2284 περὶ
388 2248 489 2280 αὐτῶν,
506 2247 574 2276 ἀλλά
589 2248 636 2275 καὶ
647 2248 745 2281 πολλὰς
760 2250 877 2285 ὁρῶντες
894 2252 927 2279 ἐκ

104 2289 143 2317 τοῦ
156 2291 315 2327 πράγματος
328 2289 492 2325 τικτομένας
504 2289 659 2323 ἐπιϐουλὰς,
671 2290 759 2323 οὕτως
771 2292 927 2321 ἐκκαίονται

106 2332 160 2366 περὶ
166 2332 207 2359 τὸν
216 2331 330 2359 ἐκείνων
339 2330 431 2363 πόθον,
442 2331 467 2358 εί
477 2331 524 2358 καὶ
533 2331 611 2358 τοῦτο
617 2331 723 2368 προσῆν
733 2333 773 2368 τῷ
781 2333 887 2371 πλούτῳ
896 2337 927 2364 τὸ

108 2372 200 2408 βέϐαιον
209 2374 257 2401 καὶ
264 2373 446 2406 ἀδιάπτωτον,
455 2373 527 2405 τίνος
538 2373 572 2401 ἀν
581 2373 739 2408 ἐφείσαντο;
747 2374 819 2407 τίνος
830 2376 863 2403 ἂν
873 2378 928 2405 ἀπ-

108 2414 215 2449 ἐσχσθτο;
234 2415 316 2447 ποίας
329 2416 428 2452 χήρας,
448 2415 532 2442 ποίων
546 2415 682 2451 ὀρφανῶν,
695 2417 779 2443 ποίων
787 2418 925 2452 πενήτων;

107 2457 295 2496 ίὸηΜὴτοίνυν
302 2459 537 2496 μέγανομίζωμιν
542 2456 717 2494 ἀγαθὺνεῐναι
727 2457 850 2485 πλοῦτον·
857 2457 929 2492 μέγα

108 2501 151 2537 γὰρ
163 2503 272 2537 ἀγαθὸν,
287 2504 318 2530 οὐ
336 2504 367 2530 τδ
378 2503 527 2539 κεκτῆσθαι
541 2503 682 2539 χρήματα,
697 2501 766 2528 ἀλλά
781 2501 813 2528 τδ
832 2501 929 2536 κεκτῆ-

109 2544 158 2572 σθαι
170 2547 249 2581 φόϐον
270 2547 338 2574 Θεοῦ
355 2547 402 2574 καὶ
423 2547 514 2573 πᾶσαν
525 2546 677 2573 εὐλάϐειαν.
704 2545 770 2572 Ἰδοὺ
783 2544 830 2572 νῦν
846 2545 873 2571 ετ
886 2552 929 2577 τις

109 2587 192 2622 δίκαιος
203 2588 238 2625 ἦν
256 2591 306 2623 καὶ
327 2591 484 2624 παῤῥησίαν
503 2590 601 2624 πολλὴν
614 2590 683 2624 ἔχων
698 2589 766 2624 πρὸς
781 2588 827 2615 τὸν
848 2587 927 2620 Θεὸν,

110 2628 153 2655 κᾶν
162 2631 182 2656 εἰ
194 2630 304 2657 πάντων
319 2629 469 2665 ἀνθρώπων
480 2629 641 2664 πενέστερος
651 2628 696 2665 ἦν,
709 2629 789 2666 ἢρκει
802 2629 881 2658 λῦσαι
892 2631 927 2658 τά

111 2671 214 2706 παρόντα
223 2671 299 2698 δεινὰ
308 2679 315 2686 ο
330 2672 411 2707 ἢρκει
425 2670 479 2705 γὰρ
499 2670 577 2705 μόνον
589 2670 640 2702 τὰς
649 2671 743 2705 χεῖρας
754 2671 871 2698 ἐκτεῖναι
887 2673 928 2704 είς

112 2710 147 2736 ἰδν
162 2712 269 2748 οὐρανον
283 2713 330 2739 καὶ
341 2711 456 2738 καλέσαι
469 2711 514 2738 τὸν
532 2711 608 2742 Θεὸν,
631 2711 678 2738 καὶ
701 2711 731 2737 τὸ
753 2712 834 2746 νέφος
848 2713 927 2740 τοῦτο

112 2753 232 2788 παρῆλθεν
243 2754 284 2781 ἄν.
297 2753 416 2789 Χρυσίου
429 2753 458 2779 δέ
470 2752 596 2779 τοσοῦτον
610 2752 765 2784 ἀπόκειται,
781 2754 829 2781 καὶ
839 2754 926 2790 πηλοῦ

113 2796 194 2828 παντός
205 2796 279 2822 ἐστιν
297 2795 499 2830 ἀχρηστότερον
513 2794 581 2831 πρὸς
589 2794 638 2830 τὴν
656 2794 734 2822 λύσιν
747 2795 801 2821 τῶν
820 2796 926 2823 ἐπικει-

113 2835 183 2869 μένων
196 2837 289 2864 κακῶν
299 2845 306 2852 ·
321 2839 372 2864 οὐκ
387 2838 416 2863 ἐν
426 2836 513 2872 τούτῳ
531 2836 560 2863 δὲ
573 2836 612 2872 τῷ
625 2837 740 2873 κινδύνῳ
753 2837 842 2872 μόνον,
859 2838 927 2866 ἀλλὰ

113 2877 150 2903 κᾶν
159 2879 229 2911 νόσος
239 2879 393 2915 καταλάϐῃ,
401 2879 453 2906 κᾶν
466 2878 589 2910 θάνατος,
601 2879 653 2905 κᾶν
662 2878 725 2906 ἀλλο
736 2887 762 2905 τι
775 2879 830 2906 τῶν
840 2880 927 2907 τοιού-

114 2926 162 2951 των,
174 2921 315 2956 ἐλέγχεται
332 2920 388 2947 τῶν
403 2920 552 2956 χρημάτων
570 2921 587 2956 ὴ
608 2919 723 2957 δύναμις
739 2921 925 2957 ἀπορουμένη,

133 2985 187 3021 flii;
195 2988 328 3021 ἀπόλαυσιν
337 2989 410 3013 deest
421 2989 446 3012 in
459 2988 533 3021 quil.
545 2992 570 3014 et
580 2990 604 3014 in
614 2989 707 3021 aliquot
716 2998 773 3016 mss.

133 3014 220 3043 δςεινὶί.
232 3023 258 3042 el
274 3020 375 3050 quidam
392 3026 451 3043 mm.
469 3020 512 3043 οὐκ
528 3020 576 3044 ἐστι
589 3014 664 3050 κοινά,
679 3014 802 3047 ιιδὲἒιξοι
814 3024 854 3049 alii
866 3024 923 3049 οὐκ·

113 3052 136 3069 [τι
153 3051 221 3073 loud.
238 3050 291 3073 Mox
307 3050 384 3072 Smil.
399 3050 462 3070 τίνα’
473 3050 512 3069 (ἐν
525 3051 610 3068 Rm”...
626 3052 676 3067 νι..
696 3053 757 3065 -ῖ,,-.
775 3055 784 3064 ς

592 217 637 245 AD
657 217 823 246 POPULUM
843 216 1095 245 ANTIOCHENUM
1117 215 1235 245 IIOMIL.
1256 212 1289 244 Ιί.

1791 220 1826 248 4τῦ

984 274 1031 301 καὶ
1049 274 1184 310 μηδεμίαν
1200 275 1299 310 ἔχουσα
1312 275 1489 311 παραμυθίαν
1501 276 1557 309 τοῖς
1576 277 1770 313 συμϐαίνουσιν
1785 279 1824 304 οῖ-

985 316 1064 343 κοθεν
1077 316 1272 350 ἐπιδείξασθαι.
1288 317 1337 343 ’Ἐν
1352 317 1427 344 ἐστιν
1443 317 1457 344 ὃ
1471 318 1544 345 δοκεῖ
1557 319 1607 354 τῆς
1620 320 1716 351 πενίας
1730 320 1825 347 πλεον-

984 360 1074 385 εκτεῖν
1092 359 1107 385 6
1128 358 1252 390 πλοῦτος,
1269 358 1299 385 τὸ
1313 359 1419 394 τρυφᾷν
1435 359 1496 386 καθ’
1515 361 1634 396 ἡμέραν,
1656 362 1705 389 καὶ
1724 362 1826 397 noni;

983 400 1162 435 ἐμφορεῖσθαι
1176 401 1204 426 ἐν
1215 402 1271 432 τοῖς
1284 401 1447 435 συμποσίοις
1458 401 1508 437 τῆς
1519 402 1623 439 ἡδονῆς.
1638 404 1723 431 Τοῦτο
1733 405 1825 439 μέντοι

983 443 1029 469 καὶ
1049 443 1096 469 ἐπὶ
1123 443 1173 478 τῆς
1193 442 1246 469 τῶν
1265 443 1392 478 πενήτων
1418 443 1558 479 τραπέζης
1579 446 1728 480 συμϐαῖνον
1750 447 1824 473 ἐστιν

984 485 1058 517 ἰδεῖν,
1080 485 1128 512 καὶ
1152 485 1275 520 μείζονος
1300 485 1411 516 τούτους
1436 484 1622 518 ἀπολαύοντας
1645 487 1742 524 ἡδονῆς
1768 489 1824 516 τῶν

982 527 1169 554 πλουτούντων
1190 527 1327 554 ἁπάντων.
1349 527 1405 553 Καὶ
1427 527 1465 562 μὴ
1489 526 1659 563 θαυμάσητε,
1683 530 1750 565 μηδέ
1771 539 1823 556 πα-

984 569 1092 604 ράδοξον
1106 566 1177 595 εἶναι
1188 568 1318 604 νομίσητε
1333 568 1363 595 τὸ
1380 568 1542 604 λεγόμενονσ
1556 569 1612 603 ἐγὼ
1627 570 1681 606 γάρ
1695 571 1724 604 ἐξ
1738 572 1823 607 αὐτῆς

982 611 1046 645 ὑμῖν
1064 610 1143 637 τοῦτο
1157 611 1206 644 τῆς
1220 610 1273 636 τῶν
1292 609 1464 646 πραγμάτων
1477 610 1641 643 ἀποδείξεως
1656 613 1760 648 ποιήσω
1774 613 1823 647 δῆη

982 653 1038 679 λον.
1053 653 1126 678 Ἴστε
1147 651 1202 687 γὰρ
1213 651 1300 687 δήπου
1316 651 1395 678 τοῦτο
1412 652 1459 679 καὶ
1475 653 1681 688 συνομολογεῖτε
1706 654 1823 686 πάντες,

982 694 1022 721 ὅτι
1038 694 1086 730 τὴν
1107 694 1204 730 ἡδονὴν
1218 694 1247 720 ἐν
1264 695 1325 726 ταῖς
1344 694 1499 722 ἑστιάσεσιν
1512 695 1561 731 οὐχ
1574 696 1592 731 ἡ
1607 696 1688 731 φύσις
1702 697 1756 723 τῶν
1767 697 1824 723 ἐδε-

984 736 1105 772 σμάτων,
1124 735 1180 762 ἀλλ’
1193 736 1209 771 ἠ
1223 735 1344 767 διάθεσις
1357 735 1412 762 τῶν
1425 732 1599 772 ἑστιωμένων
1612 739 1698 765 ποιεῖν
1709 737 1805 764 εἴωθεν
1815 747 1822 755 ·

981 775 1038 805 οἷόν
1051 787 1076 805 τι
1093 778 1180 813 λέγω·
1205 778 1274 813 μετὰ
1293 777 1340 804 τοῦ
1365 778 1460 814 πεινῇν
1483 787 1526 810 τις
1548 779 1701 815 ἁπτόμενος
1717 781 1822 816 τραπέ-

982 821 1044 856 ζης,
1063 820 1164 852 παντὸς
1176 819 1243 854 δψου
1257 819 1304 846 καὶ
1321 819 1477 855 ἡδύσματος
1493 820 1541 847 καὶ
1562 821 1667 856 μυρίων
1686 830 1823 856 καρυκευ-

983 863 1076 897 μάτων
1088 863 1162 898 ἣδιον
1176 862 1276 897 ἅψεται
1292 861 1342 897 τῆς
1369 861 1485 897 τροφῆς,
1502 862 1554 888 κᾶν
1574 862 1702 889 ἁπάντων
1716 863 1823 890 εὐτελε-

983 904 1066 940 στέρα
1127 905 1142 931 6
1157 903 1185 930 δὲ
1202 903 1239 939 μὴ
1249 903 1299 938 τὴν
1314 902 1410 938 χρείαν
1421 902 1579 937 ἀναμένων,
1597 903 1664 938 μηδέ
1679 904 1822 939 ὑπομένων

982 946 1108 981 πεινῆσαι
1121 945 1241 982 πρῶτον,
1252 945 1321 980 ὅπερ
1338 945 1362 971 οῑ
1380 943 1558 976 πλουτοῦντες
1570 944 1687 978 ποιοῦσι,
1701 946 1747 973 καὶ
1761 946 1822 973 τότε

982 988 1029 1014 ἐπὶ
1047 988 1097 1023 τὴν
1120 986 1260 1023 τράπεζαν
1279 986 1377 1018 ἐλθεῖν,
1393 985 1444 1012 κᾶν
1459 986 1631 1018 πλακοῦντας
1643 987 1711 1024 εὕρῃ
1729 987 1823 1023 κειμέ-

981 1037 1054 1060 νους,
1071 1028 1122 1055 οὐκ
1134 1027 1297 1063 αἰσθήσεται
1312 1027 1362 1062 τῆς
1376 1026 1484 1061 ἡδονῆς,
1499 1026 1550 1062 τῆς
1561 1026 1677 1063 ὀρέξεως
1694 1028 1768 1064 αὐτῷ
1783 1029 1821 1065 μὴ

981 1069 1206 1105 διεγηγερμένης.
1228 1068 1282 1095 Καὶ
1302 1068 1345 1094 ἴνα
1369 1067 1468 1104 μάθῃς,
1490 1067 1531 1095 ὅτι
1551 1067 1630 1095 τοῦτο
1651 1069 1744 1096 τοῦτον
1765 1070 1821 1105 εχει

981 1110 1029 1138 τὸν
1043 1111 1153 1146 τρόπον,
1171 1110 1309 1146 μάρτυρες
1332 1109 1381 1144 μὲν
1395 1109 1443 1135 καὶ
1461 1109 1541 1144 ὑμεῖς
1561 1109 1676 1142 πάντες·
1699 1111 1822 1138 ἀκούσω-

983 1161 1033 1188 μεν
1057 1152 1086 1180 δὲ
1104 1152 1212 1187 καὶτῆς
1236 1151 1348 1186 Γραφῆς
1371 1150 1438 1177 αὐτὸ
1459 1150 1539 1178 τοῦτο
1560 1151 1709 1187 λεγούσης·
1736 1153 1821 1186 Ψυχὴ

980 1193 1036 1227 γὰρ
1049 1193 1299 1228 ἐμπεπλησμένη,
1313 1192 1390 1227 φησὶ,
1404 1192 1522 1225 κηρίοις
1535 1191 1677 1226 ἐμπαίζει,
1687 1192 1772 1227 ψυχῇ
1787 1193 1822 1219 δὲ

980 1232 1076 1260 ἐνδεεῖ
1091 1234 1140 1261 καὶ
1162 1234 1198 1261 τὰ
1210 1234 1301 1267 πικρὰ
1311 1233 1445 1267 γλυκερὰ
1457 1233 1604 1267 φαίνεται.
1619 1233 1714 1260 Καίτοι
1726 1234 1752 1260 τί
1769 1243 1820 1269 κη-

981 1274 1040 1309 ρίου
1057 1275 1105 1301 καὶ
1118 1275 1228 1310 μέλιτος
1241 1274 1409 1309 γλυκύτερον
1423 1273 1522 1308 γένοιτ’
1538 1273 1586 1308 iv;
1603 1274 1660 1301 ἀλλ’
1678 1275 1728 1302 οὐκ
1746 1275 1820 1304 ἐστιν

981 1316 1030 1351 ἡδὺ
1044 1316 1083 1351 τῷ
1099 1316 1137 1352 μὴ
1153 1316 1290 1349 πεινῶντι,
1312 1315 1394 1351 φησί·
1416 1316 1442 1342 τί
1456 1315 1485 1342 δὲ
1498 1315 1553 1342 τῶν
1570 1315 1680 1351 πικρῶν
1692 1316 1820 1352 ἀηδέστε-

982 1365 1027 1393 ρον
1037 1366 1044 1390 ;
1056 1357 1113 1384 ἀλλ’
1125 1357 1183 1384 ἐστι
1195 1357 1298 1391 γλυκέα
1309 1358 1365 1388 τοῖς
1379 1357 1408 1384 ἐν
1429 1357 1519 1392 ἐνδείᾳ
1533 1357 1743 1392 καθεστηκόσιν.
1758 1358 1820 1386 ’Ὁτι

979 1398 1008 1425 δὲ
1022 1399 1048 1425 οἱ
1061 1398 1176 1434 πένητες
1199 1398 1270 1434 μετὰ
1292 1398 1342 1433 τῆς
1362 1398 1458 1434 χρείας
1482 1398 1529 1425 καὶ
1550 1398 1598 1425 τοῦ
1621 1401 1717 1435 πεινῇν
1728 1399 1774 1428 ἐπὶ
1789 1400 1821 1427 τὸ

980 1440 1095 1476 πρᾶγμα
1116 1440 1256 1476 ἔρχονται,
1277 1441 1303 1466 οἱ
1324 1440 1353 1466 δὲ
1377 1439 1558 1479 πλουτοῦντες
1578 1439 1629 1467 οὐκ
1652 1439 1819 1476 ἀναμένουσι

979 1481 1068 1514 τοῦτο,
1084 1482 1165 1510 παντί
1177 1491 1227 1509 που
1240 1479 1322 1518 δῆλόν
1337 1483 1410 1509 ἐστιν
1420 1490 1426 1497 ·
1443 1481 1504 1508 ὅθεν
1522 1478 1582 1509 οὐδὲ
1592 1480 1706 1517 γνησίαν
1722 1482 1819 1509 καὶεί-

979 1523 1088 1560 λικρινῆ
1103 1521 1272 1560 καρποῦνται
1286 1524 1336 1559 τῆν
1347 1523 1454 1559 ἡδονήν.
1470 1523 1527 1550 Οὐκ
1540 1522 1586 1550 ἐπὶ
1599 1523 1654 1550 τῶν
1662 1524 1821 1559 ἐδεσμάτων

979 1565 1008 1592 δὲ
1027 1566 1116 1601 μόνον,
1127 1565 1195 1593 ἀλλά
1206 1566 1254 1593 καὶ
1264 1566 1310 1592 ἐπὶ
1323 1565 1377 1592 τῶν
1391 1565 1482 1592 ποτῶν
1498 1564 1577 1592 τοῦτο
1588 1565 1654 1592 αὐτὸ
1667 1566 1817 1601 συμϐαῖνον

981 1606 1030 1634 ῐδοι
1040 1616 1083 1640 τις
1099 1607 1131 1634 ἀν
1141 1616 1148 1623 ·
1164 1607 1211 1635 καὶ
1226 1607 1320 1642 ὥσπερ
1336 1607 1395 1634 ἐκεῖ
1410 1602 1440 1633 τὸ
1456 1608 1550 1643 πεινῇν
1561 1607 1614 1643 πρὸ
1627 1608 1676 1643 τῆς
1689 1607 1743 1634 τῶν
1760 1607 1818 1634 ἐδε-

981 1649 1092 1684 σμάτων
1109 1649 1216 1684 φύσεως
1232 1649 1329 1685 ἡδονὴν
1342 1648 1488 1684 ἐργάζεται
1504 1654 1515 1668 ε
1526 1658 1534 1665 ’
1552 1647 1624 1676 οὕτω
1639 1649 1686 1676 καὶ
1699 1648 1818 1676 ἐνταῦθα

979 1691 1010 1718 τὸ
1031 1691 1110 1727 διψῇν
1134 1688 1242 1727 ἥδιστον
1265 1692 1352 1718 ποιεῖν
1366 1691 1444 1718 εἴωθε
1460 1690 1490 1717 τδ
1502 1690 1593 1725 ποτδν,
1608 1691 1660 1718 κᾶν
1675 1690 1746 1727 ὕδωρ
1788 1691 1818 1717 τὺ

979 1733 1124 1768 πινόμενον
1138 1733 1228 1768 μόνον.
1243 1733 1297 1760 Καὶ
1307 1732 1387 1759 τοῦτο
1405 1732 1470 1759 αὐτὸ
1489 1733 1503 1760 ό
1519 1733 1663 1768 προφήτης
1676 1732 1817 1767 ἐμφαίνων

980 1774 1083 1808 ἐλεγεν⁹
1105 1775 1156 1801 Ἐκ
1177 1774 1286 1808 πέτρας
1304 1773 1375 1808 μέλι
1393 1774 1560 1808 ἐχόρτασεν
1578 1774 1700 1806 αὐτούς.
1721 1774 1817 1800 Καίτοι

980 1815 1051 1842 τοῦτ’
1062 1814 1180 1850 οὐδαμοῦ
1193 1816 1241 1850 τῆς
1253 1816 1271 1841 Γ
1274 1815 1362 1850 ραςρῆς
1375 1815 1542 1851 ἀνέγνωμεν,
1551 1815 1592 1842 ὅτι
1603 1815 1663 1850 μέλι
1672 1815 1704 1841 ἐκ
1714 1814 1817 1850 πέτρας

979 1855 1114 1891 ἐξήγαγεν
1126 1857 1140 1882 6
1150 1856 1262 1890 Μωσῆς,
1274 1856 1341 1883 ἀλλά
1352 1856 1490 1891 πανταχοῦ
1501 1856 1642 1892 ποταμοὺς
1665 1856 1712 1882 καὶ
1732 1855 1817 1882 ὕδατα

980 1898 1027 1925 καὶ
1044 1897 1136 1932 ψυχρά
1148 1898 1267 1933 νάματα.
1284 1895 1317 1924 Τί
1330 1899 1390 1924 ποτ’
1401 1897 1448 1925 οὖν
1462 1898 1560 1925 ἐστιτὺ
1577 1897 1740 1933 λεγόμενον;
1755 1898 1816 1924 οὺδέ

979 1938 1035 1974 γὰρ
1048 1938 1176 1973 ψεύδεται
1189 1940 1206 1974 ἡ
1215 1939 1318 1974 Τραφή
1331 1947 1336 1953 ·
1353 1938 1446 1974 ἐπειδὴ
1462 1938 1517 1974 γὰρ
1532 1938 1663 1974 διψῶντες
1677 1939 1723 1966 καὶ
1733 1947 1818 1966 κατα-

979 1980 1141 2016 πονούμενοι
1161 1979 1175 2000 ἀ
1197 1982 1230 2015 τῇ
1253 1980 1354 2015 ἐνδείᾳ,
1365 1980 1542 2016 ψυχροτέροις
1558 1981 1742 2016 προσέπιπτον
1760 1982 1816 2012 τοῖς

979 2022 1092 2058 νάμασι,
1108 2022 1157 2057 τὴν
1172 2022 1267 2057 ἡδονὴν
1282 2021 1332 2058 τὴν
1348 2022 1381 2048 ἐκ
1403 2021 1450 2048 τοῦ
1473 2022 1554 2049 ποτοῦ
1568 2022 1744 2058 παραστῆσαι
1757 2021 1816 2057 βου-

978 2063 1102 2098 λόμενος,
1118 2063 1180 2098 μέλι
1192 2063 1222 2089 τδ
1236 2063 1307 2099 ὕδωρ
1318 2063 1457 2095 ἐκάλεσεν,
1468 2063 1517 2098 οὐχ
1528 2063 1566 2094 ὡς
1580 2063 1630 2098 τῆς
1645 2062 1753 2097 φύσεως
1769 2072 1816 2099 με-

977 2104 1158 2139 ταϐληθείσης
1173 2105 1213 2136 εἰς
1233 2104 1302 2139 μέλι.
1320 2104 1376 2131 ἀλλ’
1392 2104 1430 2136 ὡς
1446 2104 1494 2140 τῆς
1507 2103 1653 2137 διαθέσεως
1664 2104 1722 2140 [52]
1741 2105 1816 2140 μέλι-

977 2154 1023 2177 τος
1039 2145 1105 2178 ἡδίω
1118 2144 1248 2181 ποιούσης
1266 2146 1358 2172 ἐκεῖνα
1369 2145 1404 2172 τὰ
1421 2146 1540 2181 νάματα.
1557 2145 1678 2181 Ἔμαθες
1693 2145 1752 2177 πῶς
1769 2147 1816 2173 καὶ

978 2188 1059 2214 ποτὸν
1071 2187 1121 2223 ἡδὺ
1139 2188 1227 2214 ποιεῖν
1239 2187 1334 2214 εἴωθεν
1348 2187 1429 2223 ἡτῶν
1441 2186 1580 2222 διψώντων
1595 2187 1731 2220 διάθεσις;
1747 2187 1815 2214 Πολ-

979 2229 1020 2256 λοὶ
1037 2229 1102 2263 γοῦν
1117 2228 1247 2260 πολλάκις
1262 2227 1378 2264 πένητες
1391 2227 1551 2263 κάμνοντες,
1570 2228 1617 2255 καὶ
1640 2228 1816 2264 ταλαιπωρη-

978 2270 1079 2303 θέντες,
1094 2270 1141 2297 καὶ
1150 2269 1189 2306 τῷ
1202 2269 1275 2305 δίψει
1289 2269 1506 2304 καταφλεγέντες
1523 2275 1546 2302 ο,
1557 2269 1627 2305 μετά
1636 2270 1688 2305 τῆς
1699 2271 1814 2307 είρημέ-

976 2321 1026 2348 νης
1037 2311 1135 2348 ἡδονῆς
1147 2311 1202 2338 τῶν
1212 2310 1340 2338 τοιούτων
1353 2311 1484 2347 μετέσχον
1497 2311 1626 2347 ναμάτων
1635 2320 1642 2328 ·
1655 2312 1679 2338 οί
1692 2312 1721 2339 δε
1733 2312 1816 2339 πλου-

977 2354 1088 2387 τοῦντες
1104 2352 1175 2382 οἶνον
1194 2353 1270 2389 ἡδὺν,
1290 2354 1338 2381 καὶ
1359 2353 1519 2389 ἀνθοσμίαν,
1535 2353 1583 2380 καὶ
1603 2354 1694 2381 πᾶσαν
1713 2353 1814 2390 ἀρετὴν

977 2396 1073 2432 ἔχοντα
1088 2396 1140 2432 τὴν
1157 2396 1186 2423 ἐν
1206 2394 1270 2431 οἴνῳ
1287 2394 1426 2427 λαϐόντες,
1443 2395 1494 2422 οὐκ
1514 2394 1629 2431 ᾔσθοντο
1655 2395 1704 2431 τῆς
1729 2395 1814 2432 αὐτῆς

977 2437 1156 2474 εὐφροσύνης.

1012 2483 1048 2516 η’.
1068 2478 1154 2506 Τοῦτο
1167 2478 1214 2506 καὶ
1228 2478 1274 2506 ἐπὶ
1287 2478 1334 2506 τοῦ
1346 2478 1431 2506 ὕπνου
1445 2478 1586 2514 γινόμενον
1601 2478 1649 2505 ῖδοι
1659 2487 1701 2510 τις
1715 2479 1758 2506 ἄν.
1774 2479 1812 2506 Οὒ

976 2520 1031 2556 γὰρ
1051 2521 1143 2556 ἁπαλὴ
1167 2520 1314 2557 στρωμνὴ,
1337 2520 1398 2547 οὐδὲ
1425 2519 1620 2556 ἀργυρένδετος
1640 2519 1728 2554 κλίνη,
1750 2519 1812 2546 οὐδὲ

976 2562 1076 2598 ἡσυχία
1087 2562 1158 2590 κατά
1169 2562 1201 2589 τὸ
1213 2562 1348 2598 δωμάτιον
1358 2562 1498 2597 γινομένη,
1512 2562 1572 2588 οὐδὲ
1584 2562 1648 2589 ἀλλο
1658 2561 1711 2588 τῶν
1725 2561 1812 2588 τοιού-

975 2612 1029 2630 των
1045 2603 1121 2630 οὐδὲν
1135 2604 1181 2630 τὸν
1196 2603 1280 2630 ὕπνον
1293 2604 1396 2638 γλυκὺν
1411 2603 1458 2630 καὶ
1469 2603 1591 2639 προσηνῆ
1603 2604 1689 2629 ποιεῖν
1705 2603 1812 2634 εἴωθεν,

975 2645 1013 2677 ὼς
1034 2645 1064 2671 τὸ
1079 2645 1218 2672 πονεῖσθαι
1233 2645 1280 2672 κα)¹
1297 2645 1411 2680 κάμνειν
1426 2645 1472 2671 καὶ
1488 2644 1633 2680 δεομένους
1646 2643 1730 2670 ὕπνου
1745 2644 1812 2678 σφό-

974 2687 1026 2722 δρα
1046 2687 1094 2716 καὶ
1111 2686 1292 2719 νυστάζοντας
1317 2686 1541 2713 κατακλίνεσθαι’
1569 2685 1615 2712 καὶ
1641 2685 1719 2712 τοῦτο
1746 2685 1812 2712 αὐτὸ

977 2729 1111 2764 μαρτυρεῖ
1125 2729 1174 2764 μέν
1184 2729 1232 2755 καὶ
1245 2729 1263 2763 ἡ
1277 2728 1331 2754 τῶν
1345 2728 1517 2764 πραγμάτων
1532 2728 1624 2762 πεῖρα,
1640 2725 1812 2762 μαρτυρεῖδὲ

975 2770 1024 2797 καὶ
1041 2769 1095 2805 πρὸ
1106 2771 1156 2806 τῆς
1169 2770 1224 2796 τῶν
1237 2770 1408 2805 πραγμάτων
1422 2770 1520 2804 πείρας
1537 2769 1584 2796 καὶ
1596 2770 1614 2804 ἡ
1626 2768 1679 2794 τῶν
1694 2766 1812 2803 Γραφῶν

975 2812 1121 2848 ἀπόφασις.
1139 2814 1168 2840 '0
1178 2814 1233 2848 γὰρ
1242 2815 1275 2849 τῇ
1284 2816 1374 2849 τρυφῇ
1384 2813 1616 2849 συναναστραιρεὶς
1629 2811 1753 2847 Σολομὼν
1763 2811 1811 2838 αὒ-

975 2854 1004 2881 τὸ
1010 2854 1089 2881 τοῦτο
1097 2855 1216 2889 δηλῶσαι
1222 2855 1382 2891 βουλόμενος
1389 2855 1490 2889 ἐλεγεν¹
1500 2854 1586 2888 Ἡδὺς
1594 2854 1690 2887 ὕπνος
1698 2854 1736 2886 τῷ
1747 2853 1812 2880 δού-

975 2897 1029 2929 λῳ,
1043 2896 1082 2923 ᾶν
1089 2905 1121 2924 τε
1128 2897 1232 2931 ὀλίγον
1242 2896 1280 2923 ἄν
1291 2905 1324 2923 τε
1337 2897 1417 2924 πολὺ
1429 2896 1520 2931 φάγῃ.
1532 2896 1609 2928 Τίνος
1620 2896 1712 2924 ἕνεκεν
1727 2903 1811 2930 προσ-

977 2937 1085 2973 έθηκεν,
1105 2938 1156 2966 Ἂν
1182 2946 1214 2965 τε
1232 2938 1346 2973 ὀλίγον,
1359 2939 1398 2965 ἄν
1410 2946 1441 2965 τε
1451 2938 1531 2965 πολὺ
1541 2937 1643 2974 φάγῖυ
1657 2937 1812 2973 Ἀμφότεροι

1007 2995 1019 3026 ς
1036 2994 1113 3026 βσνὶι.
1130 2995 1256 3026 εἰργάζετο.

1004 3024 1019 3067 ξ
1028 3024 1260 3080 Sf‘villl.eo‘3l'dglidam
1270 3032 1328 3050 mss.
1339 3025 1538 3052 κατατεινόμεναι,
