1984 3110
148 129 177 157 l5
630 133 675 161 AD
695 133 856 162 POPULUM
877 133 955 162 ANTI

1015 134 1122 163 IENUM
1154 135 1270 163 [ιωιιι.
1291 133 1323 166 ll.
1760 136 1794 164 66

147 187 200 213 ιιι-ς
218 193 285 213 vero
299 186 458 216 anhelitum
473 197 582 225 angens,
595 193 622 217 et
636 190 748 224 elidens,
760 195 786 218 et
801 190 898 218 multos
911 191 951 218 in-

147 231 233 258 ferens
247 230 381 266 dolores;
408 234 456 261 sed
481 239 551 261 tanta
573 239 614 262 est
632 235 753 263 laborum
768 236 908 269 medicina,
924 239 953 263 ut

145 276 246 304 etiamsi
261 276 323 305 ha-c
337 279 423 307 ambo
438 280 536 314 adsint,
547 288 640 308 servus
649 281 766 309 dormire
780 281 872 317 possit.
885 282 952 315 Quia

145 321 215 349 enim
227 322 303 349 servi
327 327 389 352 tota
407 324 452 353 die
470 326 567 360 ubique
583 326 822 358 circumcursitant,
838 326 954 354 dominis

145 368 199 394 suis
211 368 417 403 ministrantes,
432 372 596 406 vapulantes.
611 373 773 406 laborantes,
787 378 813 401 et
826 381 860 401 ne
873 373 952 401 mini-

145 420 216 440 mum
229 413 346 449 quidem
359 417 535 452 respirantes,
544 417 910 447 sufﬁcientemlassitudinum
925 424 954 447 et

146 459 266 487 laborum
283 460 400 490 illorum
414 463 613 491 retributionem
628 464 745 500 capiunt,
759 465 783 492 in
795 465 953 493 dormiendo

146 505 325 541 voluptatem.
339 508 378 536 Et
390 508 443 537 hoc
457 509 503 538 Dei
516 510 678 545 benignitate
691 510 788 538 factum
799 516 850 544 est,
861 515 887 538 ut
899 519 952 538 non

146 559 210 580 auro
220 557 249 580 et
260 558 394 588 argento,
405 555 453 583 sed
468 556 568 587 labore,
577 561 604 583 ct
616 564 746 589 mrumna,
757 562 784 584 ct
796 558 954 585 necessitate

149 602 174 624 et
186 599 262 626 olitni
274 598 427 634 disciplina
441 601 590 635 voluptates
603 602 655 629 emi
668 602 783 629 valeant.
804 603 838 629 At
851 610 903 629 non
919 602 954 629 ita

148 644 243 672 divites
255 653 262 671 :
278 646 330 673 sed
348 647 442 674 stratis
452 647 576 674 mollibus
583 647 712 682 jacentes,
722 648 857 675 multoties
872 652 954 674 totatn

149 694 254 716 noctem
270 690 380 718 ducunt
396 691 564 725 insomnem,
579 697 606 719 et
619 692 700 720 multa
713 692 895 720 machinanles
909 693 954 720 tali

151 745 201 763 nun
217 735 350 765 fruuntur
363 739 511 774 voluptate.
527 739 631 774 Pauper
647 744 736 768 autem
752 748 785 768 ex
799 740 901 768 diurnis
914 741 955 768 la-

151 782 260 809 boribus
276 790 408 818 surgens,
422 784 567 820 defatigata
589 785 691 814 habens
710 786 829 814 membra
841 806 848 819 ,
870 787 957 821 prius-

151 837 230 864 quam
246 831 419 865 recubuerit,
435 832 566 867 integrum
585 837 612 860 et
632 840 740 860 suavem
759 837 786 860 et
808 832 955 868 legitimum

152 883 277 903 somnum
298 877 434 912 suscipit,
448 886 502 906 non
517 878 638 913 exiguam
653 883 680 906 et
693 878 760 906 hanc
770 878 903 914 justorum
915 878 956 905 la-

154 922 247 949 borum
267 923 385 957 capiens
406 924 570 952 mercedem.
596 925 662 952 Cum
684 924 762 960 igitur
778 932 838 953 cum
862 924 956 960 majori

153 968 290 1002 voluptate
306 976 414 1004 pauper
424 974 451 997 et
462 970 576 997 dormiat
591 976 618 998 et
629 970 702 998 bibat
716 975 743 998 et
757 970 890 1003 comedat,
904 977 956 1005 qua

154 1015 236 1049 gratia
248 1020 339 1043 erunt
352 1016 469 1051 amplius
481 1016 582 1044 divitize
593 1016 690 1052 dignm,
707 1024 785 1052 quam
799 1016 958 1045 videbantur

154 1067 232 1094 supra
247 1065 438 1095 paupertatem
453 1062 652 1096 praerogativam
675 1062 773 1090 habere
783 1083 790 1095 ,
810 1062 860 1089 hac
877 1062 957 1090 etiam

155 1105 285 1140 privatas?
301 1105 450 1141 Propterea
466 1111 493 1134 et
508 1107 541 1134 ab
554 1107 629 1134 initio
641 1107 709 1134 Deus
724 1107 825 1134 homini
839 1106 957 1134 laborem

155 1151 285 1186 alligavit,
301 1159 360 1179 non
372 1152 484 1187 puniens
498 1160 583 1187 neque
593 1153 679 1187 ipsum
691 1152 888 1188 castigans,sed
899 1159 959 1179 cor-

157 1196 245 1231 rigens
259 1204 293 1224 ac
309 1197 423 1225 docens.
437 1198 550 1231 Quando
561 1198 739 1226 illaboriosatu
752 1199 832 1226 vitam
847 1198 960 1234 degebat

158 1242 255 1276 Adam,
272 1243 403 1278 paradiso
421 1243 520 1272 excidit
534 1253 541 1271 :
555 1244 662 1279 quando
678 1244 836 1272 laboriosam
849 1249 876 1272 et
888 1252 958 1271 atru-

159 1295 282 1316 mnosam
302 1289 402 1317 Paulus
412 1290 507 1325 agebat
518 1291 610 1323 vitam,
622 1298 654 1318 ac
667 1290 781 1323 dicebat,
794 1290 827 1317 In
841 1291 927 1318 labare
936 1294 960 1318 et

160 1338 281 1358 erumna
288 1330 321 1364 (Ξ
328 1328 439 1357 Con“.
448 1329 494 1365 2'1)
506 1334 578 1358 nocte
592 1334 617 1358 et
631 1330 675 1358 die
688 1338 799 1365 operam
808 1330 832 1366 (l
840 1351 846 1358 .
858 1330 948 1358 Thess.

161 1375 188 1402 6.
202 1375 326 1409 9),tunc
349 1375 376 1402 in
392 1375 548 1410 paradisum
564 1380 658 1410 raptus
677 1380 728 1409 est,
742 1379 770 1404 et
792 1376 901 1404 tertium
923 1377 949 1404 in

162 1420 261 1447 coelum
274 1420 413 1447 ascendit.
429 1419 468 1447 Ne
481 1420 563 1455 igitur
580 1420 700 1448 laborem
716 1429 889 1457 respuamus,
903 1429 953 1449 nec

162 1466 353 1500 operationem
371 1466 564 1500 vituperemus.
578 1465 684 1493 Etenim
694 1472 757 1494 ante
766 1467 898 1494 caelorum
907 1475 952 1494 re-

163 1518 245 1545 gnum
254 1510 303 1538 hic
312 1511 460 1538 maximum
471 1511 592 1545 capimus
601 1513 752 1546 praemium,
761 1513 856 1547 exipsa
870 1521 898 1540 re
906 1521 952 1540 vo-

163 1555 296 1589 luptatem
308 1559 468 1584 sumentes:
480 1564 532 1583 non
543 1561 632 1584 autem
646 1557 811 1592 voluptatem
833 1563 951 1590 tantum,

164 1600 209 1627 sed
222 1605 259 1632 et,
271 1601 348 1636 quod
360 1601 446 1629 multo
456 1602 593 1636 voluptate
609 1603 698 1637 majus
711 1607 762 1635 est,
771 1604 950 1638 purissimam

164 1647 322 1675 sanitatem.
333 1647 435 1675 Divites
449 1649 521 1675 enim
535 1654 634 1684 praeter
648 1650 840 1678 insuavitatem
863 1652 955 1679 multa:

164 1691 343 1724 aegritudines
358 1692 498 1725 invadunt;
508 1700 640 1727 pauperes
655 1698 744 1721 autem
755 1702 770 1721 a
783 1695 951 1722 mediam-um

165 1735 293 1763 manibus
305 1736 442 1764 immunes
458 1741 530 1764 sunt.
542 1736 571 1765 Si
586 1745 649 1765 vero
664 1745 870 1773 nonnumquam
884 1743 911 1766 et
924 1739 952 1766 in

164 1780 355 1813 a‘grimdinem
365 1781 496 1814 incidant,
504 1782 578 1810 brevi
589 1783 694 1817 seipsos
706 1783 870 1817 instaurant,
878 1785 950 1812 mol-

165 1823 218 1850 lilit:
229 1825 309 1852 omni
327 1825 452 1857 liberi,et
465 1834 580 1863 c0rpora
596 1828 706 1856 robusta
723 1829 864 1858 habentes.

203 1890 350 1927 Paupertas
369 1892 497 1927 sapienter
514 1893 649 1929 ferentibus
670 1901 763 1929 magna
786 1894 916 1928 possessio.
928 1910 963 1915 —

169 1936 263 1972 Magna
275 1938 409 1972 possessio
416 1943 559 1974 paupertas
568 1940 702 1974 sapienter
713 1939 795 1974 ipsam
806 1940 960 1974 ferentibus,

169 1982 312 2011 thesaurus
333 1984 377 2019 qui
396 1989 510 2019 nequeat
532 1984 640 2018 auferri,
655 1985 763 2012 baculus
785 1985 962 2019 ﬁrmissimus,

169 2029 259 2057 damni
270 2037 367 2065 expers
378 2031 520 2066 possessio,
528 2031 702 2059 diversorium
712 2032 745 2059 ab
754 2031 856 2059 insidiis
866 2036 962 2059 tutum.

169 2076 202 2103 At
224 2077 395 2111 opprimitur,
411 2078 506 2112 inquit,
521 2085 637 2112 pauper;
660 2077 707 2105 sed
728 2078 845 2112 majores
855 2077 964 2105 insidias

169 2121 245 2149 dives
257 2123 366 2158 patitur.
379 2122 565 2151 Contemnitur
575 2131 675 2159 pauper
688 2128 715 2152 et
727 2124 895 2151 contumeliis
907 2123 965 2151 alti-

169 2167 255 2200 citur;
279 2167 325 2196 sed
339 2167 412 2195 diviti
428 2168 570 2196 invidetur.
585 2168 644 2196 Non
659 2173 711 2196 tam
725 2169 909 2204 expugnabilis
922 2173 965 2197 est

170 2221 274 2248 pauper
292 2222 372 2249 quam
393 2215 479 2249 dives,
495 2215 612 2243 inﬁnitas
631 2215 748 2250 undique
764 2220 791 2243 et
812 2215 918 2243 diabolo
937 2221 965 2243 et

170 2260 372 2288 insidiatoribus
392 2262 547 2290 occasiones
569 2262 707 2296 praebens,
732 2262 849 2290 omnium
872 2269 965 2290 servus

171 2312 282 2342 propter
300 2307 411 2335 multam
431 2315 522 2335 rerum
545 2307 732 2335 abundantiam
747 2316 753 2334 :
769 2307 796 2334 in
820 2307 963 2335 multorum

171 2352 317 2388 indigentia
332 2353 511 2386 constitutus,
528 2358 556 2381 et
576 2353 666 2381 multis
686 2353 788 2381 adulari
809 2354 923 2388 cogitur,
938 2357 966 2380 ct

169 2406 232 2425 enm
254 2398 338 2426 multa
362 2398 540 2427 illiberalitate
562 2399 680 2432 servire;
708 2407 810 2434 pauper
830 2403 919 2426 autem
942 2399 964 2426 si

171 2444 353 2479 philosophari
369 2445 446 2478 sciat,
461 2453 547 2480 neque
564 2445 599 2472 ab
618 2446 677 2480 ipso
696 2444 803 2472 diabolo
821 2445 965 2480 expugnari

172 2495 271 2526 potest.
293 2491 345 2519 Job
361 2491 440 2526 igitur
454 2495 480 2519 et
489 2496 551 2519 ante
567 2491 616 2519 hoc
630 2499 690 2518 cum
704 2491 777 2518 tortis
793 2496 873 2524 esset,
890 2495 964 2525 post-

170 2545 250 2572 quam
264 2537 354 2565 omnia
369 2537 468 2571 amisit,
485 2542 548 2564 tunc
568 2537 653 2565 factus
669 2541 711 2564 est
730 2537 832 2569 fortior,
846 2541 874 2564 ct
890 2544 966 2572 egre-

172 2584 242 2618 giam
257 2589 350 2612 contra
361 2583 496 2612 diabolum
512 2584 649 2611 victoriam
665 2584 818 2618 reportavit.
832 2583 965 2610 Prtetcrea

172 2639 234 2658 vero
250 2639 300 2659 nec
315 2631 440 2666 injuriam
455 2631 507 2665 pati
519 2638 619 2666 pauper
633 2634 735 2665 potest,
750 2630 772 2656 si
787 2628 965 2664 philosophari

172 2676 270 2704 scierit.
286 2677 363 2711 Quod
377 2677 449 2705 enim
465 2677 519 2704 dixi
531 2677 564 2704 dc
578 2677 721 2711 voluptate,
734 2676 803 2711 quod
821 2683 851 2704 ea
870 2683 922 2703 non
939 2676 965 2702 in

173 2723 291 2750 ciborum
315 2728 458 2758 apparatu,
482 2723 529 2750 sed
552 2723 578 2750 in
598 2722 792 2750 comedentimn
815 2722 849 2748 sit
869 2721 967 2748 all’ectu

173 2769 257 2803 posita
273 2779 281 2797 :
297 2769 350 2797 hoc
362 2775 390 2798 et
404 2770 438 2797 de
450 2769 610 2797 contumelia
626 2769 702 2800 dico,
717 2768 789 2803 quod
806 2766 966 2794 contumelia

174 2823 225 2842 non
239 2814 273 2843 ab
286 2815 459 2843 infcrcntium
470 2815 612 2847 sententia,
624 2815 670 2843 sed
681 2823 694 2842 a
705 2813 860 2850 patientium
871 2813 966 2840 allectu

175 2863 352 2891 constituatur
368 2861 411 2890 vel
423 2861 585 2889 destruatur.
596 2860 674 2890 Verbi
689 2860 785 2896 gratia,
797 2859 878 2886 multa
892 2858 965 2892 quis-

1008 192 1076 226 piam
1091 191 1116 218 in
1133 195 1157 218 te
1173 191 1249 218 lauda
1261 196 1339 226 atque
1348 191 1460 218 ncl‘anda
1470 191 1588 219 convicia
1598 190 1686 219 dixit?
1699 191 1721 218 si
1733 200 1796 218 cur.-

1007 236 1128 264 tumelias
1143 236 1280 269 derisor-is,
1294 236 1315 263 si
1330 237 1409 264 verba
1422 244 1475 264 non
1488 236 1633 272 acceperis,
1648 240 1673 264 ct
1687 236 1796 263 vulnere

1007 282 1129 317 superior
1138 282 1186 313 sis,
1194 281 1382 309 contumeliam
1398 289 1450 309 non
1462 289 1492 309 es
1505 289 1609 317 passus.
1625 282 1657 309 Et
1670 281 1798 317 quemad-

1006 328 1114 355 modum
1124 328 1146 355 si
1154 335 1250 362 corpus
1258 327 1458 355 adamanliuum
1473 328 1640 361 haberemus,
1655 329 1705 356 etsi
1720 328 1798 355 inuu-

1006 373 1088 400 meris
1112 373 1229 408 undique
1250 373 1311 400 telis
1330 377 1493 407 peterentur,
1515 380 1567 399 non
1586 378 1673 400 tamen
1689 373 1797 400 vulnera

1006 419 1186 453 reciperemus
1198 426 1204 444 :
1217 426 1269 445 non
1285 418 1356 446 enim
1370 425 1385 444 a
1398 425 1478 445 manu
1491 418 1542 445 tela
1556 423 1705 453 torquente,
1719 419 1766 446 sed
1783 427 1798 445 a

1007 464 1163 499 corporibus
1175 463 1336 498 patientibus
1349 464 1459 491 vulnera
1473 463 1538 491 llunt
1554 464 1611 491 :sie
1629 469 1655 492 et
1675 464 1727 496 hic,
1745 472 1797 491 non

1007 518 1021 537 a
1036 510 1208 545 pctulantium
1226 509 1329 537 insania
1340 529 1347 542 ,
1362 509 1408 537 sed
1421 517 1437 537 a
1453 509 1606 544 patientium
1618 510 1799 538 imbecillitate

1007 555 1112 590 injuria)
1124 561 1152 583 et
1163 554 1332 582 contumeliae
1343 555 1552 583 constituuntur.
1563 555 1591 583 Si
1601 557 1671 583 enim
1684 555 1799 590 phiioso-

1008 603 1083 637 phari
1098 603 1214 630 sciamus
1224 623 1231 636 ,
1246 610 1297 630 nec
1310 602 1471 630 contumelia
1488 602 1557 630 allici
1574 610 1714 638 possumus
1725 623 1733 636 ,
1751 611 1799 630 nec

1009 649 1153 684 quidquam
1168 656 1248 684 grave
1263 649 1326 684 pati.
1349 648 1451 684 Aliquis
1474 648 1598 683 injuriam
1620 649 1724 681 intulit,
1746 656 1799 676 non

1009 693 1115 721 sensisti
1130 701 1179 721 nec
1191 693 1316 721 doluisti?
1338 701 1392 720 non
1405 700 1434 721 es
1450 693 1572 728 injuriam
1590 700 1698 729 passus,
1714 694 1759 721 sed
1773 698 1801 722 ct

1010 740 1094 775 magis
1108 740 1275 775 percussisti,
1290 747 1369 775 quam
1387 747 1529 775 percussus
1539 747 1580 767 es.
1593 739 1660 767 Cum
1673 740 1744 767 enim
1755 739 1799 774 qui

1009 785 1197 814 contumeliam
1211 786 1308 819 intulit,
1323 786 1426 821 plagam
1443 793 1518 813 suam
1532 785 1564 813 ad
1580 786 1733 821 patientium
1744 786 1801 813 ani:

1009 841 1080 860 mam
1094 840 1146 860 non
1159 833 1358 868 pervenientem
1368 831 1474 864 viderit,
1488 831 1545 866 ipse
1557 831 1685 866 majorem
1699 831 1725 858 in
1740 839 1800 858 mo-

1009 878 1072 906 dum
1086 879 1209 907 roditur:
1224 883 1251 906 et
1265 878 1414 906 tacentibus
1424 877 1467 910 iis,
1482 878 1526 912 qui
1546 877 1734 905 contumeliam
1754 886 1801 912 pa-

1010 926 1120 956 tiuntur,
1133 929 1228 960 sponte
1235 924 1455 952 contumeliarum
1466 923 1541 959 plaga
1548 927 1640 951 contra
1652 923 1800 950 mittentem

1010 978 1138 999 conversa
1151 970 1273 998 infertur.

1045 1016 1073 1045 9.
1094 1016 1122 1043 ln
1143 1016 1267 1043 omnibus
1284 1015 1363 1051 igitur
1382 1015 1611 1052 philosopbemur,
1625 1013 1800 1046 dilectiSsimi,

1011 1066 1037 1089 et
1051 1061 1114 1089 nihil
1133 1069 1182 1089 nos
1201 1061 1288 1096 inopia
1308 1061 1405 1089 hedera
1424 1061 1544 1096 poterit:
1559 1060 1620 1095 quin
1642 1064 1668 1088 et
1687 1059 1803 1086 maxime

989 1142 992 1145 γ
1010 1107 1145 1141 adjuvabit
1158 1111 1185 1134 et
1195 1107 1324 1134 clariores
1335 1106 1438 1140 reddet,
1452 1111 1480 1134 et
1489 1106 1613 1134 omnibus
1624 1105 1750 1133 divitibus
1762 1112 1804 1132 co-

1012 1153 1151 1188 piosiores.
1165 1152 1233 1186 Quid
1244 1152 1326 1186 enim,
1341 1152 1383 1180 dic
1398 1152 1474 1184 mihi,
1486 1152 1561 1180 llelia
1572 1151 1734 1187 pauperius?
1749 1151 1802 1177 Sed

1011 1203 1152 1234 propterea
1165 1205 1259 1225 omnes
1268 1198 1364 1225 divites
1375 1197 1506 1231 vincebat,
1518 1197 1642 1232 quoniam
1655 1197 1693 1223 sic
1705 1204 1804 1231 pauper

1011 1251 1072 1271 cum
1085 1246 1167 1275 esset,
1182 1243 1266 1278 ipsam
1287 1245 1471 1277 paupertatem
1493 1249 1525 1269 ex
1549 1241 1646 1268 mentis
1667 1241 1803 1275 opulentia

1011 1290 1102 1325 elegit.
1125 1289 1256 1323 Quoniam
1280 1289 1353 1316 enim
1373 1295 1480 1316 omnem
1504 1287 1676 1323 pecuniarum
1699 1287 1804 1320 cepiam

1011 1335 1093 1362 animi
1114 1335 1154 1362 sui
1181 1333 1364 1369 magnitudine
1384 1341 1444 1361 esse
1463 1333 1564 1368 putavit
1579 1331 1743 1366 inferiorem,
1755 1339 1805 1358 nec

1013 1381 1178 1417 philosophia
1193 1389 1240 1408 sua
1253 1380 1359 1416 dignam
1375 1388 1382 1407 :
1397 1379 1458 1408 ideo
1472 1384 1570 1407 tantam
1586 1379 1739 1414 pauperiem
1752 1385 1806 1405 am-

1013 1428 1134 1462 plexatus
1147 1431 1198 1454 est.
1214 1426 1290 1460 Quod
1306 1427 1328 1453 si
1342 1433 1436 1460 magna
1451 1425 1592 1461 praesentia
1607 1428 1736 1459 putasset,
1751 1430 1804 1450 non

1012 1473 1096 1500 solam
1122 1472 1238 1500 meloten
1261 1471 1440 1507 possedisset;
1463 1470 1509 1498 sed
1532 1470 1567 1497 ita
1586 1470 1645 1497 vita:
1661 1469 1803 1496 vanitatem

1012 1518 1211 1550 condemnavit,
1234 1521 1261 1544 et
1281 1521 1415 1552 tamquam
1434 1516 1518 1543 lutum
1542 1515 1689 1550 projectum
1709 1522 1803 1542 aurum

1013 1572 1093 1592 omne
1103 1564 1234 1598 despexit,
1246 1568 1273 1590 ut
1286 1566 1382 1598 przctcr
1391 1562 1516 1589 amictum
1531 1562 1603 1588 illum
1618 1561 1682 1588 nihil
1693 1560 1806 1595 amplius

1014 1610 1172 1646 possideret.
1195 1609 1296 1637 Idcirco
1309 1616 1354 1636 rex
1370 1615 1486 1644 paupere
1500 1607 1635 1643 indigebat
1646 1627 1654 1640 ,
1675 1612 1701 1634 ct
1717 1606 1806 1633 verbis

1013 1656 1079 1684 nihil
1092 1656 1154 1692 plus
1167 1663 1246 1691 quant
1262 1653 1380 1682 meloten
1393 1653 1517 1681 habentis
1538 1652 1671 1685 inhiabat,
1685 1652 1730 1687 qui
1745 1657 1788 1678 tan
1798 1665 1804 1670 -

1014 1706 1070 1729 tum
1097 1700 1210 1728 habebat
1233 1700 1289 1726 auri
1304 1707 1312 1727 :
1326 1698 1395 1726 adeo
1416 1697 1580 1733 splendidior
1605 1705 1720 1732 purpura
1747 1700 1806 1723 erat

1013 1747 1128 1780 melote,
1149 1750 1176 1773 et
1194 1744 1327 1780 regalibus
1342 1744 1410 1771 aulis
1420 1743 1484 1779 justi
1500 1744 1636 1778 spelunca.
1662 1743 1805 1777 Propterea

1013 1799 1041 1823 et
1056 1794 1082 1821 in
1095 1793 1188 1821 celum
1199 1791 1357 1824 ascendens,
1369 1790 1434 1818 nihil
1448 1790 1518 1818 aliud
1532 1797 1611 1826 quam
1636 1789 1750 1817 meloten
1765 1788 1807 1815 di-

1014 1839 1117 1875 scipqu
1128 1838 1236 1874 reliquit
1250 1838 1287 1874 (4.
1299 1837 1362 1873 Reg.
1370 1837 1408 1873 2).
1421 1836 1486 1864 Cum
1499 1836 1559 1869 hac,
1576 1835 1669 1871 inquit,
1680 1843 1740 1863 cum
1751 1835 1807 1862 dia-

1015 1884 1078 1912 bolo
1090 1885 1215 1920 pugnavi,
1229 1888 1256 1911 et
1270 1887 1296 1911 tu
1310 1888 1404 1911 contra
1417 1883 1490 1910 illum
1506 1882 1575 1910 hanc
1587 1885 1749 1909 armaturam
1763 1888 1808 1908 ca-

1016 1925 1082 1965 pies.
1099 1930 1220 1958 Validum
1235 1929 1307 1957 enim
1320 1929 1400 1957 telum
1416 1928 1503 1963 inopia
1514 1949 1520 1959 ,
1538 1927 1741 1963 inexpugnabile
1758 1927 1807 1953 ha-

1016 1975 1172 2008 bitaculum,
1186 1980 1213 2003 et
1228 1975 1308 2002 turris
1321 1975 1491 2002 inconcussa.
1505 1973 1650 2008 Tamquam
1665 1973 1807 2000 maximam

1017 2021 1191 2048 hereditatem
1212 2021 1323 2048 Elisazus
1341 2020 1457 2047 meloten
1477 2020 1592 2053 suscepit
1609 2027 1615 2045 :
1632 2019 1730 2046 etenim
1745 2026 1808 2045 vere

1016 2066 1131 2094 maxima
1142 2064 1433 2098 l'uithmreditasmmni
1445 2071 1510 2091 auro
1523 2065 1530 2080 '
1544 2063 1694 2099 pretiosior.
1707 2063 1740 2090 Et
1751 2068 1808 2090 crat

1017 2111 1128 2147 posthac
1148 2111 1244 2147 duplex
1264 2111 1354 2139 Helias
1375 2110 1430 2143 ille,
1445 2110 1480 2137 ita
1496 2114 1524 2137 ut
1540 2117 1646 2136 sursum
1670 2108 1768 2140 llelias,
1782 2112 1809 2135 ct

1016 2158 1142 2185 deorsum
1157 2157 1246 2185 llclias
1258 2161 1340 2185 esset.
1360 2156 1426 2184 Novi
1440 2163 1487 2184 vos
1498 2156 1598 2190 justum
1613 2155 1686 2182 illum
1701 2155 1808 2182 beatum

1018 2209 1120 2239 putare,
1131 2203 1302 2238 singulosque
1313 2209 1411 2237 cupere
1423 2209 1483 2230 eum
1498 2201 1584 2236 ipsum
1598 2208 1668 2228 esse.
1679 2200 1746 2234 Quid
1759 2201 1808 2235 igi-

1018 2255 1071 2282 tur,
1087 2250 1109 2277 si
1124 2249 1200 2276 vobis
1209 2248 1428 2276 demonstravero
1439 2246 1509 2282 quod
1522 2246 1591 2273 aliud
1603 2247 1649 2274 illo
1659 2246 1743 2274 multo
1756 2254 1810 2273 ma-

1016 2297 1061 2331 jus
1074 2303 1169 2323 ountes
1181 2294 1265 2322 sacris
1275 2293 1409 2329 mysteriis
1425 2292 1516 2320 imbuti
1531 2292 1730 2327 receperimus?

1054 2340 1136 2368 Locus
1148 2340 1253 2376 insignis
1265 2340 1296 2367 de
1308 2339 1340 2367 S.
1358 2339 1526 2366 Eucharistiw
1540 2339 1650 2365 veritate.
1666 2352 1700 2358 ——
1720 2337 1810 2365 Ilelias

1019 2396 1114 2423 nempe
1128 2387 1243 2416 meloten
1256 2387 1388 2421 discipulo
1402 2386 1525 2421 reliquit;
1550 2385 1632 2413 Filius
1651 2391 1739 2413 autem
1763 2384 1809 2411 Dei

1019 2433 1181 2465 ascendens,
1198 2440 1273 2460 suam
1288 2432 1364 2460 nobis
1378 2439 1487 2459 carnem
1507 2431 1628 2465 reliquit;
1653 2430 1698 2458 sed
1722 2429 1810 2457 Ilelias

1019 2479 1125 2514 quidem
1141 2484 1237 2506 exutus
1250 2498 1257 2511 ,
1272 2477 1394 2505 Christus
1406 2481 1495 2505 autem
1515 2481 1542 2504 et
1562 2476 1638 2503 nobis
1652 2475 1767 2510 reliquit,
1784 2479 1810 2501 et

1020 2525 1104 2559 ipsam
1118 2524 1218 2551 habens
1231 2523 1357 2552 achndit.
1374 2522 1412 2550 Ne
1425 2523 1505 2558 igitur
1517 2522 1606 2548 animo
1620 2520 1790 2548 concidamus
1803 2539 1810 2550 ,

1019 2577 1107 2605 neque
1127 2570 1323 2602 lamentcmur,
1344 2566 1431 2603 neque
1456 2573 1604 2602 temporum
1628 2565 1810 2593 difﬁcultatem

1021 2617 1171 2643 timeamus.
1183 2614 1232 2649 Qui
1244 2614 1314 2642 enim
1325 2614 1480 2649 sanguinem
1491 2619 1568 2640 suum
1582 2618 1629 2646 pro
1638 2610 1763 2638 omnibus
1774 2609 1811 2636 ef-

1021 2661 1132 2689 fundere
1155 2668 1208 2688 non
1229 2660 1374 2693 recusavit,
1388 2663 1415 2687 et
1438 2665 1548 2686 carnem
1568 2664 1654 2689 suam,
1670 2660 1697 2683 et
1720 2662 1811 2683 rursus

1021 2708 1106 2743 ipsum
1118 2707 1273 2742 sanguinem
1286 2705 1362 2733 nobis
1371 2703 1586 2735 communicavit,
1596 2701 1658 2737 quid
1670 2709 1717 2736 pro
1727 2701 1811 2728 salute

1022 2760 1112 2782 nostra
1124 2753 1213 2781 facere
1225 2751 1377 2780 recusabit?
1391 2751 1444 2778 llac
1454 2750 1533 2786 igitur
1543 2756 1590 2783 spe
1603 2747 1714 2775 ﬁdentes
1726 2747 1811 2780 ipsum

1021 2802 1147 2830 continue
1170 2807 1304 2835 rogemus,
1325 2802 1353 2826 et
1378 2797 1501 2833 precibus
1522 2792 1812 2831 supplicationibuqu

1055 2860 1063 2876 ί
1082 2859 1125 2884 Alii
1138 2865 1143 2882 :
1154 2861 1182 2883 Et
1194 2856 1274 2890 lapide
1283 2854 1392 2888 pretioso.
