1984 3110
139 125 172 152 ι’)
443 113 447 117 ζ
474 126 502 155 S.
522 127 660 157 JOANNIS
679 128 915 160 CHRYSOSTOSH
934 132 1091 160 AnClllEP.
1112 132 1384 164 CONSTANTINOP.
1741 141 1775 169 ιε

139 191 276 217 vacemus,
292 187 318 210 et
333 183 441 219 reliqua:
455 184 559 213 Virtutis
571 193 632 214 cum
646 187 718 214 omni
733 187 868 223 diligentia
882 196 930 216 cu-

140 238 196 256 ram
210 229 366 263 habeamus,
380 234 409 257 ut
426 235 453 258 et
469 231 571 258 instans
586 232 717 267 fugiamus
732 233 889 267 periculum.
903 239 930 262 ct

141 275 225 301 lutnra
241 282 415 310 assequamur
435 276 502 303 bona
518 286 524 303 :
540 277 636 311 quibus
659 286 708 305 nos
725 287 818 306 nunties
837 280 931 314 dignus

140 340 1376 356 ..Ἦ-ρ

982 191 1086 218 censeri
1102 191 1248 226 contingat,
1260 198 1342 228 gratia
1357 198 1383 221 et
1396 194 1559 229 benignitate
1570 196 1673 227 Domini
1689 199 1774 225 nostri

983 236 1048 264 Jesu
1061 236 1158 265 Christi
1170 259 1178 270 ,
1200 246 1246 272 per
1259 247 1337 273 quem
1351 243 1379 266 et
1392 247 1452 267 cum
1463 248 1517 275 quo
1531 241 1600 268 Patri
1612 242 1707 277 gloria,
1723 251 1776 270 una

982 289 1042 309 cmn
1055 282 1154 317 Spiritui
1167 283 1276 317 Sancto,
1292 285 1318 311 in
1331 286 1429 312 stncula
1441 286 1611 313 saeculorum.
1625 289 1720 319 Amen.

141 385 173 406 IN
190 386 431 410 PBOFECTIONEM
454 389 590 411 EPISCOPI
604 390 763 418 FLAVIANI,
787 391 847 418 PRO
868 392 1015 414 οινιΤΔτΕ
1030 394 1071 415 ΔΙ)
1084 394 1314 420 ΙΜΡΕΒΔΤΟΚΕΠ
1326 396 1529 419 LEGATIONEH
1542 397 1696 421 OBEUNTIS
1712 400 1719 419 2
1737 401 1778 421 ΕΤ

181 436 333 462 QUODNAM
359 439 468 461 VERUM
498 440 548 467 SIT
561 440 717 468 JEJUNIUH
741 443 748 462 ε
773 443 813 464 ΕΤ
833 442 917 469 QUOD
939 460 941 464 ι

994 444 1132 466 ΓΒΑΠΕΒΕ
1153 446 1242 472 QUAM
1268 447 1430 470 HUIIANUH
1451 449 1570 472 CORPUS
1604 451 1777 474 COHEDBRE

184 487 276 510 PEJUS
299 489 371 511 SIT:
391 490 429 511 ET
450 490 491 513 DE
510 491 680 518 JUGULA‘HS
711 492 854 515 PROPTER
884 494 1078 517 SEDITIONEM
1103 498 1110 517 ζ

184 539 308 562 λωιτοε
333 539 481 563 ιηκοχιοε
509 540 625 563 carros
647 541 719 563 esss
738 533 759 562 '.

1134 497 1174 519 ΕΤ
1194 499 1355 523 Αυγιξιευε
1375 500 1431 523 ποθ
1456 501 1511 528 QUI
1532 502 1778 531 QUEREBANTUR,

853 618 1060 640 ﬂuam

462 678 569 698 HOMILIA
589 679 628 698 ΙΙΙ.

184 715 208 740 ι.
225 714 362 742 Flavianus
381 715 564 750 Imperatorem
584 717 731 751 placatum:
753 717 933 747 Constantino-

149 761 218 793 rolin
237 761 516 796 petieral.—Quando
533 761 568 789 ad
582 762 674 790 sedem
695 763 764 790 hanc
782 763 936 792 derelictam

146 813 173 831 et
189 805 316 840 magistro
331 813 440 833 vacuam
457 806 583 842 reSpicio,
597 807 700 842 gaudeo
714 808 792 836 simul
807 813 834 836 et
847 809 937 845 lacry-

146 857 209 881 tuo:
223 850 340 887 lacrymo
362 851 488 886 quidem,
511 851 581 887 quod
606 858 763 888 pnesentem
785 861 839 882 non
861 854 939 882 video

148 899 269 934 patrem;
287 895 391 931 gaudeo
409 900 497 924 autem
514 897 583 931 quod
599 905 648 932 pro
669 898 755 926 salute
768 903 859 926 nostra
873 907 937 934 pro-

150 939 249 973 fectus,
272 941 336 968 abiit
357 945 458 968 tantum
479 942 602 977 populum
624 950 640 969 a
660 942 749 970 furore
771 943 939 979 Imperatoris

147 991 301 1021 erepturus.
315 987 371 1014 [loc
388 992 415 1015 et
431 987 506 1015 vobis
525 993 710 1022 ornamentum
723 993 780 1021 est,
803 995 830 1017 et
844 990 882 1018 illi
893 998 939 1019 co-

148 1039 228 1066 rona;
253 1037 439 1060 ornamentum
462 1032 556 1066 vobis,
580 1033 651 1068 quod
672 1034 750 1061 talem
775 1034 833 1067 sitis
853 1036 939 1063 sortiti

148 1082 267 1112 patrem;
284 1082 310 1105 et
323 1077 361 1105 illi
376 1085 486 1110 corona,
498 1078 569 1113 quod
582 1079 651 1106 circa
668 1079 736 1107 lilios
747 1084 799 1112 tam
811 1080 940 1116 benignus

147 1122 192 1154 sit,
206 1126 233 1149 et
245 1129 260 1149 a
270 1122 378 1150 Christo
390 1121 490 1150 dictum
505 1131 554 1159 per
564 1130 644 1158 opera
658 1123 866 1152 conﬁrmaverit.
882 1127 938 1152 Au-

148 1167 224 1194 diens
237 1167 308 1194 enim
325 1167 407 1202 illud,
432 1167 524 1195 Pastor
547 1168 627 1195 bonus
648 1169 760 1196 animum
779 1178 850 1196 suam
871 1171 941 1204 ponit

151 1222 198 1248 pro
211 1214 297 1240 ovibus
313 1213 403 1248 (Joan.
421 1214 464 1242 il).
481 1214 538 1250 il),
559 1214 625 1242 abiit
647 1222 696 1249 pro
713 1215 788 1242 nobis
800 1216 940 1250 omnibus,

149 1258 264 1285 animam
279 1265 354 1286 suam
370 1258 519 1295 positurus,
535 1260 584 1286 etsi
600 1259 681 1286 multa
694 1264 772 1287 erant
781 1268 841 1295 qua:
855 1261 941 1295 ipsum

149 1303 224 1330 abire
236 1303 426 1338 prohiberent,
447 1308 474 1331 et
488 1311 596 1331 manere
610 1309 738 1339 cogerent
754 1314 760 1332 :
777 1305 863 1339 primo
876 1310 942 1333 tetas

149 1348 183 1375 ad
207 1348 327 1375 ultimam
350 1353 472 1383 provecta
498 1353 682 1382 senectutem,
704 1354 796 1384 postea
822 1351 942 1385 corporis

150 1394 317 1421 imbecillitas
330 1415 337 1428 ,
352 1399 378 1421 et
392 1394 454 1421 anni
469 1398 591 1430 tempus,
615 1399 643 1422 et
663 1399 761 1422 sanctae
780 1395 942 1423 celebritatis

152 1440 311 1472 necessitas,
324 1439 357 1467 ad
370 1440 428 1467 brec
440 1439 515 1467 unica
529 1447 606 1467 soror
619 1440 645 1467 in
666 1445 787 1467 extremo
798 1441 941 1467 constituta

150 1487 256 1522 spiritu.
270 1486 321 1514 Sed
336 1491 424 1514 tamen
450 1491 476 1514 et
505 1486 760 1522 consanguinitatem
776 1486 906 1520 despexit,
916 1491 943 1514 et

151 1536 325 1565 Senectutem,
339 1536 366 1559 et
377 1531 586 1566 imbecillitatem
595 1551 603 1564 ,
619 1535 646 1558 et
660 1531 787 1566 temporis
800 1531 943 1558 dil'liculta-

150 1582 216 1612 tem,
230 1582 256 1605 et
269 1577 370 1605 itineris
384 1577 554 1612 asperitatem
567 1586 573 1603 :
585 1581 611 1604 et
621 1576 745 1604 omnibus
756 1584 803 1603 vos
814 1581 943 1603 vestram-

150 1630 202 1656 que
215 1622 326 1649 salutem
338 1629 505 1658 prmponens,
520 1621 578 1654 hate
591 1621 679 1648 omnia
693 1621 796 1648 vincula
810 1621 924 1656 disrupit
933 1641 941 1654 ,

151 1673 178 1696 et
189 1676 237 1696 cett
249 1669 354 1703 juvenis
366 1668 451 1696 fertur
462 1676 554 1701 senex,
568 1675 638 1695 nunc
650 1668 735 1695 alatus
747 1667 828 1696 animi
842 1667 944 1703 magni-

153 1714 243 1741 tudine
259 1713 352 1741 l'actns.
367 1714 394 1741 Si
413 1714 484 1741 enim
500 1713 638 1747 Christus,
653 1713 752 1748 inquit,
764 1714 881 1748 scipsum
895 1720 943 1748 pro

152 1758 230 1785 nobis
250 1758 332 1792 dedit,
356 1766 407 1793 qua
430 1765 551 1786 essemus
569 1765 618 1786 nos
640 1758 812 1786 excusatione
826 1763 852 1785 et
866 1758 943 1786 venia

152 1802 242 1838 digni,
260 1803 324 1830 tanti
338 1802 486 1830 custodiam
500 1803 590 1839 populi
610 1803 738 1830 creditam
751 1802 880 1830 habentes
891 1823 899 1836 ,
917 1807 944 1831 et

152 1856 206 1875 non
219 1848 346 1883 eligentes
359 1849 447 1875 omnia
460 1853 486 1876 et
500 1848 590 1880 facere
604 1854 631 1876 et
649 1849 702 1884 pati
717 1856 765 1883 pro
779 1849 943 1876 creditorum

152 1894 230 1921 nobis
243 1894 404 1922 securitate?
423 1893 451 1922 Si
472 1895 543 1922 enim
566 1895 731 1929 patriarcha,
746 1894 847 1930 inquit,
862 1894 944 1922 Jacob

154 1939 299 1974 pecudibus
314 1939 471 1974 prmpositus
485 1960 493 1972 ,
513 1947 577 1968 oves
591 1939 759 1967 irrationales
773 1947 901 1974 pascens,
917 1944 944 1968 et

135 1995 137 1997 -
153 1984 252 2011 homini
265 1984 393 2011 rationem
403 1983 565 2018 redditurus,
576 1989 665 2012 noctes
675 1984 789 2017 ducebat
798 1984 942 2017 insomnes,

154 2035 181 2057 et
193 2035 303 2063 :estnm,
317 2031 376 2065 gelu
389 2051 397 2063 ,
417 2038 577 2066 omnemque
592 2030 661 2058 aeris
674 2030 858 2065 intemperiem
874 2029 944 2061 fcre-

154 2076 216 2108 bat,
239 2082 268 2103 ut
287 2076 358 2104 nulla
381 2076 485 2104 illarum
508 2069 638 2111 pecudum
664 2077 763 2111 periret
785 2075 861 2111 (Gen.
876 2075 942 2111 29):

155 2122 239 2149 multo
251 2123 335 2158 magis
346 2130 395 2150 nos
409 2130 462 2150 non
478 2121 686 2155 irrationalibus,
704 2122 750 2149 sed
763 2122 944 2156 spiritualibus

155 2169 248 2196 ovibus
257 2169 424 2204 praepositos,
433 2173 524 2204 etnon
535 2168 648 2201 homini,
661 2168 708 2196 sed
717 2168 771 2195 Deo
782 2168 944 2202 pra-rectura:

155 2213 233 2248 hujus
246 2214 375 2241 rationem
390 2203 540 2241 reddituros
551 2234 559 2247 ,
579 2213 612 2240 ad
625 2213 690 2240 nihil
704 2217 809 2248 torpere
822 2217 849 2240 et
863 2213 945 2248 tergi-

155 2259 257 2287 versari
271 2263 376 2294 oportet
388 2267 480 2287 eorum
492 2280 500 2293 ,
525 2267 584 2294 quae
606 2266 713 2294 gregem
724 2258 819 2294 juvare
832 2258 943 2293 possint.

155 2305 208 2332 Sed
219 2308 318 2340 quanto
332 2304 426 2332 melior
439 2312 504 2342 grex
519 2304 569 2332 iste
580 2311 661 2339 grege
675 2303 721 2331 illo
730 2324 738 2338 ,
751 2308 778 2331 et
791 2303 875 2331 brutis
885 2304 944 2338 qui-

155 2350 216 2377 dem
238 2350 374 2382 bomincs,
392 2349 543 2378 hominibus
557 2357 620 2376 vero
634 2349 703 2377 Deus
715 2358 721 2375 :
733 2353 805 2376 tanto
819 2348 904 2384 majus
919 2354 946 2376 et

155 2404 206 2423 nos
217 2396 454 2431 vehementiusque
472 2395 588 2423 studium
601 2401 628 2423 et
641 2395 804 2431 diligentiam
819 2395 946 2423 exhibere

156 2446 271 2476 oportet.
287 2442 364 2469 Novit
376 2442 420 2469 ille
433 2442 522 2479 plane,
535 2449 586 2469 non
601 2449 650 2476 pro
664 2449 714 2469 una
728 2441 778 2469 sibi
794 2449 864 2469 nunc
878 2441 944 2470 civi-

158 2492 211 2514 tate
233 2487 366 2521 negotinm
387 2494 464 2520 esse,
480 2487 528 2515 sed
543 2494 591 2522 pro
604 2486 711 2515 Oriente
725 2492 790 2515 toto.
805 2487 944 2515 Civitatum

156 2532 227 2559 enim
243 2532 292 2559 sub
306 2531 413 2560 Oriente
428 2532 572 2567 positarum
583 2537 697 2575 caputet
709 2539 793 2562 mater
803 2538 843 2561 est
853 2534 946 2562 civitas

190 2599 308 2631 ‘fritulus
320 2600 342 2624 in
352 2599 422 2624 savil.
436 2599 499 2631 etin
515 2599 658 2631 quibusdam
676 2604 728 2626 uss.
741 2599 834 2625 habet:
851 2605 877 2625 In
889 2607 946 2631 pro-

156 2629 282 2662 fectionem
297 2636 370 2662 quam
380 2629 482 2661 suscepit
503 2629 627 2662 episcopus
641 2630 796 2662 frrtttbrheuna
809 2629 944 2659 “animans,

157 2660 201 2692 pro
212 2660 305 2692 civitate
315 2660 346 2692 nd
358 2660 525 2691 imperatorth
535 2660 688 2686 Thebtlosium
697 2661 837 2692 legationem
854 2661 943 2690 obiens.

158 2689 305 2723 injurinrum
316 2690 341 2715 in
357 2689 446 2723 statuas
463 2698 553 2723 caiisa;
569 2695 591 2716 et
603 2691 676 2723 quod,
693 2689 760 2723 apud
773 2696 857 2720 Deum,
872 2692 946 2723 regia:

158 2720 268 2752 dignitati
279 2722 406 2752 pra’valeat
424 2721 598 2753 sacerdotium;
609 2720 640 2747 'ct
659 2720 717 2753 quid
739 2722 770 2747 sit
786 2729 867 2747 verum
881 2720 946 2753 ji‘ju-

157 2751 231 2787 nium,
244 2751 361 2783 quomque
375 2753 404 2787 ob
421 2759 518 2778 causam
540 2751 649 2787 Ainipitre
658 2751 723 2787 ςίμδα
734 2752 804 2778 bruta
814 2751 946 2787 ordinanda

156 2783 266 2813 functura
288 2784 439 2810 curaverint:
458 2787 481 2808 (ι
501 2783 565 2813 quod
584 2783 711 2815 detrahere
722 2790 800 2815 quam
815 2783 946 2815 Iutntmtum

158 2815 380 2869 {prpits‘romederc
391 2815 458 2851 pejus
468 2814 508 2845 sit;
521 2818 543 2839 cl
559 2817 675 2846 pectre-mo
686 2813 717 2839 de
727 2813 886 2847 "fugitiuus...
899 2821 945 2839 ca:-

172 2851 212 2869 era
224 2851 238 2869 υ
261 2851 341 2869 srtra.
768 2851 771 2855 '

172 2851 212 2869 era
224 2851 248 2869 ut
261 2851 341 2877 πει-ιω.
768 2851 771 2855 ’

984 681 1242 713 nostra:propterea
1266 687 1345 708 omne
1368 681 1514 716 periculum
1538 683 1634 716 subiit,
1662 689 1691 712 et
1715 683 1782 711 nihil

990 721 1064 749 illum
1085 723 1129 750 hic
1147 724 1263 752 retinere
1284 726 1378 760 potuit.
1403 726 1517 762 Ideoque
1541 727 1623 755 bonas
1644 728 1702 756 fore
1724 729 1782 763 spei

989 769 1202 803 opportunitates
1221 778 1316 805 spero:
1329 780 1382 800 non
1405 772 1476 800 enim
1493 778 1592 801 tantam
1613 774 1783 802 sedulitatem

991 818 1019 841 et
1030 821 1121 842 cuiam
1136 816 1206 844 Deus
1216 816 1354 853 despiciet,
1368 826 1454 854 neque
1468 826 1576 847 servum
1588 827 1665 847 suum
1679 820 1784 848 intectis

991 861 1072 888 rebus
1092 861 1181 890 redire
1205 863 1349 898 permittet.
1374 864 1440 892 Novi
1467 865 1537 899 quod
1567 870 1667 893 tantum
1692 873 1783 893 coram

991 905 1109 940 positus,
1125 911 1152 934 et
1167 907 1318 942 religiosum
1334 909 1522 944 Imperatorem
1537 911 1723 946 conspicatus,
1750 919 1784 938 ex

991 955 1101 986 aspectu
1116 952 1173 980 solo
1193 955 1282 981 statim
1299 955 1365 982 iram
1384 956 1563 990 comprimere
1587 957 1694 992 poterit.
1714 957 1784 985 San-

992 1001 1094 1024 ctorum
1109 999 1180 1026 enim
1196 1007 1248 1027 non
1264 1004 1366 1028 tantum
1390 1002 1488 1036 verba,
1511 1003 1558 1030 sed
1579 1007 1605 1031 et
1628 1003 1678 1038 ipsi
1697 1003 1786 1031 vultus

992 1043 1122 1077 spirituali
1135 1045 1217 1079 gratia
1227 1046 1296 1080 pleni
1310 1051 1382 1074 sunt.
1394 1047 1441 1075 llic
1452 1055 1515 1076 vero
1525 1053 1552 1076 et
1561 1048 1642 1076 multa
1653 1049 1783 1084 sapientia

994 1089 1088 1124 plenus
1102 1095 1159 1124 est,
1176 1095 1203 1118 et
1221 1099 1281 1118 cum
1301 1092 1449 1120 divinarum
1464 1094 1551 1129 legum
1565 1095 1601 1121 sit
1614 1095 1716 1130 peritus
1727 1115 1734 1127 ,
1749 1095 1783 1121 ad

994 1135 1079 1170 ipsum
1093 1137 1173 1170 dicet,
1187 1138 1256 1172 quod
1269 1143 1296 1166 et
1308 1139 1394 1167 Moses
1406 1139 1439 1167 ad
1455 1140 1555 1168 Deum':
1566 1140 1597 1168 Si
1610 1141 1715 1168 dimittis
1728 1141 1785 1176 qni-

994 1182 1050 1212 dem
1063 1182 1124 1217 ipsis
1138 1188 1266 1217 peccatum
1275 1205 1283 1218 ,
1299 1184 1414 1217 dimitte;
1432 1185 1454 1212 si
1473 1193 1524 1212 non
1537 1190 1635 1219 autem,
1649 1191 1672 1213 et
1686 1194 1726 1212 me
1738 1193 1785 1212 oc-

993 1227 1053 1256 cide
1065 1235 1125 1254 cum
1139 1228 1204 1263 ipsis
1218 1228 1314 1264 (Exod.
1327 1229 1370 1258 52.
1383 1230 1428 1260 5i.
1440 1229 1496 1266 52).
1507 1230 1581 1258 Talia
1593 1232 1663 1258 enim
1678 1236 1785 1258 saneto-

994 1279 1053 1298 rum
1068 1272 1184 1307 viscera;
1197 1281 1257 1301 cum
1272 1274 1333 1303 liliis
1343 1279 1458 1303 mortem
1468 1283 1547 1311 quam
1557 1276 1615 1303 sine
1628 1276 1692 1311 ipsis
1704 1276 1785 1303 vitam

995 1316 1140 1345 dulciorem
1162 1327 1223 1347 esse
1245 1324 1346 1354 putant.
1372 1320 1486 1356 Adjiciet
1500 1328 1515 1349 a
1530 1326 1649 1356 tempore
1671 1322 1786 1356 patroci-

995 1363 1078 1396 nium,
1091 1368 1118 1391 et
1129 1371 1235 1391 sacrum
1249 1365 1345 1400 pascha
1361 1370 1499 1401 proponet,
1514 1367 1787 1402 commemorabith

996 1414 1117 1445 tempus,
1132 1418 1186 1445 quo
1199 1411 1257 1439 orbi
1274 1416 1406 1440 terrarum
1422 1413 1470 1440 toti
1484 1412 1606 1441 Christus
1619 1417 1726 1450 peccata
1741 1420 1786 1440 re-

995 1456 1083 1488 misit;
1106 1456 1246 1484 Dominum
1269 1457 1367 1485 imitari
1389 1457 1583 1492 exhortabitur,
1606 1462 1632 1486 ct
1653 1458 1787 1493 parabolat

995 1502 1066 1529 illius
1077 1502 1170 1530 decem
1190 1504 1300 1531 millium
1322 1503 1480 1532 talentorum
1496 1509 1523 1531 et
1536 1509 1641 1532 centum
1659 1504 1784 1532 denario-

995 1555 1054 1574 rum
1069 1548 1155 1583 ipsum
1168 1548 1358 1576 commonebit.
1371 1548 1437 1576 Novi
1452 1549 1536 1584 patris
1552 1549 1635 1577 nostri
1652 1549 1785 1582 ﬁduciam,

995 1601 1048 1620 non
1063 1593 1193 1621 dubitabit
1215 1594 1300 1630 ipsum
1322 1602 1369 1630 per
1384 1595 1451 1623 hanc
1472 1595 1671 1623 similitudinem
1685 1600 1788 1624 terrere

995 1645 1023 1667 et
1036 1639 1126 1667 dicere
1137 1649 1145 1667 :
1156 1639 1222 1668 Vide
1236 1647 1269 1668 ne
1286 1640 1354 1668 forte
1373 1645 1400 1669 et
1420 1646 1447 1669 tu
1469 1642 1514 1669 illo
1529 1641 1572 1669 die
1586 1641 1678 1669 audias
1690 1650 1697 1669 :
1709 1641 1787 1670 Servo

994 1694 1117 1719 nequam,
1133 1694 1206 1713 omne
1218 1685 1328 1713 debitum
1349 1686 1415 1714 illud
1433 1687 1518 1714 dimisi
1532 1687 1593 1720 tibi,
1612 1687 1731 1721 quoniam
1742 1695 1786 1715 ro-

995 1733 1061 1768 gasti
1071 1741 1126 1764 me;
1137 1732 1267 1767 oportebat
1278 1737 1302 1759 et
1313 1737 1336 1760 te
1348 1732 1475 1760 dimittere
1484 1733 1609 1760 conservis
1620 1733 1669 1760 tuis
1678 1732 1786 1767 (Matth.

996 1777 1040 1805 18.
1056 1777 1100 1805 52.
1116 1778 1173 1813 55).
1189 1778 1246 1805 Tibi
1261 1778 1310 1812 ipsi
1322 1778 1405 1813 magis
1417 1785 1496 1813 quam
1511 1778 1547 1805 illi
1560 1778 1666 1813 prodes,
1683 1778 1708 1805 in
1723 1785 1787 1813 pau-

996 1832 1087 1852 corum
1102 1824 1256 1852 dimissione
1272 1829 1443 1860 peccatorum
1456 1844 1463 1857 ,
1479 1824 1609 1859 majorum
1625 1825 1786 1852 oblivionem

996 1870 1138 1905 recipiens.
1154 1870 1241 1899 Addet
1254 1870 1386 1905 pnedictis
1400 1875 1428 1897 et
1440 1870 1587 1898 orationem
1602 1869 1672 1896 illam
1683 1889 1690 1902 ,
1708 1877 1786 1904 quam

996 1916 1041 1954 qui
1055 1916 1138 1943 sacris
1152 1915 1236 1950 ipsum
1251 1916 1388 1944 initiavere
1401 1914 1552 1950 mysteriis,
1565 1919 1684 1942 orantem
1698 1914 1788 1942 dicere

995 1961 1278 1990 docueruntzbimitte
1299 1962 1370 1989 nobis
1390 1962 1472 1988 dtbita
1491 1966 1594 1994 nos/ra,
1619 1962 1682 1988 sicut
1705 1965 1727 1988 et
1742 1969 1789 1990 nos

996 2009 1145 2036 dimittimus
1159 2008 1311 2035 debitoribus
1324 2009 1416 2035 nostris
1433 2007 1538 2041 (Matt/1.
1557 2007 1583 2034 6.
1604 2007 1660 2041 η).
1677 2007 1716 2034 Ad
1730 2006 1788 2034 luce

996 2055 1113 2087 docebit.
1126 2062 1178 2081 non
1191 2061 1333 2082 commune
1344 2053 1458 2081 civitatis
1469 2052 1552 2080 fuisse
1566 2057 1702 2088 peccatum
1713 2073 1720 2084 ,
1739 2052 1787 2080 sed

997 2101 1134 2129 hominum
1161 2101 1337 2136 quorumdam
1361 2106 1532 2127 externorum
1556 2104 1584 2126 et
1608 2099 1786 2130 advenarum,

997 2147 1063 2177 nihil
1082 2155 1142 2175 cum
1162 2147 1265 2175 ratione
1285 2147 1455 2179 iacientium,
1477 2145 1525 2173 sed
1547 2153 1608 2172 cum
1631 2144 1740 2172 audacia
1761 2149 1789 2171 ct

998 2195 1070 2223 omni
1090 2194 1192 2222 scelere
1204 2203 1210 2220 :
1222 2201 1273 2220 nec
1293 2193 1393 2228 justum
1409 2199 1469 2220 esse
1482 2199 1531 2227 pro
1545 2199 1690 2226 paucorum
1705 2195 1789 2218 temc~

997 2242 1075 2271 ritate
1087 2245 1186 2268 tantam
1202 2240 1279 2274 diripi
1293 2238 1439 2272 civitatem,
1455 2242 1482 2266 et
1493 2245 1549 2270 eos,
1561 2238 1606 2272 qui
1617 2237 1681 2264 nihil
1693 2236 1789 2271 injuste

997 2286 1127 2319 fecerunt,
1137 2294 1228 2321 pmnas
1236 2286 1320 2313 luere.
1332 2285 1456 2320 Alioquin
1464 2284 1513 2311 etsi
1522 2290 1615 2311 omnes
1624 2288 1788 2318 peccassent,

997 2333 1090 2367 dignas
1104 2332 1240 2360 dedissent
1255 2338 1361 2365 pmnas,
1386 2334 1424 2357 tot
1443 2329 1537 2359 diebus
1550 2330 1645 2356 timore
1662 2335 1790 2356 consum-

998 2378 1052 2413 pti,
1072 2382 1100 2405 et
1121 2384 1168 2412 per
1189 2376 1307 2411 singulos
1326 2375 1393 2403 mori
1408 2375 1465 2403 dies
1486 2378 1686 2409 exspectantes,
1703 2372 1769 2408 pulsi
1781 2392 1790 2405 ,

997 2424 1167 2456 exsulantes,
1181 2423 1234 2451 reis
1248 2422 1425 2452 miserabilius
1439 2422 1558 2449 viventes
1570 2442 1577 2454 ,
1594 2420 1748 2454 sanguinem
1763 2419 1790 2446 in

997 2471 1120 2498 manibus
1132 2474 1265 2505 gestantes
1276 2490 1284 2502 ,
1309 2473 1335 2496 et
1357 2469 1390 2496 de
1411 2468 1464 2496 vita
1486 2475 1534 2495 sua
1547 2475 1599 2494 non
1614 2466 1789 2494 conﬁdentes.

998 2517 1061 2544 [hec
1079 2516 1127 2543 tibi
1150 2523 1227 2551 paena
1249 2514 1429 2542 suiliciatme
1452 2513 1561 2540 ulterius
1582 2513 1619 2539 ira
1641 2511 1788 2547 procedas:

998 2564 1088 2591 mitem
1112 2562 1158 2589 tibi
1179 2569 1324 2596 supernum
1346 2560 1466 2588 Judicem
1489 2568 1536 2594 per
1556 2558 1747 2586 immanitatem
1764 2557 1790 2583 in

997 2616 1144 2637 conservos
1157 2607 1239 2636 redde
1251 2616 1258 2634 :
1270 2607 1356 2641 cogita
1369 2606 1442 2633 urbis
1453 2604 1672 2640 magnitudinem,
1682 2608 1707 2630 ct
1719 2602 1790 2637 quod

998 2662 1051 2682 non
1065 2654 1099 2681 de
1112 2662 1162 2681 una
1173 2674 1180 2686 ,
1203 2653 1246 2681 vel
1260 2652 1295 2680 dc
1307 2652 1410 2680 duabus
1420 2672 1427 2684 ,
1450 2651 1492 2678 vel
1514 2651 1598 2678 tribus
1609 2671 1616 2682 ,
1639 2649 1680 2676 vel
1695 2649 1789 2676 decem

998 2700 1135 2728 animabus
1150 2707 1222 2727 nunc
1236 2699 1313 2726 nobis
1326 2703 1368 2726 est
1381 2697 1559 2725 consideratio
1569 2717 1578 2730 ,
1599 2695 1645 2723 sed
1659 2695 1693 2723 de
1706 2694 1789 2722 milli-

998 2748 1047 2775 bus
1060 2751 1087 2774 ct
1100 2747 1219 2779 inlinitis,
1231 2746 1265 2773 de
1277 2746 1358 2772 totius
1369 2744 1442 2771 orbis
1451 2743 1548 2778 capite.
1559 2742 1622 2770 Haec
1632 2745 1674 2769 est
1684 2741 1788 2773 civitas,

998 2794 1024 2821 in
1037 2801 1087 2828 qua
1101 2793 1214 2827 primum
1226 2791 1350 2826 appellati
1360 2789 1518 2818 Christiani:
1529 2788 1629 2815 honora
1639 2786 1788 2818 Christum,

998 2846 1120 2867 reverere
1135 2846 1192 2866 eam
1204 2857 1212 2870 ,
1227 2844 1284 2872 qua:
1306 2837 1388 2872 prima
1405 2841 1501 2863 nomen
1517 2833 1567 2864 hoc
1580 2832 1703 2861 omnibus
1715 2831 1786 2858 deci-
