1984 3110
127 150 158 177 l9
588 138 632 166 AD
651 136 810 166 POPULUM
831 130 1072 162 ANTIOCllENUll
1103 132 1216 162 llOlliL.
1238 132 1281 163 ΙΙΙ.
1730 132 1763 161 50

125 201 237 230 deialnile
259 204 288 228 ct
311 199 398 227 dulce
423 197 572 235 prmdicavit
587 205 593 222 ε
608 194 788 230 apostolorum
811 191 855 218 illa
876 189 924 217 fuit

130 245 345 278 tabernaculum,
363 244 546 272 habitaculum
557 241 698 276 jnstorum.
714 238 789 266 Nunc
806 236 855 263 hoe.
869 235 924 270 pri-

127 302 193 322 mum
211 297 239 320 et
255 292 346 319 solum
370 291 400 318 in
424 289 555 327 principes
570 287 670 314 facinus
685 287 814 320 patratum
830 286 884 314 est,
899 284 926 307 et

127 339 235 368 civitatis
249 345 346 365 mores
362 326 447 365 omne
464 334 626 372 prasteritum
641 336 746 365 tempus
760 333 881 356 testatur.
897 326 926 353 Si

127 386 192 413 enim
205 383 338 410 continue
354 382 504 410 seditiOnes
514 383 642 410 moveret,
653 375 849 410 improbitatem
861 380 927 400 con-

127 431 250 457 demnare
264 431 429 462 oporteret;
450 426 472 453 si
486 431 550 452 vero
563 423 644 450 semel
658 421 709 448 hoc
721 419 793 448 omni
808 423 928 452 tempore

128 477 235 508 accidit,
259 480 374 503 certum
397 478 437 503 est
457 472 526 508 quod
550 479 602 498 non
626 468 742 497 civitatis
764 473 867 494 morum
889 469 930 491 est

129 526 261 558 peccatum
274 541 282 553 ,
310 520 363 547 sed
388 527 481 548 eorum
501 518 545 552 qui
560 514 729 550 impudenter
741 517 768 540 et
784 516 884 547 temere
903 510 931 536 in

129 569 260 595 civitatem
276 567 452 600 irruperunt,
467 565 518 591 ista
533 562 633 590 insania
647 560 705 587 fuit.

160 614 187 641 2.
212 613 276 640 Haec
301 611 437 639 sacerdos
458 615 485 637 et
509 609 583 644 plura
607 607 648 634 his
669 613 730 633 cum
752 603 846 638 majori
863 602 933 630 dicet

132 659 222 686 ﬁducia
241 666 247 684 :
266 657 329 684 ha‘c
355 657 506 691 Imperator
519 654 608 681 audiet
622 661 628 678 :
644 656 672 679 et
686 651 730 678 ille
751 651 892 679 humanus,
907 651 934 674 et

132 705 172 732 hic
193 704 299 736 fidelis,
325 703 402 730 unde
423 702 558 736 utrimque
581 699 676 727 bonam
701 697 829 724 habemus
848 702 934 729 spem.

133 751 191 777 l‘lus
211 753 317 781 autem,
343 755 426 783 quam
442 745 560 781 magistri
582 744 642 771 ﬁdei
664 747 743 777 atque
767 739 936 775 Imperatoris

135 795 303 828 humanitati,
321 795 372 821 Dei
386 791 576 821 misericordia:
590 789 694 817 ﬁdimus
710 797 717 814 :
732 795 791 815 nam
806 791 832 813 et
845 789 936 819 rogato

135 841 301 876 Imperatori,
317 846 348 867 et
368 839 473 875 roganti
489 836 617 865 sacerdoti
634 836 690 870 ipse
704 833 806 861 medios
821 831 936 862 assistet,

137 886 305 919 Imperatoris
320 893 372 913 cor
390 884 540 914 emolliens,
561 879 707 908 sacerdotis
728 878 843 913 linguam
866 875 939 902 exci-

138 938 203 963 tans,
222 931 305 966 hujus
327 931 412 957 verba
434 927 595 959 secundans,
616 925 685 952 illius
705 929 820 951 mentem
834 928 938 956 praepa-

138 985 205 1007 rans,
228 965 264 1002 ut
280 975 457 1009 indulgenter
477 973 547 999 dicta
571 969 698 1004 Suscipiat
719 973 744 995 et
768 965 938 1002 petitionibus

138 1025 244 1052 animat.
270 1021 384 1047 Etenim
409 1019 544 1046 civitatum
576 1015 695 1043 omnium
724 1017 812 1040 nostra
835 1011 940 1039 Christo

138 1065 313 1097 charissima,
327 1068 504 1100 tumpropter
527 1062 733 1098 progenitorum,
756 1063 810 1086 tum
835 1062 941 1093 propter

140 1117 252 1138 vestram
277 1111 413 1138 virtutem
430 1118 436 1136 :
452 1114 479 1136 et
501 1109 569 1135 sicut
598 1107 691 1134 Petrus
716 1105 784 1131 inter
806 1102 942 1137 apostolos

141 1157 239 1192 primus
253 1156 397 1183 Christum
413 1154 566 1190 praedicavit
578 1173 585 1184 ,
602 1153 641 1179 sic
655 1151 724 1178 inter
733 1150 863 1180 civitates,
875 1147 943 1175 sicut

140 1203 192 1238 jam
207 1202 273 1233 dixi,
294 1202 359 1230 haec
371 1202 454 1237 prima
471 1205 603 1234 tamquam
618 1203 744 1225 coronam
761 1193 942 1222 admirabilem

141 1237 362 1276 Christianorum
388 1246 447 1274 tulit
469 1243 681 1279 appellationem.
698 1241 726 1268 Si
747 1246 811 1267 vero
833 1238 877 1265 ubi
897 1237 944 1265 de-

142 1303 198 1323 cem
228 1300 341 1322 tantum
369 1293 432 1328 justi
455 1296 561 1322 essent,
588 1296 681 1317 omnes
704 1287 853 1314 habitantes
875 1284 945 1311 Deus

144 1341 230 1369 salvos
245 1348 276 1368 se
294 1340 429 1367 facturum
445 1337 564 1373 promisit
589 1334 664 1371 (Gen.
689 1333 731 1361 18.
751 1331 797 1367 5‘2)
813 1340 819 1359 :
835 1330 878 1358 ubi
891 1337 945 1358 non

145 1387 236 1415 decem
252 1391 281 1413 et
295 1385 403 1420 viginti.
418 1390 502 1417 neque
516 1381 557 1409 bis
572 1380 680 1408 totidem
693 1379 790 1411 solum,
804 1376 851 1404 sed
863 1376 946 1403 multo

146 1433 234 1468 plures
246 1437 317 1459 sunt
333 1432 415 1458 Deum
430 1437 490 1457 cum
505 1427 577 1455 omni
590 1426 723 1461 diligentia
736 1425 864 1456 colentes,
878 1429 946 1457 quo-

147 1479 225 1506 modo
248 1486 306 1505 non
337 1480 440 1511 oportet
464 1475 531 1502 bona
558 1480 681 1508 sperare,
707 1475 735 1499 et
757 1470 790 1498 de
813 1468 946 1497 communi

148 1530 237 1553 nostra
261 1524 386 1552 omnium
409 1522 493 1549 salute
506 1519 661 1548 conﬁdere?
680 1517 775 1546 Audivi
795 1516 892 1543 multos
905 1515 947 1542 di-

150 1575 251 1602 centes,
267 1568 352 1595 Mirm:
363 1568 428 1603 regis
441 1567 519 1593 leonis
532 1566 577 1593 ira:
587 1565 680 1592 similes
692 1563 783 1598 (Prov.
796 1562 838 1590 l9.
855 1561 910 1596 l2),
922 1564 949 1587 et

151 1615 238 1642 animo
253 1613 432 1641 concidentes
445 1616 471 1639 et
484 1612 667 1639 lamentantes.
681 1609 749 1642 Quid
764 1608 842 1642 igitur
855 1606 950 1633 adver-

151 1668 194 1688 sus
220 1661 283 1688 illos
313 1659 454 1688 dicemus?
477 1658 527 1691 Qui
551 1657 638 1684 dixit:
654 1655 722 1690 Lupi
744 1659 767 1681 et
789 1653 849 1689 agni
875 1652 950 1679 simul

153 1712 298 1741 pascentur,
313 1711 337 1733 et
348 1705 443 1740 pardus
455 1712 511 1730 cum
523 1703 595 1730 [uado
605 1701 722 1736 quiescet,
737 1705 759 1727 et
770 1699 807 1726 leo
820 1703 948 1732 tamquam

155 1753 196 1779 bos
208 1753 302 1787 paleas
315 1752 425 1779 comedet
447 1749 523 1784 (lsai.
540 1748 582 1776 ll.
605 1747 632 1775 6.
653 1747 680 1782 7)
697 1755 702 1772 :
717 1745 825 1773 ethunc
845 1744 949 1771 leonem

155 1797 266 1824 reddere
282 1804 361 1823 ovem
376 1795 473 1830 poterit
488 1796 662 1820 mansuetam.
675 1791 859 1826 Supplicemus
872 1789 951 1824 igitur

157 1843 215 1878 ipsi,
229 1849 258 1871 et
273 1843 310 1870 ad
325 1843 413 1877 ipsum
427 1841 572 1876 legationes
586 1839 729 1869 mittamus.
740 1841 768 1865 et
781 1835 952 1871 Imperatoris

158 1889 273 1916 animum
289 1888 395 1923 penitus
404 1886 539 1921 corripiet,
556 1885 624 1912 etab
639 1885 710 1911 omni
722 1891 770 1911 nos
782 1882 888 1910 instanti
902 1889 952 1908 att-

159 1934 238 1969 gustia
249 1932 387 1961 liberabit.
401 1932 480 1959 Pater
492 1931 545 1958 illic
559 1929 718 1964 legationem
739 1929 804 1961 obit,
827 1935 875 1956 nos
891 1927 953 1954 hinc

160 1979 189 2005 ad
204 1979 334 2006 caelorum
352 1985 441 2012 regem
458 1977 592 2003 mittamus
608 1974 777 2010 legationem,
791 1974 875 2008 ipsum
890 1980 952 2008 pre-

160 2024 231 2051 cibus
242 2023 413 2058 adjuvemus.
432 2021 541 2049 Multum
555 2020 680 2047 Ecclesize
693 2019 844 2047 communio
855 2023 952 2053 potest,

162 2068 183 2095 si
196 2069 288 2095 anima
302 2067 418 2098 dolente,
432 2066 453 2093 si
465 2065 544 2092 eorde
557 2064 672 2092 contrito
686 2071 778 2098 preces
790 2064 952 2090 emittamns.

162 2114 216 2141 Non
231 2122 304 2149 opus
326 2117 368 2140 cst
387 2120 461 2140 mare
475 2112 598 2142 transire.
624 2118 677 2138 non
698 2117 764 2144 opus
785 2114 826 2137 est
848 2109 953 2144 longam

162 2161 250 2187 subire
278 2158 516 2194 peregrinationem
531 2166 538 2184 :
553 2156 648 2192 singuli
676 2164 708 2184 ac
733 2156 844 2190 singula:
869 2160 896 2183 et
921 2155 955 2182 ad

161 2205 308 2234 ecclesiam
346 2209 533 2236 occurrentes,
560 2208 588 2230 et
612 2203 684 2230 domi
712 2206 849 2229 manentes
872 2202 955 2229 multo

165 2251 246 2279 Deum
263 2251 352 2278 studio
374 2250 536 2281 invocemus,
553 2253 579 2277 et
591 2249 700 2276 omnino
720 2247 957 2282 supplicationibus

165 2303 275 2326 annuet.

198 2344 273 2371 Deus
291 2343 446 2370 vehementer
459 2345 528 2376 cupit
542 2346 568 2368 ut
588 2341 700 2368 homines
712 2341 746 2368 ad
764 2341 846 2376 ipsum
868 2341 958 2375 confu-

164 2391 245 2426 giant.
259 2405 295 2410 —
310 2389 386 2417 Unde
410 2389 460 2416 hoc
480 2387 671 2415 manifestum?
689 2386 764 2421 Quod
787 2387 958 2414 vehementer

165 2436 255 2470 cupiat
270 2442 320 2462 nos
333 2434 366 2461 ad
390 2433 476 2469 ipsum
499 2440 606 2467 semper
626 2432 779 2466 confugere,
795 2431 820 2458 in
835 2431 959 2458 omnibus

167 2480 252 2514 ipsum
268 2479 417 2514 deprecari,
433 2483 461 2506 et
475 2478 540 2505 nihil
555 2478 654 2513 absque
676 2478 733 2512 ipso
747 2477 787 2503 vel
811 2476 896 2504 facere
918 2476 958 2502 vel

166 2525 266 2553 direre.
283 2525 411 2551 llomines
421 2524 503 2556 enim,
516 2523 621 2558 quando
636 2523 700 2557 ipsis
710 2522 814 2549 assidue
825 2522 958 2556 negotium

168 2571 324 2598 ﬁieessimus
340 2577 389 2605 pro
404 2569 484 2596 rebus
497 2570 603 2601 nostris,
621 2572 726 2603 torpent
740 2572 768 2595 et
783 2568 959 2601 tergiversan-

168 2621 220 2650 tur,
241 2620 270 2643 et
284 2623 355 2650 :egre
370 2614 477 2646 ferunt;
492 2614 562 2641 Deus
579 2617 667 2641 autem
689 2620 798 2648 prorsus
810 2614 835 2640 in
852 2618 961 2640 contra-

169 2662 235 2688 rium
251 2670 258 2693 ;
274 2669 327 2688 non
348 2668 410 2688 cum
434 2660 483 2695 ipsi
496 2660 620 2687 continue
634 2659 799 2686 occurrimus
820 2666 867 2693 pro
882 2658 962 2686 rebus

170 2707 278 2740 nostris,
294 2706 342 2734 sed
357 2713 418 2733 etim
441 2713 493 2733 non
510 2705 560 2732 hoc
575 2705 694 2736 facimus,
710 2709 771 2731 tunc
790 2704 905 2731 maxime
920 2704 962 2730 in-

170 2752 304 2787 dignatur.
328 2751 398 2779 Audi
420 2751 498 2786 igitur
511 2751 572 2785 quid
594 2750 692 2778 ludatis
706 2750 823 2784 obiiciat,
846 2749 961 2776 dicens:

172 2796 277 2824 Fuisti;
289 2797 436 2828 consilium,
448 2801 471 2823 et
488 2804 538 2822 non
554 2804 598 2830 per
610 2804 666 2827 me;
679 2800 701 2822 et
719 2801 802 2829 pacta,
818 2799 842 2822 et
855 2802 904 2821 non
920 2801 965 2821 uer

170 2843 286 2877 Spiritum
309 2850 394 2869 nicum
422 2840 496 2876 (ικαὶ.
518 2840 615 2876 50.1).
631 2839 702 2868 Talis
726 2839 795 2867 enim
819 2839 962 2867 amantium

976 192 1141 219 consuetudo
1157 201 1163 218 :
1178 193 1265 220 omnia
1279 192 1459 220 adamatornm
1479 192 1583 227 negotia
1598 199 1644 227 per
1658 200 1686 219 se
1708 193 1762 219 ﬁeri

978 238 1077 269 volunt,
1091 243 1117 264 et
1134 237 1192 264 sine
1204 245 1232 265 se
1245 238 1303 264 illos
1315 246 1400 273 neque
1413 238 1500 266 facere
1512 239 1666 274 quidquam,
1681 246 1766 273 neque

977 283 1076 310 dicere.
1088 283 1231 318 Propterea
1243 288 1269 311 et
1283 284 1416 321 Dcus_non
1431 284 1473 312 hic
1484 289 1595 318 tantum,
1605 285 1651 312 sed
1664 289 1691 312 et
1704 284 1765 311 alibi

979 328 1047 358 idem
1062 336 1154 356 rursus
1168 328 1334 364 exprobrans
1346 329 1450 357 dicebat
1464 339 1470 356 :
1486 329 1671 365 Regnaverant,
1683 335 1704 356 et
1717 338 1765 355 non

982 380 1027 406 per
1036 380 1076 399 me
1083 379 1093 397 :
1101 375 1302 405 torperaverttnt,
1312 376 1336 398 et
1347 379 1398 398 non
1409 372 1620 406 signiﬁcaverim!
1629 374 1692 400 mihi
1701 373 1750 409 (05
1758 392 1766 400 .

983 417 1008 443 8.
1018 417 1055 451 4).
1066 415 1103 443 Ne
1112 416 1193 451 igitur
1200 420 1355 450 torpeamus
1363 417 1490 444 continue
1496 418 1529 444 ad
1538 417 1626 452 ipsum
1636 419 1767 454 confuge-

983 470 1022 493 re,
1032 463 1134 495 etquod
1145 469 1226 496 grave
1233 461 1438 492 fuerit..omnino
1445 464 1592 490 remedium
1600 465 1763 490 conveniens

982 512 1103 544 accipiet.
1129 509 1234 537 Terruit
1257 509 1450 537 homotcurre
1471 508 1504 536 ad
1517 515 1659 543 supernum
1679 507 1770 535 Domi-

983 563 1057 588 num,
1077 559 1104 582 et
1127 555 1164 582 nil
1185 562 1265 590 grave
1290 555 1399 589 patieris
1415 563 1421 581 :
1436 554 1474 582 sic
1494 553 1592 589 antiqui
1609 554 1771 580 calamitates

983 600 1148 632 avertebant,
1171 607 1224 627 non
1247 604 1348 627 tantum
1371 599 1429 631 viri,
1454 599 1500 626 sed
1515 604 1541 626 et
1556 599 1691 626 mulieres.
1714 598 1773 625 Fuit

984 646 1105 682 quaedam
1121 647 1216 674 mulier
1227 646 1348 679 llebru'a,
1364 647 1457 673 Esther
1468 646 1594 673 nomine:
1609 646 1665 672 haec
1679 646 1774 672 Esther

985 693 1137 719 universum
1159 692 1311 720 Judacorum
1332 692 1456 726 populum
1484 692 1664 719 internecione
1684 691 1774 718 delen-

986 737 1048 765 dnm
1063 738 1102 765 sic
1115 738 1220 772 eripuit.
1243 737 1385 772 Postquam
1397 738 1536 765 Persarum
1550 745 1596 764 rex
1611 744 1703 763 omnes
1717 744 1775 771 pas-

987 786 1036 812 sim
1050 785 1156 812 Jndmos
1169 784 1283 812 interimi
1296 783 1384 818 jussit,
1401 791 1460 811 cum
1474 783 1561 809 nullus
1573 788 1642 810 esset
1657 783 1699 817 qui
1713 790 1777 809 con-

988 835 1027 858 tra
1037 831 1103 858 iram
1113 831 1181 857 illius
1190 830 1319 857 obsistere
1330 834 1426 864 posset,
1438 828 1643 863 splendidiorem
1653 830 1776 856 vestitum

988 881 1066 904 exuta
1089 876 1195 909 mulier,
1210 880 1236 903 et
1250 882 1327 903 sacco
1340 875 1450 908 amicta,
1465 881 1491 902 et
1513 874 1603 902 cinere
1622 874 1754 901 substrata
1768 895 1777 907 ,

989 923 1085 949 divinze
1108 922 1256 949 clementiae
1278 921 1451 955 supplicabat,
1477 925 1504 947 ut
1528 928 1616 947 secum
1632 920 1664 947 ad
1690 928 1778 955 regem

991 967 1182 1002 ingrederetur,
1200 971 1225 993 et
1241 967 1298 993 Inrc
1311 967 1469 1001 precabatur
1480 975 1485 992 :
1496 965 1584 999 Grata,
1608 965 1722 998 Domine,
1738 968 1780 1001 [ac

991 1013 1063 1039 verba
1079 1021 1143 1044 mea,
1160 1017 1181 1038 et
1193 1012 1226 1038 lla
1239 1020 1376 1039 sermonem
1392 1015 1508 1038 ornatum
1521 1012 1547 1038 in
1561 1020 1588 1038 os
1602 1019 1681 1038 meum
1694 1009 1778 1047 (Est/t.

992 1059 1035 1086 Μ.
1049 1058 1104 1093 l5).
1118 1058 1179 1085 ll:ec
1190 1063 1216 1085 et
1231 1066 1277 1090 pro
1291 1058 1415 1093 magistro
1429 1065 1477 1084 nos
1488 1065 1557 1084 nttnc
1572 1057 1651 1084 Deum
1663 1064 1779 1084 oremus.

991 1104 1019 1132 Si
1041 1105 1113 1132 enim
1137 1105 1233 1131 tnulier
1258 1112 1306 1138 pro
1327 1103 1427 1130 Judreis
1449 1103 1601 1138 supplicans
1615 1102 1782 1129 barbaricum.

992 1151 1118 1179 Cohibere
1140 1150 1255 1178 furorem
1270 1151 1354 1185 potuit
1370 1159 1377 1178 :
1392 1149 1474 1177 multo
1489 1150 1572 1184 magis
1586 1149 1679 1176 doctor
1693 1154 1782 1176 nnSIer

994 1204 1042 1231 pro
1057 1201 1128 1224 tanta
1143 1196 1258 1229 civitate,
1273 1201 1301 1224 et
1314 1204 1374 1223 cum
1389 1200 1460 1223 tanta
1473 1195 1589 1223 Ecclesia
1610 1195 1760 1230 supplicans
1773 1215 1781 1227 ,

994 1243 1211 1278 benignissimum
1226 1247 1252 1269 et
1267 1242 1435 1269 mitissimum
1451 1241 1521 1269 hunc
1535 1241 1721 1275 Imperatorem
1734 1240 1783 1267 lle-

994 1295 1066 1317 ctere
1087 1289 1191 1325 poterit.
1210 1288 1237 1316 Si
1256 1288 1325 1314 enim
1347 1291 1455 1322 peccata
1470 1287 1495 1313 in
1510 1286 1591 1313 Deum
1606 1285 1724 1313 solvendi
1737 1293 1784 1320 po-

996 1339 1119 1362 testatem
1142 1334 1254 1368 accepit,
1271 1333 1353 1360 multo
1366 1332 1451 1367 magis
1475 1332 1501 1359 in
1524 1331 1658 1359 hominem
1683 1335 1784 1365 patrata

996 1383 1133 1411 destruere
1146 1386 1172 1409 et
1186 1380 1275 1408 delere
1299 1380 1405 1414 poterit.
1422 1379 1547 1413 Princeps
1559 1383 1600 1406 est
1613 1378 1654 1405 hic
1668 1385 1784 1412 quoque,

996 1429 1142 1464 etquidem
1164 1428 1209 1454 illo
1231 1426 1384 1454 honoratior
1398 1426 1429 1453 ιε
1451 1425 1550 1453 etenim
1574 1425 1659 1459 ipsum
1684 1424 1785 1459 regium

997 1479 1076 1511 caput
1098 1482 1182 1502 sacra:
1196 1473 1268 1508 leges
1292 1473 1406 1500 ferentes
1422 1471 1499 1505 lmjns
1522 1470 1644 1498 manibus
1667 1470 1787 1504 subject:-

997 1526 1059 1549 runt
1075 1530 1081 1548 :
1095 1525 1122 1547 et
1143 1519 1248 1554 quando
1262 1518 1362 1553 aliquid
1378 1517 1439 1545 boni
1457 1516 1563 1544 etrlitus
1575 1516 1725 1550 requiritur,
1741 1523 1787 1542 rex

998 1568 1030 1595 ad
1046 1566 1221 1598 saCerdotem,
1238 1572 1290 1592 non
1304 1563 1426 1592 sacerdos
1439 1562 1473 1590 ad
1486 1570 1575 1598 regem
1589 1561 1732 1596 confugere
1744 1568 1788 1587 so-

999 1614 1061 1642 litus
1076 1618 1125 1640 est.
1138 1611 1223 1640 [labet
1238 1611 1280 1638 hic
1293 1617 1397 1646 quoque
1413 1609 1522 1644 justitiae
1536 1608 1656 1639 loricam,
1670 1607 1749 1634 habet
1761 1611 1789 1633 et

999 1659 1132 1694 cingulum
1149 1657 1282 1689 veritatis,
1308 1655 1388 1682 habet
1401 1660 1427 1682 et
1440 1654 1617 1682 calceamenta
1641 1654 1724 1680 multo
1738 1651 1789 1679 lto-

1000 1704 1118 1733 nestiora
1130 1702 1163 1730 ab
1177 1701 1313 1736 evangelio
1334 1701 1406 1736 pacis
1420 1709 1427 1727 :
1444 1699 1524 1727 habet
1544 1703 1571 1727 et
1584 1698 1713 1733 gladium,
1736 1704 1788 1724 non

1000 1759 1034 1779 ex
1043 1751 1122 1781 ferro,
1135 1748 1182 1776 sed
1194 1748 1317 1782 spiritus:
1329 1746 1405 1774 habet
1417 1750 1444 1773 et
1451 1752 1577 1773 coronam
1591 1744 1669 1778 capiti
1681 1742 1790 1777 imposi-

1002 1801 1065 1824 tam.
1074 1793 1243 1829 Splendidior
1254 1793 1310 1820 haec
1320 1796 1466 1824 armatura,
1475 1789 1630 1826 pretiosiora
1642 1789 1698 1815 lure
1705 1795 1789 1820 arma,

1001 1841 1087 1875 major
1101 1839 1206 1872 ﬁducia,
1227 1838 1311 1873 major
1331 1837 1381 1864 vis.
1406 1837 1497 1871 Itaque
1511 1839 1538 1862 et
1560 1842 1607 1870 pro
1630 1832 1792 1869 principatus

1002 1886 1191 1923 magnitudine,
1207 1890 1233 1913 et
1246 1884 1352 1919 propria
1373 1882 1597 1918 magnanimitate,
1610 1885 1635 1907 et
1655 1883 1715 1906 ante
1730 1878 1792 1905 reli-

1002 1941 1052 1970 qua
1064 1932 1163 1964 ontnia,
1179 1939 1226 1966 pro
1240 1931 1313 1957 ﬁrma
1329 1929 1355 1956 in
1367 1929 1447 1955 Deum
1460 1935 1517 1962 spe,
1531 1934 1591 1953 cum
1602 1925 1685 1953 multa
1698 1923 1792 1960 ﬁducia

1003 1985 1030 2008 et
1045 1979 1184 2014 prttdentia
1198 1977 1386 2012 Imperatorem
1400 1974 1558 2008 alloquetur.

1040 2026 1066 2053 5.
1080 2025 1119 2052 Ne
1134 2024 1212 2059 igitur
1224 2022 1258 2049 de
1273 2021 1357 2049 salute
1370 2024 1460 2047 nostra
1475 2018 1656 2052 desperemus,
1669 2014 1715 2042 sed
1731 2021 1794 2048 sup-

1005 2073 1141 2108 plicemus,
1157 2076 1306 2106 precemur,
1320 2073 1450 2102 petamus,
1464 2070 1582 2093 oremus,
1597 2062 1629 2089 ad
1650 2068 1794 2095 sttpernum

1005 2107 1103 2153 llegem
1126 2115 1216 2144 multis
1236 2122 1296 2142 cum
1320 2110 1444 2146 lacrymis
1464 2109 1621 2145 legationem
1637 2107 1792 2134 mittamus:

1006 2151 1134 2192 habemus
1153 2167 1180 2190 et
1191 2161 1320 2196 jejunium
1344 2159 1394 2185 hoc
1406 2162 1564 2192 cooperans,
1579 2154 1605 2181 in
1620 2153 1670 2180 hac
1685 2151 1794 2187 pttlehra

1005 2211 1137 2247 legatione
1152 2208 1227 2236 nobis
1241 2206 1390 2234 adhznrcns.
1403 2204 1475 2231 Sicut
1489 2203 1576 2237 itaque
1590 2199 1721 2235 prmtcrita
1743 2197 1796 2225 hic-

1005 2244 1059 2288 me,
1072 2260 1099 2283 et
1113 2258 1205 2282 testate
1217 2255 1371 2288 apparente,
1384 2253 1463 2276 nauta
1477 2247 1563 2275 navim
1579 2247 1605 2273 in
1626 2253 1698 2272 mare
1711 2244 1795 2271 dedu-

1007 2303 1053 2334 cit,
1069 2302 1146 2328 miles
1158 2306 1230 2326 arma
1244 2297 1374 2331 deterget,
1389 2300 1538 2330 equumque
1552 2291 1585 2318 ad
1599 2291 1694 2318 bellum
1711 2293 1794 2324 parat,

1007 2347 1123 2383 agricola
1144 2345 1215 2373 acuit
1236 2343 1341 2375 falcem,
1356 2342 1441 2369 viator
1455 2339 1558 2367 ﬁducia:
1573 2338 1667 2373 plenus
1691 2336 1797 2370 longum

1009 2382 1059 2421 iter
1077 2391 1239 2427 aggreditur,
1260 2393 1287 2416 et
1309 2387 1342 2415 ad
1363 2386 1507 2414 certamina
1523 2384 1592 2419 pugil
1615 2382 1797 2417 exspoliatur,

1009 2447 1090 2475 seque
1111 2437 1228 2466 denudat
1244 2445 1249 2463 :
1266 2436 1305 2463 sic
1326 2439 1353 2461 et
1375 2441 1423 2461 nos
1433 2432 1534 2468 jejunio
1559 2436 1691 2465 tamquam
1707 2433 1798 2456 testate

1009 2472 1122 2521 quadam
1133 2482 1423 2518 spiritualiapparenle,
1436 2483 1464 2506 et
1475 2485 1547 2505 arma
1558 2481 1690 2511 tamquam
1703 2472 1798 2501 milites

1010 2533 1200 2566 ahstergatnus,
1225 2528 1317 2556 falcem
1342 2533 1467 2553 acuamus
1481 2529 1614 2558 tamquam
1627 2521 1760 2557 agricolas,
1773 2524 1799 2547 ct

1012 2583 1145 2612 tamquam
1173 2580 1260 2603 nauta:
1292 2578 1384 2602 contra
1419 2570 1593 2599 absttrdarum
1626 2568 1799 2602 cupiditatum

1012 2625 1108 2652 fluetus
1122 2623 1295 2658 cogitationes
1316 2626 1491 2655 opponamus,
1513 2621 1540 2644 et
1560 2624 1609 2644 ceu
1632 2615 1747 2642 vTatorcs
1767 2612 1800 2639 ad

1011 2670 1105 2700 cmlum
1120 2670 1170 2696 iter
1183 2669 1358 2699 instituamus,
1373 2670 1399 2693 et
1412 2665 1486 2700 quasi
1499 2663 1600 2699 pugiles
1611 2661 1644 2689 ad
1658 2660 1800 2688 certamina

1014 2717 1160 2752 spolicmnr
1174 2723 1181 2747 ς
1196 2714 1280 2742 ﬁdelis
1294 2713 1364 2740 enim
1377 2715 1404 2739 et
1417 2710 1542 2746 agricola,
1554 2713 1580 2736 et
1593 2708 1764 2742 gubernator,
1775 2709 1800 2731 et

1015 2763 1101 2795 miles,
1117 2766 1143 2789 et
1155 2761 1264 2794 athleta,
1276 2764 1302 2787 et
1313 2759 1398 2786 viator
1409 2761 1459 2785 est.
1475 2755 1575 2784 Idcirco
1589 2753 1687 2781 Paulus
1699 2757 1800 2787 quoque

1047 2844 1054 2857 ι
1073 2842 1135 2866 mt.
1149 2836 1292 2866 honoratior,
1300 2834 1395 2868 quidam
1414 2833 1510 2862 addunt,
1526 2833 1549 2856 et
1560 2829 1636 2863 magis
1648 2826 1799 2854 reverendus
