1984 3110
182 129 212 156 51
535 126 563 155 S.
583 125 722 156 JOANNIS
739 123 976 153 CllllYSOS’l'OMl
996 122 1154 151 ARCHIEP.
1174 121 1440 150 CONSTANTINOP.
1791 124 1827 153 52

182 183 246 210 dicit
259 191 266 210 :
279 182 340 210 Non
354 187 392 210 est
414 182 484 209 nab's
500 182 567 209 tut-tn
587 182 707 209 adversm
725 180 872 216 sanguinem
885 185 908 207 et
921 188 977 206 car-

182 236 249 262 nem,
265 229 308 256 sed
317 229 436 256 adversus
451 228 606 263 principatus
619 232 641 255 et
653 232 785 262 potestates
799 235 808 254 :
821 227 917 253 induite
929 226 978 261 igi-

182 280 224 301 tur
240 280 396 302 armaturam
410 274 456 301 Dei
477 273 584 309 (Ep/tes.
601 273 628 301 6.
644 273 699 309 l2).
722 272 815 300 Vidisti
829 272 979 300 athletam?

183 319 272 347 vidisti
288 319 421 347 militem?
435 319 463 346 Si
478 318 579 346 athleta
595 325 634 351 es,
658 317 757 345 nudum
781 318 806 344 in
820 322 954 344 certamen
969 317 979 333 ι

184 370 211 392 te
226 365 390 393 descendere
402 370 525 400 oportet;
541 365 563 391 si
574 364 662 398 miles,
674 368 804 391 armatum
818 363 851 390 ad
865 371 978 398 pugnam

183 411 332 439 consistere
347 419 457 439 necesse
471 415 512 438 est
525 420 531 438 :
547 410 680 446 quomodo
699 410 778 445 igitur
799 409 856 438 haec
869 414 980 445 utraque

187 457 266 484 simul
281 465 342 485 esse
363 458 476 492 possint,
492 462 520 484 et
540 456 640 484 nudum
655 464 727 488 esse,
740 460 768 484 et
789 463 843 483 non
858 455 957 483 nudum
970 463 978 481 :

184 507 213 529 et
236 502 367 533 indutum,
389 507 417 530 et
440 510 494 529 non
517 501 730 534 indututhuo
752 502 858 529 tandem
880 496 980 529 mod-1

185 555 236 582 ego
250 548 347 576 dicam.
364 548 441 576 Erue
455 548 516 575 vita:
539 547 654 582 negotia,
669 553 696 575 et
710 547 808 575 athleta
831 547 915 574 iactus
928 537 979 574 es‘.

187 593 268 621 indue
288 601 361 620 arma
386 593 544 628 spirilualia,
567 597 594 620 et
616 593 700 619 ﬂictus
711 600 742 619 es
752 592 838 619 miles.
854 592 979 626 'l‘eipsmn

187 640 247 665 vita:
271 639 342 666 curis
363 638 487 670 denuda;
514 637 591 665 lucta:
612 637 683 665 enim
701 642 804 672 tempus
819 641 860 665 est
880 646 887 663 :
907 644 980 664 arma

186 683 295 717 spiritus
319 682 415 715 indue;
430 683 529 710 bellum
551 683 622 710 enim
643 682 721 710 nobis
739 686 833 709 contra
845 681 982 709 daunones

186 729 329 756 conﬂatum
344 733 386 756 est
399 736 490 764 grave.
513 728 658 764 Propterea
672 733 698 755 et
718 727 817 755 nudum
829 735 889 756 esse
901 735 982 763 opor-

188 779 235 805 tet,
252 779 279 800 ut
293 774 392 802 nullam
407 773 514 801 diabolo
530 774 666 801 uobiscum
679 773 789 801 luctanti
804 781 896 801 ansam
911 781 981 808 prm-

187 819 309 854 heamus,
334 824 361 847 ct
388 819 504 855 undique
531 819 640 853 armari,
666 824 696 847 ut
719 827 848 854 nusquam
875 819 982 847 letalem

186 866 291 901 plagam
305 866 477 900 accipiamus.
502 865 602 893 Excole
622 864 738 892 animam
753 870 836 897 tuam,
851 870 878 892 et
891 865 983 899 spinas

187 911 281 939 excide
294 920 301 939 :
313 912 414 939 semina
423 911 532 938 verbum
545 911 661 946 pietatis,
672 910 798 946 pulchras
805 910 983 946 philosophia:

188 958 293 992 plantas
314 957 410 990 insere,
426 962 454 985 et
468 965 527 985 cum
550 957 633 984 multa
648 956 783 992 diligentia
798 957 942 991 repastina,
956 961 984 984 et

186 1004 301 1038 agricola
318 1003 403 1031 factus
416 1011 457 1037 es,
480 1003 579 1038 tibique
594 1002 665 1030 dicet
678 1003 776 1030 Paulus
791 1012 797 1030 :
814 1002 983 1030 Laborantem

185 1049 323 1084 agricolam
347 1053 445 1084 oportet
466 1049 574 1084 primum
595 1050 691 1084 fructus
705 1049 834 1084 percipere
853 1047 891 1083 (2.
914 1047 982 1075 Tim.

189 1094 216 1121 2.
232 1094 270 1130 6).
295 1094 369 1121 lianc
387 1099 414 1121 ct
428 1094 485 1128 ipse
509 1097 593 1121 artem
608 1093 739 1121 tractabat
755 1101 761 1120 :
777 1093 877 1120 idcirco
892 1093 984 1120 Corin-

188 1139 252 1166 thiis
275 1139 395 1167 scribens
407 1138 512 1166 dicebat
527 1148 533 1166 :
550 1138 605 1174 Ego
620 1137 742 1173 plantavi,
765 1137 855 1173 Apollo
873 1138 982 1173 rigavit,

185 1185 255 1212 Deus
276 1190 359 1212 autent
379 1185 559 1212 incrementum
574 1184 643 1211 dedit
664 1183 704 1219 (l.
731 1183 791 1211 Cor.
805 1184 832 1211 3.
848 1182 888 1218 6).
911 1185 984 1211 Acue

188 1230 282 1258 falcem
297 1235 381 1263 tuam,
400 1237 479 1265 quam
495 1237 543 1264 per
555 1229 690 1264 crapulam
704 1228 846 1261 hebetasti,
859 1235 925 1256 acue
937 1236 985 1264 per

185 1276 326 1311 jejunium,
337 1275 481 1311 aggredere
493 1275 544 1303 iter
559 1275 584 1302 in
597 1275 691 1301 etelum
707 1274 807 1308 ferens,
821 1282 942 1309 asperam
954 1280 982 1302 et

190 1326 328 1356 angustam
342 1318 418 1348 'viam
440 1321 540 1356 attinge
554 1324 581 1348 et
602 1320 718 1347 ambula.
734 1320 874 1353 Quomodo
896 1325 983 1347 autem

189 1367 290 1402 poteris
312 1371 339 1393 ct
354 1366 485 1401 attingere
506 1370 535 1393 et
556 1364 869 1400 ambulare?Castigans
888 1373 985 1400 corpus

187 1416 302 1443 tuum,et
314 1411 340 1438 in
350 1410 503 1438 servitutem
516 1409 641 1445 redigens
653 1418 659 1436 :
671 1410 714 1437 ubi
725 1410 796 1437 enim
807 1410 847 1437 via
862 1417 984 1445 angusta,

188 1465 313 1493 magnum
329 1457 546 1492 impedimentum
556 1461 597 1484 est
604 1457 692 1484 carnis
700 1464 731 1484 ex
739 1457 846 1491 crapula
857 1457 983 1485 obesitas.

189 1503 325 1530 Absurdas
341 1503 424 1530 mulas
436 1502 711 1538 concupiscentiarum
736 1503 863 1537 reprime,
886 1503 985 1537 repelle

188 1548 369 1584 improbarutn
399 1548 516 1577 hiemem
535 1548 733 1584 cogitationum,
749 1555 826 1575 serva
837 1549 982 1583 navigium,

187 1596 297 1622 nntltam
311 1595 421 1622 ostende
431 1595 564 1630 peritiam,
578 1599 604 1622 et
617 1594 702 1622 factus
715 1602 745 1622 es
755 1595 915 1629 gubernator
927 1595 948 1621 ¹.

224 1640 325 1667 llorum
347 1644 436 1667 autem
460 1640 579 1667 omnium
601 1640 678 1667 nobis
692 1640 800 1666 materia
816 1639 946 1674 jejunium
959 1643 986 1667 et

189 1686 318 1719 magister
332 1690 383 1718 est,
403 1685 533 1720 jejunium
549 1689 637 1712 autem
653 1684 713 1712 dico
726 1692 779 1712 non
793 1685 844 1712 hoc
857 1685 965 1719 vulgare
976 1705 984 1718 ,

189 1731 235 1757 sed
250 1735 402 1757 accuratum
413 1730 544 1765 jejunium
561 1737 632 1757 :non
649 1734 749 1757 tantum
770 1730 889 1757 cibormn
902 1730 985 1757 absti-

191 1776 321 1808 nentiam,
335 1775 382 1803 sed
396 1781 423 1803 et
433 1780 601 1811 peccatorum
618 1785 624 1803 :
640 1783 692 1803 non
705 1776 776 1803 enim
787 1775 880 1810 jejunii
891 1780 985 1803 natura

189 1822 342 1857 jejunantes
356 1829 451 1849 eruere
473 1822 554 1855 valet,
577 1822 627 1849 nisi
643 1829 758 1857 congrua
772 1830 832 1850 cum
848 1823 906 1856 lego
930 1822 984 1849 liat.

193 1868 297 1895 Etenim
319 1867 428 1901 athleta,
453 1868 548 1902 inquit,
573 1867 633 1894 Non
648 1875 794 1900 coronatur,
817 1868 865 1894 nisi
879 1867 987 1903 legitime

191 1914 321 1940 certauerit
337 1913 374 1948 (2.
393 1913 459 1940 Tim.
475 1913 500 1940 2.
519 1913 558 1949 5).
575 1913 613 1940 Ne
626 1913 706 1948 igitur
719 1913 789 1940 inter
799 1913 892 1948 jejtmii
914 1913 986 1940 labo<

144 1986 146 1988 .
191 1967 248 1987 rem
261 1968 275 1986 a
287 1959 382 1994 jejunii
397 1967 495 1987 corona
508 1958 674 1992 cxcidamus,
688 1959 821 1986 discamus
835 1959 948 1993 qualiter
960 1964 987 1987 et

191 2005 326 2040 quomodo
348 2004 500 2039 ltujusmodi
528 2005 661 2038 negotium
686 2008 800 2032 tractare
820 2004 986 2033 debeamus:

192 2051 318 2085 quoniam
333 2055 361 2077 et
375 2050 526 2077 Pbarisams
550 2050 594 2077 ille
604 2049 745 2084 jejunavit,
771 2049 817 2076 sed
842 2054 901 2083 post
919 2049 987 2084 jeju-

193 2097 266 2124 nium
282 2096 345 2123 illud
364 2095 502 2124 descendit
517 2095 613 2127 inanis,
627 2100 655 2122 et
674 2094 768 2129 jejunii
790 2094 919 2122 fructibus
940 2103 987 2122 va-

193 2149 260 2169 cuus
274 2151 281 2168 :
296 2141 452 2177 publicanus
466 2149 519 2169 non
532 2140 670 2176 jejunavit,
692 2145 720 2168 et
742 2140 904 2168 Phariszeum
915 2140 987 2176 jeju-

193 2193 302 2214 nautem
316 2188 450 2222 prmccssit
473 2195 525 2214 non
539 2186 664 2222 jejunans
683 2185 757 2221 (Luc.
779 2186 822 2214 t8.
840 2186 946 2222 lO-M),
960 2191 990 2214 ut

195 2233 283 2260 discas
296 2233 365 2267 quod
377 2233 470 2268 jejunii
482 2232 582 2260 utilitas
595 2232 677 2263 nulla,
689 2232 738 2259 nisi
750 2236 776 2259 et
789 2232 889 2268 reliqua
899 2233 989 2260 omnia

194 2283 402 2314 cunsequantur.

229 2324 328 2359 Jejunii
341 2324 437 2351 utilitas
449 2324 531 2357 nulla,
547 2324 595 2351 niti
605 2333 621 2350 a
633 2325 698 2351 vitiis
711 2324 929 2351 abstineatntu.—
941 2324 989 2352 Je-

193 2371 354 2404 juuaverunt
364 2369 496 2402 Ninivitaz,
506 2373 534 2397 et
544 2369 588 2396 Dei
600 2369 811 2396 misericordiam
821 2369 988 2398 elicuerunt:

193 2415 381 2451 jcjuuaveruut
393 2419 419 2442 et
433 2414 518 2442 Judaei
529 2435 536 2447 ,
551 2419 578 2441 et
590 2415 654 2442 nihil
668 2415 854 2449 profecerunt,
871 2415 918 2443 sed
934 2416 991 2443 cul-

198 2462 250 2496 pati
270 2460 403 2488 abierunt.
426 2460 492 2494 Quia
513 2460 592 2494 igitur
613 2465 713 2486 tantmn
727 2460 821 2495 jejunii
841 2460 991 2496 periculum

196 2512 239 2534 cst
263 2506 442 2534 nescientibus
462 2506 595 2541 quomodo
617 2506 738 2540 jcjunare
758 2511 883 2541 oportet,
896 2506 990 2541 jejunii

197 2555 269 2589 leges
280 2553 431 2584 discamus,
445 2559 479 2580 ne
491 2553 516 2579 in
531 2551 660 2579 incertum
676 2559 813 2579 curramus
823 2574 830 2585 ,
845 2561 879 2580 ne
901 2560 990 2581 aerem

197 2599 370 2627 vet-heremus
380 2620 387 2632 ,
399 2606 453 2626 neu
476 2602 624 2634 pugnantes
637 2605 697 2625 cum
713 2599 806 2626 umbra
823 2599 990 2626 dimicemus.

196 2645 325 2673 Medicina
348 2649 390 2673 est
408 2644 559 2679 jejunium,
580 2644 626 2672 sed
651 2644 781 2672 medicina
806 2644 869 2672 licet
894 2644 992 2672 millies

196 2693 268 2721 utilis
281 2692 325 2725 sit,
339 2700 386 2727 per
398 2692 495 2719 utentis
510 2692 670 2726 imperitiam
682 2691 781 2718 inutilis
794 2698 866 2725 stupe
878 2691 916 2723 lit;
931 2698 991 2718 nam

198 2746 277 2766 nosse
299 2743 404 2773 oportet
423 2742 450 2765 et
473 2741 576 2772 tempus
596 2744 649 2772 quo
672 2737 756 2772 ipsam
777 2736 904 2764 adhibere
925 2743 993 2771 opus

232 2806 238 2821 ¹
259 2808 322 2837 [nos
335 2811 341 2828 :
355 2809 380 2828 In
390 2803 503 2837 stadim".
639 2833 643 2837 ν

231 2837 240 2850 ³
258 2835 350 2867 Aliquot
363 2839 425 2865 uss.
438 2836 584 2860 a‘ubcrnutar
594 2835 706 2866 optimus.

1032 179 1085 212 sit,
1102 183 1130 207 et
1153 179 1235 214 ipsius
1254 177 1439 207 medicamenti
1464 177 1636 214 quantitatem
1657 183 1684 206 et
1705 180 1826 215 corporis

1032 225 1187 260 temperiem
1196 245 1203 258 ,
1219 228 1246 252 et
1259 224 1376 260 regionis
1389 229 1508 251 naturam
1519 245 1527 258 ,
1542 229 1570 252 et
1582 225 1644 252 anni
1661 229 1765 260 tempus
1774 246 1782 256 ,
1799 230 1826 252 et

1032 278 1177 306 congruum
1190 270 1299 304 victum,
1310 275 1337 298 et
1350 270 1432 297 multa
1445 270 1496 297 alia
1508 278 1514 296 ε
1526 277 1638 305 quormn
1653 270 1676 298 si
1690 271 1826 306 quodlibet

1033 317 1240 352 pratermissum
1261 316 1357 348 fuerit,
1378 316 1489 351 reliquis
1515 316 1638 344 omnibus
1651 338 1659 349 ,
1672 324 1731 352 quae
1755 317 1825 344 dicta

1032 367 1092 390 sunt
1105 384 1112 395 ,
1128 362 1243 390 nocebit.
1259 362 1286 390 Si
1304 367 1393 389 autem
1413 362 1456 390 ubi
1471 362 1576 397 corpori
1589 361 1690 390 mederi
1701 367 1825 397 oportet,

1034 414 1105 437 tanta
1118 410 1195 438 nobis
1208 418 1276 445 opus
1285 415 1326 438 est
1338 409 1473 445 diligentia
1488 419 1494 437 :
1509 410 1592 437 multo
1605 410 1689 445 magis
1698 417 1758 437 cum
1769 411 1827 436 aui-

1033 463 1104 482 mam
1123 463 1247 483 curemus
1258 476 1265 487 ,
1279 460 1306 483 et
1325 455 1529 490 cogitationibus
1550 455 1722 488 medeantur,
1736 455 1825 482 omnia

1032 501 1156 534 scrutari,
1169 506 1196 528 et
1209 509 1270 529 cum
1285 501 1357 528 omni
1373 501 1514 529 sedulitate
1527 501 1697 529 considerare
1717 508 1826 528 necesse

1033 550 1084 573 est.

1068 593 1096 620 ι.
1107 591 1250 620 Videamus
1264 591 1343 627 igitur
1353 592 1486 627 quomodo
1497 591 1619 619 Ninivita!
1627 592 1825 627 jejunavenmt,

1033 642 1060 666 et
1073 637 1207 672 quomodo
1223 637 1256 664 ab
1271 637 1314 664 illa
1330 637 1431 664 liberati
1447 642 1509 664 sunt
1522 638 1570 664 ira.
1587 637 1728 670 Homines,
1745 644 1767 664 et
1778 639 1826 672 ju-

1034 689 1126 716 menta,
1137 689 1159 711 et
1167 691 1234 716 oves,
1244 683 1348 711 etbovea
1357 692 1388 710 ne
1400 689 1537 719 pascantur
1550 683 1621 720 (Jan.
1636 683 1663 711 ὅ.
1677 684 1714 719 7),
1729 684 1825 719 inquit.

1033 729 1102 763 Quid
1123 729 1208 757 dicis?
1223 729 1266 757 die
1280 729 1361 761 mihi;
1376 734 1402 756 et
1422 729 1498 756 bruta
1513 729 1646 764 jejunant,
1658 733 1685 756 ct
1703 729 1762 764 equi
1776 738 1783 757 :
1800 734 1828 757 et

1035 776 1098 803 ιιιιιΙί
1119 783 1197 804 sacco
1222 775 1390 803 vestiuntur?
1406 776 1508 809 Etiam,
1524 775 1608 810 inquit
1623 784 1630 802 ε
1643 775 1712 802 sicut
1731 775 1805 803 enim
1818 796 1826 808 ,

1034 822 1114 849 divite
1124 822 1213 857 aliquo
1227 826 1342 854 mortuo,
1353 829 1404 848 non
1418 828 1509 848 servos
1523 821 1595 848 solos
1609 826 1636 849 et
1648 820 1767 853 ancillas,
1779 820 1827 848 sed

1034 873 1062 895 et
1077 875 1160 902 equos
1180 867 1324 894 necessarii
1342 873 1421 894 sacco
1434 866 1593 894 amicientes
1604 887 1612 899 ,
1628 871 1656 893 et
1669 866 1829 901 agasonibus

1036 913 1172 940 tradentes
1184 913 1217 940 ad
1230 912 1381 948 sepulcrum
1395 912 1470 947 sequi
1482 911 1587 947 iubent,
1603 911 1761 939 calamitatis
1772 918 1830 938 ma-

1035 959 1200 994 gnitudinem
1213 963 1377 986 ostentantes
1388 978 1397 991 ,
1410 963 1437 985 et
1449 965 1544 985 omnes
1563 957 1596 985 ad
1618 957 1828 985 misericordiam

1036 1004 1182 1032 allicientes
1199 1004 1259 1031 :sic
1280 1007 1307 1031 et
1326 1003 1432 1030 civitate
1457 1003 1501 1030 illa
1524 1003 1559 1030 de
1573 1003 1700 1030 extremis
1723 1002 1831 1037 pericli-

1037 1055 1126 1083 tante,
1141 1054 1169 1078 et
1189 1049 1294 1077 brutam
1316 1053 1437 1077 naturam
1461 1055 1540 1076 sacco
1560 1048 1785 1076 circumtexerunt
1803 1052 1831 1075 et

1034 1096 1128 1132 jejunii
1137 1096 1201 1132 jugo
1211 1095 1392 1130 subjecerunt.
1405 1093 1462 1121 Non
1475 1094 1538 1121 licet
1547 1093 1632 1121 brutis
1642 1100 1767 1121 sermone
1781 1092 1828 1120 Dei

1037 1144 1103 1171 iram
1122 1142 1242 1175 discere,
1256 1142 1360 1169 discant
1383 1140 1469 1174 fame,
1486 1140 1557 1175 quod
1574 1147 1589 1167 a
1618 1140 1673 1167 Deo
1697 1138 1831 1174 intligatur

1037 1190 1112 1224 plaga
1129 1198 1136 1216 :
1152 1188 1252 1216 etenim
1267 1188 1289 1215 si
1302 1187 1462 1220 diruerctur,
1475 1186 1567 1221 inquit,
1580 1185 1684 1218 civitas,
1700 1192 1753 1212 non
1770 1190 1828 1211 tan-

1037 1239 1093 1262 tum
1112 1234 1195 1262 nostri
1213 1233 1417 1262 inhabitantium
1431 1253 1437 1265 ,
1452 1231 1499 1259 sed
1519 1235 1547 1259 et
1566 1231 1662 1258 borum
1687 1238 1740 1258 una
1759 1234 1831 1257 eSSet

1036 1281 1185 1309 communis
1198 1280 1342 1315 sepultura.
1359 1279 1423 1312 Qua:
1438 1279 1518 1313 igitur
1529 1285 1614 1312 paena:
1635 1281 1736 1312 partem
1756 1276 1831 1303 habi-

1038 1332 1096 1355 tura
1110 1331 1172 1354 sunt
1182 1347 1189 1359 ,
1206 1334 1237 1353 ea
1249 1325 1342 1361 jejunii
1354 1331 1458 1360 quoque
1472 1328 1573 1359 partem
1586 1322 1702 1357 capiant.
1716 1321 1830 1349 Etaliud

1037 1373 1162 1409 quiddam
1183 1376 1246 1400 tunc
1269 1371 1407 1404 fecerunt,
1422 1369 1492 1405 quod
1508 1373 1534 1397 et
1549 1368 1686 1404 propheta}
1707 1368 1805 1395 faciunt
1822 1376 1828 1394 :

1036 1419 1136 1446 etenim
1150 1417 1188 1445 illi
1200 1425 1260 1445 cum
1272 1417 1404 1451 ﬂagellum
1417 1415 1524 1450 aliquod
1539 1414 1703 1442 intolerabile
1713 1413 1746 1441 de
1758 1413 1831 1441 uelis

1037 1464 1101 1492 l'crri
1116 1464 1239 1496 viderint,
1252 1468 1331 1498 atque
1342 1462 1490 1498 puniendos
1503 1461 1560 1488 sine
1574 1460 1668 1488 ﬁducia
1682 1468 1751 1492 esse.
1763 1467 1830 1488 cou-

1037 1511 1142 1538 fusione
1156 1510 1265 1546 plenos,
1282 1517 1368 1544 neque
1388 1509 1464 1536 venia
1486 1514 1572 1543 neque
1591 1507 1763 1534 excusatione
1776 1505 1830 1533 ulla

1037 1557 1141 1592 dignos,
1157 1563 1205 1583 nec
1217 1555 1332 1582 habeant
1345 1554 1408 1590 quid
1425 1554 1538 1586 iaciant,
1553 1560 1602 1580 nec
1618 1552 1689 1580 unde
1703 1551 1831 1579 condetu-

1038 1604 1106 1631 natis
1122 1603 1258 1639 przebcant
1272 1601 1459 1637 patrocinium,
1472 1599 1504 1628 ad
1525 1600 1602 1627 bruta
1615 1599 1788 1633 confugiunt,
1803 1602 1832 1625 et

1038 1649 1144 1676 illorum
1164 1652 1277 1675 mortem
1296 1646 1483 1681 deplorantes,
1496 1652 1529 1672 ex
1550 1643 1592 1671 ltis
1611 1643 1830 1678 supplicatjonem

1037 1694 1137 1722 farciunt
1147 1714 1154 1726 ,
1168 1693 1346 1721 miserabilem
1357 1696 1383 1720 et
1398 1692 1544 1719 luctuosam
1556 1691 1672 1726 ipsorum
1686 1689 1830 1725 perniciem

1038 1745 1227 1776 proponeutes.
1242 1739 1309 1767 Cum
1323 1738 1402 1774 igitur
1412 1738 1496 1765 {ames
1510 1737 1573 1765 olim
1584 1736 1691 1764 ιῐιιᾱωοε
1704 1743 1829 1770 compre-

1038 1788 1172 1816 hendisset
1187 1808 1194 1819 ,
1211 1791 1237 1814 et
1252 1786 1333 1813 multa
1354 1785 1488 1821 regionem
1512 1784 1618 1812 siccitas
1638 1787 1789 1819 premeret,
1803 1787 1832 1810 et

1037 1835 1126 1862 omnia
1145 1837 1366 1862 consumerentur
1381 1841 1387 1858 :
1402 1839 1470 1858 unus
1493 1830 1682 1866 prophetarum
1703 1829 1807 1856 dicebat
1823 1837 1829 1855 :

1038 1881 1192 1909 Resilierunt
1211 1881 1327 1915 juvenem
1347 1878 1416 1912 apud
1437 1878 1560 1912 pra-sepia
1574 1885 1619 1904 sua
1630 1897 1636 1908 ,
1652 1876 1773 1911 ﬂeverunt
1786 1883 1832 1901 ar-

1039 1933 1122 1955 menta
1136 1927 1220 1958 boum,
1232 1926 1348 1961 quoniam
1358 1933 1408 1952 non
1421 1928 1491 1951 erant
1501 1931 1595 1958 pascua
1604 1931 1612 1949 :
1621 1923 1705 1949 omnia
1714 1923 1832 1957 jumenta

1039 1980 1112 2002 terra
1125 1977 1285 2008 respexerunt
1308 1972 1341 1999 ad
1362 1976 1399 2003 te,
1413 1971 1531 2006 quoniam
1547 1970 1676 1997 exsiccata
1686 1973 1746 1996 sunt
1758 1969 1829 1996 emi;-

1039 2022 1122 2049 siones
1135 2028 1258 2055 aquarum
1272 2018 1350 2054 (laet.
1370 2019 1396 2045 t.
1411 2017 1473 2053 l7);
1489 2017 1557 2044 alter
1577 2024 1610 2043 ex
1630 2015 1749 2043 siccitate
1770 2019 1833 2042 nata

1040 2068 1108 2095 mala
1125 2067 1235 2102 lugens,
1250 2072 1355 2093 rursum
1378 2064 1417 2092 sic
1438 2064 1493 2091 fere
1515 2063 1599 2090 dicit:
1616 2062 1701 2089 Cervce
1720 2061 1747 2088 in
1769 2069 1833 2095 agro

1041 2119 1190 2151 pepererunt
1208 2119 1232 2142 et
1249 2113 1436 2148 dereliquerunt
1448 2131 1456 2143 ,
1472 2110 1590 2145 quoniam
1607 2117 1658 2136 non
1679 2107 1833 2140 erat/terim,-

1047 2150 1139 2192 onagri
1149 2158 1173 2184 in
1184 2157 1295 2183 saltibus
1303 2155 1486 2185 substiterunt,
1496 2156 1663 2181 attraxerant
1675 2156 1778 2178 ventum
1789 2150 1827 2176 si-

1048 2210 1092 2231 cut
1103 2204 1193 2230 draco:
1203 2202 1351 2238 defecerunt
1360 2203 1478 2238 ipsorum
1486 2199 1566 2231 oculi,
1574 2198 1699 2234 quoniam
1709 2206 1760 2225 non
1769 2203 1828 2226 erat

1049 2250 1145 2284 [ιεηιιηι
1155 2248 1270 2283 (lenit.
1284 2248 1321 2282 5).
1334 2248 1478 2282 Propterea
1491 2252 1517 2274 et
1530 2246 1610 2272 hodie
1623 2245 1682 2272 Jocl
1694 2244 1830 2272 dicentem

1049 2294 1173 2322 audistis:
1185 2294 1344 2330 Egrediatur
1353 2301 1464 2328 sponsus
1475 2300 1488 2318 ε
1500 2290 1710 2321 σαὺίειιιοηιο,ει
1717 2297 1812 2323 sponsa
1819 2297 1833 2315 ε

1050 2339 1166 2366 thalamo
1172 2343 1385 2373 su0,cungrcgate
1394 2336 1508 2371 infantes
1517 2340 1636 2370 rogantes
1642 2335 1721 2361 ubera
1730 2333 1833 2368 (Jocl‘l.

1051 2385 1166 2420 l6).Qua
1172 2384 1205 2412 dc
1212 2384 1352 2417 causa,dic
1358 2383 1610 2414 milti,immaturam
1618 2385 1721 2407 aetatem
1730 2379 1762 2406 ad
1770 2387 1836 2412 sup-

1041 2436 1211 2473 plicationem
1225 2431 1318 2460 vocat?
1330 2430 1424 2458 Nonne
1440 2431 1541 2455 certum
1556 2428 1598 2452 est
1616 2421 1686 2458 quod
1701 2421 1708 2436 ι
1726 2423 1837 2469 propter

1042 2469 1166 2511 eamdem
1187 2480 1272 2514 ipsam
1293 2475 1420 2505 causam?
1433 2472 1563 2508 Quoniam
1585 2469 1656 2498 enim
1678 2472 1837 2514 omnes-ptri

1043 2510 1121 2557 altato
1135 2510 1244 2563 perfecti
1255 2522 1480 2553 exacerbareront
1488 2519 1582 2548 Deum,
1590 2520 1617 2544 et
1629 2513 1662 2541 ad
1674 2510 1837 2563 iracundiam

1043 2556 1253 2604 conciuiverunt,
1265 2570 1352 2602 Etas,
1364 2566 1459 2602 inquit,
1475 2568 1643 2600 peccatorum
1657 2565 1753 2593 expers
1768 2556 1838 2604 ira-to

1044 2602 1184 2656 supplicet.
1265 2614 1432 2645 utdiccbam,
1446 2611 1584 2639 videamus
1594 2606 1656 2643 quid
1669 2604 1775 2656 tandem
1783 2602 1837 2655 Isit,

1044 2650 1114 2703 quod
1129 2663 1307 2693 inevitabilem
1321 2661 1392 2689 illam
1408 2660 1474 2686 iram
1487 2655 1618 2703 solverit:
1632 2660 1694 2703 num
1707 2650 1836 2703 jejupium

1045 2698 1131 2740 solum
1144 2716 1170 2738 ct
1183 2709 1293 2738 saccus?
1302 2707 1485 2741 Nequaquam,
1495 2701 1541 2730 sed
1557 2700 1636 2728 totius
1644 2698 1704 2724 vitm
1716 2698 1842 2745 mutatio.

1046 2758 1123 2788 Unde
1144 2757 1195 2784 hoc
1208 2740 1399 2783 manifestum?
1413 2750 1454 2778 Ab
1475 2748 1539 2783 ipsis
1559 2743 1721 2782 propheticis
1739 2740 1841 2768 verbis.

1081 2829 1087 2845 ί
1107 2831 1176 2853 Juxta
1186 2825 1295 2851 saviliutn
1303 2822 1436 2848 addidimus
1448 2826 1454 2844 :
1467 2823 1544 2844 Nonne
1554 2818 1645 2842 certum
1657 2817 1691 2839 est
1703 2811 1776 2844 quad.
