1984 3110
89 186 121 214 53

91 244 123 270 lle
143 240 188 268 Dei
208 239 282 267 enim
303 238 344 265 ira
367 237 500 271 loquutus
522 239 548 262 ct
565 233 667 260 illorum
681 228 782 265 jejunio
797 247 804 260 ,
819 225 889 253 idem

89 286 300 317 Conciliationem
316 289 345 312 ct
358 281 560 310 conciliationis
569 285 674 306 causam
685 276 787 306 dicens,
796 273 834 300 sic
847 272 888 299 in-

89 335 151 370 quit,
167 331 201 358 Et
213 331 277 358 uidit
292 330 362 357 Deus
378 336 457 363 opera
468 327 582 362 ipsorum
592 324 676 360 (lente
691 322 716 349 5.
730 319 784 356 10).
798 317 891 352 Qualia

89 377 269 414 «ψει-1121111011
285 374 501 412 jejunaverunt?
515 371 586 408 quod
600 377 707 398 saccum
727 363 892 394 induerunt“!

89 425 154 453 Nihil
170 424 284 456 horum,
298 422 346 450 sed
362 422 420 449 h:cc
432 419 524 448 omnia
537 422 627 445 tacens
641 414 729 442 iutttlit
743 421 749 439 :
766 409 893 445 Quoniam

89 479 223 499 ratarersus
238 475 277 498 est
292 470 398 505 quisque
410 476 427 495 a
439 467 487 495 viis
501 466 553 494 suis
568 463 641 491 malis
654 484 660 493 ,
677 467 700 489 et
712 459 826 497 paenituit
839 456 894 484 Do-

88 518 186 543 minum
199 515 278 543 mali.
288 503 360 549 quod
367 514 432 547 ipsis
444 520 471 538 se
481 511 613 546 facturum
623 503 880 539 dixerat(lbl).Cer-

90 563 131 589 nis
141 561 217 597 quod
228 568 285 587 non
295 559 431 594 jejunium
443 556 566 591 periculo
575 553 682 588 eripuit,
692 552 737 579 sel
747 550 809 577 vita:
819 556 881 575 iuu-

89 592 157 634 talio
162 606 252 633 Deum
261 592 387 632 barbaris
397 603 535 637 placatum
546 603 573 627 ct
582 597 740 626 benevolum
750 592 882 622 reddidit?

124 649 226 686 Jejunii
246 657 308 676 uera
325 649 452 675 ratio.‘—-
465 646 529 674 Hmc
552 644 625 676 dixi,
641 651 695 670 non
713 647 741 669 ut
762 639 893 675 jcjuuittm

91 693 360 726 contemnamus,sed
369 697 397 720 ut
403 692 532 728 jejunittm
544 690 721 717 honoremus:
731 687 816 713 honor
823 684 894 712 enim

91 741 187 775 jejunii
203 748 257 767 non
271 739 392 767 ciborum
401 737 571 769 abstinentia,
584 735 630 763 sed
642 738 810 770 peccatorum
823 730 892 765 fuga.

94 786 132 812 Ita
146 791 175 812 ut
188 785 234 820 qui
247 785 370 812 ciborum
384 782 544 810 abstinentia
565 784 666 807 tantum
698 777 828 813 jejuniuttt
848 775 896 802 de-

95 831 181 862 ﬁniat,
194 832 216 858 is
228 830 345 857 maxime
358 831 445 864 ipsum
457 823 731 862 vituperetJejunas?
742 823 895 850 demonstra

97 876 162 904 mihi
187 884 236 911 per
248 876 304 911 ipsa
319 882 410 909 Opera.
426 873 518 908 Qualia
531 893 539 906 ,
554 871 652 907 inquis.
676 869 776 905 opera?
789 867 817 895 Si
831 874 897 902 pau-

98 930 190 957 perem
205 921 316 954 videris,
328 921 458 947 miserere
472 928 479 946 :
496 918 518 946 si
533 917 670 945 inimiCum
685 914 793 946 videris,
806 912 897 941 conci-

98 968 166 995 liare
180 977 188 994 :
202 967 226 994 si
240 966 356 994 amicum
369 963 539 992 laudabiliter
551 966 673 998 agentem
686 959 795 993 videris,
811 966 845 986 ne
859 958 896 985 in-

96 1013 210 1040 videas:
226 1012 250 1040 si
269 1011 410 1039 mulierem
432 1009 530 1037 videris
553 1007 701 1043 speciosam
714 1026 722 1039 ,
739 1009 894 1040 praetereas.

98 1058 157 1086 Non
171 1058 244 1086 enim
260 1065 291 1084 os
306 1061 409 1084 tantum
421 1055 523 1091 jejunet
534 1075 542 1088 ,
556 1053 602 1081 sed
616 1057 643 1080 et
655 1052 762 1084 oculus,
779 1055 806 1078 et
819 1049 897 1077 audi-

98 1108 142 1132 ts
157 1125 166 1136 ,
180 1109 207 1132 ct
226 1103 326 1138 pedes.
343 1107 370 1130 et
385 1107 479 1129 manus
493 1121 502 1134 ,
517 1104 545 1128 ct
565 1099 654 1126 omnia
671 1097 791 1132 corporis
813 1095 897 1124 nostri

100 1150 221 1178 ntembra
231 1149 363 1185 jejunent.
376 1147 503 1182 Jejuncnt
514 1153 607 1173 manus
618 1153 633 1172 a
647 1144 738 1179 rapina
753 1149 779 1172 et
786 1143 897 1171 avaritia

100 1195 207 1223 mundae
222 1204 229 1222 :
241 1195 363 1229 jejunent
377 1193 460 1228 pedes
472 1192 504 1219 ad
520 1191 610 1219 illicita
623 1190 772 1226 spectacula
788 1196 897 1217 cursum

99 1242 278 1275 reprimentes
292 1249 299 1266 τ
311 1239 434 1274 jejuncnt
452 1237 522 1265 oculi
535 1236 670 1264 discentes
681 1242 826 1270 numquam
842 1234 897 1261 for--

101 1287 183 1314 musis
197 1285 336 1312 obtutibus
349 1283 463 1316 iusilire,
477 1290 526 1310 nec
539 1282 641 1309 alienas
655 1280 761 1308 curiose
777 1279 897 1314 pulchri-

102 1332 208 1359 tudines
236 1334 368 1365 spectare.
393 1328 475 1356 Cibus
496 1328 567 1355 enim
587 1326 727 1355 oculorum
744 1324 873 1360 spectatio
890 1332 896 1351 :

101 1379 146 1405 sed
169 1378 191 1404 si
215 1377 353 1412 illegititna
378 1376 413 1402 sit
430 1379 457 1403 et
469 1372 736 1410 prohibita,jejunio
760 1377 857 1402 nocet,
872 1375 900 1399 et

101 1432 209 1452 omnem
225 1424 322 1450 anima:
340 1422 454 1449 salutem
469 1420 598 1449 subvertit
612 1420 653 1448 :si
667 1426 731 1447 vero
744 1419 861 1454 legitima
872 1423 899 1446 et

102 1477 252 1503 concessa,
275 1473 354 1496 ornat
378 1468 520 1503 jejunium.
545 1466 649 1494 Etenim
676 1465 899 1493 absurdissimum

101 1521 192 1548 esset,
208 1515 299 1543 cibum
323 1513 454 1542 sumendo
478 1513 558 1541 etiam
580 1520 595 1539 a
617 1519 744 1539 concessa
764 1511 900 1538 abstinere

102 1568 161 1588 eSL-a
177 1568 226 1596 per
235 1560 368 1595 jejunium
379 1580 386 1592 ,
398 1559 484 1586 oculis
494 1562 582 1586 autem
595 1557 696 1585 utendo
709 1557 788 1584 etiam
806 1556 898 1591 prohi-

101 1607 182 1634 bitam
196 1607 339 1640 attingere.
350 1604 409 1632 Non
419 1603 537 1631 comedis
548 1603 755 1637 cames?neque
764 1602 899 1629 lasciviam

101 1660 149 1687 per
168 1650 264 1679 oculos
279 1650 397 1685 haurias.
414 1649 522 1685 Jejunet
536 1653 563 1676 et
576 1648 649 1675 auris
662 1657 670 1675 ;
685 1648 790 1674 aurium
810 1652 899 1674 autent

98 1697 230 1733 jejunium
255 1696 436 1724 detractiones
457 1699 484 1722 et
509 1694 656 1722 calumnias
676 1701 728 1721 non
750 1693 898 1727 suscipere.

102 1745 224 1771 Auditum
249 1743 316 1770 enim
339 1751 433 1770 canum
455 1750 506 1769 non
533 1741 653 1776 suscipiea
667 1739 764 1776 (Exod.
784 1739 829 1767 25,
852 1740 898 1774 1),

102 1791 195 1826 inqttit.

136 1836 163 1864 5.
178 1834 287 1870 Jejunet
301 1841 407 1869 quoque
421 1840 453 1860 os
463 1840 478 1859 a
493 1832 581 1860 verbis
597 1831 716 1866 turpibus
729 1834 756 1858 et
768 1829 899 1858 convicio.

102 1881 165 1916 Quae
178 1881 251 1908 enim
265 1880 363 1908 utilitas
372 1887 434 1906 eum
445 1878 538 1906 avibus
549 1878 656 1913 quidem
671 1882 698 1905 et
709 1876 826 1911 piscibus
840 1876 901 1903 abs-

102 1928 246 1960 tineamus,
263 1925 360 1953 fratres
385 1932 451 1952 vero
471 1923 640 1952 mordeamus
666 1927 694 1950 et
707 1921 901 1949 comedamtts?

102 1972 255 2000 Detrahens
270 1971 402 1999 fraternas
415 1977 510 1998 carnes
523 1968 649 2001 comedit,
665 1968 779 2003 proximi
793 1974 901 1994 carnem

102 2019 263 2046 momordit:
284 2022 428 2053 propterea
454 2021 481 2044 et
503 2015 600 2043 Paulus
621 2014 725 2047 terruit,
742 2013 855 2041 dicens:
871 2012 902 2040 Si

101 2071 188 2093 autem
204 2073 250 2092 ros
269 2064 377 2091 invicem
397 2062 516 2090 mordetis
541 2066 564 2089 et
575 2061 714 2093 comeditis,
734 2059 814 2087 videte
825 2068 857 2086 ne
870 2059 902 2086 ab

101 2112 206 2138 invicem
214 2109 400 2137 consumamini
410 2108 419 2145 (
430 2108 488 2136 Gul.
499 2108 525 2136 5.
540 2108 574 2136 15
584 2108 604 2143 ).
617 2106 675 2134 Non
690 2105 798 2133 inﬁxisti
808 2105 902 2133 dentes

101 2157 185 2186 carni.
201 2155 249 2183 sed
259 2155 356 2183 anima:
370 2153 550 2185 maledictum,
563 2152 710 2187 improbam
722 2151 900 2186 suspicionem

101 2201 223 2234 iadxisti,
241 2200 387 2228 vulnerasti
398 2220 405 2231 ,
419 2198 565 2226 innumeris
578 2196 689 2225 ali'ecisti
701 2197 778 2223 malis
801 2201 828 2223 et
854 2196 903 2224 tei-

101 2255 189 2283 psutn,
201 2251 230 2274 et
244 2246 359 2278 illum,et
367 2244 435 2272 alios
444 2244 550 2279 plures:
562 2243 659 2271 etenim
672 2241 822 2269 audientem
833 2241 904 2276 pejo-

100 2301 158 2321 rem
169 2293 268 2325 fecisti,
278 2291 429 2326 proximum
438 2289 618 2318 calumnians:
630 2288 687 2316 sive
697 2287 767 2315 enim
777 2292 903 2323 peccator

100 2340 144 2371 sit,
159 2343 218 2366 tum
231 2338 339 2373 segnior
356 2336 396 2369 fit,
412 2336 512 2371 peccati
524 2334 777 2362 communicatorem
791 2337 901 2360 nactus:

100 2385 157 2412 sive
175 2383 267 2419 justus
282 2383 326 2415 sit,
344 2382 372 2409 in
387 2380 566 2416 arrogantiam
580 2379 691 2412 tollitur,
706 2383 735 2406 et
750 2377 856 2406 inﬂatur
870 2386 903 2405 ex

101 2431 217 2458 aliorum
233 2432 355 2464 peccato,
377 2434 472 2462 magna
486 2426 519 2454 de
532 2425 620 2461 seipso
633 2425 734 2453 sentire
749 2431 901 2459 persuasus.

102 2477 216 2512 Insuper
238 2481 412 2503 communem
437 2472 565 2500 Ecclesia:
590 2475 689 2499 statutn
713 2469 824 2498 laesisti:
849 2477 902 2497 non

102 2525 173 2552 enim
195 2529 291 2550 omnes
310 2519 454 2547 audientes
478 2522 648 2554 peccatorem
666 2516 752 2544 solum
766 2518 902 2547 accusant,

103 2570 147 2598 sed
167 2567 299 2604 opprobia
317 2565 532 2594 Christianorum
556 2562 628 2599 genti
652 2561 827 2596 inﬂiguntur:
852 2568 904 2588 nec

91 2615 195 2654 laudias
216 2612 341 2641 inﬁdeles
363 2611 467 2643 dicere,
490 2609 564 2637 illum
585 2607 772 2635 fornicatorem
792 2613 853 2633 esse
876 2608 904 2633 et

92 2655 94 2663 ’
105 2661 274 2693 dissolutum,
285 2658 334 2686 sed
346 2665 396 2693 pro
404 2664 436 2684 eo
444 2657 488 2691 qui
498 2655 626 2691 peccavit,
637 2653 802 2682 Christianos
810 2658 904 2679 omnes

105 2707 242 2735 calumniis
259 2703 399 2733 insectari.
413 2702 453 2731 Ad
468 2702 525 2729 hate
536 2701 582 2729 Dei
595 2700 706 2736 gloriam
723 2697 903 2733 blasphemari

104 2753 188 2781 fecisti
206 2762 214 2781 :
228 2751 301 2780 sicut
314 2750 383 2778 enin
410 2749 488 2776 nobis
510 2747 676 2775 laudabiliter
692 2744 841 2773 viventibus
857 2743 903 2771 ltei

104 2807 200 2826 nomen
213 2797 396 2833 gloriﬁcatur,
413 2795 452 2822 sic
470 2793 641 2830 peccantibus
666 2791 863 2826 blasphematur
876 2794 903 2817 et

105 2845 262 2873 contumelia
270 2843 401 2870 afficitur.
410 2840 549 2874 Quartum,
561 2839 629 2866 ntale
637 2838 789 2865 audientem
801 2836 903 2871 pudore

105 2893 223 2926 effecisti,
233 2895 260 2920 et
275 2890 316 2918 sic
330 2887 553 2924 impudentiorem
563 2884 710 2918 reddidisti,
726 2882 863 2911 inimicum
877 2885 902 2909 et

577 175 621 203 AD
640 169 801 200 POI‘ULUM
821 162 1064 196 ANTIOCHENU.“
1085 159 1200 188 llOillL.
1221 157 1264 186 111.
1700 146 1736 176 54

944 220 1049 248 hostem
1071 218 1179 246 faciens.
1195 216 1333 250 Quintum,
1350 213 1462 247 teipsum
1478 216 1562 245 Mm!
1576 211 1603 236 et
1617 206 1734 241 castiga—

944 267 1022 294 tioais
1032 272 1105 293 reum
1114 263 1209 296 fecisti,
1219 261 1324 297 negotia
1333 259 1366 287 ad
1376 263 1400 286 te
1409 257 1473 285 nihil
1482 256 1619 284 attinentia
1629 259 1733 280 texens.

944 314 981 341 Ne
992 313 1049 348 quis
1061 312 1131 339 enim
1141 311 1192 338 hoc
1207 309 1270 336 tttihi
1286 307 1366 338 dicat,
1380 304 1455 332 Tunc
1465 302 1585 334 detraho,
1596 307 1656 327 cum
1671 298 1735 325 falsa

944 360 1020 391 dico;
1039 358 1063 385 si
1082 361 1171 384 autem
1192 362 1254 382 vera
1275 353 1346 384 dico,
1366 351 1485 378 minitttc.
1504 348 1570 376 Nam
1592 347 1655 374 licet
1672 352 1734 372 vera

945 405 1057 440 loquens
1067 402 1135 430 male
1148 400 1257 432 dixeris,
1268 403 1296 426 et
1309 398 1360 425 hoc
1374 401 1415 425 est
1427 395 1527 423 crimen
1540 402 1547 420 :
1558 392 1655 420 etenim
1672 390 1737 417 Pha-

944 436 1037 478 risicus
1051 449 1096 477 ille
1117 448 1256 483 publicano
1276 443 1410 472 veridicus
1435 438 1593 473 maledixit(
1610 437 1672 464 Luc.
1691 436 1734 463 18,

945 497 976 524 ll
992 495 1014 531 ),
1030 494 1076 522 scd
1092 498 1180 521 tamen
1194 492 1245 519 ltoe
1255 490 1303 526 ipsi
1314 489 1378 517 nihil
1390 486 1498 523 profuit.
1512 484 1617 516 Nonne,
1632 489 1734 516 qumso,

945 528 1101 576 publicanus
1114 543 1171 566 erat
1193 537 1347 572 publicanus
1360 538 1386 561 et
1401 529 1547 568 peccator?
1562 528 1664 562 Cuiqne
1679 533 1738 552 ecr-

946 593 1001 614 tum
1028 590 1069 613 est
1092 584 1163 620 quod
1182 583 1338 618 publicanus
1354 583 1429 610 erat;
1441 576 1488 604 sed
1507 574 1631 610 quoniam
1651 572 1737 606 ipsum

945 631 1105 667 vituperavit
1126 629 1277 657 Pltarismus
1293 647 1300 659 ,
1322 625 1386 652 abiit
1405 622 1529 650 omnibus
1550 618 1665 646 amissis.
1693 615 1739 642 Vis

946 679 1054 706 fratrem
1068 675 1222 711 corrigere?
1237 674 1377 708 Lacryma,
1392 676 1438 696 ora
1449 668 1545 698 Deum,
1560 670 1680 692 seorsum
1690 668 1738 695 ap-

947 725 1107 760 prehensum
1121 723 1245 751 admone.
1261 718 1380 750 cottsnlc,
1399 714 1542 743 exhortare
1556 720 1562 738 :
1578 710 1617 737 sic
1628 714 1652 737 ct
1668 708 1737 735 Patr-

947 771 989 798 lus
1010 769 1122 798 faciebat
1136 776 1145 795 :
1161 767 1201 794 Ne
1214 767 1301 793 iterant
1315 772 1372 791 cum
1394 768 1493 793 uenero,
1509 757 1604 793 inquit,
1625 754 1739 781 humiliet

948 825 987 844 me
1008 816 1077 843 Dens
1098 814 1168 850 apud
1187 821 1241 843 vos.
1257 816 1279 839 et
1300 811 1399 845 lugeam
1413 806 1504 834 multos
1519 811 1551 831 ea:
1568 803 1610 835 iis,
1625 800 1739 836 quiante

949 866 1120 898 peccaverunt,
1137 864 1159 887 et
1172 867 1222 886 non
1234 860 1338 893 egerunt
1351 851 1521 890 penitentiam
1539 855 1614 884 super
1628 847 1739 872 inunun-

949 910 1023 942 ditt'a,
1035 912 1058 934 et
1069 890 1278 942 fornicationeJet
1291 898 1449 936 impudicitia
1461 904 1536 932 quam
1547 896 1674 930 gesserunt
1698 890 1738 925 t2.

949 954 1007 982 Cor.
1029 953 1072 981 l2.
1087 952 1119 979 21
1145 951 1165 986 ).
1177 951 1289 978 Declara
1304 945 1460 974 charitatem
1473 949 1535 977 erga
1549 943 1716 976 peccatorem
1731 945 1737 962 :

948 999 1078 1036 persuade
1094 997 1153 1032 ipsi,
1164 995 1234 1032 quod
1249 992 1390 1021 consulens
1398 995 1424 1018 et
1435 996 1542 1019 curans,
1552 994 1604 1014 nott
1618 984 1737 1012 traduce-

950 1054 980 1074 re
991 1045 1093 1077 volens,
1109 1041 1210 1078 peccati
1221 1041 1306 1076 ipsum
1314 1035 1518 1066 commonefacis
1526 1043 1533 1061 :
1541 1029 1740 1068 comprehende

950 1093 1041 1129 pedes,
1051 1090 1181 1121 osculare,
1191 1095 1223 1115 ne
1231 1086 1385 1117 erubescas,
1394 1084 1415 1110 si
1425 1082 1503 1110 modo
1512 1088 1573 1108 vere
1582 1078 1680 1107 mederi
1689 1077 1738 1103 vis.

984 1122 1124 1173 Confessio.
1143 1149 1180 1155 —
1199 1133 1263 1161 litae
1284 1136 1311 1160 et
1331 1129 1427 1158 medici
1446 1128 1544 1155 faciunt
1566 1126 1679 1160 sat-pius,
1694 1122 1740 1156 qui

950 1184 1072 1212 difﬁciles
1085 1185 1200 1217 aegrotos
1213 1178 1327 1209 habent;
1341 1174 1535 1204 deosculautes,
1545 1175 1669 1205 rogantes
1680 1176 1741 1203 pcr-

949 1230 1061 1259 suadent
1080 1228 1224 1255 salutarem
1251 1230 1359 1251 sumere
1385 1220 1542 1248 medicinam
1557 1225 1564 1244 :
1581 1217 1615 1243 ita
1631 1222 1657 1241 tn
1672 1221 1741 1248 quo-

950 1284 1002 1312 que
1016 1275 1065 1305 fac.
1079 1270 1212 1301 sacerdoti
1223 1269 1317 1298 vulnus
1328 1265 1467 1295 manifesta
1482 1273 1488 1291 :
1503 1263 1553 1290 hoc
1562 1267 1602 1289 est
1612 1259 1740 1291 curantis,

951 1307 1004 1350 hoc
1017 1319 1192 1356 providentis,
1211 1317 1263 1344 ltoc
1283 1312 1456 1342 consulentis.
1480 1310 1537 1338 Non
1560 1307 1632 1335 solos
1651 1309 1741 1333 autem

951 1366 1106 1398 maledicos,
1123 1364 1170 1392 sed
1193 1367 1221 1390 ct
1239 1361 1298 1388 aliis
1318 1357 1422 1387 detrahi
1451 1354 1589 1383 audientes
1612 1351 1743 1378 admoneo

950 1419 1030 1440 aurcs
1042 1411 1190 1441 obstruere,
1207 1411 1234 1435 et
1243 1404 1400 1442 prophetam
1414 1400 1511 1429 imitari
1524 1399 1656 1426 dicentem
1669 1403 1678 1422 :
1689 1393 1742 1421 De-

951 1458 1090 1486 traltentem
1106 1439 1198 1482 secreto
1214 1439 1329 1488 proximo
1339 1448 1464 1482 suo,hunc
1476 1442 1656 1481 persequebur(
1669 1439 1741 1467 I’sal.

952 1504 1014 1533 100.
1028 1504 1076 1539 5).
1097 1502 1145 1529 Dic
1161 1486 1292 1536 prosimo,
1309 1496 1397 1524 Habes
1411 1494 1537 1528 aliquem,
1552 1497 1631 1525 quem
1649 1486 1740 1515 laudes

951 1555 978 1578 et
988 1546 1180 1578 commendes?
1199 1542 1382 1578 auresaperio,
1397 1541 1565 1573 utuuguenta
1581 1533 1742 1568 suscipiam;

951 1597 973 1624 si
986 1602 1050 1623 vero
1074 1593 1143 1621 male
1155 1591 1219 1619 velis
1232 1590 1330 1621 dicere,
1344 1585 1434 1614 verbis
1458 1584 1607 1618 ingressum
1622 1580 1718 1606 ohtttro
1733 1585 1741 1604 :

952 1649 1005 1670 non
1021 1640 1093 1668 enim
1107 1643 1210 1666 stercus
1226 1640 1253 1663 et
1266 1640 1372 1662 cmnum
1387 1630 1509 1665 accipere
1522 1626 1651 1655 sustineo.
1667 1622 1743 1657 Quod

952 1687 1017 1715 mihi
1029 1686 1144 1718 lucrum,
1166 1683 1190 1710 si
1203 1682 1331 1713 didicero,
1346 1678 1421 1706 illum
1437 1682 1496 1703 esse
1508 1671 1656 1708 improbant:
1666 1669 1678 1696 ?
1689 1668 1744 1695 imo

952 1733 1097 1762 maximum
1113 1732 1302 1758 nocumenlum
1317 1732 1350 1753 ex
1374 1723 1433 1755 hoc,
1449 1726 1476 1749 et
1493 1723 1614 1747 extrema
1629 1717 1743 1751 jactura.

953 1779 1074 1813 Loquere
1086 1775 1119 1803 ad
1134 1775 1220 1810 ipsum
1238 1772 1384 1800 :Curemus
1399 1762 1639 1800 nostra,quomodo
1654 1767 1745 1796 pecca-

953 1807 1041 1852 torum
1061 1807 1191 1849 rationem
1210 1816 1364 1848 reddamus,
1380 1817 1407 1841 et
1431 1811 1612 1840 curiositatem
1636 1807 1704 1834 hanc
1717 1809 1745 1831 et

952 1875 1093 1905 operosam
1108 1863 1303 1900 indagationem
1315 1860 1386 1888 circa
1395 1859 1475 1886 vitam
1486 1859 1605 1884 nostram
1616 1853 1745 1882 exhibea-

953 1923 1022 1943 mus.
1037 1913 1122 1948 Quam
1135 1911 1206 1939 enim
1217 1907 1374 1936 habebimus
1387 1903 1597 1934 excusationem,
1610 1907 1688 1935 quam
1699 1905 1745 1925 vc-

953 1961 1035 1992 niam,
1051 1966 1113 1986 cum
1141 1959 1231 1984 ttostra
1259 1960 1293 1981 ne
1316 1953 1342 1980 in
1363 1954 1480 1978 mentem
1497 1946 1604 1983 quidem
1627 1944 1744 1975 veniant,

953 2006 1039 2033 aliena
1061 2010 1125 2031 vero
1137 2001 1242 2029 curiose
1257 1994 1429 2026 scrutemur?
1444 1993 1519 2021 Sicut
1532 1992 1558 2019 111
1580 1990 1688 2017 domum
1715 1994 1746 2015 se

954 2051 1094 2083 inclinare,
1111 2053 1138 2076 et
1152 2046 1280 2075 interiora
1295 2042 1467 2071 considerare
1482 2034 1655 2074 praetereunti
1668 2039 1746 2068 turpe

954 2103 1005 2132 est,
1021 2100 1048 2124 et
1062 2095 1142 2123 multa
1157 2091 1301 2129 ignominia
1316 2090 1422 2125 plenum
1436 2096 1442 2114 :
1456 2086 1495 2113 sic
1507 2089 1533 2113 et
1546 2084 1616 2111 circa
1631 2081 1745 2108 alienam

954 2144 1035 2171 vitatu
1056 2146 1177 2176 satagere
1192 2136 1378 2166 illiberalitatis
1395 2138 1522 2161 extrema:
1534 2135 1585 2158 est.
1601 2129 1658 2156 Hoc
1681 2134 1747 2155 vero

955 2189 1096 2218 ridiculum
1116 2175 1199 2221 magis
1216 2188 1266 2218 est,
1280 2181 1351 2219 quod
1373 2180 1452 2208 talem
1468 2178 1596 2205 habentes
1609 2175 1701 2206 vitam,
1718 2176 1747 2200 et

955 2242 999 2263 res
1022 2241 1084 2262 suas
1105 2232 1278 2267 negligentes,
1293 2235 1353 2255 cum
1367 2224 1467 2260 aliquid
1479 2229 1606 2250 arcanum
1621 2219 1747 2251 dixerint,

955 2284 1049 2315 rogant
1060 2278 1211 2305 audientem
1223 2278 1250 2303 et
1259 2273 1392 2308 adjurant,
1403 2278 1437 2298 ne
1446 2268 1568 2303 cuiquam
1579 2265 1654 2294 alteri
1665 2264 1748 2295 dicat,

955 2326 1018 2354 hinc
1031 2323 1208 2355 declarantes,
1223 2328 1253 2348 se
1266 2327 1322 2347 rem
1334 2313 1542 2352 reprehensione
1555 2313 1660 2347 dignam
1674 2317 1749 2337 com-

956 2372 1070 2400 misisse.
1087 2369 1115 2398 Si
1128 2369 1198 2396 euim
1213 2366 1297 2399 illum,
1309 2368 1338 2392 ut
1351 2363 1450 2391 nemini
1465 2361 1546 2393 dicat,
1560 2365 1647 2394 rogas.
1664 2355 1748 2383 multo

956 2418 1040 2452 magis
1055 2420 1082 2443 te
1100 2414 1216 2450 priorem
1230 2411 1292 2439 huic
1306 2409 1396 2438 dicere
1408 2415 1462 2435 non
1475 2405 1623 2441 oportebat.
1648 2402 1675 2430 111
1692 2405 1750 2429 tuto

956 2449 1108 2492 sermonem
1121 2459 1241 2488 habebas
1253 2467 1260 2485 τ
1275 2461 1414 2493 postquam
1423 2454 1510 2489 ipsum
1523 2449 1672 2487 prodidisti,
1685 2453 1748 2476 tunc

957 2510 1070 2537 salutem
1087 2506 1171 2542 ipsius
1191 2511 1286 2535 curas;
1309 2502 1333 2530 si
1347 2508 1401 2529 non
1415 2499 1457 2527 vis
1470 2497 1559 2526 efferri
1579 2495 1613 2524 ad
1635 2496 1747 2522 alterum

957 2561 1043 2589 neque
1069 2539 1126 2589 ipse
1149 2551 1247 2583 dicas;
1263 2553 1404 2585 postquam
1428 2551 1493 2573 vero
1507 2542 1584 2571 alteri
1608 2539 1747 2576 prodidisti

957 2586 1089 2628 sermonis
1101 2596 1260 2629 custodiam,
1274 2593 1407 2629 superﬂua
1419 2591 1483 2619 facis
1495 2593 1523 2618 et
1532 2588 1644 2620 inutilia,
1656 2586 1749 2613 admo-

957 2652 1023 2675 nens
1033 2650 1060 2674 ct
1068 2646 1203 2673 obtestans
1209 2650 1258 2678 pro
1270 2640 1402 2668 dictorum
1410 2634 1595 2665 custodia.Sed
1601 2631 1748 2669 jucundum

956 2692 1117 2721 detrahere?
1129 2691 1182 2717 imo
1191 2677 1335 2725 jucundum
1348 2695 1399 2714 non
1410 2684 1561 2713 detrahere.
1572 2681 1622 2716 Qui
1634 2677 1750 2707 detrahit

957 2739 1028 2767 enim
1042 2737 1167 2771 deinceps
1179 2735 1273 2763 anxius
1287 2737 1338 2767 est,
1350 2731 1498 2766 suspicatur
1510 2732 1537 2756 et
1551 2727 1635 2757 timet.
1647 2730 1675 2753 et
1687 2729 1748 2751 eum

959 2784 1079 2821 ptenitet,
1097 2787 1123 2810 et
1139 2782 1255 2816 linguam
1268 2787 1343 2806 suam
1372 2775 1488 2808 mordet,
1503 2775 1598 2805 timens
1613 2777 1638 2799 et
1654 2769 1748 2797 tremi-

958 2838 1047 2863 scens,
1058 2836 1091 2856 ne
1104 2828 1173 2856 forte
1184 2826 1244 2854 aliis
1258 2823 1423 2853 enuntiatum
1437 2821 1547 2850 verbum
1561 2823 1685 2852 magnum
1699 2814 1749 2841 sibi

959 2860 1107 2916 periculum
1122 2874 1225 2907 afferat,
1241 2876 1269 2900 ct
1286 2869 1447 2906 superfluant
1463 2872 1489 2899 et
1506 2865 1625 2894 inutilem
1658 2860 1749 2890 inimi-
