1984 3110
237 135 270 165 Ξέῧ
590 134 617 163 S.
636 135 774 163 JOANNIS
791 131 1026 163 CIIRYSOSTOMI
1047 133 1204 162 ARCHIEP.
1225 135 1483 163 CONSTANTINOI‘.
1841 133 1872 159 56

235 194 324 220 citium
347 191 388 222 iis,
409 191 452 226 qui
474 191 576 224 dixere,
591 195 738 226 operetur:
757 191 802 226 qui
824 191 940 226 seipsum
960 198 1024 218 vero

237 238 366 270 continet,
383 237 409 264 in
425 237 567 264 securitate
581 236 694 272 plurima
709 243 770 264 cum
784 236 866 264 multa
882 237 954 264 vivet
977 243 1025 263 vo-

234 284 347 318 lnptalet

272 328 400 355 Delmatia
427 327 538 355 vitanda.
565 342 601 348 —-
621 327 720 354 Audisti
744 336 881 354 sermonem
894 327 907 354 .9
930 326 1025 362 inquit,

238 375 360 400 moriatur
370 375 396 400 in
409 379 432 401 te
445 382 454 401 :
467 373 576 407 con/ide,
591 382 640 400 non
657 378 680 400 te
692 374 830 407 disrumpet
857 373 867 409 (
882 373 962 400 Eccli.
979 373 1025 401 i9.

238 419 293 453 l0).
307 419 374 451 Quid
386 423 437 451 est,
453 418 578 445 Moriatur
591 418 616 445 in
630 418 674 445 te?
687 418 830 452 Exstingue
840 418 938 452 ipsum,
952 417 1027 445 defo-

237 464 303 496 dito,
318 472 368 491 nec
382 465 464 496 exire,
480 471 566 498 neque
582 464 685 498 penitus
696 464 798 491 moveri
809 464 964 499 permittas;
979 464 1027 492 sed

238 511 356 538 maxime
369 511 456 544 stude,
471 518 521 539 nec
533 511 600 538 alios
619 511 724 546 quidem
740 511 810 538 male
822 511 941 538 dicentes
959 510 1027 538 tole-

238 563 308 583 rare.
320 556 396 590 Quod
409 556 432 582 si
446 556 550 590 quando
562 560 589 583 et
599 556 760 589 susceperis,
770 556 892 587 infodito,
905 556 1027 583 interime

238 601 350 634 dictum,
364 601 490 628 oblivioni
504 601 588 634 trade,
607 606 636 628 ut
658 602 690 628 iis
703 602 746 636 qui
766 609 820 628 non
840 601 972 628 audierint
988 601 1026 628 si-

239 646 311 673 milis
324 646 381 679 ﬁas,
392 651 420 673 et
433 653 492 673 cum
507 648 587 673 multa
600 654 664 680 pace
673 651 700 674 et
715 646 857 673 securitate
869 650 1026 681 praesentem

240 691 371 725 transigas
398 691 489 718 vitam.
505 690 532 718 Si
547 691 681 718 delatores
705 691 856 723 didicerint,
871 691 940 726 quod
956 692 1028 725 ipsos

241 735 324 769 magis
334 743 412 770 quam
432 740 571 763 accusatos
585 743 749 769 aversemur,
767 741 794 763 et
808 735 858 771 ipsi
873 736 979 763 tandem
994 736 1028 764 ab

239 779 290 807 hac
305 781 371 808 mala
396 781 586 808 consuetudine
603 781 741 813 desistent,
765 785 792 809 et
806 786 942 816 peccatum
965 789 1027 809 cor-

240 826 336 861 rigent,
350 831 377 853 et
389 826 533 853 laudabunt
549 826 677 861 posthtec,
689 831 716 854 et
726 834 774 854 nos
787 827 858 862 ipsos
872 827 948 862 quasi
965 834 1028 855 suos

239 875 391 898 servatores
407 877 435 898 et
449 871 632 899 benefactores
654 871 846 906 prtedicabunt.
869 871 943 899 Sicut
955 872 1027 900 enitn

241 915 398 944 benedicere
410 921 437 944 et
459 917 567 944 laudare
581 917 714 949 amicitim,
729 918 768 945 sic
781 921 808 945 et
830 917 989 945 maledicere
1001 921 1028 945 et

240 960 394 988 calumniari
406 962 549 989 inimicitia:
557 966 585 990 et
594 962 647 990 odii
660 967 687 990 et
698 962 852 997 iniuriarum
868 964 1027 998 principium

240 1011 290 1037 est,
301 1011 379 1041 alque
392 1007 552 1034 inﬁnitarum
569 1007 761 1035 discordiarum
775 1009 897 1036 materia.
911 1009 967 1036 Non
978 1009 1028 1036 ali-

243 1051 313 1079 unde
338 1056 428 1078 nostra
450 1053 627 1087 negliguntur,
655 1060 734 1088 quam
765 1053 836 1088 qttod
855 1054 942 1082 aliena
955 1058 1028 1081 sata-

241 1096 327 1130 gimus
339 1097 496 1131 curioseque
504 1102 672 1125 scrutamur:
688 1106 740 1125 non
754 1099 824 1126 enim
837 1103 913 1126 vacat
928 1099 1027 1126 homini

242 1141 381 1175 maledico,
393 1147 419 1170 et
427 1143 529 1171 alienos
537 1144 686 1179 exquirenti
693 1152 791 1177 mores,
804 1146 937 1181 propriam
946 1154 1030 1182 quan-

240 1187 328 1223 doque
340 1189 422 1216 vitam
436 1196 530 1217 curare
545 1198 552 1216 :
567 1190 656 1217 studio
667 1190 738 1218 enim
752 1191 824 1218 omni
840 1191 865 1218 in
881 1192 1028 1219 alienorum

240 1233 420 1261 curiositatem
436 1234 566 1270 impenso,
583 1243 693 1263 necesse
705 1240 746 1264 est
757 1237 845 1264 omnia
859 1237 916 1272 ejus
929 1241 1030 1265 temere

240 1283 269 1307 et
282 1279 446 1315 negligenter
457 1281 556 1316 jacere.
572 1280 678 1309 Etenim
693 1282 761 1309 bene
774 1282 911 1310 nobiscum
925 1283 965 1318 agi
979 1291 1028 1318 pu-

242 1325 350 1353 tandum
373 1331 423 1359 est,
452 1327 473 1354 si
496 1335 574 1355 omne
593 1328 675 1355 otium
699 1328 726 1355 in
753 1329 919 1364 propriorutu
937 1337 1028 1356 curam

243 1375 412 1406 peccatorum
424 1377 451 1400 et
462 1372 590 1407 judicium
605 1373 787 1408 impendentes
801 1374 930 1408 prolicere
943 1374 1030 1409 pOSsi-

244 1422 303 1443 mus
318 1425 396 1444 :cum
410 1425 474 1445 vero
495 1425 600 1453 semper
617 1419 701 1445 aliena
712 1426 800 1452 cures,
811 1419 917 1454 quando
929 1419 963 1447 de
978 1419 1030 1447 tuis

241 1461 370 1489 sollicitus
381 1463 434 1490 eris
447 1463 546 1490 malis?

277 1507 304 1535 6.
325 1508 468 1543 Fugiamns
480 1509 569 1544 igitur,
581 1509 682 1542 dilecti,
697 1509 828 1545 tugiamns
839 1509 1028 1544 detractiones,

243 1552 314 1580 docti
328 1553 353 1580 id
368 1560 427 1581 esse
438 1558 523 1581 totum
542 1554 641 1582 diaboli
662 1554 816 1582 barathrum
832 1559 859 1582 et
874 1555 1029 1582 insidiarum

242 1599 300 1633 ejus
322 1599 470 1627 latibulum.
488 1599 522 1628 Ut
543 1601 613 1627 enim
629 1605 718 1627 nostra
734 1601 907 1636 negligamus,
926 1605 952 1628 et
969 1608 1032 1635 gra-

243 1645 331 1673 viores
345 1645 421 1673 nobis
435 1650 524 1674 reatus
536 1646 739 1679 constituamus,
764 1646 791 1673 in
814 1647 883 1674 hane
904 1653 953 1674 nos
965 1654 1030 1674 con-

243 1688 408 1719 suetudinem
416 1691 537 1719 diabolus
547 1692 635 1722 duxit:
648 1692 770 1719 imovero
784 1700 836 1719 non
853 1692 878 1719 id
893 1692 928 1719 ibi
943 1693 1029 1719 solum

243 1737 314 1764 inest
326 1738 399 1770 mali,
411 1738 481 1772 quod
494 1742 557 1766 tunc
569 1738 700 1765 rationem
722 1738 845 1766 dabimus
859 1746 951 1766 eorum
971 1746 1030 1774 qute

242 1781 368 1815 diximus,
384 1782 431 1810 sed
447 1783 525 1810 etiam
540 1782 612 1818 quod
629 1788 737 1818 peccata
752 1788 841 1810 nostra
856 1784 895 1811 sic
908 1785 1030 1818 graviora

244 1827 380 1861 faciemus,
397 1829 470 1856 omni
484 1836 534 1856 nos
547 1829 724 1857 excusatione
737 1831 872 1865 prii-antes
882 1838 889 1856 :
901 1830 946 1865 qui
958 1830 1029 1857 enim

242 1875 339 1902 acerbe
350 1875 435 1902 aliena
445 1875 569 1912 exquirit,
583 1875 609 1903 in
619 1875 723 1903 delictis
729 1876 785 1903 suis
795 1876 894 1903 nullam
906 1883 1030 1911 umquam

243 1919 347 1946 veniam
359 1921 535 1949 nanciscetur.
553 1921 609 1948 Non
624 1922 695 1948 enim
710 1925 811 1948 tantum
827 1929 841 1948 a
863 1927 1030 1957 peccatorum

245 1970 397 1994 nostrorum
419 1973 523 2001 natura,
547 1968 593 1996 sed
604 1973 631 1995 et
645 1976 678 1996 ex
691 1968 790 2003 judicio
803 1968 836 1996 de
859 1969 919 1996 aliis
940 1973 1031 1996 nostro

242 2013 401 2039 sententiam
416 2013 486 2040 Deus
501 2012 618 2047 proferet
632 2022 638 2040 :
656 2013 754 2041 idcirco
766 2013 903 2040 admonuit
915 2013 1007 2041 dicens
1022 2022 1030 2042 :

246 2055 335 2084 Nolite
351 2057 479 2092 judicare,
502 2065 534 2084 ne
552 2058 703 2092 judicemini
717 2058 728 2094 (
743 2058 835 2085 Matth.
852 2059 903 2085 7.1
932 2057 962 2094 ):
977 2065 1030 2086 non

243 2101 314 2128 enim
333 2102 410 2137 quale
420 2101 469 2130 fuit
481 2108 630 2137 peccatum,
647 2104 699 2131 tale
713 2104 767 2131 illic
779 2103 806 2130 in
820 2104 934 2131 futurum
948 2111 1031 2139 appa-

243 2145 331 2179 rebit;
354 2147 400 2174 sed
414 2147 555 2182 quamdam
579 2155 702 2184 magnam
724 2154 750 2177 et
767 2149 943 2177 inevitabilem
957 2149 1032 2176 addi-

244 2191 341 2219 tionem
362 2200 378 2219 a
401 2193 501 2228 judicio
514 2193 539 2223 in
554 2201 711 2221 conversum
728 2195 796 2221 tacto
820 2195 940 2230 accipiet.
958 2195 1032 2222 Sicut

243 2237 314 2264 enim
328 2236 458 2265 humanus
473 2243 500 2266 et
513 2239 584 2266 mitis
598 2243 624 2266 ct
636 2239 754 2266 clemens
768 2239 895 2273 majorem
910 2243 1033 2274 peccato-

244 2290 302 2309 rum
324 2284 479 2318 gravitatem
498 2285 630 2312 succidit:
646 2286 680 2312 ita
701 2286 812 2313 acerbus
827 2290 855 2313 et
874 2286 990 2313 crudelis
1004 2290 1032 2313 et

243 2328 420 2362 implacabilis
435 2337 557 2364 magnum
573 2331 686 2364 propriis
707 2331 810 2365 pondus
824 2331 938 2365 peccatis
948 2339 1031 2366 appo-

242 2374 291 2400 nit.
319 2373 495 2401 Elimiuemus
518 2374 597 2409 igitur
610 2383 715 2403 omuent
731 2384 761 2403 cx
775 2384 822 2403 ore
835 2381 927 2404 nostro
941 2377 1031 2404 detra-

241 2420 370 2451 ctionem,
379 2420 493 2447 scientes
503 2421 572 2455 quod
584 2421 632 2448 etsi
645 2422 760 2449 cinerem
771 2422 952 2453 eomedamus,
960 2422 1032 2449 nulla

244 2465 321 2492 nobis
333 2473 435 2500 asperae
445 2465 504 2493 vita:
517 2466 594 2500 hujus
603 2467 700 2494 utilitas
711 2468 771 2498 erit,
784 2467 833 2494 nisi
845 2476 858 2493 a
867 2467 1032 2495 detractione

243 2510 424 2537 abstineamus
436 2518 442 2537 :
458 2518 511 2537 non
522 2511 592 2538 enim
606 2520 664 2546 qua:
678 2512 777 2539 intrant
797 2512 968 2546 coinquinant
982 2512 1031 2538 ho-

245 2554 356 2587 minem,
370 2555 417 2582 sed
427 2563 487 2590 qua:
501 2561 599 2583 exeunt
612 2564 644 2583 ex
655 2557 722 2592 ore(
738 2556 829 2584 Matt/3.
843 2557 885 2585 15.
904 2557 946 2584 l7.
965 2558 997 2584 lS
1010 2557 1030 2592 ).

244 2599 271 2627 Si
286 2600 346 2635 quis
365 2604 392 2627 te
414 2605 590 2635 prmtereunte
608 2606 710 2629 stercus
731 2607 909 2635 commoveat,
931 2609 1030 2635 nonne,

243 2652 344 2680 qumso,
360 2646 433 2672 illum
445 2647 565 2674 convicio
577 2651 604 2674 et
614 2648 774 2675 contumelia
788 2648 888 2675 allicias
900 2649 912 2674 ?
925 2647 980 2675 lioc
991 2647 1033 2674 l'ac

240 2695 267 2717 et
281 2698 343 2726 erga
355 2691 534 2720 detractores.
548 2692 605 2720 Non
621 2693 692 2720 enim
701 2694 740 2720 sie
754 2698 917 2721 commotum
931 2698 1034 2720 stercus

242 2735 313 2762 illum
346 2736 463 2764 ﬁctorem
498 2739 699 2773 suspicientium
727 2739 830 2766 cerebri
850 2739 1034 2767 membranam

242 2782 368 2815 percrilit,
388 2783 456 2810 sicut
470 2784 555 2811 aliena
571 2789 679 2819 peccata
690 2792 812 2817 excussa,
825 2789 851 2812 et
865 2785 917 2812 vita
932 2785 1034 2818 impura

241 2826 382 2861 patefacta,
394 2829 554 2856 audientium
564 2830 832 2858 animoscontristare
841 2836 866 2858 et
879 2830 1033 2866 perturbare

1079 190 1176 218 solent.
1189 190 1375 218 Abstineamus
1387 192 1489 229 igitura
1505 191 1679 225 detractione,
1695 193 1874 229 turpiloqmo,

1081 235 1257 270 blasphemia,
1269 240 1296 263 et
1311 244 1396 271 neque
1411 237 1544 271 proximo,
1557 245 1642 271 neque
1657 237 1709 264 Deo
1723 239 1867 265 maledict-

1079 288 1138 308 mus
1153 289 1160 308 :
1175 281 1327 308 multienim
1339 281 1547 309 obtrectatorum
1562 291 1594 309 eo
1608 281 1705 310 furoris
1719 284 1785 318 lapsi
1797 289 1871 315 sunt,

1080 331 1108 353 ut
1126 333 1141 353 a
1154 327 1291 353 conservis
1304 326 1329 353 in
1352 326 1434 354 Deum
1451 327 1565 361 linguam
1581 335 1656 354 suam
1671 329 1871 356 revocaverint.

1079 371 1211 406 Quantum
1226 379 1290 400 vero
1301 373 1335 400 sit
1350 372 1401 400 hoc
1414 373 1523 406 malum,
1539 381 1572 400 ex
1585 374 1664 401 rebus
1679 382 1749 401 nunc
1762 382 1814 401 nos
1829 382 1873 400 ur-

1079 417 1202 451 gentibus
1213 417 1296 444 disce.
1313 417 1382 444 Eece
1395 417 1465 444 enim
1479 417 1559 445 homo
1575 412 1696 453 injuriam
1707 425 1804 453 passus
1819 425 1870 451 est,

1079 466 1106 489 et
1116 469 1209 490 omnes
1221 463 1345 490 timemus
1359 467 1385 490 et
1400 463 1549 496 tremimus,
1565 468 1592 490 et
1602 464 1646 499 qui
1663 464 1811 492 intulerunt
1828 466 1870 491 in-

1077 507 1186 542 juriam,
1200 512 1227 534 et
1239 508 1282 542 qui
1291 507 1325 535 de
1336 508 1406 535 nulla
1418 507 1569 542 hujusmodi
1581 516 1609 536 re
1619 509 1667 536 sibi
1679 513 1742 536 sunt
1752 511 1869 541 conscii,

1081 552 1151 580 Deus
1164 558 1252 580 autem
1275 561 1322 588 per
1336 554 1455 588 singulos
1468 553 1526 582 dies
1541 554 1637 589 injuria
1651 554 1768 582 afﬁcitur
1783 564 1791 582 :
1808 557 1869 590 quid

1080 597 1140 624 dico
1156 605 1203 632 per
1217 598 1335 632 singulos
1349 598 1427 626 dies?
1443 599 1496 626 imo
1507 607 1570 626 vero
1583 607 1630 634 per
1644 600 1762 635 singulas
1778 597 1869 632 horas,

1080 650 1095 670 a
1110 643 1246 676 divitibus,
1262 652 1276 670 a
1298 644 1469 679 pauperibus.
1488 652 1503 672 a
1527 646 1634 680 quietis,
1657 646 1691 673 ab
1712 647 1828 678 al'llietis,
1855 655 1870 673 λ

1082 688 1314 721 calumniantibus,
1326 698 1341 717 a
1354 690 1512 718 calumniam
1525 689 1679 724 ferentibus,
1702 700 1787 727 neque
1801 692 1871 719 ullus

1082 742 1191 768 usquam
1206 735 1231 762 id
1241 740 1326 763 curat.
1343 736 1405 764 Ideo
1419 744 1576 765 conservum
1590 737 1680 764 violari
1697 738 1828 772 permisit,
1844 743 1871 765 ut

1080 787 1112 806 ex
1126 780 1244 814 periculo
1259 789 1306 815 per
1312 782 1499 809 contumeliam
1510 787 1604 810 exorto
1614 783 1701 810 discas
1709 783 1813 809 Domini
1825 783 1871 810 bc-

1081 825 1249 860 nignitatem.
1265 828 1345 862 Atqui
1367 827 1417 856 hoc
1434 836 1504 855 nunc
1526 828 1640 863 pritnmn
1661 828 1758 855 factum
1777 834 1828 861 est,
1844 834 1871 856 ct

1080 872 1183 905 solum;
1198 881 1247 901 nec
1258 876 1345 901 tamen
1359 878 1466 908 propter
1475 873 1525 902 hoc
1533 882 1581 902 nos
1589 875 1669 902 ullam
1680 880 1870 909 assequuturos

1080 925 1141 945 esse
1155 918 1260 947 veniam
1275 919 1318 947 vel
1333 921 1533 948 excusationem
1551 925 1737 955 exspectamus
1752 929 1760 953 ;
1787 921 1869 948 Deum

1081 971 1146 991 vero
1159 965 1276 999 quotidie
1290 965 1436 999 irritamus,
1445 971 1472 993 et
1483 967 1584 994 nullam
1600 967 1711 994 facimus
1718 967 1870 994 ett-aversio-

1081 1016 1154 1043 nem,
1170 1015 1196 1038 et
1211 1010 1298 1038 adhuc
1311 1019 1372 1039 cum
1384 1012 1457 1039 omni
1472 1012 1671 1047 longanimitate
1685 1013 1807 1040 sustinet.
1825 1013 1869 1040 Vi-

1081 1053 1143 1082 disti
1154 1060 1251 1091 quanta
1271 1057 1376 1084 Domini
1389 1057 1425 1084 sit
1438 1057 1579 1085 clementia
1591 1058 1603 1085 ‘l
1618 1058 1653 1085 Et
1666 1059 1691 1085 in
1705 1058 1754 1086 hac
1762 1058 1869 1094 quidem

1082 1102 1301 1136 pravaricatione
1310 1103 1355 1137 qui
1369 1107 1559 1138 peccaverunt,
1573 1104 1642 1138 capti
1657 1107 1727 1136 sunt,
1740 1108 1766 1131 et
1780 1105 1806 1131 in
1816 1111 1871 1131 car-

1081 1154 1171 1175 cerem
1185 1147 1296 1181 detrusi,
1306 1156 1452 1184 ptenasque
1463 1149 1611 1182 dederunt;
1623 1149 1671 1177 sed
1684 1155 1773 1177 tamen
1784 1149 1871 1177 adhuc

1082 1192 1225 1221 timemus:
1242 1193 1354 1221 necdum
1376 1194 1450 1221 enim
1471 1194 1539 1222 facta
1555 1194 1635 1222 laesus
1649 1194 1759 1227 audivit,
1785 1203 1871 1229 neque

1082 1238 1242 1265 sententiam
1267 1238 1426 1271 enuntiavit,
1452 1243 1480 1266 et
1503 1246 1596 1266 omnes
1616 1239 1772 1272 tremimus;
1800 1239 1871 1266 Deus

1081 1290 1146 1310 vero
1155 1282 1276 1318 quotidie
1287 1284 1463 1311 contumelias
1479 1284 1505 1311 in
1520 1291 1549 1311 se
1562 1284 1646 1311 factas
1654 1284 1738 1316 audit,
1750 1288 1777 1312 et
1792 1292 1871 1311 nemo

1082 1327 1255 1360 convertitur,
1281 1327 1345 1356 licet
1365 1328 1410 1356 ille
1436 1329 1471 1356 sit
1483 1333 1536 1356 tam
1552 1329 1672 1356 clemens
1684 1333 1711 1356 et
1728 1329 1809 1356 mitis.
1833 1330 1870 1356 tzti

1082 1376 1221 1406 peccatum
1236 1372 1326 1401 dicere
1346 1373 1455 1406 suﬂicit,
1471 1378 1497 1401 et
1511 1374 1612 1401 crimen
1627 1374 1758 1406 solvitur;
1779 1374 1805 1401 in
1821 1374 1871 1401 bo-

1082 1416 1199 1444 minibus
1220 1425 1285 1445 vero
1305 1419 1469 1445 contrarium
1494 1419 1610 1453 penitus,
1635 1426 1696 1446 cum
1717 1423 1872 1454 peceatores

1082 1462 1197 1490 confessi
1209 1462 1317 1497 fuerint,
1332 1467 1395 1491 tunc
1408 1464 1492 1499 magis
1506 1464 1651 1499 puniuntur
1663 1473 1670 1491 :
1682 1464 1752 1500 quod
1763 1465 1872 1500 quidem

1082 1513 1110 1536 et
1122 1517 1193 1536 nunc
1207 1509 1305 1536 factum
1319 1514 1371 1537 est.

1118 1553 1255 1582 Prmentis
1268 1554 1420 1582 calamitatis
1431 1554 1576 1590 descriptio.
1590 1569 1626 1575 -—
1640 1554 1706 1582 Nam
1722 1554 1748 1582 hi
1763 1555 1872 1590 quidem

1083 1598 1162 1632 ferro,
1173 1599 1211 1626 illi
1226 1607 1290 1627 vero
1303 1599 1365 1635 igni,
1379 1599 1486 1634 quidam
1499 1604 1586 1627 autem
1601 1599 1693 1627 bestiis
1709 1600 1796 1628 traditi
1811 1609 1874 1635 pcr-

1083 1645 1187 1677 icruut,
1211 1652 1264 1672 non
1278 1645 1326 1672 viri
1342 1649 1442 1672 tantum
1454 1665 1462 1677 ,
1478 1644 1524 1672 sed
1553 1649 1580 1673 et
1603 1645 1679 1680 pueri
1695 1654 1701 1673 :
1717 1652 1767 1673 nee
1786 1646 1875 1672 aetatis

1082 1688 1269 1722 immaturitas,
1293 1696 1342 1717 nec
1362 1689 1451 1724 populi
1467 1689 1609 1721 tumultus,
1633 1697 1683 1717 nec
1695 1689 1765 1724 quod
1784 1689 1874 1717 furere

1082 1734 1213 1763 diabolica
1227 1735 1317 1770 perciti
1330 1735 1438 1770 quidam
1453 1735 1510 1763 haec
1524 1735 1650 1769 fecerint,
1664 1743 1714 1764 nee
1725 1736 1795 1771 quod
1809 1744 1874 1763 exa-

1082 1780 1136 1807 ctio
1158 1780 1332 1808 intolerabilis
1354 1785 1448 1814 esset,
1474 1787 1528 1808 non
1550 1785 1707 1815 paupertas,
1727 1787 1780 1808 nun
1803 1781 1874 1816 quod

1082 1832 1224 1852 commune
1248 1829 1386 1860 peccatum
1411 1825 1499 1859 fuerit,
1521 1833 1574 1852 non
1598 1825 1670 1860 quod
1692 1826 1873 1860 promiserint.

1083 1878 1226 1906 numquam
1248 1877 1278 1898 se
1292 1871 1405 1906 amplius
1419 1871 1481 1899 talia
1504 1878 1626 1904 ausuros,
1644 1879 1697 1899 non
1710 1871 1780 1899 aliud
1796 1872 1876 1906 quid-

1082 1923 1161 1950 quam
1176 1915 1285 1943 omnino
1306 1916 1378 1950 ipsos
1392 1916 1506 1951 eripuit;
1529 1916 1577 1944 sed
1596 1916 1695 1952 absque
1709 1916 1782 1944 omni
1796 1917 1874 1943 venia

1083 1962 1116 1990 ad
1127 1962 1281 1990 barathrum
1290 1962 1499 1996 abducebantur,
1516 1962 1643 1989 militibus
1657 1963 1765 1990 armatis
1780 1963 1876 1990 utrim-

1083 2016 1134 2044 que
1158 2009 1230 2043 ipsos
1252 2008 1391 2044 agentibus
1405 2013 1432 2036 et
1446 2008 1651 2036 observantibus
1662 2028 1670 2040 ,
1691 2016 1725 2036 ne
1739 2008 1798 2043 quis
1814 2015 1877 2035 reos

1084 2054 1199 2088 eriperet
1210 2062 1218 2080 τ
1229 2058 1256 2081 et
1270 2054 1450 2088 sequebantur
1461 2058 1569 2087 matres,
1583 2053 1674 2089 procul
1684 2053 1790 2088 quidem
1806 2053 1877 2080 ﬁlios

1083 2098 1278 2133 conspicientes
1289 2098 1451 2132 abstractos,
1462 2098 1638 2126 calamitatem
1650 2102 1736 2125 autem
1747 2098 1876 2133 conqueri

1084 2152 1136 2172 non
1151 2144 1297 2177 audentes;
1322 2144 1447 2172 allectum
1470 2144 1541 2171 enim
1557 2143 1678 2171 vincebat
1701 2143 1825 2175 formido,
1849 2147 1877 2170 ct

1084 2195 1205 2217 naturam
1220 2190 1363 2225 superabat
1377 2195 1475 2217 metus.
1492 2190 1525 2217 Et
1537 2190 1606 2217 sicut
1618 2189 1759 2224 naufragos
1772 2197 1787 2216 a
1803 2193 1876 2217 terra

1084 2240 1242 2263 contuentes
1255 2236 1377 2263 homines
1389 2236 1480 2263 dolent
1493 2235 1599 2271 quidem
1609 2256 1616 2268 ,
1641 2235 1767 2262 accedere
1785 2240 1876 2262 autem

1083 2287 1110 2309 et
1124 2283 1277 2309 submersos
1291 2283 1395 2316 eripere
1417 2289 1469 2308 non
1483 2282 1570 2308 valent
1584 2289 1591 2307 :
1605 2281 1638 2308 ita
1661 2281 1766 2316 quidem
1779 2285 1808 2308 et
1821 2281 1876 2314 hic,

1085 2333 1218 2364 tamquam
1231 2328 1309 2355 undis
1320 2327 1488 2363 quibusdam,
1503 2327 1615 2354 militum
1629 2326 1724 2353 timore
1736 2326 1878 2361 prohibita:

1085 2378 1183 2401 matres
1194 2395 1201 2407 ,
1215 2382 1269 2401 non
1286 2378 1385 2401 tantum
1399 2374 1526 2401 accedere
1535 2394 1542 2405 ,
1556 2377 1583 2400 et
1595 2373 1667 2407 ipsos
1679 2380 1694 2400 a
1707 2373 1878 2400 damnatione

1085 2427 1179 2446 eruere
1194 2427 1245 2447 non
1259 2419 1409 2451 audebant,
1424 2418 1471 2446 sed
1486 2423 1512 2446 et
1529 2418 1656 2446 timebant
1669 2417 1819 2452 deplorare.
1835 2418 1877 2445 An

1086 2465 1149 2492 hinc
1160 2465 1204 2492 Dei
1218 2464 1426 2492 miscricordiam
1441 2464 1571 2498 eonjieitis
1581 2471 1661 2498 quam
1674 2463 1814 2490 ineﬂ'abilis
1826 2463 1879 2490 sit?

1085 2517 1163 2545 quam
1179 2510 1303 2537 inﬁnita?
1322 2509 1455 2545 quomodo
1468 2517 1575 2536 omnem
1596 2509 1764 2536 transcendat
1776 2508 1877 2535 oratio-

1087 2557 1170 2585 nem?
1183 2556 1231 2584 Hic
1243 2557 1350 2591 quidem
1365 2556 1398 2589 is,
1412 2556 1457 2591 qui
1472 2556 1550 2582 laesus
1563 2559 1614 2587 est,
1629 2559 1656 2582 et
1669 2554 1790 2588 ejusdem
1802 2560 1879 2580 natu-

1085 2611 1133 2636 rtc,
1148 2607 1175 2630 et
1187 2602 1269 2630 semel
1281 2610 1315 2630 ex
1328 2602 1399 2629 omni
1415 2607 1535 2636 tempore
1548 2600 1599 2628 hoc
1612 2608 1705 2635 passus
1718 2604 1769 2632 est,
1784 2605 1811 2626 et.
1827 2608 1878 2626 non

1085 2655 1174 2676 coram
1186 2668 1194 2682 ,
1210 2655 1298 2683 neque
1313 2651 1470 2682 prmsens,et
1482 2649 1640 2677 cernens.“
1651 2645 1762 2672 audiens
1774 2665 1781 2676 ,
1798 2649 1825 2671 et
1841 2650 1879 2670 ιη·
1892 2649 1894 2651 ·

1086 2701 1146 2721 men
1169 2701 1248 2721 nemo
1269 2701 1375 2720 reorum
1397 2692 1501 2720 veniam
1523 2695 1682 2726 assequutus
1696 2695 1737 2717 est
1754 2699 1760 2716 :
1776 2689 1811 2716 de
1825 2690 1879 2715 Deo

1086 2744 1176 2766 autem
1192 2739 1255 2766 nihil
1270 2738 1364 2766 horum
1383 2738 1471 2765 dicere
1490 2738 1552 2765 licet
1575 2737 1693 2764 :etenim
1717 2739 1816 2764 tantum
1839 2739 1879 2761 cst

1087 2784 1135 2813 Dei
1159 2790 1186 2812 ct
1209 2785 1322 2811 hominis
1344 2784 1515 2816 discrimem,
1539 2787 1667 2818 quantum
1691 2789 1769 2808 nemo
1790 2780 1879 2807 verbis

1090 2835 1178 2865 posset
1194 2831 1343 2866 exprimere
1358 2839 1365 2857 :
1380 2828 1499 2865 quotidie
1511 2827 1671 2857 contumelia
1684 2827 1798 2855 afﬁcitur
1813 2833 1877 2861 pra:-
