1984 3110
49 156 75 183 L":

58 215 174 253 qua!»
197 214 351 254 ἀσφαλείᾳ
376 219 469 256 πολλῇ
487 220 555 256 μετά
581 220 683 257 πολλῆς
709 220 837 256 βιώσεται
861 220 911 256 τῆς

65 262 153 299 Ws-

93 307 236 339 Ἠκουσιις
248 306 363 341 λόγον,
380 307 483 343 φησίν;
494 306 700 335 ἐναποθανέτω
710 315 760 335 σοι
769 316 776 323 ⁶
788 308 906 342 θάρσει,

67 352 97 379 οὺ
111 349 148 386 μή
160 357 196 377 σε
208 349 310 384 ῥήξει.
329 350 366 376 Tt
383 351 472 382 ἐστιν,
487 351 708 379 Ἐναποθανέτω
722 358 790 383 σου
807 351 908 378 Σϐέσον

68 395 148 426 αὐτὸν,
163 394 341 429 κατάχωσον,
357 394 398 430 μὴ
413 395 596 430 συγχωρήσῃς
608 393 735 427 ἐξελθεῖν,
752 395 819 430 μηδὲ
831 403 909 430 κινη-

67 439 139 473 θῆναι
150 438 183 464 τὸ
204 438 358 473 παράπαν·
386 438 457 465 ἀλλά
481 439 596 474 μάλιστα
622 439 672 474 μὲν
702 437 748 466 οὖν
775 438 908 470 σπούδαζε

67 482 129 517 μηδὲ
139 482 288 517 ἀνέχεσθαι
301 482 359 508 τῶν
368 482 507 517 λεγόντων
521 482 630 518 ἐτέρους
641 483 743 514 κακῶς.
758 482 808 509 Ἂν
818 483 841 509 δ’
854 483 909 517 ἀρα

65 534 126 553 ποτε
143 527 193 552 καὶ
209 526 287 562 δέξῃ,
305 527 479 562 κατάχωσον,
497 526 658 553 ἀπόκτεινον
674 526 704 553 τὸ
719 526 824 561 λεχθὲν,
838 526 908 562 λήθῃ

65 570 182 605 παράδος
193 590 201 601 ,
220 571 267 597 ἶνα
283 571 342 603 τοῖς
359 570 398 606 μὴ
411 569 558 605 ἀκηκοόσιν
570 570 663 605 ὅμοιος
683 569 760 606 γένῃ,
777 570 824 596 καὶ
840 569 909 605 μετά

64 614 162 649 πολλῆς
177 614 230 649 τῆς
244 615 360 650 είρὴνης
373 615 421 641 καὶ
436 614 487 649 τῆς
497 613 647 648 ἀσφαλείας
666 614 713 640 τὸν
740 613 863 649 παρόντα
874 612 910 639 δι-

62 658 132 695 άγῃς
146 658 215 692 βίον.
230 659 282 684 Ἂν
299 657 424 693 μάθωσιν
435 659 460 685 οἱ
475 659 634 694 κακήγοροι,
649 658 690 684 ὅτι
701 657 756 684 τῶν
767 656 910 684 διαϐαλλο-

63 703 153 736 μένων
175 702 281 737 μᾶλλον
295 703 378 737 ἡμεῖς
392 702 491 733 αὐτοὺς
502 701 741 737 ἀποστρεφόμεθα,
761 701 909 728 παύσονται

62 746 111 772 καὶ
120 745 201 772 αὐτοί
218 753 287 772 ποτε
302 745 354 780 τῆς
371 745 492 780 πονηρᾶς
505 745 649 780 συνηθείας
659 744 772 780 ταύτης,
781 745 830 771 καὶ
837 745 910 779 διορ-

67 789 198 816 θώσονται
208 789 240 815 τὸ
251 789 416 824 ἀμάρτημα,
424 789 471 815 καὶ
482 788 670 815 ἐπαινέσονται
679 787 749 823 μετὰ
758 787 854 820 ταῦτα,
863 788 911 815 καὶ

71 833 138 868 ἡμίς
148 832 253 864 αὐτοὺς
266 832 304 864 ὡς
319 832 447 868 σωτῆρας
467 831 555 858 αὐτῶν
566 831 728 867 γενομένους
742 831 788 858 καὶ
800 831 912 866 εὐεργέ-

71 886 115 908 τας
136 876 369 912 ἀνακηρύξουσιν.
398 876 503 912 Ὠσπερ
527 875 582 911 γὰρ
594 875 626 902 τὸ
649 875 740 907 καλῶς
760 875 850 909 λέγειν
864 875 910 902 καὶ

71 920 255 955 ἐγκωμιάζειν
263 920 335 956 ἀρχὴ
343 919 436 954 φιλίας
446 920 530 952 ἐστὶν,
542 918 613 946 οὕτω
622 919 653 946 τὸ
662 919 755 950 κακῶς
764 918 854 952 λέγειν
864 918 912 945 καὶ

70 965 221 991 διαϐάλλειν
232 963 291 1000 [Η]
313 964 423 1000 ἔχθρας,
442 963 490 990 καὶ
506 963 664 998 ἀπεχθείας,
685 963 732 990 καὶ
741 963 796 990 τῶν
808 962 912 998 μυρίων

71 1009 196 1044 πολέμων
215 1009 289 1044 ἀρχὴ
316 1008 365 1036 καὶ
387 1007 517 1039 ὑπόθεσις
535 1008 658 1042 γέγονεν.
679 1007 834 1042 Οὐδαμόθεν
858 1006 913 1042 γὰρ

72 1052 205 1088 ἑτέρωθεν
221 1052 360 1087 ἠμέληται
374 1051 410 1078 τὰ
424 1051 557 1087 ἡμέτερα,
571 1051 629 1078 ἀλλ’
643 1051 660 1087 ἡ
677 1052 710 1078 ἐκ
726 1051 773 1078 τοῦ
788 1051 822 1078 τὰ
836 1051 914 1078 ἀλλό-

70 1105 130 1132 τρια
142 1096 388 1132 πολυπραγμονεῖν
399 1096 448 1122 καὶ
466 1093 712 1130 περιεργάζεσθαι·
727 1095 758 1121 οὐ
769 1094 821 1129 γὰρ
840 1092 912 1120 ἐστιν

70 1140 213 1176 ἄνθρωπον
229 1139 454 1175 κακηγορούντα,
468 1139 514 1166 καὶ
531 1139 594 1171 τοὺς
609 1138 766 1175 ἀλλοτρίους
777 1138 914 1173 πολυπρα-

71 1184 224 1220 γμονοῦντα
239 1184 325 1219 βίους,
340 1183 390 1219 τῆς
404 1184 472 1214 ιδίας
482 1182 681 1218 ἐπιμεληθῆναί
693 1190 758 1209 ποτε
766 1182 914 1218 ζωῆς.Τῆς

71 1229 123 1264 7‘19
138 1228 260 1263 σπουδῆς
272 1227 384 1262 ἀπάσης
398 1227 473 1262 αὐτῷ
497 1228 536 1258 είς
545 1226 594 1262 τὴν
606 1226 708 1262 ἐτέρων
718 1225 914 1261 πολυπραγμο-

73 1273 153 1307 σύνην
174 1271 404 1306 ἀναλισκομένης,
427 1270 533 1306 ἀνάγκη
548 1271 583 1297 τὰ
598 1269 682 1296 αὐτοῦ
704 1270 793 1297 πάντα
820 1268 914 1301 ἁπλῶς

73 1315 176 1342 κεῖσθαι
188 1316 236 1342 καί
246 1314 443 1350 ἠμελημένως.
462 1314 516 1341 Καὶ
526 1314 579 1349 γὰρ
594 1313 737 1349 ἀγαπητὸν
755 1313 806 1349 τήν
824 1314 914 1339 πᾶσαν

74 1359 167 1395 σχολὴν
188 1360 231 1391 είς
250 1359 302 1394 τὴν
325 1357 486 1393 ἐπιμέλειαν
507 1357 561 1384 τῶν
580 1357 689 1384 οἰκείων
706 1357 915 1392 ἁμαρτημάτων

75 1404 116 1432 ul
127 1403 178 1437 τὴν
190 1403 285 1438 κρίσιν
295 1401 486 1433 ἀναλίσκοντα,
497 1400 646 1436 δυνηθῆναί
657 1409 684 1427 τι
696 1401 808 1435 ποιῆσαι
817 1400 912 1426 πλέον·

73 1447 131 1473 ὅταν
143 1447 174 1473 δὲ
186 1446 336 1477 διαπαντὸς
352 1445 387 1472 τὰ
397 1445 524 1480 ἀλλότρια
537 1444 696 1480 φροντίζῃς,
712 1443 778 1470 πότε
790 1443 844 1470 τῶν
861 1443 914 1470 σῶν

73 1490 227 1527 ἐπιμελήσῃ
240 1489 354 1522 κακῶν;

102 1535 239 1569 Ούγωμεν
246 1534 350 1564 τοίνυν,
358 1533 508 1567 ἀγαπητοὶ,
515 1532 646 1567 φύγωμεν
654 1537 668 1551 ι
676 1531 726 1563 τὰς
735 1530 914 1566 κακηγορίας,

73 1579 203 1614 μαθόντες
218 1578 257 1610 ὡς
269 1577 424 1604 διαϐολικόν
442 1577 515 1603 ἐστιν
529 1576 590 1603 ὅλον
601 1575 631 1602 τὸ
650 1574 797 1610 βάραθρον,
811 1574 916 1609 καὶτῆς

70 1622 219 1657 ἐπιϐουλῆς
235 1622 288 1658 τῆς
302 1621 410 1648 ἐκείνου
422 1621 492 1656 αὕτη
508 1621 526 1656 ἡ
543 1619 649 1656 ἐνέδρα.
660 1619 720 1646 Ἵνα
732 1618 787 1653 γὰρ
804 1618 851 1645 καὶ
861 1618 916 1645 τῶν

69 1668 214 1703 ἡμετέρων
227 1666 426 1702 ἀμελήσωμεν,
439 1665 486 1692 καὶ
501 1663 695 1700 χαλεπωτέρας
707 1663 816 1694 ἑαυτοῖς
832 1670 917 1689 κατα-

70 1712 215 1746 στήσωμεν
227 1710 279 1742 τάς
291 1709 419 1741 εὐθύνας,
428 1710 468 1740 είς
481 1707 582 1743 ταύτην
596 1707 671 1742 ἡμᾶς
687 1705 736 1741 τὴν
752 1706 916 1741 συνήθειανό

69 1754 194 1786 διάϐολος
218 1754 310 1788 ἧγαγε
320 1762 327 1768 ·
343 1752 444 1788 μᾶλλον
456 1752 495 1785 δὲ,
506 1752 537 1778 οὐ
549 1751 629 1778 τοῦτο
645 1750 724 1785 μόνον
740 1749 799 1776 ἐστὶ
816 1749 847 1777 τὸ
867 1758 918 1784 χα-

68 1799 163 1831 λεπὸν,
184 1799 228 1825 δτι
251 1798 334 1832 λόγον
350 1797 485 1832 δώσομεν,
501 1793 538 1823 ὧν
553 1796 706 1832 εἰρήκαμεν
717 1795 789 1827 τότε,
804 1794 861 1822 ἀλλ’
874 1795 916 1821 ὅτι

68 1844 116 1871 καὶ
133 1843 168 1870 τὰ
179 1842 306 1878 ἡμέτερα
320 1841 513 1877 ἁμαρτήματα
533 1840 713 1875 χαλεπώτερα
735 1838 822 1875 ταύτῃ
839 1839 917 1874 ποιή-

69 1895 164 1922 σομεν,
177 1886 273 1920 πάσης
287 1884 404 1916 ἑαυτοὺς
416 1883 632 1920 ἀποστεροῦντες
645 1883 802 1918 ἀπολογίας.
821 1883 851 1909 ’0
862 1882 917 1918 γὰρ

69 1930 180 1966 πικρῶς
190 1930 225 1956 τὰ
238 1929 372 1964 ἀλλότρια
383 1927 529 1960 ἐξετάζων,
541 1928 571 1954 ἐν
583 1928 640 1959 τοῖς
650 1927 711 1954 καθ’
723 1926 820 1954 ἐαυτὸν
831 1927 918 1962 πλημ-

71 1974 231 2009 μελήμασιν
241 1973 374 2008 οὐδεμιᾶς
387 1971 571 1998 ἀπολαύσεται
584 1969 750 2006 συγγνώμης
761 1970 837 1997 ποτέ.
849 1970 917 1997 Οὐδὲ

69 2018 124 2053 γὰρ
136 2017 192 2044 ἀπὸ
203 2018 254 2052 τῆς
266 2017 377 2051 φύσεως
387 2015 442 2042 τῶν
457 2015 734 2052 πεπλημμελημένων
744 2015 810 2050 ἡμῖν
826 2014 916 2049 μόνον,

71 2061 141 2088 ἀλλά
153 2061 202 2087 καὶ
212 2060 268 2087 ἀπὸ
281 2060 332 2094 τῆς
345 2059 465 2095 κρίσεως
475 2059 524 2094 τῆς
539 2059 590 2094 σῆς
601 2059 664 2094 περὶ
678 2057 778 2094 ἐτέρων
789 2057 857 2084 οἴσει
868 2058 918 2093 τὴν

73 2105 164 2140 ψῆφον
179 2105 194 2131 δ
205 2103 283 2136 Θεός.
301 2103 352 2129 Διά
365 2103 447 2129 τοῦτο
461 2103 598 2138 παρῄνεσε
613 2101 711 2137 λέγων’
729 2102 776 2135 Μὴ
789 2101 917 2135 κρίνετε,

75 2149 125 2175 ἵνα
131 2148 175 2182 μὴ
188 2147 313 2182 κριθῆτε
321 2154 330 2163 ⁸
339 2147 370 2173 οὐ
380 2147 436 2182 γὰρ
447 2143 503 2173 οἷον
513 2146 608 2181 γέγονε
620 2146 650 2172 τὸ
662 2146 824 2182 ἁμάρτημα,
835 2145 920 2172 τοιοῦ-

75 2201 120 2219 τον
135 2194 196 2219 ἐκεῖ
210 2193 338 2226 φανεῖται
353 2190 457 2222 λοιπὸν,
471 2190 539 2217 ἀλλά
554 2190 655 2225 πολλήν
671 2199 731 2216 τινα
741 2190 788 2217 καὶ
801 2189 920 2225 ἀπαραί-

76 2245 155 2272 τητον
170 2235 337 2271 προσθήκην
353 2234 470 2270 λήψεται
482 2234 536 2261 ἀπὸ
546 2234 598 2269 τῆς
609 2234 649 2265 εἰς
664 2233 708 2259 τὸν
721 2233 860 2260 σύνδουλόν
872 2241 919 2259 σου

77 2280 151 2316 παρά
173 2280 221 2306 σοῦ
238 2278 429 2314 γεγενημένης
449 2278 577 2314 κρίσεως.
600 2278 706 2313 Ὥσπερ
725 2278 780 2314 γὰρ
794 2278 808 2304 ὁ
826 2277 920 2312 φιλάν-

78 2323 374 2360 θρωπος,καὶῆμερος,
390 2321 438 2348 καὶ
451 2321 670 2356 συγγνωμονικὸς
684 2321 864 2356 ὑποτέμνεται
874 2321 920 2348 τὸν

79 2368 187 2394 πλείονα
202 2367 259 2394 τῶν
274 2366 484 2401 ἁμαρτημάτων
497 2366 579 2400 όγκον
591 2373 599 2381 ⁸
615 2365 701 2397 οὕτως
716 2366 730 2392 ὁ
750 2365 857 2401 πικρὸς,
874 2365 921 2392 καὶ

80 2411 162 2446 ὠμὸς,
177 2412 226 2438 καὶ
245 2411 436 2447 ἀπαραίτητος
457 2410 524 2436 πολύ
540 2411 598 2441 τοῖς
616 2409 728 2441 οἰκείοις
741 2410 921 2445 ἁμαρτήμασι

82 2456 242 2492 προστίθησι
253 2455 380 2491 μέγεθος.
397 2455 579 2490 Ἐξορίσωμεν
590 2454 680 2481 τοίνυν
692 2454 748 2481 ἀπὸ
761 2454 806 2481 τοῦ
817 2454 921 2489 στόμα-

83 2509 124 2531 τος
140 2500 220 2535 ἡμῶν
236 2499 410 2535 κακηγορίαν
426 2498 546 2531 ἃπασαν,
563 2498 663 2530 είδὸτες
683 2499 724 2525 ὁτι
746 2497 797 2525 κᾶν
819 2498 922 2534 τέφραν

84 2542 225 2577 ἐσθίωμεν.
241 2541 319 2568 οὐδὲν
332 2541 431 2576 δφελος
441 2542 508 2576 ἡμῖν
519 2541 569 2575 τῆς
585 2540 795 2576 σκληραγωγίας
809 2539 921 2575 ταύτης,

84 2584 115 2610 ἂν
127 2583 297 2619 κακηγορίας
313 2583 351 2619 μὴ
368 2582 565 2620 ἀποσχώμεθα.
580 2583 617 2609 Οὐ
631 2583 684 2618 γὰρ
698 2582 732 2609 τὰ
745 2582 923 2618 εἰσερχόμενα

85 2627 165 2652 κοινοῖ
180 2625 228 2651 τὸν
248 2624 408 2659 ἄνθρωπον,
425 2623 493 2650 ἀλλὰ
507 2623 541 2650 τὰ
554 2624 719 2659 ἐξερχόμενα
735 2624 790 2650 ἀπὸ
806 2623 853 2650 τοῦ
864 2623 925 2650 στό-

88 2674 176 2700 ματος.
192 2666 227 2692 El
234 2674 277 2698 τις
291 2665 471 2700 ἀνακινήσειε
488 2664 616 2700 βόρϐορον
630 2665 677 2691 σοῦ
694 2665 848 2700 παριόντος,
863 2665 924 2691 είπέ

88 2715 136 2741 μοι,
148 2707 178 2734 οὐ
193 2707 337 2743 λοιδορεῖς,
351 2707 400 2733 καὶ
414 2706 535 2741 ὑϐρίζεις
542 2706 588 2732 τὸν
597 2706 676 2733 τοῦτο
687 2707 814 2733 ποιοῦντα
823 2716 830 2739 ;
839 2707 925 2733 Τοῦτο

87 2748 128 2774 καὶ
141 2748 186 2775 ἐπὶ
198 2748 253 2775 τῶν
271 2748 442 2783 κακηγόρων
459 2747 473 2767 ι)
488 2747 611 2782 ποίησον.
627 2748 664 2774 Οὐ
685 2748 738 2784 γὰρ
755 2747 841 2779 οὕτως
860 2749 925 2774 ἁνα-

88 2789 234 2824 κινούμενος
247 2789 380 2826 βόρϐορος
395 2788 510 2824 πλήττει
523 2790 572 2823 τὴν
583 2789 702 2824 μήνιγγα
713 2789 767 2815 τῶν
795 2790 844 2825 τήν
865 2790 924 2816 δυσ-

89 2829 159 2856 ωδίαν
172 2831 328 2866 δεχομένων
343 2829 511 2864 ὲκείνην,ὼς
520 2830 704 2865 ἁμαρτήματα
719 2830 846 2866 ἀλλότρια
859 2830 926 2856 ἁνα-

115 2899 127 2938 ῗ
139 2900 183 2938 4!!!
199 2901 324 2938 φειὲγωιιιν
334 2901 384 2924 δίει

116 2930 128 2950 ιι
139 2931 183 2956 Alii
201 2929 309 2955 ixi'niw
327 2929 482 2962 κακηγόρων.
502 2930 543 2955 alii
557 2929 704 2962 κατηγόρων,
717 2932 783 2956 nolal
800 2929 885 2956 Monlf.
900 2931 924 2955 in

96 2962 153 2986 lexlu
162 2963 247 2992 lcgens
259 2963 297 2986 ἐπὶ
309 2963 346 2993 τῷ
359 2961 497 2992 κατηγόρῳ,
510 2962 588 2985 minus
597 2963 673 2986 recte.
687 2961 753 2993 linl‘r.

568 162 614 190 AD
634 162 802 192 POPULUM
833 163 1087 192 ANTIOCHENUM
1107 163 1225 191 HOMIL.
1248 163 1291 191 ΙΙΙ.
1409 170 1412 171 ⁷
1765 163 1805 192 ιθ

966 221 1124 257 κινούμενα,
1145 221 1193 248 καὶ
1216 220 1274 256 βίος
1295 219 1451 256 ἀκάθαρτος
1472 219 1709 256 έκκαλυπτόμενος
1724 219 1806 248 λυπεῖ

961 265 1015 292 τῶν
1039 264 1194 292 ἀκουόντων
1208 265 1257 299 τὴν
1277 263 1366 300 ψυχὴν
1386 264 1434 290 καὶ
1449 263 1598 300 ἐξίστησιν.
1624 264 1806 300 Ἀπεχώμεθα

961 309 1051 336 τοίνυν
1062 308 1244 344 κακηγορίας,
1257 307 1459 343 αίσχρολογίας,
1472 307 1657 343 βλασφημίας,
1668 308 1716 335 καὶ
1734 308 1806 343 μήτε

960 353 1007 380 τὸν
1024 352 1148 388 πλησίον,
1165 353 1234 388 μήτε
1250 351 1296 378 τὸν
1307 351 1373 378 Θεὸν
1387 351 1512 387 λέγωμεν
1523 351 1627 383 κακῶς.
1642 352 1740 378 Πολλοὶ
1750 351 1806 388 γὰρ

962 398 1002 429 είς
1014 387 1094 424 τοῦτο
1109 387 1208 433 μανίας
1221 396 1370 429 ἐξώκειλαν
1384 396 1440 423 τῶν
1451 387 1678 431 κακηγόρωνίὼς
1688 396 1742 423 ἀπὸ
1750 387 1806 423 τῶν

963 440 1112 468 συνδούλων
1124 441 1171 467 ἐπὶ
1182 440 1228 467 τὸν
1240 440 1380 475 Δεσπότην
1394 439 1547 474 ἀναστῆσαι
1559 439 1608 475 τὴν
1621 439 1743 474 γλῶτταν
1755 439 1806 475 τὴν

962 485 1075 511 ἑαυτῶν.
1092 485 1175 512 Ὅσον
1187 485 1215 511 δὲ
1229 484 1309 511 τοῦτό
1323 485 1381 511 ἐστι
1395 484 1491 515 κακὸν,
1504 483 1559 510 ἀπὸ
1571 483 1624 509 τῶν
1637 484 1806 519 κατεχόντων

962 529 1090 564 νῦνήμᾶς
1101 528 1218 564 μάνθανε
1227 528 1408 564 πραγμάτων.
1424 527 1490 554 Ἰδοὺ
1501 526 1566 561 γοῦν
1577 526 1719 562 ἄνθρωπος
1730 526 1806 561 ὑϐρί-

963 573 1025 608 σθη,
1036 574 1083 600 καὶ
1093 573 1193 605 πάντες
1203 572 1360 607 δεδοίκαμεν
1366 571 1414 599 καὶ
1423 571 1572 608 τρέμομεν,
1584 570 1611 597 οἵ
1622 579 1652 596 τε
1665 569 1808 605 ὐϐρικότες

963 616 990 643 οί
1009 625 1039 643 τε
1057 617 1139 652 μηδὲν
1156 617 1261 647 ἑαυτοῖς
1281 615 1431 647 συνειδότες
1444 615 1564 642 τοιοῦτον
1574 623 1580 629 ·
1592 615 1606 641 ὁ
1622 614 1651 640 δὲ
1670 613 1736 645 Θεὸς
1745 614 1805 641 καθ’

963 659 1082 695 ἑκάστην
1091 659 1196 695 ἡμέραν
1205 659 1354 694 ὑϐρίζεται·
1361 658 1388 685 τί
1398 658 1469 693 λέγω
1477 657 1539 685 καθ’
1551 657 1670 693 ἑκάστην
1680 657 1787 693 ἡμέραν
1796 665 1805 691 ;

963 703 1025 730 καθ’
1044 703 1164 738 ἑκάστην
1183 702 1233 738 μὲν
1258 701 1318 738 [45]
1338 699 1385 729 οὖν
1399 702 1485 738 ὥραν,
1507 701 1585 738 παρά
1607 701 1806 732 πλουτούντων,

964 747 1040 783 παρά
1053 747 1188 782 πενήτων,
1204 745 1282 781 παρὰ
1293 745 1349 772 τῶν
1364 746 1394 773 ἐν
1410 745 1514 778 ἀνέσει,
1535 745 1611 780 παρὰ
1631 744 1685 771 τῶν
1699 745 1728 771 έν
1748 744 1808 771 θλί-

963 791 1019 826 ψει,
1029 791 1104 827 παρὰ
1114 791 1169 817 τῶν
1183 789 1402 826 ἐπηρεαζόντων,
1411 789 1489 826 παρά
1501 788 1555 816 τῶν
1566 788 1807 824 ὲπηρεαζομένων,

964 835 1011 862 καὶ
1027 836 1115 866 οὐδεὶς
1127 834 1247 870 οὐδαμοῦ
1262 834 1351 869 λόγος.
1369 834 1419 861 Διά
1430 834 1510 861 τοῦτο
1523 833 1714 869 συνεχώρησεν
1730 833 1810 869 ὑϐρι-

965 879 1062 914 σθῆναι
1077 879 1123 906 τὸν
1138 878 1293 913 ὁμόδουλον,
1311 878 1355 905 ἳνα
1369 878 1424 905 ἀπὸ
1435 877 1483 904 τοῦ
1496 877 1620 904 κινδύνου
1633 876 1681 904 τοῦ
1699 877 1744 904 διὰ
1757 877 1809 912 τὴν

965 923 1044 958 ὕϐριν
1058 922 1205 957 γενομένου
1214 921 1317 957 ταύτην
1327 921 1374 948 τοῦ
1386 921 1522 948 Δεσπότου
1533 920 1582 956 τὴν
1595 920 1804 956 φιλανθρωπίαν

967 966 1065 1002 μάθῃς.
1074 965 1171 992 Καίτοι
1184 965 1264 992 τοῦτο
1277 965 1325 992 νῦν
1337 965 1447 1001 πρῶτον
1462 965 1510 992 καὶ
1522 964 1602 1000 μόνον
1615 963 1737 998 γέγονεν⁹
1750 963 1810 991 ἀλλ’

965 1010 1040 1046 ὅμως
1061 1010 1121 1037 οὐδὲ
1146 1009 1189 1036 διά
1206 1009 1286 1036 τοῦτο
1305 1009 1500 1045 προσδοκῶμεν
1520 1008 1724 1036 ἀπολαύσεσθαι
1743 1015 1809 1042 συγ-

965 1054 1079 1090 γνώμης
1090 1054 1163 1085 τινὸς
1176 1053 1237 1080 οὐδὲ
1250 1053 1414 1088 ἀπολογίας’
1429 1053 1474 1080 τὸν
1488 1053 1517 1080 δὲ
1531 1053 1598 1080 Θεὸν
1610 1052 1672 1079 καθ’
1688 1052 1809 1086 ἑκάστην

966 1098 1169 1135 παροργίζομεν
1179 1097 1228 1133 τὴν
1241 1097 1359 1134 ἡμέραν,
1381 1098 1428 1124 καὶ
1444 1097 1573 1133 οὐδεμίαν
1589 1096 1742 1132 ποιούμεθα
1758 1095 1809 1132 τήν

966 1143 1145 1179 ἐπιστροφὴν.
1171 1143 1218 1170 καὶ
1232 1142 1272 1170 ἔτι
1294 1143 1373 1178 φέρει
1393 1142 1462 1178 μετά
1479 1142 1673 1178 μακροθυμίας
1688 1140 1808 1175 ἁπάσης.

967 1185 1044 1218 Εἶδες
1058 1187 1129 1222 πόση
1141 1187 1158 1222 ἡ
1174 1185 1366 1222 φιλανθρωπία
1376 1185 1423 1212 τοῦ
1434 1185 1570 1212 Δεσπότου
1586 1193 1594 1218 ;
1610 1184 1706 1211 Καίτοι
1721 1192 1753 1218 γε
1764 1183 1811 1209 ἐπὶ

966 1231 1017 1266 τῆς
1033 1230 1205 1266 παρανομίας
1217 1229 1320 1265 ταύτης
1338 1230 1364 1256 οί
1387 1228 1653 1265 πεπλημμεληκότες
1671 1227 1809 1258 ἑάλωσαν.

967 1275 1013 1302 καὶ
1026 1275 1067 1306 είς
1091 1274 1279 1310 δεσμωτήριον
1299 1273 1440 1305 ἐνέπεσον,
1458 1273 1505 1300 καὶ
1527 1271 1605 1307 δίκην
1623 1271 1729 1303 ἔδοσαν,
1751 1270 1812 1298 ἀλλ’

967 1318 1043 1353 ὅμως
1059 1317 1099 1344 ἐτι
1116 1317 1293 1352 δεδοίκαμενο
1314 1318 1362 1343 καὶ
1386 1315 1441 1352 γὰρ
1460 1315 1537 1343 οὔπω
1555 1316 1658 1351 ήκουσε
1677 1314 1713 1342 τὰ
1731 1322 1813 1349 γεγε-

967 1361 1072 1397 νημένα
1087 1362 1101 1388 ό
1123 1360 1276 1397 ὑϐρισθεὶς.
1290 1360 1352 1387 οὐδὲ
1367 1360 1459 1395 ψῆφον
1476 1359 1619 1394 ἐξήνεγκε,
1641 1359 1689 1386 καὶ
1710 1358 1812 1390 πάντες

968 1405 1125 1441 τρέμομεν·
1141 1405 1155 1431 ὀ
1173 1404 1202 1430 δὲ
1225 1403 1292 1435 Θεὸς
1311 1404 1373 1430 καθ’
1388 1403 1509 1439 ἐκάστην
1528 1402 1622 1430 ἀκούει
1641 1402 1691 1438 τὴν
1703 1401 1813 1437 ἡμέραν

967 1449 1018 1480 τὰς
1030 1450 1071 1480 είς
1087 1448 1170 1475 αὐτὸν
1184 1447 1332 1484 γινομένας
1356 1447 1460 1484 ὕϐρεις,
1477 1447 1524 1474 καὶ
1539 1447 1629 1478 οὐδεὶς
1648 1445 1814 1481 ἐπιστρέφε-

967 1501 1024 1523 ται,
1038 1492 1086 1520 καὶ
1106 1491 1194 1519 ταῦτα
1215 1491 1303 1523 οὕτως
1325 1491 1402 1523 ὄντος
1424 1490 1529 1527 ἡμέρου
1547 1491 1595 1518 καὶ
1618 1489 1813 1525 φιλανθρώπου

968 1535 1016 1562 τοῦ
1031 1534 1110 1563 Θεοῦ.
1130 1535 1206 1562 Ἐκεῖ
1218 1534 1268 1570 μὲν
1288 1534 1343 1570 γὰρ
1357 1535 1439 1570 ἀρκεῖ
1451 1533 1482 1560 τὸ
1502 1533 1657 1569 ἁμάρτημα
1673 1533 1753 1568 μόνον
1772 1532 1814 1558 sl.-

969 1581 1042 1611 πεῖν,
1058 1579 1106 1606 καὶ
1120 1579 1199 1605 λῦσαι
1215 1578 1248 1605 τὸ
1259 1577 1387 1613 ἔγκλημα
1397 1586 1404 1594 ·
1419 1577 1502 1604 ἐπἰδὲ
1518 1577 1572 1604 τῶν
1587 1576 1738 1612 ἀνθρώπων
1750 1575 1814 1602 τού-

969 1623 1077 1650 ναντίον
1092 1623 1165 1650 ἆπαν
1175 1629 1181 1636 ’
1198 1622 1264 1649 ὅταν
1275 1622 1480 1657 ὁμολογήσωσιν
1493 1621 1517 1648 οί
1535 1620 1738 1656 ἡμαρτηκότες,
1751 1619 1814 1646 τότε

971 1666 1102 1703 μειζόνως
1116 1665 1275 1698 κολάζονται
1286 1674 1294 1682 ·
1314 1665 1328 1692 ὃ
1344 1663 1378 1699 δὴ
1392 1665 1440 1692 καὶ
1453 1664 1500 1691 νῦν
1518 1664 1624 1699 γέγονε.

1005 1710 1060 1736 Καὶ
1074 1710 1098 1736 οί
1117 1710 1166 1745 μὲν
1181 1708 1293 1746 σιδήρῳ,
1310 1708 1334 1735 οἱ
1360 1707 1390 1735 δὲ
1407 1708 1484 1743 πυρὶ,
1506 1708 1531 1734 οί
1551 1707 1579 1734 δὲ
1595 1706 1702 1743 θηρίοις
1724 1713 1816 1741 παρα-

969 1753 1093 1785 δοθέντες
1112 1752 1262 1784 ἀπώλοντο,
1282 1752 1333 1778 οὐκ
1350 1751 1447 1788 ἄνδρες
1462 1751 1491 1778 δὲ
1505 1751 1597 1786 μόνον,
1609 1750 1679 1778 ἀλλά
1689 1750 1737 1777 καὶ
1751 1749 1816 1775 πατ-

969 1797 1024 1830 δες.
1039 1797 1095 1824 Καὶ
1107 1797 1137 1824 οὐ
1148 1796 1180 1824 τὸ
1188 1797 1237 1832 τῆς
1249 1795 1357 1831 ἡλικίας
1366 1795 1466 1830 ἀωρον,
1477 1795 1527 1830 οὐχ
1538 1795 1555 1830 ἡ
1566 1794 1613 1821 τοῦ
1626 1794 1711 1830 δήμου
1729 1792 1816 1830 ῥύμη,

969 1841 1001 1868 οὐ
1015 1840 1046 1867 τὸ
1064 1840 1148 1876 μανίᾳ
1167 1838 1303 1875 δαιμόνων
1321 1838 1530 1874 ἐμπλησθέντας
1551 1843 1563 1858 ο
1579 1837 1666 1864 ταῦτα
1691 1836 1815 1872 ποιῆσαι,

970 1884 1020 1920 οὐχ
1035 1885 1052 1920 ἡ
1066 1883 1183 1911 δοκοῦσα
1201 1882 1351 1918 ἀπαίτησις
1370 1882 1509 1918 ἀφόρητος
1528 1879 1608 1912 εἶναι,
1623 1881 1653 1907 οὐ
1674 1880 1767 1912 πενία,
1784 1879 1816 1906 οὐ

970 1928 1002 1954 τὸ
1017 1928 1094 1963 κοινῇ
1108 1926 1178 1962 μετά
1190 1926 1300 1953 πάντων
1319 1926 1463 1961 ἁμαρτεῖν,
1482 1925 1514 1952 οὐ
1531 1925 1561 1951 τὸ
1576 1923 1746 1960 ὑποσχέσθαι
1764 1932 1818 1959 μη-

971 1969 1067 1998 δέποτε
1080 1969 1194 1997 τοιαῦτα
1207 1969 1354 2005 τολμήσειν
1367 1968 1470 2002 λοιπὸν,
1480 1969 1531 1996 οὐκ
1545 1968 1609 1995 ἀλλο
1623 1967 1700 1994 οὐδὲν
1716 1966 1817 1997 αὐτοὺς

970 2014 1040 2046 ὅλως
1055 2013 1180 2045 ἐξείλετο·
1201 2012 1269 2039 ἀλλὰ
1296 2011 1462 2047 συγγνώμης
1481 2011 1566 2047 χωρὶς
1586 2011 1697 2046 ἀπάσης
1714 2009 1762 2035 ἐπὶ
1785 2009 1818 2035 τὸ

973 2057 1110 2094 βάραθρον
1132 2057 1280 2092 ἀπήγοντο,
1299 2055 1474 2092 στρατιωτῶν
1496 2055 1618 2082 ἐνόπλων
1642 2052 1818 2089 ἑκατέρωθεν

971 2100 1072 2132 αὐτοὺς
1087 2099 1274 2135 περιαγόντων
1283 2099 1297 2119 (1
1310 2099 1358 2126 καὶ
1371 2097 1616 2134 παρατηρούντων,
1633 2097 1670 2133 μή
1681 2105 1724 2128 τις
1735 2095 1817 2132 ἐξαρ-

972 2143 1048 2180 πάσῃ
1072 2143 1136 2175 τοὺς
1160 2142 1339 2174 καταδίκους·
1372 2142 1420 2169 καὶ
1446 2140 1668 2178 παρηκολούθουν
1699 2139 1818 2176 μητέρες

973 2185 1115 2222 πόρρωθεν
1128 2185 1177 2221 μὲν
1193 2184 1297 2221 ὁρῶσαι
1311 2185 1374 2217 τοὺς
1389 2184 1488 2216 παῖδας
1499 2183 1749 2219 ἀποτεμνομένους,
1760 2182 1819 2208 ὀδύ-

976 2230 1068 2266 ρεσθαι
1080 2230 1108 2256 δὲ
1124 2229 1174 2265 τὴν
1189 2228 1333 2264 συμφορὰν
1348 2229 1378 2255 οὐ
1393 2227 1546 2263 τολμῶσαισ
1559 2227 1637 2254 ἐνίκα
1651 2226 1707 2262 γὰρ
1720 2226 1751 2252 τὸ
1766 2225 1819 2252 πάη

974 2273 1019 2305 θος
1035 2274 1049 2299 ό
1066 2272 1158 2307 φόϐος,
1173 2272 1220 2298 καὶ
1233 2271 1284 2306 τῆς
1295 2271 1401 2305 φύσεως
1413 2269 1560 2306 ἐκράτειτὸ
1572 2269 1640 2302 δέος.
1657 2269 1713 2296 Καὶ
1731 2267 1818 2296 καθά-

974 2325 1027 2352 περ
1042 2317 1066 2343 οί
1082 2317 1144 2348 τοὺς
1172 2315 1357 2349 ναυαγοῦντας
1385 2315 1438 2342 ἀπὸ
1462 2315 1514 2349 γῆς
1526 2313 1645 2350 όρῶντες
1661 2313 1816 2349 ἄνθρωποι,

974 2359 1120 2387 ὀδυνῶνται
1139 2359 1198 2395 μὲν,
1214 2358 1374 2394 προσελθεῖν
1390 2358 1477 2384 δὲκαὶ
1491 2357 1632 2389 ἐξελέσθαι
1647 2357 1711 2388 τοὺς
1730 2364 1817 2383 κατα-

976 2402 1186 2437 ποντιζομένους
1205 2402 1256 2428 οὐκ
1284 2401 1408 2436 έχουσινι
1437 2399 1508 2427 οὕτω
1537 2400 1569 2436 δὴ
1604 2400 1652 2427 καὶ
1689 2399 1817 2431 ἐνταῦθα,

975 2446 1100 2481 καθάπερ
1127 2445 1180 2472 ὑπὸ
1208 2444 1338 2480 κυμάτων
1367 2444 1449 2471 τινῶν
1476 2444 1515 2479 τῷ
1543 2443 1619 2479 φόϐῳ
1644 2444 1698 2471 τῶν
1737 2451 1819 2478 στρα-

975 2489 1080 2517 τιωτῶν
1104 2489 1295 2524 ἀνειργόμεναι
1311 2488 1339 2514 αί
1361 2487 1488 2524 μητέρες,
1504 2487 1535 2514 οὐ
1553 2488 1632 2523 μόνον
1660 2486 1819 2522 προσελθεῖν

975 2533 1023 2560 καὶ
1048 2532 1185 2564 ἐξελέσθαι
1204 2532 1254 2567 τῆς
1276 2531 1425 2566 καταδίκης
1449 2531 1549 2562 αὐτοὺς
1576 2530 1626 2557 οὐκ
1651 2530 1816 2565 ἐτόλμησαν,

977 2574 1045 2601 ἀλλά
1061 2574 1108 2600 καὶ
1127 2572 1262 2606 δακρῦσαι
1287 2572 1403 2599 ἔδεισαν.
1417 2569 1491 2607 Ἀρα
1506 2570 1670 2607 στοχάζεσθε
1693 2570 1820 2597 ἐντεῦθεν

977 2615 1024 2641 τοῦ
1040 2614 1108 2642 Θεοῦ
1122 2614 1172 2650 τὴν
1184 2613 1401 2649 φιλανθρωπίαν,
1417 2613 1477 2645 πῶς
1494 2613 1607 2647 ἀφατος,
1625 2611 1684 2643 πῶς
1694 2612 1818 2648 ἄπειρος,

978 2657 1037 2688 πῶς
1058 2657 1166 2683 ᾶπαντα
1181 2655 1340 2690 ὑπερϐαίνει
1362 2655 1459 2689 λόγον;
1481 2653 1614 2680 Ἐνταῦθα
1636 2652 1686 2688 μὲν
1703 2653 1756 2688 γὰρ
1772 2653 1819 2679 καὶ

977 2698 1027 2733 τῆς
1040 2698 1126 2733 αὐτῆς
1140 2697 1234 2728 οὐσίας
1246 2697 1260 2723 ό
1274 2695 1424 2732 ὑϐρισθεὶς,
1436 2695 1483 2722 καὶ
1499 2695 1572 2727 ἅπαξ
1583 2694 1630 2721 τοῦ
1644 2694 1744 2725 παντὸς
1754 2694 1819 2729 χρά-

977 2748 1023 2766 νου
1040 2739 1119 2766 τοῦτο
1136 2737 1264 2770 πέπονθε,
1280 2738 1328 2764 καὶ
1350 2738 1381 2763 οὐ
1407 2737 1468 2763 κατ’
1486 2736 1548 2770 δψιν
1569 2736 1630 2762 οὐδέ
1653 2735 1749 2770 παρὼν
1772 2735 1819 2761 καὶ

978 2780 1048 2816 ὁρῶν
1065 2780 1112 2807 καὶ
1136 2779 1254 2810 ἁκούων,
1277 2779 1325 2805 κα)⁸
1346 2779 1421 2813 ὅμως
1439 2778 1527 2809 οὐδεὶς
1550 2777 1631 2812 ἔτυχε
1653 2775 1819 2811 συγγνώμης

977 2822 1032 2848 τῶν
1043 2820 1262 2855 τετολμηκότων·
1280 2819 1326 2845 ἐπὶ
1339 2819 1367 2845 δὲ
1384 2818 1431 2845 τοῦ
1445 2818 1511 2844 Θεοῦ
1525 2817 1601 2844 οὐδὲν
1621 2816 1723 2844 τούτων
1745 2816 1820 2844 εστι-1

979 2864 1075 2890 εἰπεῖν.
1094 2862 1150 2889 Καὶ
1166 2861 1221 2897 γὰρ
1237 2860 1364 2887 τοσοῦτόν
1384 2861 1442 2886 ἐστι
1456 2859 1487 2886 τὸ
1511 2859 1595 2894 μέσον
1609 2857 1754 2893 ἀνθρώπου
1769 2857 1817 2884 καὶ

1011 2931 1023 2945 ε
1036 2929 1099 2954 Tres
1111 2935 1167 2953 mss.
1183 2927 1365 2959 ἐμπρησθέντα,

1012 2960 1025 2980 ἀ
1038 2961 1085 2985 Alii
1097 2957 1257 2990 προαγόντων,
1270 2957 1311 2982 alii
1322 2957 1436 2986 ἀγόντων.
