1984 3110
104 152 137 179 ξπ

112 217 174 236 scus
185 213 213 236 et
228 208 324 236 videns
339 214 369 238 et
383 210 519 244 audiens,
532 215 560 238 et
578 219 665 246 neque
678 211 779 239 fulmen
800 211 918 242 immisit.

117 263 202 290 neque
214 262 288 282 mare
299 255 388 290 jussit
401 261 502 284 terram
517 257 645 284 inundare
657 261 684 285 et
695 264 789 285 omnes
801 257 922 285 submer-

116 308 197 336 gere,
216 307 303 335 neque
318 305 424 328 terram
443 301 516 329 hiare
526 323 533 334 ,
549 307 576 330 et
591 306 765 330 temeratores
778 302 922 329 absorbere

118 346 264 378 mandavit,
279 347 329 373 sed
345 348 454 379 tolerat.
468 353 496 375 et
508 348 692 383 longanimiter
704 349 767 384 agit,
778 353 805 376 et
818 349 920 376 veniam

115 400 147 419 se
162 392 289 418 daturutn
306 394 443 427 promittit
456 394 624 421 contumeliae
639 394 794 421 auctoribus
804 414 811 426 ,
825 394 847 421 si
864 398 922 421 tan-

116 443 172 464 tum
189 438 380 472 pmnitcntiam
394 444 485 474 agant,
496 444 521 466 ct
535 447 565 467 se
578 447 630 466 non
644 440 756 475 amplius
767 439 824 467 haec
838 440 922 467 factu-

115 491 163 510 ros
193 484 385 518 polliceantur.
410 485 480 512 Vere
511 493 581 512 nttnc
604 486 768 513 exelamandi
794 490 919 520 tempus:

115 528 183 561 Qui:
205 528 325 562 loquetur
346 530 470 564 potentias
487 529 610 557 Domini?
628 530 728 557 auditas
742 531 816 566 faciet
835 539 921 558 omnes

114 576 212 603 (unde;
226 577 282 612 ejus
298 577 385 612 (Psal.
399 579 461 606 105.
477 579 535 613 2)?
558 578 632 613 Quod
648 579 695 606 Dei
719 579 847 613 imagines
867 585 919 605 non

115 626 225 648 tantum
241 623 420 657 dejeccrunt,
437 624 484 651 sed
499 625 578 651 etiam
593 623 837 651 conculcaveruut?
859 630 919 651 cum

114 668 192 695 enim
211 677 286 696 rettm
302 677 402 704 angas,
417 678 478 697 cum
491 670 634 704 dispolies,
652 677 712 697 ettm
728 669 834 701 trahas,
858 676 919 696 cum

115 713 245 748 dejicias,
262 714 308 742 Dei
324 715 466 750 imaginem
479 716 630 743 conculcas.
645 715 712 742 Audi
724 719 796 743 certe
809 714 918 742 Paulum

114 758 258 786 dicentem
274 760 343 794 quod
360 760 441 788 honto
455 769 507 788 non
519 761 597 788 debet
611 761 716 796 operire
729 765 818 795 capttt,
833 761 919 796 imago

115 804 195 830 enim
205 809 232 831 ct
244 805 329 839 gloria
341 805 385 833 Dei
399 810 438 833 cst
454 806 490 842 (l.
501 806 559 833 Cor.
570 807 613 834 Η.
629 807 656 841 7)
669 815 676 833 :
687 810 714 834 et
728 814 818 833 rursus
833 806 919 841 ipsum

118 849 208 876 Deum
223 850 358 878 dicentem
375 860 381 877 :
399 852 535 879 Faciamus
556 852 681 878 hominem
694 852 830 879 secundum
852 852 918 878 inta-

117 895 207 929 ginem
220 901 244 922 et
260 896 451 923 similitudinem
472 903 583 924 nostram
599 897 679 932 (Gen.
692 898 717 924 1.
731 897 766 925 26
813 897 841 924 Si
855 904 919 924 vero

117 940 215 973 dicas,
238 948 291 967 non
306 949 366 968 esse
386 941 505 976 ejusdem
520 942 676 969 substantia:
691 943 824 970 hominem
840 947 919 977 atque

121 985 229 1017 Deum,
252 985 314 1020 quid
336 986 414 1012 tum?
436 986 528 1022 Neque
543 987 614 1014 enim
628 994 665 1014 tes
685 992 779 1014 statua:
798 987 917 1021 ejusdem

119 1035 164 1056 est
181 1035 260 1065 atque
272 1030 421 1065 Imperator
435 1033 603 1065 substantite,
618 1033 664 1059 sed
679 1037 766 1060 tamen
781 1032 849 1060 itane
860 1033 917 1060 ausi

120 1076 222 1103 Iredere
245 1085 338 1111 pmnas
361 1078 493 1105 dederunt
508 1087 514 1105 :
531 1078 570 1105 sic
593 1083 620 1106 ct
641 1079 667 1106 in
690 1078 852 1111 hominibus,
867 1078 918 1106 etsi

121 1128 177 1147 non
193 1121 314 1156 ejusdem
331 1130 391 1149 cum
407 1123 463 1150 Deo
474 1123 629 1151 substantia:
644 1129 703 1151 sunt
718 1123 850 1157 homines,
866 1124 918 1151 sic-

120 1171 150 1193 ut
166 1175 252 1202 ncque
266 1177 359 1196 revera
382 1174 461 1201 sunt.
484 1174 572 1197 tamctt
595 1170 681 1205 imago
697 1171 782 1198 vocati
797 1175 875 1204 sunt,
891 1175 918 1198 et

121 1218 233 1247 propter
244 1214 452 1248 appellationem
467 1215 538 1250 ipsos
554 1215 682 1243 honorem
702 1217 822 1251 recipere
835 1224 917 1252 opor-

122 1257 203 1284 tebat.
231 1258 271 1285 Tu
297 1267 362 1287 vero
387 1264 498 1295 propter
521 1261 654 1295 paululum
680 1262 737 1289 auri
763 1263 915 1296 conculcas,

122 1303 207 1337 angis,
223 1303 319 1337 trahis,
335 1309 362 1332 et
375 1305 475 1333 nullam
489 1306 575 1333 adhuc
588 1314 693 1341 poenam
709 1307 815 1334 dedisti.

157 1348 183 1374 7.
200 1349 344 1385 Contingat
359 1351 438 1386 igitur
453 1351 531 1378 hodie
544 1351 686 1386 quamdam
701 1352 796 1380 bonum
812 1358 838 1381 et
852 1353 917 1381 dex-

123 1400 204 1421 teram
227 1395 286 1423 ﬁeri
309 1398 495 1424 mutationem.
521 1398 585 1425 lllud
603 1403 676 1426 certe
691 1399 767 1426 vobis
789 1400 915 1434 praedico,

120 1445 147 1466 et
161 1446 301 1468 contestor
311 1462 318 1475 ,
342 1443 414 1477 quod
429 1443 479 1470 etsi
495 1443 551 1471 haec
567 1444 726 1478 praeterierit
740 1445 824 1472 nubes
837 1466 843 1476 ,
867 1453 916 1472 nos

121 1491 209 1514 autem
225 1488 250 1514 in
266 1488 361 1515 eodem
376 1489 551 1516 manserimus
571 1494 678 1524 torpore
689 1511 697 1522 ,
712 1498 816 1518 rursum
832 1491 916 1519 multo

122 1533 172 1563 his,
189 1541 250 1566 qua:
265 1533 291 1560 in
307 1535 511 1568 pra-sentiarum
527 1539 715 1570 exspectantur
726 1555 732 1566 ,
754 1537 844 1570 pejora
867 1544 915 1571 pa-

122 1579 220 1606 tiemur
234 1588 242 1606 :
257 1580 384 1614 quoniam
401 1585 428 1607 et
450 1588 521 1608 nunc
544 1589 596 1608 non
620 1585 721 1608 tantum
745 1581 915 1616 Imperatoris

121 1624 204 1656 iram,
225 1630 354 1658 quantum
375 1626 513 1660 segnitiem
529 1631 644 1654 vestratn
658 1627 750 1655 timeo.
770 1627 828 1655 Non
843 1629 915 1656 enitn

120 1669 223 1696 dttobus
237 1674 284 1697 aut
300 1671 385 1698 tribus
398 1671 491 1699 diebus
510 1673 672 1707 supplicasse
686 1674 763 1701 nobis
777 1674 809 1701 ad
823 1674 916 1702 defen-

119 1715 222 1742 sionem
233 1716 342 1747 sufﬁcit,
357 1716 406 1744 sed
418 1717 497 1745 totius
509 1718 569 1745 vitae
580 1718 751 1747 mutationem
766 1720 823 1747 fieri
836 1727 915 1755 opor-

121 1764 170 1792 tet,
195 1765 222 1788 et
246 1769 261 1788 a
282 1762 382 1789 malitia
407 1762 567 1791 desistentes
589 1764 614 1790 in
637 1765 736 1793 virtute
757 1773 914 1800 permanere

119 1805 255 1833 continue.
272 1806 347 1834 Sicut
370 1807 442 1834 enim
462 1813 637 1843 aegrotantes,
655 1810 703 1837 nisi
723 1817 828 1845 semper
840 1811 913 1839 ordi-

120 1857 180 1878 nate
192 1852 319 1885 vixerint,
334 1853 406 1880 nulla
420 1853 484 1888 ipsis
497 1853 643 1889 disciplina:
658 1863 705 1890 per
719 1860 773 1883 tres
787 1861 833 1883 aut
847 1863 913 1892 qua-

120 1902 179 1924 tuor
192 1897 253 1925 dies
266 1903 379 1926 serrane
392 1899 493 1927 utilitas
508 1907 515 1926 :
532 1900 570 1927 sic
582 1904 608 1927 et
623 1905 764 1935 peccantes
778 1902 827 1929 nisi
841 1910 914 1929 sem-

119 1950 164 1976 per
179 1942 263 1970 sobrii
279 1943 344 1975 sint,
359 1944 423 1970 nihil
441 1944 557 1978 proderit
571 1945 635 1980 ipsis
649 1945 763 1974 duorum
778 1947 820 1974 vel
834 1947 913 1974 trium

117 1987 221 2014 dierum
235 1989 378 2015 correctio.
397 1988 430 2016 Ut
444 1990 526 2022 enim,
547 1990 662 2024 dicitur,
685 1991 756 2019 lotus
776 1997 868 2027 postea
887 1993 912 2020 in

118 2033 173 2060 luto
188 2041 296 2062 rursum
311 2035 466 2070 inquinatus
476 2056 484 2069 ,
506 2036 572 2063 nihil
593 2038 704 2072 profecit
718 2046 724 2064 :
740 2039 778 2066 sic
793 2047 841 2073 per
859 2044 914 2067 tres

116 2079 175 2106 dies
188 2087 271 2114 agens
289 2082 489 2116 pmnitentiam,
504 2088 531 2110 et
545 2091 651 2111 rursum
666 2084 699 2112 ad
715 2085 803 2120 priora
819 2094 913 2115 rever-

117 2129 187 2157 lens,
202 2125 270 2153 nihil
287 2127 406 2155 lucratus
418 2132 470 2155 est.

151 2170 242 2198 Terra;-
250 2177 334 2199 motus
347 2174 487 2208 frequentes
498 2175 647 2202 Amice/tite.
657 2191 691 2196 —
701 2176 739 2204 Ne
754 2177 832 2212 igitur
842 2178 912 2213 quod

115 2223 225 2250 semper
237 2217 360 2251 facimus,
372 2218 424 2246 hoc
434 2223 460 2246 et
471 2228 540 2247 nunc
552 2220 688 2250 faciamus.
705 2223 808 2250 Etenim
820 2228 913 2252 term-

116 2262 234 2289 motibus
247 2263 347 2297 saepius
361 2265 648 2299 comprehendentibus
657 2288 665 2299 ,
686 2273 714 2295 et
733 2268 804 2297 fame
818 2275 844 2297 et
858 2271 912 2297 sic-

114 2307 214 2339 citate.
236 2308 322 2336 tribus
335 2310 377 2336 vel
392 2315 506 2344 quatuor
526 2312 619 2339 diebus
640 2314 771 2342 moderati
784 2320 812 2343 et
834 2324 910 2343 man-

115 2353 249 2380 suetiores
263 2354 323 2381 facti
336 2376 343 2387 ,
360 2363 454 2383 rursus
465 2357 498 2384 ad
512 2359 598 2392 priora
614 2360 773 2393 redivimus,
788 2367 912 2397 propter-

114 2405 199 2432 eaque
213 2398 273 2426 lucc
286 2401 452 2428 acciderunt.
470 2402 523 2429 Sed
543 2403 564 2430 si
581 2411 634 2431 non
651 2405 724 2439 prius
735 2426 742 2438 ,
767 2414 836 2434 nunc
858 2408 911 2434 sal-

115 2447 167 2470 u-m
192 2444 220 2470 in
245 2445 340 2472 eadem
365 2454 570 2480 permaneamus
595 2449 711 2483 pietate,
737 2455 764 2478 et
788 2452 909 2480 eamdem

116 2490 349 2518 mansuetudinem
363 2499 512 2528 servemus,
526 2502 559 2522 ne
572 2502 677 2523 rursum
691 2497 775 2525 altero
790 2498 909 2533 indigea-

116 2543 173 2561 mus
187 2535 304 2570 ﬂagello.
318 2538 415 2565 Annon
426 2544 529 2573 poterat
540 2540 609 2568 Deus
621 2549 661 2574 ea,
674 2550 732 2577 qua:
744 2543 908 2578 acciderunt,

117 2581 282 2615 prohibere?
308 2583 362 2611 Sed
386 2585 517 2619 permisit,
540 2591 568 2613 ut
590 2594 619 2614 se
638 2593 840 2617 contemnentes
863 2598 910 2625 per

116 2628 235 2655 conservi
251 2634 353 2656 metum
368 2630 546 2659 modestiores
558 2632 685 2661 efﬁceret.
702 2633 759 2661 Non
774 2635 837 2661 mihi
850 2636 909 2670 quis

118 2672 201 2705 dicat,
221 2674 295 2707 quod
320 2675 398 2702 multi
421 2677 537 2703 sontium
559 2677 728 2713 effugerunt,
751 2680 826 2707 multi
845 2688 909 2708 vero

119 2717 258 2745 insontium
285 2727 393 2753 pinnam
419 2721 556 2749 subierunt
575 2731 581 2749 :
597 2723 695 2750 etenim
719 2724 770 2752 hoc
790 2725 908 2753 dicentes

118 2764 210 2791 multos
225 2764 326 2798 saepius
347 2765 428 2792 audio
439 2785 446 2797 ,
461 2774 513 2793 ttott
535 2767 560 2794 in
581 2768 704 2802 prmsenti
720 2773 822 2797 tantum
835 2770 907 2797 sedi-

118 2810 191 2841 tione,
209 2811 303 2841 sed.et
320 2811 346 2837 in
361 2811 421 2837 aliis
435 2812 525 2839 multis
540 2813 688 2847 lmjusmodi
704 2816 826 2850 negotiis.
840 2816 907 2849 Quid

119 2855 188 2887 igitur
215 2856 279 2882 ωιτη
305 2856 495 2888 objicientibus
521 2857 686 2886 dicendum?
710 2860 785 2895 Quod
809 2863 857 2889 etsi
882 2862 907 2889 in

267 2906 309 2934 ΡΑ
317 2913 407 2934 [μοι.
433 2905 490 2933 tia.
516 2905 625 2937 XLIX.

590 157 635 183 AD
659 156 819 186 POPULUM
835 155 1075 185 ANTIOCllENUM
1097 155 1211 184 llOSIlL.
1242 155 1283 183 Ill.
1731 157 1766 185 58

976 211 1100 247 pra‘senti
1126 211 1256 239 seditione
1281 212 1371 240 insons
1394 216 1451 239 erat
1476 212 1498 240 is
1527 213 1571 248 qui
1594 217 1688 248 captus
1711 218 1765 246 est,

977 262 1065 283 tamen
1079 257 1150 284 aliud
1168 261 1305 291 peccatum
1328 257 1470 292 aliquando
1491 259 1598 292 gravius
1618 259 1765 291 commisit,

975 301 1075 329 deinde
1088 309 1141 329 non
1164 307 1291 332 mutatus.
1307 310 1378 330 nuttc
1393 310 1484 337 poenas
1497 303 1578 330 dedit.
1596 304 1699 331 Etenim
1716 305 1766 332 hoc

976 346 1062 375 facere
1076 347 1145 375 Deus
1156 348 1294 375 consuevit
1308 356 1314 375 :
1330 355 1389 375 cttm
1406 350 1604 383 peccaverimus
1614 370 1622 382 ,
1642 358 1696 377 non
1709 353 1763 376 sla-

975 393 1021 420 tim
1035 398 1141 428 peccata
1156 393 1300 425 ulciscitur,
1314 393 1362 421 sed
1376 394 1497 427 remittit,
1509 394 1575 422 dans
1588 395 1665 422 nobis
1679 395 1763 430 poeni-

975 438 1064 465 tcntite
1079 442 1183 472 tempus
1195 459 1203 470 ,
1225 443 1253 465 ut
1276 439 1441 474 corrigamur
1454 443 1481 466 et
1495 443 1643 472 mutemur;
1666 440 1687 467 si
1702 448 1763 466 vero

974 484 1045 518 quod
1060 491 1112 511 non
1128 491 1220 519 pmnas
1235 484 1405 516 dederimus,
1422 488 1559 519 peccatum
1573 484 1689 512 deletum
1704 492 1764 512 esse

973 530 1165 562 existimantes,
1179 530 1418 565 contempserimus
1428 551 1434 562 ,
1449 531 1494 558 ubi
1510 537 1562 557 non
1577 535 1708 565 putamus,
1725 531 1761 557 ibi

974 579 1033 609 post
1048 575 1106 602 lucc
1126 576 1235 603 omnino
1249 576 1397 610 capiemttr.
1421 575 1478 603 Hoc
1497 579 1585 602 autem
1601 575 1644 607 fit,
1662 579 1688 602 ut
1702 583 1762 602 cum

974 621 1171 656 peccaverimns
1182 642 1189 654 ,
1205 627 1233 649 et
1248 629 1301 649 non
1323 621 1452 649 fuerimus
1466 622 1559 657 puniti,
1576 630 1628 648 non
1644 622 1763 649 confida-

974 675 1046 700 mus,
1073 668 1124 696 nisi
1148 668 1274 695 fuerimus
1289 668 1393 701 mutati,
1415 668 1531 696 scientes
1553 668 1622 702 quod
1645 667 1688 694 ubi
1710 675 1763 695 non

973 717 1096 748 putamus
1109 714 1217 740 omnino
1238 713 1374 741 cademtts.
1397 713 1488 748 Itaque
1508 713 1529 741 si
1552 713 1712 748 peccaveris,
1736 718 1762 740 ct

973 759 1079 794 pttnitns
1094 767 1145 786 non
1161 758 1243 786 fueris
1254 780 1262 792 ,
1278 766 1312 787 ne
1325 764 1480 787 contemnas
1491 780 1497 790 ,
1512 759 1624 791 dilecte;
1641 758 1687 786 ς»ρά
1702 766 1767 793 [ιι-ιι»

973 810 1031 838 pter
1053 803 1103 831 ltoc
1124 804 1210 838 ipsum
1226 804 1309 840 magis
1332 805 1406 837 time,
1429 805 1516 832 sciens
1531 804 1601 839 quod
1616 804 1692 831 facile
1708 803 1760 831 Deo

973 855 1023 881 est.
1041 850 1146 885 quando
1162 851 1234 883 velit,
1251 851 1346 878 iterum
1369 851 1525 878 retribuere.
1542 851 1604 877 Ideo
1617 850 1687 877 enim
1707 854 1759 876 tum

973 900 1000 924 te
1020 903 1072 923 non
1095 896 1210 930 punivit,
1235 900 1264 923 ut
1286 895 1385 923 habeas
1406 896 1568 930 pcenitentia:
1591 900 1704 930 tempus.
1723 893 1760 921 Ne

973 941 1052 976 igitur
1073 941 1202 974 dicamus,
1224 941 1295 976 quod
1317 942 1428 968 crimine
1451 948 1546 968 carens
1567 940 1612 967 ille
1625 939 1760 972 ceciderit,

971 988 1040 1015 alter
1053 995 1116 1015 vero
1131 987 1255 1015 facinoris
1268 992 1361 1015 auctor
1374 987 1505 1022 effugerit.
1521 987 1650 1014 lnnoecns
1663 987 1761 1013 etenim

972 1033 1089 1068 punitus,
1112 1037 1142 1060 ttt
1164 1037 1225 1061 ante
1247 1033 1320 1066 dixi,
1345 1033 1456 1060 aliorum
1479 1037 1646 1067 peccatorum
1669 1037 1761 1066 poenas

973 1078 1020 1105 luit
1036 1087 1044 1104 :
1059 1083 1087 1106 et
1101 1078 1145 1113 qui
1161 1086 1231 1106 nunc
1246 1077 1346 1113 effugit,
1362 1078 1411 1105 nisi
1428 1082 1543 1104 mutatus
1557 1077 1652 1109 fuerit,
1669 1077 1695 1104 in
1709 1076 1762 1103 alio

971 1124 1090 1159 capietur
1112 1124 1216 1159 laqueo.
1240 1123 1268 1151 Si
1291 1123 1329 1150 sic
1350 1123 1472 1157 dispositi
1493 1123 1593 1155 simus,
1617 1129 1761 1156 numquam

971 1170 1139 1205 propriorum
1165 1169 1351 1197 oblivisccmttr
1372 1174 1560 1204 peccatorum,
1582 1168 1629 1195 sed
1654 1175 1762 1202 semper

972 1215 1105 1247 timentes,
1123 1218 1282 1247 tremetttes,
1299 1222 1333 1241 ne
1347 1213 1453 1249 quando
1467 1213 1609 1242 sttbeamus
1621 1213 1759 1248 judicittm,

970 1262 1023 1289 cito
1037 1261 1154 1296 ipsorum
1170 1260 1379 1288 recordabimur.
1392 1259 1464 1287 Niltil
1478 1259 1548 1287 enim
1561 1259 1600 1287 sic
1613 1263 1720 1294 peccata
1733 1259 1761 1286 in

972 1307 1130 1334 memoriam
1143 1313 1268 1334 revocare
1280 1305 1426 1337 consuevit.
1439 1310 1468 1333 ut
1481 1312 1558 1340 paena
1568 1309 1597 1332 et
1605 1304 1759 1339 castigatio:

969 1357 997 1380 et
1019 1352 1070 1380 hoc
1092 1351 1260 1379 manifestum
1273 1359 1308 1378 ex
1331 1350 1455 1378 fratribus
1469 1349 1579 1385 Joseph.
1602 1349 1668 1377 Cum
1689 1348 1761 1376 enim

971 1398 1008 1425 illi
1021 1397 1122 1433 justum
1137 1397 1335 1431 vendidissent,
1351 1401 1378 1423 et
1398 1395 1525 1424 tredecim
1539 1395 1602 1423 anni
1615 1395 1760 1430 prarteriis-

970 1449 1046 1477 sent,
1062 1443 1151 1479 puniri
1166 1448 1314 1471 metuentes
1324 1463 1332 1477 ,
1347 1447 1374 1470 et
1388 1443 1421 1470 de
1436 1443 1488 1470 vita
1502 1443 1625 1470 timentes
1635 1462 1643 1476 ,
1659 1442 1761 1477 peccati

970 1489 1101 1517 recordati
1117 1493 1188 1522 sunt,
1204 1493 1232 1516 et;
1246 1489 1314 1516 inter
1326 1496 1355 1516 se
1368 1487 1491 1516 dicebant
1505 1496 1512 1515 :
1525 1487 1597 1515 Certe
1610 1495 1619 1514 :
1633 1487 1659 1514 in
1673 1494 1761 1521 pecca-

970 1536 1001 1562 tis
1013 1535 1079 1563 enim
1094 1543 1181 1562 sumus
1203 1540 1304 1570 propter
1322 1536 1426 1569 fratrem
1447 1537 1560 1560 nostrum
1572 1532 1668 1568 Ioseph
1682 1531 1758 1568 (Gen.

968 1580 1013 1608 42.
1027 1580 1084 1616 21).
1099 1580 1179 1607 Vides
1190 1579 1322 1615 quomodo
1346 1579 1424 1606 timor
1439 1578 1482 1606 ille
1504 1579 1577 1613 ipsos
1594 1578 1695 1613 peccati
1714 1577 1757 1604 sui

968 1626 1192 1655 commonefecit?
1216 1626 1249 1654 Et
1271 1626 1379 1661 quando
1403 1624 1549 1660 peccabant
1574 1623 1682 1659 quidem
1705 1631 1761 1663 non

968 1673 1120 1702 sentiebant
1135 1682 1142 1701 :
1156 1673 1264 1709 quando
1277 1680 1341 1700 vero
1354 1671 1441 1708 puniri
1454 1670 1623 1704 metuebant,
1638 1674 1700 1698 tunc
1713 1677 1758 1698 re-

968 1720 1069 1749 cordati
1086 1724 1156 1747 sunt.

1005 1765 1113 1793 litoralis
1127 1765 1279 1792 exhortatio.
1292 1778 1328 1785 -ο
1347 1764 1410 1792 Haec
1429 1763 1508 1799 igitur
1522 1763 1611 1791 omnia
1632 1763 1756 1795 scientes,

968 1811 1048 1838 vitam
1064 1815 1166 1838 mtttare
1181 1810 1293 1837 velimus
1313 1814 1340 1837 ct
1353 1810 1486 1843 corrigere
1496 1829 1504 1842 ,
1520 1813 1547 1836 et
1560 1812 1622 1836 ante
1636 1808 1759 1837 instantis

967 1857 1096 1892 angustia:
1108 1856 1293 1884 liberationem
1314 1855 1349 1884 de
1369 1856 1495 1891 religione
1509 1859 1536 1882 et
1550 1855 1649 1882 virtute
1660 1853 1758 1889 cogite-

967 1910 1036 1930 mus.
1062 1902 1096 1930 Et
1120 1902 1227 1930 interim
1251 1902 1300 1929 tria
1322 1901 1398 1929 vobis
1421 1900 1545 1928 mandata
1571 1899 1759 1927 commendare

967 1949 1038 1982 volo,
1053 1953 1081 1977 ut
1095 1948 1152 1975 haec
1165 1948 1228 1976 mihi
1241 1947 1268 1975 in
1278 1947 1379 1983 jejunio
1394 1947 1524 1982 praestctis
1537 1955 1543 1972 :
1559 1945 1658 1974 nemini
1670 1945 1759 1972 detra-

967 1995 1047 2027 ltatis,
1072 1994 1206 2022 inimicum
1229 1994 1349 2022 habeatis
1363 1993 1508 2026 neminem,
1523 1997 1549 2019 et
1562 1999 1667 2020 omnem
1683 1999 1759 2026 pror-

967 2048 1012 2067 sus
1025 2048 1057 2068 ex
1071 2048 1118 2067 ore
1132 2040 1228 2067 malam
1246 2039 1457 2074 juramentorum
1479 2037 1696 2066 consuetudinem
1711 2044 1758 2064 ex-

969 2087 1082 2122 pellatis.
1099 2086 1132 2113 Et
1147 2086 1215 2113 sicut
1228 2093 1288 2113 cum
1303 2093 1397 2113 aurum
1413 2085 1568 2120 imperatum
1583 2083 1757 2116 audierimus,

967 2134 1058 2161 abiens
1071 2133 1183 2169 quisque
1204 2133 1312 2160 domum
1332 2137 1359 2160 et
1373 2139 1482 2160 uxorem
1496 2138 1611 2163 vocans,
1627 2134 1654 2157 et
1676 2129 1755 2161 filios,

966 2184 992 2207 et
1005 2186 1111 2211 servos,
1127 2178 1278 2206 considerat
1292 2185 1351 2205 cum
1366 2177 1417 2204 illis
1431 2181 1458 2204 et
1478 2176 1610 2204 consultat
1624 2175 1694 2202 unde
1710 2175 1757 2202 tri-

967 2225 1058 2253 bututn
1074 2225 1136 2252 illud
1151 2228 1242 2259 eroget
1257 2233 1263 2251 :
1279 2223 1319 2250 sic
1333 2227 1360 2250 et
1375 2223 1401 2250 in
1415 2221 1547 2250 mandatis
1559 2221 1600 2248 his
1613 2219 1757 2256 spirituali-

966 2272 1015 2299 bns
1034 2270 1171 2298 faciamus.
1190 2270 1299 2297 Domum
1313 2269 1424 2304 quisque
1437 2274 1591 2302 regressus,
1605 2274 1715 2294 uxorem
1729 2270 1758 2293 et

966 2317 1035 2344 filios
1049 2320 1126 2343 vocet
1138 2320 1165 2343 et
1177 2315 1248 2342 dicat
1260 2324 1267 2342 :
1282 2315 1421 2341 Tributum
1434 2313 1570 2349 spirituale
1579 2312 1657 2340 hodie
1672 2312 1757 2347 impo-

965 2362 1044 2388 situm
1059 2365 1110 2393 est,
1127 2361 1265 2392 tribtttum,
1287 2360 1412 2395 inquam,
1426 2367 1473 2394 per
1487 2358 1557 2393 quod
1571 2358 1621 2385 erit
1634 2357 1756 2393 quaedam

965 2407 1059 2435 horum
1074 2406 1202 2434 malorum
1217 2405 1313 2433 solutio
1327 2410 1353 2433 et
1367 2405 1502 2437 liberatio,
1523 2404 1650 2431 tributum
1661 2424 1669 2436 ,
1683 2402 1754 2437 quod

964 2453 1132 2480 conferentes
1144 2460 1196 2479 non
1211 2459 1349 2487 pauperes,
1363 2450 1410 2478 sed
1422 2450 1531 2478 ditiores
1545 2449 1617 2481 facit,
1630 2453 1658 2476 ut
1670 2449 1755 2476 nemi-

964 2506 1025 2526 nem
1041 2498 1175 2525 initnicum
1200 2497 1345 2524 habeamus
1355 2517 1363 2531 ,
1377 2496 1549 2524 detrahamus
1570 2494 1668 2522 nemini
1681 2514 1689 2527 ,
1705 2501 1755 2521 nec

963 2545 1072 2571 omnino
1084 2544 1214 2579 jurcmus.
1229 2543 1444 2575 Consideremus,
1455 2549 1545 2569 curam
1558 2548 1677 2576 agamus,
1691 2547 1755 2567 con-

963 2589 1101 2621 sultemtts,
1116 2589 1249 2624 quomodo
1263 2588 1321 2616 lucc
1336 2588 1493 2622 impleamus
1512 2587 1653 2618 tttandata;
1674 2591 1755 2612 omne

963 2634 1146 2670 impendamus
1161 2634 1275 2662 studiutn
1285 2654 1293 2666 ,
1314 2641 1362 2660 nos
1378 2633 1446 2660 alter
1457 2633 1570 2660 alterum
1584 2638 1754 2658 commonea-

963 2688 1032 2713 tnus,
1048 2680 1116 2708 alter
1127 2680 1240 2708 alterum
1253 2679 1417 2714 corrigamus
1427 2699 1434 2711 ,
1449 2683 1477 2705 ut
1492 2685 1543 2705 non
1558 2676 1691 2704 debitores
1705 2675 1753 2701 ab-

962 2733 1054 2752 eamus
1075 2725 1156 2758 illuc,
1177 2725 1274 2753 deittdc
1298 2724 1412 2752 tnutuari
1433 2723 1467 2750 ab
1489 2723 1548 2750 aliis
1569 2721 1665 2753 coacti,
1687 2720 1751 2747 illud

962 2770 1032 2805 quod
1046 2770 1161 2805 virgines
1182 2770 1260 2798 fatua:
1284 2770 1430 2805 patiamur,
1453 2773 1480 2795 ct
1502 2766 1642 2795 immortali
1666 2765 1753 2792 salute

962 2817 1124 2844 excidatnus.
1139 2817 1167 2844 Si
1182 2817 1221 2844 sic
1235 2821 1332 2844 nostra:
1351 2815 1519 2843 instituamus
1533 2813 1594 2840 vita:
1609 2811 1749 2841 rationem,

963 2862 1025 2890 hinc
1041 2862 1117 2890 vobis
1131 2865 1249 2898 spondeo
1272 2866 1300 2890 et
1321 2861 1446 2896 polliceor
1458 2879 1466 2894 ,
1482 2857 1551 2894 quod
1567 2862 1593 2885 ct
1613 2855 1752 2892 praesentis

1556 2903 1572 2932 Ιι
