1984 3110
233 135 268 162 59
593 134 619 163 S.
638 134 775 162 JOANNIS
793 134 1029 163 CHRYSOSTOMI
1048 136 1204 165 ARCIHEP.
1225 137 1493 166 CONSTANTINOP.
1833 138 1869 166 60

233 193 389 220 ralantitatis
400 192 487 227 aliqua
499 193 595 220 Solutio
606 193 721 224 dabitur,
736 198 762 220 ct
774 194 882 220 istorum
895 193 1023 220 malorum

232 238 374 264 liberatio:
395 242 422 264 et
444 238 513 272 quod
536 239 660 266 onmibns
685 239 769 273 majus
791 243 850 272 est,
877 239 1024 266 futurorum

233 283 334 310 frttetus
358 284 498 310 bonorum.
523 283 669 318 Oportebat
691 285 798 319 quidem
821 292 927 311 onmem
951 285 1027 312 vobis

235 328 362 356 mandare
376 330 513 361 virtutem,
538 329 583 357 sed
601 330 670 357 lmuc
693 338 752 357 esse
765 331 940 358 correctionis
957 331 1028 365 opti-

235 383 307 402 nmnt
332 375 439 402 modum
466 380 538 410 puto,
562 381 590 403 ιιι
612 384 661 410 per
683 381 771 410 partes
793 377 878 410 legem
893 382 1028 411 acceptam

236 421 413 455 impleamus,
436 427 463 448 et
478 426 532 448 tum
554 421 587 448 ad
607 422 673 449 alias
690 429 840 456 pergamus.
864 422 938 449 Sicut
959 421 1029 449 cnim

239 475 303 502 agro
325 468 480 502 proposito,
503 468 618 502 agricola
642 468 766 502 paulatim
792 467 913 499 fodiens,
937 468 977 495 sic
999 467 1032 494 ad

240 514 318 540 finem
330 513 400 540 venit
414 521 420 539 :
434 512 472 540 sic
486 517 513 540 et
526 520 574 540 nos
587 513 608 539 si
623 513 708 547 legem
721 512 789 540 hanc
803 513 879 540 nol-is
893 520 1032 548 ponamus,

239 563 268 584 ut
281 566 329 593 per
343 558 578 593 Quadragcsimam
597 563 756 593 prtesenlt‘tn
773 558 829 585 ha‘c
843 558 893 585 tria
909 558 1032 585 mandata

242 605 382 640 diligenter
401 612 587 636 exerceamus,
604 604 694 639 procul
709 604 789 631 dubio
803 612 863 631 cutn
879 604 955 631 bona:
968 611 1032 632 con-

1076 195 1223 222 suetudinis
1244 196 1391 223 custodiam
1412 196 1557 230 prudenter
1576 195 1794 226 exhibuerimtts,
1811 203 1871 222 mm

1080 241 1180 276 majore
1195 241 1319 269 facilitate
1332 246 1359 268 et
1372 241 1405 269 ad
1419 241 1519 276 reliqua
1533 242 1682 272 veniemus,
1698 246 1724 267 et
1738 240 1771 267 ad
1786 240 1873 274 ipsum

1078 287 1225 321 disciplina:
1247 288 1374 315 verticem
1402 287 1606 322 pervenientes,
1634 291 1688 315 turn
1713 291 1874 321 praesentem

1080 333 1159 360 vitam
1170 333 1238 359 bona
1249 341 1309 360 cum
1321 340 1368 368 spe
1379 334 1563 368 transigemtts,
1575 338 1630 360 tum
1640 337 1666 360 et
1678 333 1703 360 in
1716 332 1803 359 futttra
1815 339 1875 359 cttm

1082 379 1163 406 tnulta
1181 379 1288 406 Christo
1310 379 1405 407 fiducia
1420 381 1575 407 assistemus
1590 385 1617 407 et
1631 379 1735 406 arcanis
1757 379 1878 405 fruemur

1083 426 1160 453 bonis
1175 435 1181 452 :
1197 434 1256 461 qum
1271 434 1318 452 nos
1334 424 1440 461 assequi
1461 426 1553 459 detur,
1569 425 1652 460 gratia
1674 429 1701 452 et
1716 425 1881 459 benignitate

1085 472 1188 499 Domini
1206 472 1288 499 nostri
1312 472 1375 500 Jcsu
1396 472 1514 504 Christi,
1540 479 1588 506 per
1601 479 1679 506 quem
1701 475 1728 498 et
1743 477 1805 498 cum
1828 477 1882 504 quo

1084 517 1168 552 gloria
1184 518 1255 545 Patri
1271 525 1322 545 una
1335 525 1397 546 cum
1413 522 1505 545 sancto
1518 517 1628 552 Spiritu,
1644 517 1671 544 in
1686 516 1784 544 saecula
1797 523 1884 544 saccu-

1086 563 1183 590 lorum.
1198 564 1292 590 Amen.

243 716 446 738 EXHORTATIO
461 717 502 738 ΔΙ)
516 716 662 738 POPULUM
677 716 717 737 DE
731 715 899 737 PATIENTIA
916 715 956 736 ET
970 715 1181 743 TOLERANTIA,
1199 717 1237 737 AB
1253 716 1407 738 EXEMPLIS
1422 717 1478 738 JOB
1500 717 1539 738 ET
1560 716 1662 739 TRIUM
1683 715 1859 738 ι’ῠειιοιιωι
1876 728 1884 736 .

797 766 838 786 ΕΤ
859 765 900 786 DE
927 765 1134 787 ABSTINENTIA
1156 767 1175 788 Δ
1196 766 1406 789 JURAMENTIS.

519 900 624 919 HOIHLIA
643 899 758 924 QUAHTA.

281 939 306 966 Ι.
322 938 480 966 Benedictus
502 939 575 966 Deus
586 959 593 970 ,
608 938 653 973 qui
675 938 796 965 dolentes
810 937 913 964 animas
934 941 1038 964 vestras

245 985 398 1011 consolatus
409 989 475 1015 test,
498 989 526 1011 et
548 984 702 1010 vacillantes
725 988 827 1010 mentes
851 982 1037 1010 conﬁrmavit:

245 1031 315 1066 quod
336 1032 405 1058 enim
432 1038 576 1066 congruam
599 1030 725 1064 ceperitis
745 1030 974 1061 consolationem,
993 1037 1041 1065 per

247 1076 362 1103 studium
379 1075 428 1102 hoc
440 1080 467 1103 et
481 1075 605 1102 audiendi
621 1075 857 1110 promptitudinem
872 1074 1041 1101 demonstra-

247 1123 291 1148 tis.
308 1122 364 1148 Non
381 1121 452 1148 enim
473 1121 561 1153 datur,
578 1122 694 1148 animatn
719 1121 854 1148 dolentetn
877 1125 904 1148 et
929 1120 1043 1147 tristitia:

248 1166 318 1194 nube
333 1174 451 1201 pressam
465 1173 542 1201 posse
553 1174 611 1201 qurc
625 1166 749 1193 dicuntur
761 1173 820 1192 cum
833 1165 1043 1200 promptitudine

248 1212 358 1244 audire;
374 1219 422 1238 vos
436 1217 524 1238 autem
541 1211 619 1238 video
632 1219 693 1238 cum
708 1211 791 1238 nmlta
819 1211 1003 1238 benevolentia
1017 1215 1044 1238 et

248 1258 303 1284 acri
320 1257 409 1285 studio
422 1258 499 1284 nobis
514 1257 683 1284 attendentes
706 1257 832 1284 omnibus
854 1257 975 1284 tristibus
999 1264 1045 1284 cx-

250 1304 352 1335 cussis,
375 1308 401 1330 et
422 1303 547 1330 audiendi
571 1303 705 1330 desiderio
732 1303 874 1330 instantem
896 1302 1043 1337 angustiam

250 1348 392 1382 repulissc.
406 1348 553 1383 Propterea
569 1348 623 1375 Deo
636 1348 771 1375 vobiscntn
785 1348 885 1382 gratias
898 1355 958 1382 ago,
973 1348 1044 1382 quod

251 1394 445 1429 philosophiam
463 1398 577 1421 vestram
594 1394 700 1421 miseria
716 1401 768 1420 non
784 1394 892 1424 vicerit,
909 1401 958 1421 nec
972 1394 1046 1429 vigo-

251 1449 307 1468 rem
319 1445 435 1468 vcstrmn
450 1441 529 1467 timor
539 1440 685 1472 remiserit,
699 1448 748 1467 nec
756 1439 920 1467 alacritatem
929 1443 1045 1467 vestram

251 1486 408 1513 exstinxerit
422 1486 572 1517 tribulatio,
591 1493 640 1512 nec
652 1485 810 1512 labefecerit
823 1485 911 1512 zelum
927 1489 1046 1512 vestrum

254 1532 361 1566 periculi
377 1532 539 1566 magnitudo,
552 1539 600 1558 nec
614 1532 779 1565 superaverit
791 1538 910 1558 amorem
923 1531 950 1558 in
964 1531 1046 1558 Deum

255 1577 392 1605 hominum
407 1578 503 1610 timor,
520 1584 569 1604 nec
583 1576 700 1604 studittm
714 1581 835 1603 vestrum
851 1576 979 1611 temporis
993 1576 1045 1603 ini-

253 1624 339 1659 quitas
355 1623 481 1658 dejeccrit
496 1632 502 1650 :
516 1630 568 1650 non
584 1626 686 1649 tantum
702 1629 754 1649 non
770 1621 877 1656 dejecit,
889 1621 936 1649 sed
946 1626 972 1648 et
985 1628 1047 1648 con-

257 1668 373 1696 firmavit
387 1678 393 1696 :
410 1677 461 1696 non
482 1673 583 1695 tantum
600 1675 653 1695 non
669 1668 785 1700 remisit,
800 1667 846 1695 sed
866 1671 893 1695 et
911 1667 1025 1694 intendit
1040 1676 1046 1694 :

257 1724 308 1742 non
324 1720 426 1742 tantum
440 1722 493 1742 non
506 1714 649 1746 exstinxit,
665 1714 713 1742 sed
735 1718 763 1741 ct
782 1714 896 1749 amplius
915 1713 1047 1741 accendit.

255 1761 418 1789 Evacuatum
427 1761 534 1796 quidem
548 1760 633 1788 forum
643 1765 693 1794 est,
703 1760 749 1787 sed
758 1760 869 1787 ecclesia
881 1759 981 1794 repleta
994 1759 1048 1795 (a):

255 1807 320 1834 illud
336 1807 422 1833 luctus
433 1806 555 1837 materia,
571 1805 631 1832 haec
645 1805 734 1840 gaudii
748 1809 775 1832 et
787 1805 886 1831 laetitia:
904 1804 1049 1838 spiritualis

255 1852 370 1879 occasio.
384 1851 449 1880 Cum
466 1851 545 1886 igitur
559 1851 584 1878 in
598 1850 685 1878 forum
697 1854 723 1878 te
735 1850 889 1882 contuleris,
903 1849 1010 1881 dilecte,
1023 1853 1051 1876 et

256 1897 427 1924 solitudinem
441 1897 611 1932 conspicatus
631 1896 804 1931 ingemueris,
817 1896 930 1931 confuge
943 1895 976 1922 ad
995 1903 1052 1922 ma-

256 1948 340 1975 trem,
364 1948 391 1971 et
412 1944 499 1971 statim
524 1948 549 1971 te
566 1943 735 1978 propriorum
754 1942 868 1969 filiorum
883 1941 1052 1969 multitudine

257 1989 448 2022 consolabitur,
464 1993 491 2016 et
504 1988 650 2024 perfectqu
666 1988 789 2015 ostendet
804 1988 850 2015 tibi
864 1988 973 2014 fratrum
987 1986 1052 2014 cho-

257 2043 316 2062 rum
327 2055 334 2068 ,
351 2039 377 2062 et
391 2041 497 2061 omnem
515 2034 649 2061 tristitiam
670 2033 793 2068 repellet.
810 2033 837 2060 ln
861 2033 926 2060 urbe
946 2031 1052 2066 quidem

257 2081 330 2107 viros
344 2087 455 2107 cernere
468 2079 652 2106 desideramus
664 2083 797 2113 tamquam
812 2078 918 2105 deserta
935 2077 1054 2104 habitan-

259 2131 317 2158 tes;
333 2126 359 2152 in
375 2125 514 2152 ecclesiam
530 2132 593 2152 vero
606 2124 789 2159 confugientes
803 2124 970 2152 multitudine
983 2131 1054 2151 eom-

259 2170 408 2204 primimur.
420 2170 453 2196 Et
462 2169 686 2205 quemadmodum
698 2169 764 2196 mari
777 2174 915 2202 :cstuante,
927 2175 953 2196 et
964 2169 1055 2196 multis

261 2217 384 2251 procellis
406 2215 510 2243 furente
520 2237 528 2249 ,
547 2216 580 2242 ad
596 2221 699 2250 portum
713 2215 857 2250 confugere
869 2216 948 2242 timor
962 2222 1055 2243 omnes

262 2262 351 2295 cogit:
366 2262 404 2288 sic
425 2266 452 2289 et
473 2269 544 2288 nunc
568 2261 617 2288 fori
643 2262 766 2296 procella:
781 2266 808 2288 ct
827 2261 940 2289 civitatis
970 2260 1056 2288 hiems

263 2316 357 2335 ontnes
375 2309 401 2334 in
415 2308 554 2335 ecclesiam
570 2308 684 2342 undique
702 2308 910 2342 compellunt,et
919 2305 1057 2334 charitatis

262 2354 368 2381 vinculo
378 2354 496 2381 membra
506 2354 574 2380 inter
585 2362 613 2380 se
625 2354 819 2388 constringunt.
829 2352 933 2380 Gratias
948 2359 1057 2386 agamus

265 2400 345 2433 igitur
360 2403 387 2426 ct
400 2403 508 2433 propter
522 2399 580 2426 hate
596 2398 652 2425 Deo
664 2419 670 2430 ,
685 2398 754 2433 quod
771 2402 873 2425 tantum
896 2405 928 2424 ex
949 2397 1058 2424 tribula-

265 2446 337 2472 tione
351 2446 500 2478 carpsimus
514 2445 739 2477 emolumentum,
753 2444 824 2479 quod
838 2448 937 2470 tantam
957 2451 989 2470 ex
1005 2447 1059 2470 ten-

266 2491 365 2517 tationc
381 2490 519 2517 utilitatem
534 2490 662 2524 cepitnus.
677 2489 730 2516 Nisi
746 2489 867 2520 tentatio,
881 2497 928 2515 nec
939 2495 1056 2515 corona:

267 2537 316 2563 nisi
339 2536 481 2563 certamina
493 2556 500 2568 ,
515 2543 565 2562 nec
580 2535 686 2570 prmmia
703 2544 708 2561 :
725 2535 775 2562 nisi
790 2535 889 2567 stadia,
907 2542 956 2561 nec
973 2534 1058 2560 hono-

267 2590 311 2609 res
333 2591 339 2608 :
363 2580 414 2608 nisi
439 2580 591 2613 tribulatio,
615 2588 664 2608 nec
690 2581 812 2608 remissio
836 2589 843 2606 :
867 2580 918 2607 nisi
944 2579 1036 2614 hyems
1051 2599 1058 2610 ,

268 2628 352 2655 hiems
372 2628 392 2660 ί,
406 2635 454 2654 nec
467 2633 554 2654 restas.
569 2627 602 2655 Et
615 2627 665 2654 hoc
679 2635 730 2653 non
743 2628 768 2654 in
782 2627 934 2661 horninibus
947 2632 1058 2656 tantum.

267 2672 314 2700 sed
328 2673 353 2699 in
368 2673 513 2699 seminibus
527 2681 633 2708 quoque
655 2673 718 2707 ipsis
736 2672 831 2699 intueri
846 2672 917 2699 licet.
934 2672 967 2698 Et
979 2672 1004 2698 in
1020 2669 1061 2698 his

266 2718 338 2745 enim
354 2717 462 2744 multam
478 2718 583 2752 quidem
599 2718 712 2752 pluviam
723 2737 730 2748 ,
747 2717 857 2744 mttltam
873 2725 937 2744 vero
952 2717 1060 2743 nubitun

301 2785 308 2819 ξ
327 2787 425 2812 Vocem,
438 2782 522 2813 hiems,
533 2784 663 2814 repetitam
674 2781 713 2807 hic
725 2786 750 2806 ct
759 2781 820 2806 infra
833 2782 903 2813 juxta
914 2781 984 2806 savil.
998 2782 1062 2806 inse-

269 2821 369 2839 ruimus.

302 2845 339 2875 (η)
356 2848 380 2869 tn
391 2843 527 2869 calamitate
539 2843 678 2869 Antiocheni
691 2843 720 2867 ad
733 2842 862 2868 ecclesiam
878 2842 1052 2874 confugiebant

1092 897 1269 932 collisionem,
1283 900 1393 927 multam
1408 899 1522 935 denique
1536 900 1647 936 glaciem
1661 900 1717 928 fieri
1732 903 1850 935 oportet,
1866 908 1888 928 st

1092 951 1206 972 vernans
1227 946 1298 980 spica
1319 953 1463 980 exsurgere
1487 945 1581 977 debet;
1606 946 1649 973 ubi
1672 953 1736 973 vero
1761 945 1890 973 sementis

1095 995 1214 1024 tempus,
1231 997 1335 1026 tempus
1351 996 1378 1019 et
1393 991 1502 1026 pluvirc.
1519 991 1662 1026 Postquam
1682 991 1763 1026 igitur
1777 996 1805 1018 et
1819 999 1890 1018 nunc

1094 1037 1192 1072 ingruit
1213 1037 1309 1070 hiems,
1329 1037 1414 1065 hiems
1425 1038 1585 1070 animarum,
1598 1045 1649 1065 non
1660 1038 1731 1065 aeris
1746 1047 1752 1064 :
1768 1045 1892 1065 seramus

1094 1087 1120 1110 et
1134 1090 1182 1110 nos
1198 1082 1224 1109 in
1240 1081 1290 1110 hac
1314 1082 1410 1117 hieme,
1426 1088 1455 1110 ut
1467 1084 1494 1111 in
1506 1088 1599 1111 aestate
1611 1091 1761 1112 metamus:
1775 1084 1887 1111 semine-

1095 1136 1155 1156 mus
1169 1129 1299 1165 lacryntas
1309 1149 1317 1162 ,
1331 1133 1358 1156 ut
1374 1129 1578 1157 exsultationem
1589 1134 1729 1156 metamus.
1740 1129 1798 1156 Non
1815 1136 1893 1155 meus

1096 1174 1140 1201 hic
1153 1182 1242 1202 sermo
1252 1195 1260 1207 ,
1283 1175 1437 1210 prophetica
1451 1175 1617 1203 denuntiatio
1630 1180 1671 1203 est
1683 1184 1689 1202 :
1705 1176 1755 1208 Qui
1767 1175 1894 1202 seminari!

1096 1221 1123 1247 in
1138 1220 1264 1256 lacrymis,
1283 1222 1377 1255 inquit,
1394 1222 1420 1248 in
1435 1221 1604 1248 exsultatione
1616 1226 1708 1248 metant
1724 1221 1811 1257 (I’sal.
1827 1221 1893 1248 123.

1096 1268 1134 1303 5).
1150 1267 1206 1295 Non
1220 1268 1259 1295 sic
1272 1268 1374 1295 semina
1388 1268 1520 1295 demissus
1534 1268 1619 1295 imber
1632 1268 1783 1303 germinare
1795 1272 1822 1295 et
1834 1275 1894 1294 cro-

1097 1321 1174 1341 scere
1190 1313 1261 1346 facit,
1278 1319 1306 1340 ttt
1322 1314 1428 1348 pictatis
1439 1321 1530 1341 semen
1546 1314 1646 1341 excitat
1658 1319 1685 1341 et
1700 1321 1815 1341 vernare
1832 1313 1896 1340 facit

1097 1367 1129 1387 ex
1144 1360 1269 1395 lacrymis
1281 1368 1360 1388 ruens
1373 1360 1457 1388 imber
1471 1368 1478 1386 :
1493 1360 1537 1387 hic
1551 1360 1666 1387 animam
1681 1360 1813 1394 deterget,
1830 1359 1886 1386 irri-

1097 1411 1142 1441 gat
1155 1411 1271 1434 mentem
1282 1426 1288 1438 ,
1305 1406 1432 1433 doctrina:
1447 1413 1556 1441 germen
1578 1406 1653 1434 brevi
1673 1406 1796 1441 progredi
1812 1406 1875 1432 facit
1894 1427 1896 1431 τ

1099 1457 1238 1489 propterea
1252 1458 1278 1480 et
1291 1453 1448 1487 profundum
1460 1453 1563 1480 sulcum
1578 1452 1750 1487 proscindere
1765 1459 1895 1479 necessa-

1099 1500 1168 1526 rium
1183 1508 1189 1526 :
1202 1499 1301 1526 etenim
1314 1504 1339 1526 et
1355 1498 1406 1526 hoc
1419 1498 1548 1534 propheta
1567 1498 1707 1525 admonuit
1727 1498 1762 1524 ita
1780 1497 1875 1524 dicens
1894 1507 1898 1510 ~

1101 1543 1201 1571 Novate
1211 1545 1279 1571 vobis
1293 1544 1392 1570 novalia
1404 1564 1411 1576 ,
1427 1548 1450 1570 et
1464 1544 1540 1570 nolite
1551 1543 1675 1570 seminare
1687 1543 1712 1569 in
1725 1542 1805 1578 spinis
1821 1541 1896 1577 (ler.

1099 1590 1126 1617 4.
1140 1590 1180 1624 5).
1194 1589 1422 1623 Quemadmodum
1437 1589 1515 1624 igitur
1528 1589 1573 1624 qui
1587 1594 1704 1615 aratrum
1720 1588 1841 1615 immittit
1854 1588 1897 1614 in-

1101 1634 1177 1662 ferne
1190 1639 1287 1662 terram
1303 1634 1403 1666 sulcat,
1420 1639 1501 1661 tutam
1525 1634 1670 1661 seminibus
1685 1633 1833 1660 custodiam
1848 1639 1898 1666 pa-

1100 1687 1174 1714 rans,
1190 1687 1224 1708 ne
1234 1680 1304 1714 jacta
1319 1680 1344 1707 in
1358 1680 1499 1714 Superftcie
1511 1684 1684 1711 remaneant,
1705 1678 1752 1706 sed
1774 1679 1801 1706 in
1825 1678 1899 1713 ipsos

1103 1728 1260 1754 terrtesinus
1271 1726 1426 1759 condantur,
1437 1731 1463 1754 et
1478 1726 1502 1752 in
1512 1730 1568 1753 tuto
1583 1725 1686 1753 radices
1701 1725 1782 1759 figant
1797 1733 1804 1750 :
1819 1725 1858 1751 sic
1871 1728 1899 1751 et

1102 1781 1151 1801 nos
1161 1774 1247 1802 facere
1256 1773 1476 1807 necessarium,et
1486 1778 1618 1807 tamquam
1630 1777 1718 1800 aratro
1727 1771 1900 1798 tribulatione

1103 1825 1224 1852 utentes,
1250 1820 1338 1847 cordis
1363 1819 1521 1854 profundum
1541 1818 1663 1846 scindere
1680 1827 1686 1846 :
1703 1818 1755 1845 hoc
1778 1818 1851 1845 enim
1872 1822 1901 1844 et

1103 1867 1170 1894 alius
1183 1866 1312 1902 prephcta
1323 1866 1459 1899 admonet,
1471 1866 1580 1893 dicens:
1593 1865 1706 1892 Scindite
1719 1864 1797 1891 corda
1806 1868 1898 1896 vestra,

1104 1918 1127 1940 el
1142 1921 1192 1940 non
1206 1913 1352 1939 vestimenta
1374 1917 1457 1938 vestra
1478 1911 1553 1946 (Jac!
1584 1911 1611 1938 2.
1628 1910 1692 1946 13).
1707 1910 1793 1937 Corda
1819 1910 1901 1945 igitur

1105 1959 1268 1992 scindamus,
1285 1962 1313 1985 ut
1323 1959 1345 1986 si
1360 1965 1411 1994 qua
1426 1957 1494 1985 mala
1509 1957 1601 1989 herba,
1618 1962 1645 1984 et
1660 1957 1751 1984 dolosa
1771 1957 1902 1991 cogitatio

1105 2005 1182 2032 nobis
1205 2006 1283 2037 inest,
1299 2004 1426 2031 radicitus
1436 2011 1495 2031 eam
1506 2004 1644 2036 vellamus,
1657 2008 1682 2030 et
1697 2009 1778 2037 puras
1794 2001 1903 2037 pietatis

1106 2051 1253 2079 seminibus
1275 2056 1361 2079 terras
1375 2050 1558 2078 exhibeamus.
1572 2049 1628 2076 Nisi
1644 2049 1714 2076 enim
1735 2055 1807 2075 nunc
1822 2054 1904 2075 reno-

1107 2105 1216 2130 vernus,
1234 2097 1283 2124 nisi
1299 2104 1371 2124 nunc
1390 2097 1571 2129 semincmus,
1594 2095 1644 2122 nisi
1664 2102 1734 2121 nunc
1757 2093 1904 2121 fundamus

1107 2144 1248 2179 lacrymas,
1265 2151 1325 2170 cum
1338 2142 1412 2170 adest
1430 2142 1565 2169 tribulatio
1586 2145 1613 2168 et
1631 2140 1760 2175 jejunium
1771 2160 1780 2173 ,
1794 2138 1905 2174 quando

1108 2196 1233 2223 umquam
1253 2188 1278 2214 in
1298 2187 1531 2221 compunctionem
1545 2185 1700 2213 veniemus?
1714 2192 1776 2210 num
1793 2183 1904 2219 quando

1109 2233 1232 2261 remissio
1243 2237 1270 2260 et
1283 2232 1384 2260 delicim
1398 2232 1513 2259 fuerint?
1523 2231 1577 2258 Sed
1592 2230 1643 2257 hoc
1658 2230 1715 2257 fieri
1730 2237 1782 2256 tton
1798 2233 1906 2264 potest:

1109 2279 1233 2307 remissio
1248 2278 1320 2306 enim
1336 2282 1363 2305 et
1377 2277 1480 2304 delicia:
1496 2277 1522 2303 in
1538 2276 1678 2311 segnitiem
1694 2275 1823 2302 inducere
1838 2281 1908 2302 con-

1110 2329 1270 2358 sueverunt,
1285 2325 1353 2351 sicut
1368 2324 1504 2352 tribulatio
1516 2323 1548 2350 ad
1569 2322 1687 2350 studium
1707 2328 1836 2349 revocare.
1848 2340 1856 2353 ,
1880 2325 1909 2347 et

1111 2377 1227 2400 mentem
1241 2372 1358 2400 exterius
1370 2371 1439 2398 circa
1454 2370 1536 2397 multa
1552 2374 1691 2404 vagantem
1705 2373 1733 2395 et
1747 2372 1908 2401 occupatam

1112 2419 1145 2446 ad
1159 2427 1219 2446 sese
1235 2422 1403 2445 convertere.
1418 2417 1456 2444 Nc
1476 2416 1554 2451 igitur
1574 2415 1608 2443 de
1622 2414 1673 2442 hac
1690 2414 1796 2441 tristitia
1811 2413 1910 2440 dolea-

1112 2472 1182 2496 mus,
1198 2464 1245 2491 sed
1260 2464 1314 2491 Deo
1328 2463 1427 2497 gratias
1446 2469 1556 2497 agamus
1570 2470 1578 2488 :
1593 2460 1704 2487 multum
1724 2459 1795 2486 enim
1810 2466 1843 2486 ex
1860 2459 1910 2485 tri-

1113 2510 1248 2538 bulatione
1263 2510 1378 2536 lucrutn.
1392 2507 1458 2535 Nam
1478 2512 1504 2534 et
1524 2514 1584 2534 cum
1600 2505 1714 2540 agricola
1729 2504 1832 2531 semina
1848 2511 1909 2530 cum

1114 2559 1197 2585 multo
1208 2558 1299 2585 labore
1309 2556 1420 2583 collecta
1435 2553 1616 2584 seminaverit,
1630 2557 1659 2579 ut
1672 2551 1797 2578 adveniat
1811 2550 1909 2582 imber,

1114 2608 1240 2638 exoptat:
1256 2607 1283 2630 et
1298 2602 1404 2637 ignarus
1425 2601 1556 2636 quispiam
1579 2599 1669 2626 omnia
1689 2605 1748 2632 qua:
1765 2596 1831 2624 ﬁunt
1852 2604 1911 2623 ρειτ-

1115 2658 1199 2682 nens,
1227 2648 1410 2680 admirabitur,
1438 2647 1559 2680 fortequc
1586 2644 1655 2679 apud
1678 2642 1910 2677 seipsum'dicet:

1115 2696 1183 2729 Quid
1207 2695 1250 2722 hic
1272 2695 1352 2721 homo
1374 2693 1479 2720 tandem
1495 2691 1575 2718 facit?
1588 2691 1697 2718 collecta
1713 2689 1845 2722 dissipat,
1862 2695 1912 2714 nec

1116 2742 1227 2775 dissipat
1242 2745 1361 2771 tantum,
1376 2738 1424 2765 sed
1438 2742 1465 2765 et
1479 2742 1556 2764 terrae
1569 2743 1628 2763 cum
1645 2735 1726 2761 multa
1746 2742 1810 2761 cura
1833 2741 1912 2760 com-

1117 2789 1220 2819 miscet,
1234 2794 1267 2813 ne
1280 2786 1355 2813 facile
1371 2784 1460 2818 colligi
1475 2782 1592 2818 possint;
1608 2788 1656 2808 nec
1673 2780 1830 2807 commiscet
1854 2785 1913 2805 tan-

1117 2841 1171 2862 tum
1192 2838 1286 2865 terras,
1310 2831 1355 2858 sed
1379 2835 1405 2858 ct
1426 2833 1498 2864 optat
1514 2828 1698 2856 vehementem
1719 2825 1857 2860 pluviam,
1885 2829 1913 2852 ut
