1984 3110
102 113 138 142 ει
609 107 653 135 AD
673 106 832 134 POPL‘LUM
853 104 1097 134 ANTIOCHENUM
1129 103 1243 132 llOlllL.
1266 103 1308 132 IV.
1736 103 1771 132 6‘2

106 171 234 208 (“ejecta
249 168 343 196 omnia
361 170 543 198 marcescant,
558 169 585 193 et
598 165 680 191 Iulum
695 164 767 190 liant.
783 163 817 190 Et
829 162 919 190 turba-

110 224 157 245 tur
167 222 284 243 cernens
299 220 450 249 erumpere
463 212 570 239 fulmina
583 215 610 238 ct
623 209 821 238 coruscationes
831 208 921 236 deler-

110 265 134 291 ri
147 273 153 295 ;
167 261 289 297 agricola
303 267 372 287 vero
388 267 442 287 non
457 259 491 286 ita
503 279 510 291 ,
525 257 571 284 sed
585 256 688 284 lrctatur
699 260 726 283 et
740 255 837 290 gaudet
853 259 921 282 tem-

110 314 250 345 pestatem
263 313 385 334 cernens
398 315 405 333 :
421 312 474 332 non
490 304 560 331 enint
576 301 717 338 prsescntia
732 300 840 335 rcSpicit
852 320 859 333 ,
874 299 922 327 sed

111 357 205 382 futura
219 357 329 388 spectat
344 361 351 379 :
368 358 424 379 non
438 350 547 385 respicit
561 349 593 375 ad
609 347 729 381 fulmina,
741 346 787 374 scd
801 346 924 380 manipu-

110 402 154 429 los
166 404 332 436 computat;
345 406 401 427 non
411 396 604 425 marcescentia
618 394 730 426 semina,
747 393 794 421 sed
806 400 921 420 vernan-

111 453 154 475 tes
169 447 282 482 spicas;
297 453 353 473 non
367 451 478 480 gravem
493 442 604 470 imbrem
616 462 623 471 .
640 440 686 468 sed
700 438 922 474 iucundissimum

109 500 186 520 arae
201 492 354 527 pulverem.
369 490 463 518 Itidem
479 493 506 516 et
520 495 567 515 nos
580 494 632 514 non
645 490 804 521 praesentem
818 488 923 519 specte-

110 548 176 568 mus
192 538 410 569 tribulationem,
422 541 469 564 aut
479 535 610 567 dolorem,
622 533 669 561 sed
680 532 808 560 orictttem
823 539 855 558 cx
867 531 923 565 ipsa

111 587 265 615 utilitatem
279 606 287 618 ,
303 593 336 612 ex
350 585 408 619 ipsa
424 586 577 610 nascentem
592 580 725 607 fructum:
738 582 924 612 exspectemus

112 640 190 661 area:
205 630 360 666 manipulos
375 629 417 656 :si
431 627 529 656 etenim
541 626 688 661 vigilemus,
704 624 815 652 multum
827 630 859 650 ex
874 622 925 649 ltoc

114 685 243 712 tempore
257 677 374 705 l‘ructum
388 680 561 709 congregare,
571 677 598 700 et
609 671 705 698 mentis
715 674 814 697 nostra:
828 675 924 704 penunt

114 724 237 759 implere
256 721 425 758 poterimus:
440 719 463 747 si
485 718 640 753 vigilemus,
664 723 716 743 non
737 719 838 742 tantum
859 712 924 740 nihil

115 777 203 805 grave
217 776 252 796 ex
267 768 318 795 hac
332 766 469 802 patiemur
481 763 650 792 tribulatione
662 782 670 796 ,
684 761 731 789 sed
744 764 771 788 ct
785 760 925 787 innumera

116 816 193 844 bona
217 814 374 849 capiemus;
398 812 440 839 sin
465 818 529 838 vero
555 813 724 844 torpeantus,
740 805 862 834 remissio
877 812 927 832 nos

118 861 228 898 perdet.
243 860 303 888 Non
318 859 506 886 advertentem
521 856 593 883 enim
606 859 719 890 utraque
733 852 833 880 hcdunt
843 872 850 884 ,
864 858 926 877 cum

119 908 270 936 sedulitate
282 913 347 933 vero
364 904 467 932 viventi
486 906 597 937 utraque
614 903 735 935 prosunt.
749 899 782 926 Et
793 898 862 925 sicut
877 904 926 923 au-

120 962 184 983 rum
194 953 246 981 etsi
257 951 334 987 aquis
346 951 514 981 immoretur,
524 946 658 982 propriam
673 944 779 980 pratl‘ert
790 943 906 978 speciem
918 949 924 968 :

120 1002 182 1028 sive
203 1000 230 1027 in
253 997 442 1026 conﬂatorium
467 993 613 1026 ceciderit,
634 991 797 1026 splendidius
821 996 926 1017 rursum

121 1050 254 1082 apparet;
271 1045 358 1071 lutum
370 1046 462 1069 autent
473 1045 499 1067 cl
509 1040 621 1072 frenum,
634 1039 690 1065 sive
700 1036 775 1072 aquis
784 1035 927 1063 immisceri

121 1081 239 1123 accidat,
255 1090 308 1117 hoc
320 1088 427 1124 quidem
439 1085 589 1118 marcescit,
605 1083 668 1111 illud
680 1090 743 1110 vero
753 1081 907 1109 dissolvitur
919 1089 926 1107 :

122 1138 182 1165 sive
194 1137 221 1163 in
235 1136 326 1170 ignem
338 1132 480 1165 ceciderit,
493 1131 543 1158 ltoc
557 1129 665 1165 quidem
680 1127 794 1163 frigitur,
802 1125 865 1154 illud
882 1133 929 1152 att-

124 1190 181 1212 tem
194 1182 364 1211 comburitur
376 1189 383 1207 :
398 1180 439 1207 sic
457 1182 531 1206 certe
545 1181 572 1204 et
583 1176 672 1211 justus
685 1179 712 1202 et
724 1178 850 1210 peccator
865 1181 871 1199 :
885 1171 929 1199 ille

123 1230 237 1266 quidem
259 1228 318 1255 sive
340 1225 501 1254 remissione
520 1223 634 1253 fruatur,
655 1225 746 1248 ntanet
758 1217 927 1253 splendidus,

125 1264 197 1304 sicut
222 1281 319 1302 aurum
339 1278 417 1307 aqua:
439 1271 594 1297 intmcrsum
608 1277 615 1294 :
629 1267 686 1294 sive
707 1266 733 1293 itt
755 1264 929 1293 tentationcm

125 1321 268 1353 ceciderit,
283 1317 450 1355 splendidior
463 1315 492 1343 lit
501 1337 508 1349 ,
525 1315 595 1342 sicut
609 1320 704 1341 aurum
718 1312 780 1348 igne
791 1310 930 1339 examina-

125 1373 201 1399 tum;
227 1371 354 1401 peccator
372 1371 439 1391 vero
460 1363 517 1390 sive
538 1361 724 1389 remissionem
747 1358 928 1390 nanciscatur,

128 1414 285 1443 dissolvitur
297 1416 324 1440 et
336 1409 488 1442 marcescit,
508 1409 578 1436 sicut
590 1407 689 1434 {tenam
709 1409 736 1433 ct
757 1405 841 1432 lutum
855 1411 931 1438 aqua:

129 1463 300 1490 immorans:
317 1459 374 1486 sive
389 1456 562 1485 tentationem
582 1453 732 1486 sustineat,
753 1449 930 1482 comburitur,

127 1513 156 1537 et
168 1507 300 1543 perditur,
314 1505 385 1533 sicut
398 1503 482 1531 lutum
497 1506 524 1530 et
535 1501 636 1528 {mnum
650 1498 685 1526 ab
698 1498 767 1533 igne.

163 1541 193 1580 ἐ.
211 1551 404 1579 Ᾰίηιηιιιατωιι
420 1551 528 1585 fructus.
541 1561 577 1567 —-
591 1545 650 1573 Non
665 1544 746 1580 igitur
759 1541 933 1570 conﬁciamur

129 1597 311 1635 prmsentibus
330 1595 408 1623 malis
428 1603 437 1622 ι
459 1593 482 1621 si
500 1592 570 1620 enim
588 1592 614 1618 in
633 1589 752 1626 peccatis
765 1588 819 1620 sis,
832 1595 863 1614 ea
887 1586 933 1614 de-

128 1632 272 1673 stntuntur
283 1647 311 1670 et
321 1641 516 1668 comburuntur
528 1637 605 1665 facile
617 1643 665 1671 per
681 1633 878 1664 tribulationem
894 1632 932 1659 :si

130 1698 198 1719 vero
218 1689 318 1716 virtute
341 1687 378 1714 sis
398 1685 542 1721 praeditus,
564 1681 708 1710 illustraris
721 1685 749 1708 et
769 1679 934 1715 splendescis

131 1745 181 1773 per
205 1736 290 1771 ipsam
312 1742 320 1760 :
341 1733 364 1760 si
386 1731 514 1760 continue
526 1729 619 1765 vigiles
636 1732 664 1756 et
683 1727 788 1754 sobritts
809 1726 858 1758 sis,
880 1724 934 1752 eris

131 1784 206 1811 otnni
221 1782 321 1810 damno
334 1779 468 1814 superior.
483 1777 541 1805 Non
553 1775 624 1804 enim
640 1774 815 1803 tentationum
829 1775 934 1803 natura,

132 1829 180 1857 sed
193 1832 357 1856 tentatorum
379 1824 506 1859 segnities
518 1822 609 1849 ruinas
622 1819 731 1848 efﬁcere
744 1819 821 1846 solet.
846 1817 936 1851 Itaque

133 1876 157 1902 si
182 1874 223 1901 vis
245 1871 372 1908 gaudere,
397 1875 426 1897 et
444 1867 602 1896 remissione
621 1870 647 1894 et
670 1865 806 1899 voluptate
834 1862 932 1898 potiri,

134 1927 224 1955 neque
238 1906 414 1952 voluptatem,
437 1921 524 1949 neque
542 1911 727 1940 remissionem
747 1915 866 1944 quaeras;
888 1906 936 1934 sed

135 1967 253 1994 animam
267 1962 394 1999 patientia
410 1961 515 1997 plenam
529 1966 630 1995 qumre,
651 1961 679 1985 et
698 1956 865 1984 tolerantiam
886 1961 934 1981 cx-

136 2013 232 2040 hibcre
246 2010 378 2037 valentem
394 2017 401 2035 :
417 2006 487 2042 quod
503 2005 525 2033 si
540 2005 591 2032 hoc
606 2011 658 2032 non
673 2002 784 2034 habeas,
807 2008 861 2028 non
877 2005 935 2027 tan-

137 2063 194 2086 tutn
208 2055 319 2084 tentatio
333 2059 360 2082 te
373 2051 520 2088 superabit,
532 2050 579 2078 sed
598 2055 625 2078 et
642 2048 765 2076 remissio
784 2046 888 2082 perdet,
911 2048 940 2072 et

137 2103 224 2138 magis
249 2100 367 2136 dejiciet.
398 2097 474 2132 Quod
502 2097 573 2125 enim
596 2103 649 2122 non
674 2094 793 2129 gravium
815 2093 938 2120 incursus

138 2155 262 2181 casuum,
282 2146 329 2175 sed
349 2145 448 2173 utentis
470 2148 569 2170 nostra:
584 2146 675 2175 torpor
688 2139 800 2167 salutem
820 2142 938 2165 nostram

139 2196 290 2226 subvertat,
303 2192 364 2220 audi
379 2190 443 2227 quid
458 2190 528 2217 dicat
540 2188 663 2216 Christus
684 2195 691 2214 :
704 2186 858 2220 Quicumque
868 2183 940 2210 audit

141 2242 216 2268 verba
231 2248 288 2267 mea
302 2240 365 2269 lucc,
382 2243 404 2264 et
419 2238 480 2273 facit
490 2244 529 2267 ea,
547 2233 727 2262 assitnilabitur
743 2232 795 2258 uiro
810 2230 940 2266 prudenti,

141 2288 184 2324 qui
198 2285 334 2320 aediﬁcavit
348 2284 452 2310 domttm
466 2289 538 2309 suam
552 2288 629 2315 super
641 2282 749 2314 petram,
771 2281 794 2303 et
815 2274 942 2302 descendit

142 2320 240 2368 pluuia,
254 2336 277 2358 et
295 2333 413 2357 verterunt
428 2327 545 2363 ﬂumina,
568 2331 592 2353 et
613 2325 737 2360 ﬂaverant
760 2322 835 2353 venti,
866 2325 889 2347 et
908 2320 942 2347 ir-

141 2366 249 2406 ruerunt
267 2377 295 2403 in
308 2376 413 2402 domum
425 2373 509 2406 illam,
528 2377 551 2400 ct
564 2379 615 2399 non
627 2370 717 2397 cecidit
731 2377 741 2396 .'
756 2368 863 2404 fundata
876 2366 942 2394 enim

145 2430 198 2452 erat
211 2431 288 2458 super
302 2427 398 2458 petram
414 2428 423 2447 :
436 2424 464 2448 et
483 2426 588 2446 rursum
602 2426 609 2444 :
627 2416 716 2443 Omnis
728 2415 772 2450 qui
784 2414 856 2441 audit
869 2413 944 2441 verba

145 2480 202 2499 mea
224 2472 289 2503 hac,
312 2473 334 2496 et
357 2476 409 2495 non
428 2466 540 2502 ﬁrcitea,
558 2464 646 2491 similis
667 2462 713 2489 erit
726 2461 778 2488 viro
791 2460 878 2493 stulto,
899 2459 943 2494 qui

147 2517 280 2552 caiﬁcavil
303 2516 408 2542 domum
431 2520 503 2539 suam
528 2519 603 2546 super
625 2517 738 2541 arenam,
769 2512 792 2535 et
818 2506 945 2534 descendit

148 2563 241 2598 pluvia,
267 2566 290 2588 et
312 2564 432 2587 venerunt
452 2557 568 2593 ﬂumina,
580 2561 602 2583 et
622 2556 746 2590 ﬂaverant
775 2554 849 2586 venti,
870 2558 894 2580 et
908 2553 945 2579 ir-

150 2614 252 2638 rucntnt
272 2609 299 2635 in
319 2608 425 2634 domum
439 2605 520 2636 illam,
546 2608 569 2630 et
582 2602 681 2634 cecidit,
706 2606 730 2628 et
744 2600 792 2635 fuit
805 2600 879 2627 ruina
891 2599 946 2634 ejus

150 2664 237 2692 magna
263 2654 374 2690 (Matth.
397 2652 426 2678 7.
447 2649 554 2684 24-27).
585 2648 662 2675 Vides
689 2646 760 2682 qttod
782 2653 834 2673 non
857 2648 946 2672 tenta-

151 2704 245 2730 tionum
270 2701 403 2730 intlictus,
430 2696 478 2724 sed
500 2694 687 2724 aediﬁcandum
711 2693 820 2721 stultitia
842 2692 946 2719 ruinam

152 2749 257 2777 iecerit?
278 2745 393 2774 Etenim
418 2743 472 2770 illic
491 2741 588 2776 pluvia,
613 2745 640 2768 et
660 2739 703 2767 hic
725 2738 812 2774 pluvia
829 2746 836 2764 :
852 2742 880 2765 et
893 2737 947 2764 illic

150 2795 260 2828 ﬂumina,
275 2797 306 2821 et
328 2791 376 2819 hic
393 2789 503 2817 ﬁumina
520 2797 526 2814 :
543 2787 597 2815 illic
610 2790 751 2814 ventorum
765 2785 897 2818 incursus,
920 2788 948 2812 et

147 2842 180 2872 hic
200 2842 275 2871 idem
292 2848 299 2866 :
318 2838 369 2866 ille
394 2834 545 2868 mdilicavit,
564 2837 591 2861 et
610 2833 652 2861 hic
671 2831 812 2860 aediﬁcavit
828 2839 834 2858 :
851 2830 944 2859 cadctn

976 161 1126 193 mdilicatio,
1163 166 1190 188 et
1221 161 1321 188 etcdcm
1353 165 1524 194 tentattoncs,
1550 162 1596 190 sed
1621 169 1673 190 non
1699 162 1770 190 idem

975 207 1046 241 linis,
1070 207 1196 242 quoniam
1218 214 1271 234 tton
1291 207 1361 234 idem
1388 208 1610 243 fundamentum;
1631 219 1683 238 non
1700 211 1771 239 enim

976 254 1152 281 tentatiouum
1187 258 1293 287 natura,
1325 254 1372 282 sed
1405 255 1560 283 :cdilicantis
1595 257 1772 291 imprudentia

976 300 1079 327 ruinam
1099 299 1162 327 fecit
1182 309 1190 328 :
1211 299 1309 335 alioqui
1332 301 1495 335 oportuisset
1516 306 1542 329 et
1563 302 1670 330 domum
1691 311 1771 339 supra

977 350 1078 380 petram
1108 345 1265 373 mdilicatam
1292 346 1406 378 cadere;
1439 355 1509 374 ttunc
1536 355 1600 375 vero
1626 349 1692 376 nihil
1720 350 1772 376 tale.

977 401 1052 427 passa
1072 398 1122 420 est.
1143 393 1195 421 Sed
1216 401 1249 421 tte
1267 393 1301 421 de
1317 394 1397 421 domo
1415 394 1471 422 haec
1494 395 1562 422 dicta
1580 403 1638 424 esse
1654 398 1772 431 putetis:

977 439 1010 466 de
1038 439 1126 466 anima
1151 439 1221 467 enim
1257 447 1348 467 sermo
1376 445 1418 467 est
1447 440 1597 467 divinorum
1632 442 1772 469 verborum

976 484 1094 511 andittttn
1122 492 1169 519 per
1200 492 1280 519 opera
1311 485 1522 519 demonstrante,
1551 486 1592 513 vel
1615 487 1770 521 repellente.

976 529 1020 557 Sic
1042 529 1157 556 animant
1181 537 1256 559 suam
1279 529 1329 557 Job
1356 531 1496 558 mdilicavit
1519 540 1529 559 ε
1554 531 1692 558 descendit
1716 532 1773 566 plu-

976 575 1027 607 via,
1056 575 1124 610 ignis
1151 576 1222 602 cnim
1238 575 1272 602 de
1297 575 1362 603 cmlo
1389 576 1497 608 cecidit,
1521 582 1546 604 et
1567 584 1661 604 omnes
1680 585 1774 612 greges

977 621 1125 656 absumpsit
1142 621 1200 656 (Job
1229 622 1254 649 ’l.
1286 621 1381 659 ili-l9)
1397 632 1403 650 :
1420 627 1551 650 venerunt
1571 623 1694 658 lluntina,
1721 624 1775 652 l‘re-

977 671 1090 702 quentes
1110 675 1217 702 nempe,
1240 669 1369 700 continui,
1393 673 1419 696 et
1438 669 1487 696 sibi
1506 669 1680 697 succedentes
1701 670 1773 697 cala-

979 713 1098 739 mitatum
1128 713 1212 740 nuntii
1243 722 1249 739 :
1279 714 1322 741 hic
1343 714 1449 749 quidem
1473 722 1602 750 gregum,
1634 716 1678 743 ille
1711 724 1775 744 vero

978 758 1152 790 camelorum,
1176 759 1220 786 ille
1247 767 1338 787 rursus
1365 759 1478 787 lilioruut
1501 762 1635 788 interitum
1658 762 1773 790 dicens:

978 802 1108 831 ﬂaverunt
1134 805 1216 838 venti,
1241 812 1331 832 amara
1359 806 1450 833 uxoris
1469 807 1573 833 verba:
1593 806 1654 840 Dic,
1679 808 1773 842 inquit,

978 849 1079 876 verbum
1105 854 1193 877 contra
1220 850 1378 884 Dominum,
1409 856 1433 878 et
1461 860 1558 879 morere
1577 852 1638 887 (Job
1658 853 1684 880 9...
1707 853 1743 888 9)
1767 862 1773 880 :

980 899 1007 921 et
1030 903 1082 921 non
1103 895 1200 923 cecidit
1219 897 1324 928 domus,
1349 905 1401 924 tton
1424 902 1466 924 est
1485 898 1651 933 supplantata
1675 900 1774 932 anima,

980 947 1032 966 non
1055 939 1250 975 blaspltentavit
1265 941 1353 976 justus
1379 951 1385 968 :
1410 942 1457 970 sed
1482 948 1508 970 et
1525 944 1624 978 gratias
1646 945 1709 980 egit,
1737 946 1776 972 sic

979 985 1072 1013 dicens
1089 995 1095 1012 :
1113 985 1239 1014 Dominus
1263 987 1342 1020 dedit,
1364 988 1488 1015 Dominus
1510 990 1623 1022 abstulit,
1640 991 1704 1017 sicut
1724 991 1777 1018 Do-

980 1032 1049 1058 mino
1068 1032 1172 1067 placuit,
1189 1033 1225 1059 ita
1238 1035 1334 1069 factum
1348 1038 1384 1060 cst
1420 1034 1479 1069 (Iob
1494 1035 1519 1061 1.
1534 1035 1591 1070 21).
1606 1035 1687 1064 Vides
1706 1035 1778 1072 quod

981 1085 1034 1104 non
1059 1078 1234 1105 tentalionum
1265 1083 1375 1113 natura,
1402 1080 1449 1107 sed
1482 1082 1643 1115 torpentium
1675 1082 1782 1117 ignavia.

981 1124 1084 1151 ruinatn
1109 1124 1197 1152 facere
1210 1125 1315 1152 soleat?
1336 1133 1395 1152 nam
1419 1125 1516 1153 fortem
1535 1128 1621 1154 virum
1643 1128 1778 1156 tribulatio

981 1170 1118 1198 fortiorem
1138 1171 1234 1198 reddit.
1249 1171 1314 1204 Quis
1335 1171 1386 1199 ltoc
1407 1172 1462 1199 ait?
1487 1173 1514 1199 ln
1535 1173 1706 1201 tribulatione
1727 1182 1778 1200 nn-

983 1217 1059 1244 tritus
1073 1216 1165 1244 beatus
1181 1217 1278 1243 Paulus
1293 1217 1328 1244 ita
1342 1217 1434 1244 dicctts
1449 1226 1456 1246 :
1472 1217 1617 1245 Tributatio
1632 1219 1779 1253 patientiam

982 1266 1120 1297 operatur,
1146 1262 1267 1296 patientia
1289 1270 1347 1289 vero
1369 1262 1551 1297 probationem,
1581 1263 1696 1299 probatio
1722 1272 1780 1291 vero

981 1316 1053 1343 spem
1089 1307 1177 1343 (Rom.
1194 1308 1220 1335 5.
1236 1308 1262 1335 5.
1279 1308 1319 1343 4).
1344 1308 1377 1335 Ει
1396 1308 1465 1335 sicut
1484 1308 1575 1336 lirntas
1588 1309 1698 1336 arbores
1717 1317 1780 1337 ven-

983 1358 1071 1382 torum
1085 1354 1198 1389 impetus
1211 1354 1314 1382 irruens
1327 1359 1354 1382 et,
1367 1354 1482 1390 undique
1494 1355 1598 1390 jactans
1613 1364 1666 1383 non
1680 1356 1786 1389 evellit,

983 1400 1030 1430 md
1054 1400 1196 1427 solidiores
1218 1405 1245 1428 et
1272 1401 1404 1428 lirntiores
1424 1400 1466 1428 his
1491 1400 1640 1428 incursibus
1663 1401 1751 1428 reddit
1772 1410 1780 1429 :

984 1447 1022 1474 sic
1036 1451 1064 1475 et
1084 1447 1200 1474 animam
1221 1451 1340 1474 sanctam
1355 1451 1383 1474 et
1397 1447 1440 1481 pie
1455 1447 1589 1474 viventem
1604 1448 1783 1474 tentationum

985 1493 1107 1520 incursus
1129 1497 1156 1520 et
1178 1493 1389 1525 tribulationum,
1420 1501 1472 1520 non
1498 1494 1680 1528 supplantant,
1702 1499 1789 1528 atque

985 1540 1066 1568 etiam
1086 1539 1120 1567 ad
1138 1540 1266 1574 majorem
1283 1539 1436 1574 patientiam
1450 1539 1561 1567 incitant
1576 1548 1583 1566 ε
1599 1540 1666 1567 sicut
1681 1545 1708 1567 et
1720 1541 1782 1567 bca-

985 1591 1041 1613 tum
1063 1585 1113 1613 Job
1135 1585 1344 1621 splendidiorem
1365 1590 1393 1613 et
1413 1586 1637 1613 venerabiliorem
1657 1585 1781 1613 reddide-

986 1637 1058 1660 runt.
1082 1631 1160 1659 Nunc
1183 1631 1262 1667 igitur
1281 1631 1360 1659 nobis
1382 1632 1489 1667 quidem
1508 1632 1589 1659 ltomo
1607 1631 1739 1664 irascitur,
1756 1636 1787 1658 et

987 1677 1067 1705 ltonto
1085 1677 1179 1705 iisdem
1198 1677 1365 1712 passionibus
1381 1677 1523 1710 obnoxius,
1545 1678 1679 1712 similique
1694 1677 1790 1704 anima.

987 1723 1124 1759 przcditus.
1144 1728 1171 1750 et
1189 1723 1340 1756 timuimus;
1364 1728 1426 1751 tunc
1439 1727 1527 1750 autent
1548 1723 1593 1751 ille
1608 1723 1712 1750 daemon
1728 1730 1786 1749 ma-

989 1769 1074 1804 lignus
1095 1773 1122 1796 et
1142 1768 1214 1796 ferus
1237 1773 1295 1796 erat
1316 1769 1411 1801 iratus,
1434 1776 1484 1796 nec
1509 1769 1665 1804 simpliciter
1683 1769 1783 1796 irasce-

988 1815 1076 1848 batur,
1102 1814 1152 1843 sed
1174 1822 1269 1842 omnes
1293 1815 1418 1842 movebat
1444 1820 1527 1848 artes,
1554 1823 1713 1850 omnemque
1736 1816 1784 1843 ad-

989 1861 1097 1888 ltihebat
1122 1861 1278 1894 versutiam,
1297 1865 1323 1888 et
1344 1868 1393 1888 nec
1413 1861 1448 1888 ita
1469 1861 1575 1896 quidem
1593 1862 1656 1896 justi
1679 1861 1784 1889 fortitn.

988 1907 1078 1934 dinem
1094 1907 1237 1941 superavit.
1254 1907 1287 1934 Et
1299 1906 1343 1934 hic
1355 1907 1460 1942 quidem
1475 1914 1535 1934 cum
1549 1908 1629 1934 ltomo
1644 1908 1690 1940 sit,
1712 1915 1791 1934 nunc

990 1954 1123 1986 irascitur,
1146 1960 1217 1981 nunc
1236 1953 1404 1986 conciliatur,
1428 1958 1455 1981 et
1473 1958 1560 1980 tamen
1577 1954 1670 1981 timore
1688 1955 1793 1981 mortui

990 2006 1092 2026 sumus.
1125 1998 1200 2027 Tunc
1226 2006 1291 2026 vero
1312 1998 1435 2026 diabolus
1455 2003 1513 2026 erat
1539 2000 1706 2034 impugnans,
1739 1999 1791 2034 qui

990 2052 1134 2079 numquam
1161 2044 1299 2072 hominum
1321 2049 1422 2071 natura:
1441 2044 1608 2078 conciliatur,
1622 2044 1669 2071 sed
1686 2044 1791 2071 bellum

991 2090 1049 2118 sine
1070 2090 1184 2123 ﬁndere,
1199 2094 1227 2117 et
1241 2097 1356 2125 pugnam
1375 2090 1432 2117 sine
1448 2089 1561 2117 induciis
1580 2089 1671 2123 genteri
1693 2094 1788 2117 nostro

992 2137 1096 2170 indixit,
1110 2141 1138 2164 et
1153 2141 1240 2164 tauten
1256 2136 1340 2171 ipsius
1352 2137 1463 2171 sagittas
1472 2135 1561 2170 justus
1576 2135 1679 2163 derisit.
1700 2135 1794 2168 Quam

992 2184 1072 2219 igitur
1087 2191 1136 2210 nos
1154 2182 1365 2214 excusationem,
1386 2181 1428 2209 vel
1446 2181 1551 2217 qualem
1565 2182 1668 2209 veniam
1688 2181 1787 2208 habere

992 2236 1145 2266 possumus,
1168 2228 1312 2255 humanam
1337 2227 1511 2255 tentatiouem
1527 2235 1580 2254 non
1601 2228 1726 2260 ferentes,
1743 2227 1787 2261 qui

993 2279 1133 2309 tantopere
1157 2274 1182 2301 in
1206 2274 1289 2309 gratia
1313 2273 1541 2308 philosophantur,
1566 2280 1626 2300 cum
1652 2272 1698 2300 ille
1723 2277 1785 2299 ante

996 2322 1119 2357 gratiam,
1141 2326 1169 2348 et
1192 2321 1217 2348 itt
1236 2320 1318 2348 veteri
1339 2319 1512 2347 Testamento
1527 2319 1592 2346 illud
1617 2323 1669 2346 tam
1696 2319 1797 2346 intole—

995 2368 1078 2396 rabile
1092 2367 1192 2395 bellum
1208 2373 1338 2401 generose
1353 2365 1464 2393 tulerit?

1031 2414 1104 2441 Bona
1123 2413 1228 2440 mutatio
1248 2421 1280 2439 ea:
1301 2412 1446 2439 calamitate
1465 2415 1549 2446 parta.
1566 2426 1601 2431 ——
1614 2411 1678 2438 Il:rc
1700 2411 1798 2446 igitur,

996 2460 1094 2493 dilecti,
1112 2466 1218 2494 semper
1236 2458 1307 2485 inter
1317 2465 1365 2485 nos
1379 2457 1552 2490 disseramus,
1572 2461 1599 2483 ct
1610 2463 1657 2491 per
1672 2456 1720 2483 hos
1735 2463 1791 2483 ser-

997 2513 1090 2533 mones
1112 2512 1162 2532 nos
1184 2505 1256 2540 ipsos
1276 2503 1459 2531 exhortemur.
1492 2502 1597 2530 Etenim
1626 2509 1674 2529 vos
1698 2506 1789 2534 testes,

997 2552 1213 2587 conscientiaque
1234 2555 1338 2583 vestra,
1363 2554 1490 2585 quantum
1514 2557 1548 2577 ex
1570 2549 1620 2576 hac
1646 2548 1792 2575 tentatione

998 2598 1117 2626 utilitatis
1137 2597 1319 2625 habuerimus.
1337 2596 1486 2624 Dissolutus
1512 2595 1583 2622 enim
1600 2594 1738 2621 modestus
1754 2594 1791 2620 fa-

998 2650 1056 2672 ctus
1070 2649 1121 2677 est,
1138 2643 1214 2671 ferox
1227 2642 1378 2675 humanior,
1393 2641 1482 2676 segnis
1495 2640 1646 2668 studiosus:
1661 2639 1703 2674 qui
1716 2646 1792 2666 num-

997 2698 1077 2727 quam
1092 2689 1232 2717 ecclesiam
1246 2687 1376 2720 viderant,
1390 2687 1437 2714 sed
1456 2690 1524 2714 totos
1536 2686 1561 2713 in
1576 2685 1685 2712 tltcatrts
1699 2692 1791 2719 exige-

998 2737 1142 2771 bantdies,
1163 2743 1232 2764 nunc
1246 2736 1272 2763 itt
1286 2734 1396 2762 ecclesia
1412 2738 1466 2761 tota
1487 2733 1530 2760 die
1551 2736 1698 2760 morantur.
1723 2731 1788 2758 Pro-

1000 2788 1127 2818 ptereane
1152 2781 1232 2817 igitur
1244 2781 1330 2813 doles,
1350 2779 1421 2814 quod
1436 2783 1462 2806 te
1481 2777 1593 2813 probum
1609 2778 1703 2804 timore
1722 2776 1794 2803 Deus

1000 2828 1136 2858 reddidit?
1157 2827 1228 2863 quod
1251 2831 1277 2855 te
1300 2834 1347 2862 per
1364 2825 1563 2853 tribulationem
1586 2823 1619 2851 ad
1633 2828 1684 2850 tua:
1699 2822 1792 2849 salutis
