1984 3110
259 133 295 162 ας
613 134 642 161 S.
657 133 796 163 JO.\NNlS
815 134 1054 162 CllRYSOSTOMl
1074 132 1232 162 ARCIIIEP.
1253 135 1518 166 CONSTANTINOP.
1877 142 1914 171 66

259 197 367 217 sensum
390 189 536 224 perduxit?
560 189 613 218 Sed
642 195 782 225 torquetur
806 191 967 218 conscientia
994 192 1056 218 tua?

260 237 307 263 sed
319 235 436 270 quotidie
451 236 603 270 percellitur
616 245 692 265 mens
705 242 748 264 tua
767 242 881 265 mortem
897 242 1055 272 exspectans

259 286 286 308 et
304 281 391 308 minas
406 282 557 309 maximas?
576 283 611 309 At
625 282 688 310 hinc
697 290 803 317 quoque
816 283 893 310 nobis
908 291 1001 318 magna
1022 283 1055 310 ad

259 326 383 354 virtutem
396 327 514 355 accessio
529 328 591 360 erit,
605 333 744 356 creScente
759 328 835 356 nobis
849 336 895 363 per
907 328 1055 364 angustiam

258 370 398 406 religione.
420 371 511 399 Potest
530 373 601 400 enim
625 373 694 401 Deus
712 375 802 400 omnia
820 374 910 409 gravia
931 374 981 401 hac
999 374 1054 409 ipsa

257 415 302 444 die
327 417 441 450 solvere,
463 418 510 445 sed
527 419 612 446 donec
627 427 676 446 nos
695 424 821 454 purgatos
845 420 944 452 videat,
967 420 1054 448 donec

257 462 347 490 videat
369 463 465 491 factam
482 465 694 496 conversionem,
710 469 736 492 et
749 465 934 500 paenitentiam
951 467 1054 493 firmam

257 513 286 536 ct
298 509 493 543 inconcussam,
515 518 567 538 non
587 511 708 539 dissolvit
727 511 935 539 tribulationem.
949 513 1054 540 Etenim

257 555 359 582 aurifex
373 555 457 583 donec
470 563 563 584 aurum
577 557 646 584 bene
660 562 799 592 purgatum
814 558 920 589 viderit,
939 558 973 585 de
990 566 1055 586 con-

259 599 364 628 ﬂatorio
377 608 429 628 non
443 602 561 629 extrahit
576 610 582 629 :
600 602 639 630 sic
652 607 679 630 et
699 602 771 630 Deus
792 610 843 630 non
859 603 968 631 abducit
985 603 1054 631 hanc

258 646 367 678 nubem,
388 646 474 674 donec
495 654 543 674 nos
566 648 672 682 penitus
691 648 881 676 emendaverit.
907 649 957 684 Qui
981 650 1052 678 enim

259 692 431 720 tentatinnem
447 692 579 727 permisit,
603 693 660 728 ipse
681 693 754 721 novit
775 699 802 721 et
824 695 977 722 tentationis
996 695 1053 723 sol-

261 738 354 765 vendae
380 742 495 773 tempus.
516 738 551 766 Et
570 738 638 766 sicut
653 739 816 767 citharmdus
840 747 926 775 neque
942 749 1053 768 nervum

256 783 380 818 :ntendit,
401 788 431 811 ut
444 791 498 811 non
511 784 661 820 abrumpat,
684 793 770 820 neque
782 785 894 813 remittit
909 786 976 813 ultra
996 793 1054 814 mo-

258 829 333 862 dum,
365 837 400 857 ne
420 829 568 857 harmoniae
587 835 746 858 concentutn
770 831 850 858 laedat
867 831 927 858 :sic
941 836 968 858 et
982 831 1054 860 Detts

257 875 320 910 agit,
336 883 423 910 neque
435 875 461 902 in
476 875 636 903 remissione
650 877 787 909 continua,
809 884 859 904 nec
873 877 897 904 in
912 877 989 912 longa
1007 877 1054 904 tri-

257 920 393 948 bulatione
419 925 536 948 nostrain
571 921 710 948 constituit
735 921 867 955 animam,
905 922 1052 949 secundum

255 975 330 994 suam
350 966 516 1002 prudentiam
543 971 684 1002 utrumque
699 967 800 995 faciens
815 976 822 994 :
836 975 889 995 non
903 968 966 996 sinit
980 969 1052 996 enim

255 1021 305 1041 nos
317 1014 441 1041 continua
456 1014 533 1049 potiri
547 1014 715 1047 remissione,
739 1023 773 1042 ne
787 1015 924 1050 segniores
940 1015 1051 1049 ﬁamus;

255 1066 308 1086 non
324 1059 484 1086 sinitautem
500 1066 605 1086 rursum
620 1060 646 1086 in
658 1060 782 1087 continua
795 1068 855 1089 esse
870 1061 1050 1096 tribttlatione,

255 1111 288 1132 ne
301 1104 553 1138 concidamus,neve
565 1104 747 1140 desperemus.

291 1151 318 1178 3.
331 1150 382 1185 Ipsi
398 1151 476 1186 igitur
490 1151 657 1179 adversitatis
670 1152 792 1180 ﬁnienda:
801 1156 906 1187 tempus
916 1154 1052 1189 relinqua-

253 1203 324 1230 mus,
336 1204 385 1224 nos
395 1205 458 1225 vero
468 1202 569 1225 tantum
579 1205 728 1232 precemur,
737 1205 786 1225 nos
797 1198 824 1226 in
834 1200 972 1228 sanctitate
980 1200 1052 1227 viva-

253 1249 323 1268 mus.
337 1240 410 1276 Opus
420 1242 490 1269 enim
503 1247 622 1270 nostrum
631 1243 664 1270 ad
678 1242 802 1270 virtutem
813 1245 919 1276 mutari,
930 1245 976 1272 Dei
986 1253 1051 1273 vero

253 1295 332 1323 opus,
348 1288 425 1316 malis
445 1288 600 1324 urgentibus
619 1290 699 1317 linem
717 1289 866 1325 imponere.
879 1291 982 1318 Etenim
993 1292 1051 1326 ipse

253 1334 350 1368 magis,
371 1341 450 1368 quam
471 1339 497 1361 tu
507 1334 550 1369 qui
563 1336 683 1368 tentaris,
708 1335 759 1362 hoc
776 1336 926 1363 incendium
946 1337 1050 1364 exstin-

256 1387 339 1415 guere
359 1380 425 1412 vult,
440 1380 486 1408 sed
509 1382 622 1409 salutem
634 1386 704 1408 tuam
715 1386 860 1416 exspectat.
876 1382 950 1410 Sicut
971 1383 1050 1418 igitur

252 1433 286 1453 ex
295 1425 451 1458 remissione
461 1426 595 1453 tribulatio
604 1427 670 1454 facta
679 1432 730 1460 cst,
742 1428 781 1456 sic
787 1435 819 1455 ex
829 1428 996 1456 tribulatione
1007 1437 1050 1457 re-

256 1472 410 1500 missioncnt
425 1477 580 1508 exspectare
594 1475 727 1501 convenit.
743 1473 834 1509 hcque
848 1475 919 1502 enim
941 1483 1047 1511 semper

251 1516 349 1549 hiems,
372 1518 459 1552 neque
473 1525 580 1552 semper
591 1523 679 1552 testas,
704 1527 790 1554 neque
804 1527 910 1554 semper
923 1521 1047 1555 procella,

251 1570 338 1598 neque
352 1571 458 1599 semper
478 1564 666 1598 tranquillitas,
689 1572 742 1592 non
762 1572 870 1600 semper
884 1574 948 1599 nox,
962 1574 1049 1601 neqtte

249 1616 358 1645 semper
375 1609 433 1638 dies
448 1619 455 1638 :
471 1611 510 1638 sic
527 1618 614 1645 neque
632 1618 739 1646 semper
758 1611 904 1645 tribulatio,
927 1612 974 1640 sed
997 1614 1048 1640 erit

249 1661 277 1684 et
298 1655 431 1689 remissio,
455 1656 477 1683 si
501 1660 602 1683 tantum
627 1656 653 1682 in
677 1656 846 1684 tribulatione
871 1657 925 1685 Deo
948 1658 1047 1692 gratias

249 1709 356 1737 semper
368 1708 488 1737 agamus.
504 1701 571 1728 Nam
586 1706 639 1728 tres
654 1702 679 1728 in
693 1702 826 1729 fornacem
843 1703 916 1737 pueri
931 1703 1046 1738 coniecti

250 1752 332 1775 lunt:
349 1752 436 1775 etnec
448 1747 484 1774 ita
499 1746 634 1781 religionis
655 1746 731 1774 obliti
748 1751 819 1779 sunt,
837 1755 887 1775 nec
907 1748 978 1782 ipsos
991 1753 1046 1775 ter-

250 1793 304 1820 rttit
318 1793 435 1824 ﬂamma,
447 1792 494 1820 sed
509 1792 552 1825 iis,
565 1792 610 1827 qui
623 1792 648 1819 in
660 1792 783 1819 cubiculo
794 1793 928 1825 sederent,
943 1798 970 1821 et
980 1793 1046 1821 nihil

250 1847 332 1875 grave
352 1843 516 1874 paterentur,
539 1837 695 1871 studiosius,
721 1839 780 1873 igne
801 1838 863 1866 licet
877 1839 1042 1872 circumdati,

250 1891 341 1912 sacras
354 1884 412 1911 illas
421 1891 513 1919 preces
523 1883 690 1911 emittebant.
705 1883 767 1911 ideo
775 1892 866 1911 mttrus
882 1884 947 1919 ipsis
958 1884 1044 1913 factus

250 1934 292 1957 est
306 1929 384 1964 ignis,
399 1934 425 1956 et
438 1929 520 1956 vestis
533 1928 651 1961 ﬂamma,
668 1933 695 1956 et
707 1928 766 1956 fons
780 1929 872 1956 fornax
889 1937 894 1955 :
911 1934 937 1956 ct
950 1929 1043 1964 ligatos

249 1981 375 2011 acceptos
390 1975 493 2002 solutos
503 1975 627 2008 reddidit,
650 1975 771 2002 mortalia
789 1975 906 2010 suscepit
920 1983 1043 2010 corpora,

249 2025 277 2048 et
306 2026 440 2055 tamquam
462 2021 657 2048 immortalibus
682 2021 825 2053 abstinuit;
856 2028 908 2047 non
937 2022 1045 2056 agnovit

251 2071 388 2099 naturam,
412 2065 460 2094 sed
481 2066 571 2101 pietati
594 2066 772 2094 reverentiam
797 2066 939 2094 exhibuit:
960 2067 1044 2094 vinxit

250 2111 331 2147 pedes
345 2115 485 2146 tyrannus,
501 2115 528 2138 et
541 2110 609 2146 ignis
622 2111 675 2138 vim
690 2111 771 2146 pedes
783 2111 935 2139 vinxerunt.
951 2111 974 2139 0
986 2119 1043 2139 rem

249 2158 446 2186 admirabilem!
458 2158 561 2186 vinctos
569 2158 647 2185 solvit
657 2157 773 2190 ﬂarnnia,
787 2163 814 2186 et
828 2159 884 2194 ipsa
894 2159 927 2187 de
941 2160 1043 2194 reliquo

249 2211 264 2230 a
278 2204 372 2231 vinctis
392 2204 479 2231 vincta
505 2208 546 2231 est
561 2212 569 2231 :
585 2204 697 2231 mutavit
718 2204 789 2231 enim
809 2212 898 2232 rerum
921 2210 1042 2232 naturam

249 2248 508 2277 adolescentulorum
532 2250 633 2284 pietas;
663 2249 718 2276 imo
747 2256 810 2277 vero
837 2258 889 2277 non
921 2255 1042 2278 naturam

249 2295 369 2328 mutavit,
393 2294 440 2322 sed
461 2294 531 2330 quod
555 2299 612 2322 erat
624 2295 780 2327 mirabilius,
797 2296 975 2330 permanentis
993 2303 1042 2323 na-

249 2345 316 2368 turae
334 2341 386 2368 vim
401 2342 545 2376 repressit:
561 2349 613 2368 non
628 2342 699 2369 enitn
719 2342 807 2376 ignem
829 2341 973 2375 exstinxit,
995 2342 1042 2370 sed

248 2387 386 2415 ardentem
408 2387 569 2414 inefﬁcacem
590 2387 725 2414 reddidit:
739 2391 768 2415 et
779 2387 849 2422 quod
862 2392 904 2415 est
921 2388 1042 2416 mirabile

249 2440 282 2459 ac
291 2431 462 2467 stupendum,
476 2439 530 2459 non
546 2432 572 2459 in
587 2433 685 2460 sanctis
704 2437 805 2460 tantum
820 2433 978 2468 corporibus
991 2434 1042 2462 hoc

247 2477 346 2505 factum
365 2481 416 2510 est,
439 2477 487 2505 sed
500 2481 527 2504 et
541 2478 567 2504 in
582 2478 747 2505 vestimentis
762 2479 880 2514 ipsorum
894 2484 921 2508 et
937 2479 1041 2507 calcea-

247 2524 365 2551 mentis:
381 2527 409 2551 et
430 2523 499 2550 sicut
514 2523 539 2550 in
552 2524 689 2558 apostolis,
705 2525 861 2552 vestimenta
874 2525 946 2553 Pauli
964 2526 1042 2561 :cgri-

247 2569 352 2596 tudines
361 2573 388 2596 et
399 2568 534 2596 dazmones
548 2568 691 2603 pellebant,
701 2573 728 2596 et
739 2569 808 2597 Petri
819 2570 911 2598 umbra
925 2576 1040 2598 mortem

246 2614 354 2649 fugabat
369 2623 376 2642 :
391 2614 430 2642 sic
449 2614 530 2641 etiam
551 2614 595 2641 hic
615 2621 758 2649 puerorum
773 2616 953 2644 calceamenta
973 2616 1041 2651 ignis

248 2660 372 2687 virtutem
381 2659 574 2687 exstinxerunt.
582 2658 677 2687 Nescio
685 2660 920 2695 quomododicam:
930 2661 1042 2689 miracu-

247 2705 302 2732 lum
318 2713 423 2732 omnem
432 2704 574 2732 verborum
584 2705 764 2732 narrationem
784 2706 956 2734 transcendit.
974 2706 1040 2734 Nam

246 2751 287 2777 vis
300 2755 358 2778 erat
370 2750 514 2784 exstincta,
530 2755 558 2778 et
572 2758 625 2778 non
639 2751 786 2778 exstincta:
802 2759 862 2779 cum
883 2752 954 2779 enim
968 2753 1040 2780 circa

248 2801 398 2824 sanctorum
409 2796 512 2824 illorum
526 2804 638 2832 corpora
648 2797 811 2831 versabatur,
821 2803 878 2825 erat
891 2799 1039 2826 exstincta:

248 2849 309 2869 cum
324 2849 386 2869 vero
407 2842 510 2869 vincula
534 2842 686 2878 dirumpere
706 2843 832 2878 oportuit,
849 2851 901 2872 non
915 2848 972 2872 erat
987 2851 1037 2872 ex-

1111 192 1207 218 stincta
1222 200 1229 218 :
1243 193 1386 228 compedes
1400 194 1478 229 igitur
1491 195 1600 230 dirupit,
1615 201 1642 224 et
1657 196 1724 224 talos
1739 206 1793 226 non
1811 199 1910 234 tetigit.

1109 235 1204 265 Vidisti
1223 242 1320 272 quanta
1344 240 1545 274 propinquitas?
1567 241 1658 276 Neque
1680 243 1704 268 vi
1720 251 1767 270 sua
1787 245 1912 279 privatus

1108 285 1149 309 est
1171 283 1250 318 ignis,
1266 291 1352 318 neque
1372 285 1440 311 ultra
1464 286 1565 312 vincula
1583 287 1728 320 procedere
1749 296 1832 316 ausus
1848 289 1911 316 fuit.

1108 326 1200 355 Vinxit
1221 333 1359 363 tyrannus,
1383 334 1411 357 et
1431 329 1537 358 ﬂamma
1561 332 1682 366 resolvit,
1699 337 1728 360 ut
1748 338 1777 360 et
1796 334 1912 360 barbati

1107 372 1293 400 erttdelitatcm
1311 373 1409 408 discas,
1434 379 1462 402 et
1482 375 1607 403 elementi
1629 376 1820 405 obedientiam.
1849 378 1911 412 Qua

1107 424 1171 444 vero
1181 425 1261 445 causa
1275 418 1302 445 in
1317 418 1403 453 ignem
1419 419 1550 448 missurus
1561 428 1609 448 eos
1622 421 1731 456 ligavit?
1742 422 1776 450 Ut
1786 423 1912 450 miracu-

1107 461 1162 489 lum
1177 462 1253 490 ﬁeret
1267 464 1364 499 majus,
1387 469 1416 491 ιιι
1437 465 1585 493 mirabilius
1607 466 1722 501 signum,
1737 475 1771 495 ne
1795 473 1911 503 putares

1107 515 1168 536 esse
1181 509 1319 536 oculorum
1327 517 1447 538 errorem
1460 518 1490 538 ea
1503 519 1562 546 qua:
1575 512 1751 541 videbantur:
1768 514 1819 541 nisi
1833 515 1909 541 enim

1107 554 1176 589 ignis
1189 555 1234 582 ille
1246 555 1312 590 ignis
1327 556 1430 588 fuisset,
1445 557 1550 584 vincula
1563 565 1616 585 non
1632 558 1836 595 absumpsisset,
1850 568 1910 587 non

1106 601 1226 628 exterius
1247 601 1373 629 sedentes
1395 602 1502 636 milites,
1526 603 1596 638 quod
1621 604 1705 631 multo
1733 606 1818 640 tntgis
1844 605 1909 639 fuit,

1105 647 1238 682 rapuisset
1257 656 1264 674 :
1289 655 1360 675 nunc
1382 652 1470 676 autem
1497 649 1674 677 exterioribus
1695 650 1803 686 quidem
1828 652 1885 678 vim
1898 672 1907 684 ,

1106 691 1277 720 interioribus
1288 700 1352 720 vero
1367 693 1546 721 obedientiam
1563 693 1696 722 exhibuit.
1709 695 1750 722 Tu
1761 703 1828 723 vero
1839 696 1908 724 mihi

1105 737 1245 765 considera
1269 738 1376 773 ubique,
1399 739 1535 774 quomodo
1556 739 1677 767 diabolus
1699 748 1748 775 per
1769 748 1831 776 qua:
1856 741 1908 769 Dei

1105 789 1200 810 servos
1221 783 1368 819 impugnat,
1389 792 1436 820 per
1457 784 1514 812 haec
1537 786 1671 820 propriam
1693 787 1747 813 vim
1769 786 1906 820 destruat,

1105 835 1160 855 non
1173 828 1267 856 volens
1287 828 1407 864 quidem,
1424 829 1470 857 sed
1483 830 1529 858 Dei
1547 831 1677 866 sapientia
1692 836 1718 859 et
1734 832 1905 867 providentia

1105 874 1175 902 illius
1197 875 1280 902 armis
1298 879 1324 902 et
1336 875 1438 903 artibus
1457 875 1484 904 in
1507 876 1588 911 ipsius
1602 881 1680 912 caput
1701 882 1792 906 utente
1808 887 1815 906 :
1830 879 1904 913 quod

1104 919 1212 954 quidem
1235 924 1263 948 et
1280 920 1324 948 hic
1346 920 1443 948 factum
1466 926 1517 949 est.
1534 921 1660 950 Diabolus
1680 923 1752 950 enim
1768 923 1824 951 illic
1840 929 1905 952 tunc

1105 971 1218 1002 tyranno
1232 974 1262 994 se
1280 966 1429 1000 insinuans,
1453 976 1539 1004 neque
1563 969 1634 997 ferro
1647 974 1800 997 sanctorum
1815 971 1904 1006 capita

1104 1012 1223 1040 absciudi
1238 1013 1368 1048 permisit,
1384 1021 1471 1048 neque
1485 1015 1577 1042 bestiis
1588 1015 1666 1047 tradi,
1680 1023 1766 1050 neque
1781 1016 1838 1043 ullo
1849 1016 1904 1043 alio

1104 1058 1150 1086 tali
1162 1059 1242 1086 modo
1257 1059 1344 1094 puniri
1357 1068 1364 1087 :
1381 1060 1427 1087 sed
1443 1061 1468 1087 in
1483 1060 1571 1096 ignem
1583 1061 1654 1096 injici
1665 1063 1759 1095 suasit,
1772 1066 1803 1090 ut
1814 1070 1905 1097 neque

1104 1104 1224 1138 reliquis:
1247 1104 1353 1132 illorum
1371 1109 1525 1133 sanctorum
1549 1111 1729 1139 remanerent,
1750 1108 1817 1142 ipsis
1838 1115 1903 1135 cor-

1104 1149 1213 1184 poribus
1225 1151 1401 1184 consumptis,
1418 1155 1446 1178 et
1465 1151 1582 1186 ipsorum
1597 1152 1687 1179 cinere
1701 1160 1761 1179 ctnn
1774 1160 1903 1181 sarmen-

1103 1199 1192 1222 torum
1215 1195 1305 1223 cinere
1329 1197 1494 1224 commixto:
1511 1197 1581 1224 Deus
1603 1203 1693 1226 autem
1717 1198 1768 1226 hoc
1791 1200 1852 1234 ipso
1869 1201 1903 1227 ad

1103 1239 1246 1275 impietatis
1261 1241 1468 1269 destructionem
1482 1250 1546 1269 usus
1558 1247 1609 1276 est,
1627 1249 1654 1271 et
1672 1251 1705 1271 eo
1720 1245 1801 1272 modo
1820 1253 1903 1280 quem

1102 1294 1152 1322 ego
1163 1294 1224 1314 mox
1242 1287 1328 1314 dicam

1137 1331 1210 1368 Ignis
1222 1333 1291 1368 apud
1306 1332 1400 1360 Persa;
1413 1333 1474 1360 deus
1488 1338 1601 1368 putatur.
1614 1349 1648 1354 -—
1669 1334 1739 1362 Deus
1751 1335 1823 1370 apud
1836 1335 1902 1363 Per-

1102 1384 1146 1405 sas
1163 1378 1231 1413 ignis
1250 1385 1309 1405 esse
1324 1383 1448 1413 putatur,
1468 1379 1608 1415 ipsumque
1627 1380 1712 1408 multo
1724 1382 1797 1408 cultu
1821 1390 1901 1409 vene-

1101 1427 1193 1450 rantur
1203 1423 1283 1450 etiam
1298 1431 1367 1451 nunc
1381 1423 1485 1451 barbari
1499 1425 1633 1460 regionem
1648 1426 1719 1452 illam
1736 1426 1898 1454 habiL-tntee.

1101 1468 1201 1496 Volcns
1226 1470 1306 1504 igitur
1331 1470 1401 1497 Deus
1433 1470 1560 1498 radicitus
1587 1471 1730 1506 impietatis
1757 1473 1898 1500 materiam
1939 1507 1942 1510 λ

1100 1514 1219 1546 auferre,
1235 1515 1368 1542 concessit
1383 1515 1532 1550 hujnsmodi
1553 1523 1639 1551 pana:
1655 1517 1761 1544 modum
1772 1538 1781 1550 ,
1796 1523 1826 1545 ut
1843 1526 1898 1553 prae

1099 1560 1185 1587 oculis
1193 1560 1311 1587 omnium
1325 1561 1409 1595 ipsum
1420 1560 1563 1588 colentium
1574 1582 1581 1592 ,
1594 1561 1679 1588 servis
1691 1562 1747 1589 suis
1757 1563 1896 1590 victoriam

1099 1606 1252 1633 conferret:
1269 1614 1316 1640 per
1337 1607 1392 1640 ipsa
1415 1614 1494 1640 opera
1515 1606 1579 1641 ipsis
1602 1607 1762 1641 persuadere
1785 1609 1895 1641 volens,

1099 1651 1170 1687 quod
1190 1652 1326 1687 gentilium
1350 1652 1386 1679 dii
1411 1660 1462 1680 non
1485 1652 1569 1680 Deum
1594 1657 1710 1687 tantum,
1735 1654 1783 1681 sed
1808 1659 1836 1681 et
1851 1655 1894 1682 Dei

1098 1705 1192 1725 servos
1207 1698 1326 1725 timeant.

1135 1744 1161 1772 4.
1173 1744 1206 1771 Ει
1217 1744 1356 1771 considera
1372 1744 1490 1772 victorire
1504 1752 1630 1772 coronam
1639 1753 1687 1780 per
1694 1747 1830 1773 contraria
1841 1751 1895 1774 tex-

1098 1793 1163 1822 tam,
1179 1794 1206 1816 ct
1217 1789 1400 1824 factostropaci
1417 1794 1499 1817 testes
1513 1790 1584 1824 ipsos
1596 1790 1726 1818 inimicos.
1739 1791 1810 1818 Misit
1818 1793 1892 1825 enim,

1098 1835 1192 1870 inquit,
1204 1835 1438 1862 Nabuchodonosor
1447 1844 1491 1863 rex
1496 1836 1530 1862 ad
1537 1837 1740 1872 congregttndum
1749 1846 1837 1865 omnes
1846 1847 1894 1864 ma-

1096 1881 1225 1916 gistratus,
1241 1885 1264 1907 et
1274 1880 1358 1913 duces,
1370 1886 1392 1907 et
1406 1880 1535 1915 pra-sides,
1549 1882 1675 1916 principes
1692 1886 1714 1909 et
1724 1886 1859 1917 tyrannos,
1872 1889 1893 1910 rt

1096 1926 1123 1953 in
1138 1926 1298 1961 potestatibus
1312 1932 1468 1958 commutas,
1481 1932 1505 1952 et
1515 1934 1600 1953 omnes
1608 1927 1737 1962 regionum
1748 1930 1891 1963 prwfectus,

1096 1977 1123 1999 ut
1138 1973 1248 1999 venirent
1256 1971 1290 1998 ad
1308 1979 1379 1998 nova:
1393 1972 1574 1998 dedicationem
1590 1977 1690 2005 statum,
1709 1977 1732 1999 et
1746 1974 1892 2008 congregati

1096 2023 1154 2044 sunt
1167 2026 1252 2045 autne:
1274 2017 1353 2052 (Dan.
1368 2018 1385 2045 3
1410 2017 1449 2052 2).
1466 2017 1589 2045 Inimicus
1605 2017 1737 2044 theatrum
1761 2024 1848 2052 parat,
1862 2026 1893 2046 ac

1096 2067 1260 2097 spectatores
1272 2063 1352 2097 cogit.
1366 2063 1480 2090 stadium
1490 2063 1622 2097 proponit,
1637 2062 1695 2097 ipse
1709 2065 1891 2098 spectaculum

1095 2113 1236 2143 convocat,
1252 2113 1279 2136 ct
1295 2109 1426 2136 theatrum
1437 2117 1491 2136 non
1502 2109 1649 2144 vulgarium
1665 2109 1815 2143 hominum,
1839 2119 1891 2138 non

1095 2157 1275 2191 privatorum,
1299 2160 1345 2184 seu
1368 2157 1486 2184 omnium
1510 2156 1699 2183 honoratorum
1722 2161 1749 2184 ct
1771 2158 1890 2184 omnium

1095 2204 1306 2238 magistratuum,
1329 2209 1359 2230 ut
1379 2208 1407 2231 et
1427 2203 1607 2231 testimonium
1629 2203 1699 2237 apud
1723 2204 1824 2230 multos
1840 2204 1891 2231 ﬁde

1095 2249 1202 2284 dignum
1217 2248 1347 2276 ﬁat.Vent
1356 2253 1415 2276 rant
1427 2248 1460 2275 ad
1473 2248 1544 2275 aliud
1559 2248 1643 2276 vocati
1657 2248 1849 2282 spectaculum,
1865 2253 1891 2276 et

1093 2296 1145 2323 alia
1167 2295 1324 2330 conspicati,
1347 2302 1441 2322 omnes
1457 2295 1589 2322 abierunt.
1613 2294 1749 2322 Venerunt
1773 2299 1889 2322 statuam

1094 2340 1244 2372 adoraturi,
1268 2345 1294 2368 et
1314 2345 1427 2367 statuam
1447 2340 1554 2375 quidem
1576 2339 1742 2372 deriserunt;
1766 2340 1890 2368 abierunt

1093 2393 1159 2413 vero
1173 2386 1219 2413 Dei
1242 2386 1385 2420 potentiam
1409 2385 1530 2413 admirati
1546 2393 1594 2420 per
1607 2385 1681 2420 signa
1695 2386 1722 2412 in
1737 2387 1828 2420 pueris
1842 2394 1889 2414 ex-

1094 2430 1188 2458 hibita.
1197 2430 1231 2457 Et
1242 2430 1302 2458 vide
1312 2430 1356 2458 ubi
1365 2430 1478 2457 stadium
1490 2429 1542 2457 hoc
1553 2434 1698 2457 statuerat:
1710 2438 1763 2457 non
1772 2430 1799 2457 in
1811 2431 1886 2462 urbe,

1094 2484 1144 2504 nec
1159 2477 1184 2504 in
1201 2476 1254 2503 ullo
1266 2483 1341 2511 agro,
1361 2476 1410 2504 sed
1433 2477 1503 2512 plani
1525 2481 1553 2504 et
1567 2476 1629 2504 nudi
1643 2477 1728 2512 campi
1751 2477 1803 2504 hoc
1815 2478 1889 2505 orbis

1093 2521 1226 2550 theatrum
1250 2522 1420 2557 suscipiunt:
1440 2522 1467 2549 in
1494 2529 1589 2557 catnpo
1610 2523 1681 2550 enim
1708 2523 1786 2550 Deira
1812 2529 1887 2550 extra

1093 2568 1226 2596 civitatem
1241 2568 1354 2604 efﬁgiem
1370 2562 1510 2601 erexitfet
1527 2576 1615 2603 przeco
1637 2569 1818 2603 pertransiens
1832 2570 1887 2596 cla-

1093 2615 1204 2642 mabat:
1225 2614 1301 2642 Vobis
1322 2615 1425 2647 dicitur,
1439 2620 1536 2650 gentes,
1555 2609 1648 2647 tribus,
1664 2615 1761 2650 populi,
1783 2616 1886 2650 lingua,

1092 2669 1248 2696 quacumque
1254 2661 1316 2689 liora
1324 2661 1453 2688 audieritis
1461 2669 1544 2688 uocem
1552 2661 1733 2695 lubw,ﬁtlul¢e,
1742 2665 1766 2688 et
1773 2661 1885 2693 cit/torre,

1091 2707 1273 2742 morituraque,
1285 2711 1308 2734 et
1320 2707 1443 2742 psalterit’,
1457 2711 1480 2733 et
1495 2706 1653 2742 symphonia:
1665 2710 1689 2733 et
1701 2707 1784 2733 omnis
1792 2707 1886 2741 generis

1093 2754 1255 2787 musicorum,
1263 2754 1378 2781 cadentes
1386 2754 1491 2781 adorato
1497 2759 1606 2780 statuant
1618 2761 1721 2780 auream
1735 2753 1809 2788 (vere
1817 2753 1885 2779 enitn

1091 2799 1188 2826 cadere
1195 2803 1253 2826 erat
1263 2799 1432 2826 simulacrum
1443 2799 1578 2833 adorare):
1587 2803 1610 2825 et
1622 2806 1772 2832 quicumque
1782 2806 1832 2824 non
1843 2805 1885 2823 ca-

1092 2843 1153 2872 dem
1166 2845 1317 2879 adoraveril,
1333 2845 1359 2872 in
1373 2845 1460 2872 eadem
1478 2845 1541 2872 hora
1564 2844 1710 2879 prajirietur
1722 2844 1749 2871 in
1760 2844 1886 2873 caminum
