1984 3110
208 127 244 156 (ςδ
601 129 629 155 S.
647 127 789 156 JOANNIS
806 129 1055 159 CHRYSOSTOMI
1074 131 1234 161 ARCHIEP.
1255 135 1532 166 CONSTAN‘I'INOP.
1897 142 1935 170 66

205 183 282 217 Εἶδες
291 185 349 217 πῶς
360 184 466 221 χαλεπά
479 184 513 211 τὰ
535 184 710 220 παλαίεματα
721 185 834 219 γίνεται,
852 187 898 213 xal
911 188 970 214 ὅσαι
986 188 1036 222 τῆς

204 228 347 263 ἐπιϐουλῆς
363 229 391 254 αἱ
410 228 537 262 ἀνάγκαι,
556 229 601 254 xal
623 228 682 260 πῶς
704 228 772 264 βαθὺ
784 230 816 256 τὸ
831 230 974 266 βάραθρον,
991 232 1036 257 καὶ

204 272 325 306 κρημνὸς
338 271 505 306 ἑκατέρωθεν
517 279 524 304 ;
546 271 624 298 Ἀλλὰ
638 272 674 307 μὴ
693 272 784 309 δείσῃς
794 281 801 290 ο
819 274 929 309 ὅσῳπερ
944 274 977 300 ἂν
988 275 1037 301 αὑ-

203 314 273 350 ξήσῃ
282 314 315 340 τά
333 315 514 350 μηχανήματα
528 315 542 341 6
557 315 662 350 ἐχθρὸς,
676 316 793 351 τοσούτῳ
805 317 903 352 μᾶλλον
917 317 1036 344 δείκνυσι

201 356 257 382 τῶν
272 357 373 383 παίδων
386 358 435 393 τὴν
449 357 584 393 ἀνδρείαν.
595 358 643 384 Διά
657 361 709 394 γάρ
722 359 801 385 τοῦτο
813 359 955 394 συμφωνία
971 369 1037 395 μου-

203 401 287 428 σικῶν
310 400 454 433 τοσούτων,
472 401 517 427 διὰ
531 401 610 428 τοῦτο
634 402 651 436 ἡ
672 403 787 437 κάμινος
803 403 820 438 ἡ
836 403 980 438 καιομένη,
993 404 1035 430 ἵνα

202 444 250 471 xal
262 444 340 480 ἡδονὴ
357 445 404 471 xal
419 444 499 478 φόϐος
514 445 644 480 πολιορκῇ
657 446 706 477 τάς
718 446 772 472 τῶν
784 446 925 480 παρόντων
935 446 1033 482 ψυχάς.

202 487 303 522 Πικρός
321 488 384 520 τίςι
408 489 466 515 ἐστι
493 487 548 515 τῶν
567 489 707 524 παρόντων
727 489 773 515 xal
790 488 847 525 [55]
860 489 1033 523 δυσένδοτος;

202 531 373 566 μαλαττέτω,
387 532 479 567 φησὶν,
497 531 578 558 αὐτὸν
594 532 760 567 γοητεύουσα
779 532 828 567 τῆς
850 533 1034 570 παναρμονίου

203 574 337 609 μουσικῆς
351 575 368 610 ἡ
381 574 507 610 μελῳδία.
517 574 586 601 Ἀλλ’
599 575 734 610 άνώτερος
751 576 851 611 ταύτης
865 576 969 610 γίνεται
985 577 1034 612 τῆς

200 617 366 652 ἐπιϐουλῆς;
387 617 503 652 φοϐείτω
521 618 568 644 καὶ
587 618 799 654 καταπληττέτω
823 619 873 654 τῆς
899 619 995 654 φλογὸς
1017 621 1033 656 ἡ

199 661 272 696 ὄψις.
286 661 341 687 Kal
356 659 390 696 ἦν
405 661 486 696 φόϐος
504 661 551 688 xal
564 661 657 697 ἡδονὴ.
669 663 686 696 ἡ
701 662 749 697 μὲν
761 661 804 688 διὰ
814 661 867 688 τῶν
881 662 969 696 ὤτων,
980 663 994 688 6
1005 662 1033 689 δέ

199 704 245 732 διὰ
255 703 310 730 τῶν
332 704 477 739 ὀφθαλμῶν
494 705 622 732 ἐπεισιὼν
637 706 670 740 τῇ
686 705 757 740 ψυχῇ
768 713 774 720 ·
793 705 860 732 ἀλλά
872 705 901 732 τὸ
912 708 1033 740 γενναῖον

200 748 255 776 τῶν
280 748 428 776 νεανίσκων
455 749 567 776 ἐκείνων
594 750 669 776 οὐδὲν
696 750 798 776 τούτων
824 750 952 786 ἡλεγξεν-
976 751 1032 778 ἀλλ’

199 791 295 828 ὥσπερ
313 793 352 824 είς
370 792 400 819 τὸ
419 792 475 828 πῦρ
490 793 654 827 ἐμπεσόντες
676 793 832 828 ἐκράτησαν
848 794 896 828 τῆς
917 794 1032 828 φλογὸς,

198 834 270 862 υῦτω
285 835 375 870 πάσης
385 836 531 871 ἐπιθυμίας
545 836 591 862 xal
603 836 720 869 ἀγωνίας
734 837 928 871 κατεγέλασαν.
941 838 1032 865 Πάντα

198 879 254 914 γὰρ
270 878 356 905 ταῦτα
371 879 406 905 δι’
414 879 532 911 ἐκείνους
547 880 562 906 6
580 879 701 911 διάϐολος
711 881 971 914 προπαρεσκεύασεν
981 890 987 897 ε
1001 882 1032 908 οὐ

198 923 253 958 γὰρ
270 923 334 958 περὶ
350 922 405 949 τῶν
424 923 552 957 ὑπηκόων
571 923 756 958 ἡμφισϐήτει,
776 923 844 950 ἀλλά
863 924 909 950 xal
930 925 1031 961 σφόδρα

197 965 328 1002 ἐθάρρει,
351 966 392 992 ὅτι
417 966 502 998 οὐδεὶς
529 967 713 993 ἀντιπεσεῖται
731 966 770 1002 τῷ
789 967 864 1002 νόμῳ
882 967 930 994 τοῦ
955 968 1032 1003 βασι-

196 1008 278 1040 λέως·
297 1009 426 1044 ἐπειδὴδὲ
440 1009 558 1040 ἆπαντες
569 1008 665 1036 ἔπεσον
677 1010 724 1036 xal
734 1010 899 1046 ἡττήθησαν,
916 1011 974 1037 τότε
991 1012 1031 1044 είς

197 1051 279 1086 μέσον
302 1052 327 1078 οἱ
350 1052 443 1084 παῖδες
461 1052 571 1086 ἄγονται
593 1052 678 1087 μόνοι,
694 1053 737 1079 ἵνα
764 1054 812 1080 xal
834 1054 920 1091 ταύτῃ
936 1055 953 1090 ἡ
968 1055 1031 1090 νίκη

195 1094 371 1131 λαμπροτέρα
386 1096 509 1130 γένηται,
525 1096 554 1122 ἐν
572 1095 691 1131 τοσούτῳ
709 1096 807 1132 πλήθει
829 1097 966 1125 νικώντων
985 1099 1031 1125 xal

194 1139 455 1178 ἀνακηρυττομένων
470 1139 569 1166 αὐτῶν.
583 1139 650 1166 Οὑδέ
664 1140 716 1176 γὰρ
731 1138 765 1175 ἧν
778 1141 849 1167 οὕτω
864 1141 1028 1177 θαυμαστὸν,

194 1181 219 1208 εί
238 1182 351 1218 μηδενὸς
378 1182 617 1214 ὑποσκελισθέντος
637 1180 709 1210 οὗτοι
736 1184 916 1220 παρελθόντες
939 1185 1030 1221 ἡνδρί-

195 1233 275 1252 σαντο
291 1226 405 1261 πρῶτοι.
421 1226 458 1252 Τὸ
478 1226 506 1253 δὲ
522 1227 649 1260 μέγιστον
668 1227 715 1253 xal
733 1227 894 1263 παράδοξον,
916 1228 957 1254 ὅτι
973 1229 1029 1256 τῶν

194 1270 378 1296 πεπτωκότων
395 1269 425 1296 τὸ
443 1269 544 1305 πλῆθος
567 1270 618 1295 οὐκ
635 1270 766 1305 ἐφόϐησεν
787 1271 895 1302 αὐτοὺς.
911 1272 972 1298 ούδέ
987 1272 1029 1305 ἐξ-

194 1310 299 1344 έλυσεν,
314 1311 374 1338 οὐδέ
397 1310 472 1338 εῐπον
489 1312 556 1346 πρὸς
575 1311 688 1344 ἑαυτούς
708 1321 734 1338 τι
753 1312 884 1344 τοιοῦτον,
903 1313 917 1339 6
937 1314 1029 1341 πολλοὶ

193 1354 323 1386 πολλάκις
338 1355 427 1389 λέγειν
448 1354 589 1381 εἰώθασιν·
605 1355 637 1381 El
655 1355 704 1390 μὲν
720 1355 775 1391 γὰρ
791 1356 894 1391 πρῶτοι
910 1358 956 1384 xal
981 1359 1028 1393 μό-

193 1407 234 1425 νοι
250 1400 412 1434 προσκυνεῖν
428 1400 508 1434 ἡμεῖς
525 1399 672 1434 ἐμέλλομεν
688 1400 738 1435 τὴν
753 1400 844 1427 εἰκόνα
860 1401 884 1433 b,
903 1401 1029 1438 ἔγκλημα

192 1441 224 1467 τὺ
246 1441 386 1476 γινόμενον
405 1439 439 1477 ἦν
450 1450 456 1457 υ
474 1442 498 1468 εί
513 1442 542 1468 δέ
557 1442 626 1476 μετά
643 1443 778 1469 τοσούτων
795 1443 932 1478 μυριάδων
950 1446 1029 1472 τοῦτο

193 1485 335 1521 ποιοῦμεν,
354 1485 395 1516 τίς
417 1485 447 1512 ού
464 1485 544 1513 δώσει
562 1486 742 1523 συγγνώμηνς
759 1488 800 1519 τίς
817 1488 962 1523 ἀπολογίας
978 1492 1029 1518 οὐκ

192 1529 320 1562 ἀξιώσει;
344 1530 413 1557 Ἀλλ’
441 1531 516 1557 οὐδὲν
546 1531 607 1558 οὔτε
641 1531 728 1565 εἶπον,
750 1533 812 1560 οῦτε
834 1535 978 1570 ἐνενόησάν
1001 1545 1028 1563 τι

191 1573 312 1600 τοιοῦτον
326 1574 434 1607 ἐκεῖνοι,
452 1575 485 1602 τὰ
501 1575 633 1611 πτώματα
647 1576 701 1602 τῶν
717 1579 851 1605 τοσούτων
870 1579 968 1611 ἰδόντες
982 1588 1028 1606 τυ-

194 1619 306 1654 ράννων.
323 1619 359 1645 Σὺ
373 1619 402 1646 δέ
421 1629 466 1655 μοι
485 1621 581 1647 σκόπει
594 1622 642 1648 xal
658 1622 712 1648 τῶν
722 1622 918 1650 διαϐαλλόντων
930 1626 1027 1658 αὐτοὺς

191 1663 241 1695 τὴν
253 1663 430 1699 κακουργίαν,
447 1664 505 1695 πῶς
523 1665 569 1691 καὶ
585 1665 728 1700 κακοήθως
749 1666 838 1693 αὐτῶν
857 1669 903 1694 xal
921 1670 1027 1704 πικρῶς

192 1706 383 1742 κατηγόρησαν
405 1708 514 1734 ἐκεῖνοι.
537 1709 604 1736 Εἰσὶ
631 1709 695 1744 γὰρ,
719 1711 809 1745 φησὶν,
830 1710 938 1746 ἄνδρες
957 1713 1026 1740 Ἰου-

191 1749 281 1781 δαῖοι,
295 1750 350 1783 οὓς
364 1750 552 1784 κατέστησας
576 1751 624 1778 ἐπὶ
644 1754 679 1779 τὰ
695 1753 766 1787 ἔργα
784 1753 837 1787 τῆς
857 1754 954 1788 χώρας
971 1757 1027 1782 Βα-

192 1792 327 1827 ϐυλῶνος
336 1802 343 1808 ·
355 1794 385 1820 οὐ
400 1793 454 1830 γὰρ
469 1794 562 1826 ἀπλῶς
572 1796 776 1830 ἐμνημόνευσαν
787 1797 833 1823 τοῦ
846 1797 947 1831 ἔθνους,
959 1799 1027 1827 ἀλλά

191 1836 300 1871 καὶτῆς
314 1837 397 1872 τιμῆς
414 1837 577 1873 ἀνέμνησαν,
594 1838 638 1865 ἵνα
654 1839 808 1866 ἐκκαύσωσι
822 1841 870 1876 τὴν
885 1841 933 1868 τοῦ
951 1841 1027 1877 βασι-

191 1881 259 1912 λέως
272 1882 365 1917 ὀργὴν,
383 1883 522 1918 μονονουχὶ
542 1882 675 1917 λέγοντες,
693 1884 734 1910 ὄτι
752 1886 814 1916 τοὺς
829 1885 948 1918 δούλους,
964 1888 1026 1919 τοὺς

191 1925 379 1960 αἰχμαλώτους
389 1945 395 1958 ,
406 1926 468 1958 τοὺς
483 1926 620 1959 ἀπόλιδας,
642 1928 774 1962 ἄρχοντας
788 1928 866 1964 ἡμῶν
879 1930 1023 1966 ἐποίησας·

190 1969 215 1995 οἱ
229 1969 258 1996 δὲ
275 1969 321 1996 xal
340 1969 388 2005 τὴν
404 1969 536 2006 τοσαύτην
559 1970 640 2005 τιμὴν
654 1971 802 2006 ὑϐρίζουσι,
820 1972 866 1998 καὶ
882 1974 1026 2008 παροινοῦ-

159 2016 162 2019 ‘
191 2020 235 2039 σιν
253 2013 293 2044 είς
315 2013 359 2039 τὸν
375 2014 550 2048 τετιμηκότα.
575 2014 625 2040 Διά
652 2014 731 2040 τοῦτο
750 2014 884 2048 λέγουσιν·
901 2015 933 2043 Οί
956 2017 1024 2044 Ἰου-

189 2055 277 2088 δαῖοι,
291 2056 344 2089 οὒς
358 2057 549 2091 κατέστησας
564 2057 612 2084 ἐπὶ
630 2058 666 2085 τὰ
685 2057 757 2093 ἔργα
777 2058 832 2092 τῆς
847 2059 946 2094 χώρας
969 2062 1025 2088 Βα-

190 2099 340 2132 ϐυλῶνος,
363 2101 419 2135 οὐχ
446 2100 626 2135 ὑπήκουσαν
652 2100 692 2134 τῷ
722 2101 844 2136 ὃόγματί
874 2112 950 2137 σου,
975 2105 1024 2132 καὶ

189 2143 252 2175 τοῖς
275 2143 353 2176 θεοῖς
376 2151 433 2170 σου
453 2145 489 2171 οὺ
508 2145 698 2178 λατρεύουσι.
719 2146 854 2179 Μέγιστος
877 2147 986 2180 ἔπαινος
1007 2150 1023 2184 ἡ

190 2186 352 2221 κατηγορία,
366 2186 413 2213 xal
427 2187 460 2214 τὰ
477 2187 638 2223 ἐγκλήματα
656 2188 780 2224 ἐγκώμια
797 2190 915 2223 γίνεται,
941 2192 987 2218 xal
1005 2194 1021 2228 ἡ

191 2230 328 2265 μαρτυρία
337 2230 499 2263 ἀνύποπτος,
519 2231 573 2258 τῶν
594 2231 698 2268 ἐχθρῶν
715 2233 799 2268 αὐτὴν
818 2235 1020 2269 παρεχομένων.

190 2274 222 2299 Τί
236 2271 282 2300 οὖν
293 2274 307 2299 6
319 2274 461 2308 βασιλεύω
479 2275 634 2302 Ἐκέλευσεν
649 2277 688 2308 είς
702 2277 783 2311 μέσον
795 2277 910 2314 ἀχθῆναι
925 2277 1022 2311 αὐτοῦς

189 2316 259 2343 ὥστε
275 2317 405 2345 πάντοθεν
422 2319 519 2350 αὐτοὺς
535 2319 662 2354 φοϐῆσαι.
680 2320 748 2346 Ἀλλ’
762 2321 837 2347 οὐδὲν
851 2321 970 2353 ἐκείνους
984 2322 1023 2355 ἐξ·

189 2361 314 2396 έπληξεν,
333 2361 382 2397 οὐχ
403 2363 417 2388 ό
441 2362 523 2397 θυμὸς
539 2363 586 2389 τοῦ
609 2363 750 2398 βασιλέως,
771 2365 801 2390 οὺ
823 2365 853 2391 16
875 2366 971 2400 μόνους
994 2367 1021 2392 ἐν

190 2405 265 2441 μέσῳ
281 2406 414 2433 τοσούτων
437 2406 613 2441 ἀπειλῆφθαι,
629 2407 660 2433 οὐ
681 2408 711 2435 τὸ
735 2408 791 2444 πῦρ
811 2408 958 2444 ὁρώμενον,
973 2410 1022 2445 οὺχ

187 2449 216 2475 αἱ
233 2449 379 2484 σάλπιγγες
398 2449 521 2485 ἡχοῦσαι,
540 2451 570 2476 οὐ
595 2451 695 2482 πάντες
717 2453 756 2483 είς
772 2453 869 2484 αὐτοὺς
891 2452 945 2488 πῦρ
962 2452 1021 2487 βλέ-

187 2500 293 2524 ποντες,
317 2493 384 2519 ἀλλά
403 2493 510 2519 πάντων
535 2493 636 2520 τούτων
662 2495 905 2529 καταγελάσαντες,
922 2496 958 2527 ὡς
981 2497 1020 2528 είς

186 2535 293 2571 ψυχράν
318 2535 408 2571 πηγὴν
429 2536 532 2563 ὑδάτων
553 2536 699 2571 ἐμπίπτειν
722 2538 880 2573 μέλλοντες,
900 2539 946 2565 ἐπὶ
972 2539 1020 2574 τὴν

186 2580 299 2614 κάμινον
322 2581 447 2616 είσῄεσαν
467 2585 491 2612 ο,
516 2580 565 2616 τὴν
590 2582 727 2617 μακαρίαν
755 2583 861 2617 ἐκείνην
893 2582 1020 2617 ἀφιέντες

186 2624 288 2658 φωνὴν,
299 2624 339 2650 ὅτι
355 2624 418 2656 Τοῖς
430 2624 508 2656 θεοῖς
521 2632 579 2651 σου
601 2626 636 2652 οὑ
651 2627 843 2661 λατρεύομεν,
861 2627 909 2654 καί
926 2626 964 2661 τῇ
977 2628 1018 2653 εί-

185 2666 250 2693 κόνι
274 2666 312 2701 τῇ
331 2666 431 2701 χρυσῇ
452 2664 473 2703 ᾖ
489 2667 624 2702 ἐστησας
647 2670 683 2696 οὐ
707 2670 946 2705 προσκυνοῦμεν.
965 2671 1018 2697 Kal

183 2709 284 2744 ταύτην
297 2710 347 2746 οὐχ
368 2710 460 2742 ἁπλῶς
475 2711 587 2746 ἐκίνησα
606 2711 656 2747 τὴν
675 2713 803 2749 ἱστορίαν,
826 2713 882 2740 ἀλλ’
903 2714 946 2740 ἵνα
966 2713 1016 2748 μά-

184 2753 259 2788 θητε,
274 2753 315 2780 ὅτι
329 2753 380 2780 κᾶν
394 2753 478 2790 θυμὸς
521 2755 666 2790 βασιλικὸς,
681 2756 731 2784 κᾶν
745 2757 872 2792 ἐπιϐουλὴ
886 2765 1018 2792 στρατιω-

181 2797 246 2828 τῶν,
263 2796 312 2824 κᾶν
327 2797 421 2832 φθόνος
441 2797 554 2833 ἐχθρῶν,
569 2799 621 2826 κᾶν
633 2800 815 2835 αίχμαλωσία,
833 2800 884 2827 κᾶν
902 2800 1015 2836 ἐρημία,

213 2849 227 2882 ξ
239 2849 285 2882 Alii
297 2850 398 2882 σκληρός
409 2858 452 2882 τις.

212 2878 227 2899 ιι
240 2879 306 2904 Unus
326 2878 366 2911 τῇδ’
376 2881 457 2905 εικόνι.
481 2880 536 2905 Mox
556 2881 603 2905 duo
615 2887 672 2906 mss.
684 2882 803 2914 μυριάδων
820 2883 861 2907 καὶ
872 2883 935 2908 λαῶν
947 2883 1016 2908 ἀπεί-

183 2917 278 2966 pug-Sic
288 2940 362 2966 Savil.
374 2943 401 2967 el
411 2941 505 2973 aliquot
515 2948 573 2967 mss.
588 2940 674 2966 Morel.
686 2948 745 2967 vero
759 2943 842 2974 ᾔεσαν.

1090 189 1142 215 κᾶν
1162 191 1227 226 πῦρ,
1246 192 1297 218 κᾶν
1316 193 1448 228 κάμινος,
1468 194 1520 222 κᾶν
1544 196 1628 232 μυρία
1650 196 1735 228 δεινὰ,
1759 198 1805 225 1M
1824 199 1936 226 δίκαιον

1088 233 1164 260 οὐδὲν
1184 235 1292 278 ἐλῌέγξαι
1317 237 1377 263 οὐδὲ
1402 238 1519 272 φοϐῆσαι
1540 239 1693 275 δυνήσεται.
1719 241 1750 268 El
1775 242 1842 278 γὰρ,
1865 243 1935 269 ἔνθα

1090 277 1189 314 ἀσεϐὴς
1205 276 1239 314 ἦν
1255 280 1269 306 6
1286 279 1421 314 βασιλεὺς,
1432 282 1481 308 οὐκ
1493 283 1680 320 ἐξεπλάγησαν
1693 286 1716 312 οί
1730 276 1870 314 νεανίσκοι
1885 287 1935 313 τὸν

1088 321 1136 347 τοῦ
1159 322 1289 356 τυράννου
1304 322 1387 358 θυμὸν
1405 324 1474 360 [56],
1490 326 1578 361 πολλῷ
1599 327 1697 362 μᾶλλον
1716 329 1790 364 ἡμᾶς
1814 330 1934 365 θαρῤεῖν

1089 366 1151 402 χρὴ,
1169 366 1358 402 φιλάνθρωπον
1372 369 1418 395 xal
1434 370 1537 404 ἥμερον
1555 370 1665 405 ἔχοντας
1684 372 1804 406 βασιλέα,
1813 373 1861 399 xal
1879 373 1934 407 χά-

1090 419 1132 446 ριν
1149 411 1247 437 είδέναι
1258 411 1296 446 τῷ
1309 411 1367 446 Θεῷ
1379 412 1428 447 τῆς
1441 413 1555 446 θλίψεως
1575 415 1684 450 ταύτης,
1703 416 1756 442 ἀπὸ
1774 416 1829 442 τῶν
1850 417 1933 450 εἰρη-

1090 453 1178 488 μένων
1198 455 1341 489 μαθόντας,
1361 456 1402 482 ὄτι
1421 457 1448 482 αί
1468 456 1570 491 θλίψεις
1584 457 1790 494 λαμπροτέρους
1807 459 1931 490 ποιοῦσι,

1088 498 1135 524 καὶ
1154 499 1227 533 παρὰ
1245 498 1314 533 Θεῷ,
1335 499 1383 526 xal
1400 499 1475 536 παρὰ
1493 500 1656 536 ἀνθρώποις,
1670 503 1733 534 τοὺς
1755 502 1861 534 εἰδότας
1879 503 1932 529 αὐ-

1086 541 1136 572 τὰς
1157 542 1249 577 φέρειν
1267 543 1407 576 γενναίως.
1431 544 1486 570 Kal
1506 544 1571 579 γὰρ,
1591 546 1615 572 εί
1642 545 1678 581 μὴ
1702 545 1828 580 ἐγένοντο
1852 544 1931 573 οὗτοι

1086 584 1184 616 δοῦλοι,
1204 586 1254 612 οὑκ
1276 586 1309 613 ἂν
1326 585 1448 622 ἔγνωμεν
1471 587 1560 613 αὐτῶν
1580 587 1628 623 τὴν
1643 588 1816 624 ἐλευθερίαν·
1840 590 1865 615 εἰ
1890 590 1929 624 μὴ

1086 628 1254 662 αίχμάλωτοι
1271 629 1403 663 ἐγένοντο,
1423 630 1472 656 οὐκ
1493 630 1525 656 ἂν
1541 630 1630 657 αὐτῶν
1651 631 1789 666 ἐμάθομεν
1815 633 1867 668 τὴν
1883 633 1930 658 εύ-

1086 672 1193 705 γὲνειαν
1206 673 1254 708 τῆς
1263 673 1352 708 ψυχῆς
1361 681 1368 689 ο
1379 674 1402 700 εί
1414 674 1451 709 μὴ
1462 674 1511 708 τῆς
1526 674 1601 701 κάτω
1613 675 1740 710 πατρίδος
1756 676 1891 708 ἐξέπεσον
1903 676 1928 709 ἀ,

1086 715 1136 742 οὐκ
1149 715 1181 742 ἂν
1194 716 1315 751 ἔγνωμεν
1332 717 1381 752 τῆς
1401 717 1457 744 ἄνω
1478 718 1614 750 πολιτείας
1627 719 1716 746 αὐτῶν
1737 719 1787 755 τὴν
1803 721 1910 755 ἀρετήν
1920 729 1927 736 ·

1086 759 1110 786 εί
1136 759 1172 794 μὴ
1195 760 1315 795 ὠργίσθη
1336 761 1427 792 αὐτοῖς
1448 763 1462 788 6
1485 763 1514 788 ἐν
1536 764 1567 797 τῇ
1589 764 1624 797 γῇ
1647 761 1787 797 βασιλεὺς,
1817 764 1868 791 οῦκ
1894 764 1929 791 ἂν

1086 805 1223 840 ἐμάθομεν
1239 805 1287 841 τὴν
1305 805 1420 838 εὔνοιαν,
1434 806 1466 842 ἣν
1488 803 1545 842 εἷχε
1564 807 1629 843 περὶ
1650 808 1748 839 αὐτοὺς
1765 809 1779 835 6
1803 809 1928 844 ἐπουρά-

1086 857 1141 880 νιος
1157 849 1291 883 βασιλεύς.

1122 896 1152 919 ε’.
1162 893 1216 919 Καὶ
1234 894 1266 920 σὺ
1280 894 1369 920 τοίνυν
1379 894 1426 920 ἐὰν
1437 893 1500 929 ἔχῃς
1513 895 1616 920 ἐκεῖνον
1629 894 1741 930 εὐμενῆ,
1755 894 1807 921 κᾶν
1819 895 1859 927 εἰς
1877 895 1923 922 κά-

1087 944 1162 970 μινον
1175 936 1306 973 ἐμπέσῃς,
1322 937 1359 972 μὴ
1380 937 1520 972 ἀπογνῷς·
1536 937 1629 973 ὥσπερ
1649 937 1681 964 ἂν
1702 938 1856 973 όργίζηται,
1873 938 1927 964 κᾶν

1084 981 1113 1007 ἐν
1124 981 1279 1016 παραδείσῳ
1292 979 1334 1018 ᾖς,
1352 981 1389 1017 μὴ
1406 981 1556 1017 θαρῤήσῃς.
1571 982 1625 1008 Καὶ
1644 982 1698 1017 γὰρ
1719 983 1747 1008 ἐν
1764 983 1927 1018 παραδείσῳ

1083 1022 1118 1059 ἦν
1137 1025 1152 1051 6
1176 1024 1268 1060 Ἀδὰμ,
1286 1026 1334 1052 καὶ
1358 1025 1452 1061 ἐπειδὴ
1472 1026 1538 1052 Θεὸν
1559 1025 1747 1061 παρὼργισεν,
1762 1026 1840 1052 οὐδὲν
1851 1026 1926 1060 ὠφέ-

1084 1067 1165 1102 λησεν
1179 1070 1193 1095 ό
1209 1068 1385 1103 παράδεισος·
1405 1070 1435 1095 ἐν
1455 1069 1562 1104 καμίνῳ
1580 1067 1649 1105 ἦσαν
1664 1067 1746 1102 οὗτοι,
1763 1071 1810 1096 καὶ
1827 1070 1924 1105 ἐπειδὴ

1084 1111 1276 1147 εὐδοκίμησαν,
1290 1113 1366 1139 οὐδὲν
1380 1112 1495 1147 ἔϐλαψεν
1508 1114 1524 1148 ἡ
1536 1113 1663 1149 κάμινοςσ
1677 1114 1706 1140 ἐν
1719 1113 1879 1149 παραδείσῳ
1891 1111 1925 1149 ἦν

1082 1157 1097 1183 ό
1117 1157 1211 1193 Ἀδὰμ,
1235 1158 1282 1184 καὶ
1298 1157 1391 1193 ἐπειδὴ
1412 1159 1532 1194 ῥᾴθυμος
1548 1157 1592 1194 ἦν,
1612 1159 1810 1195 ὑπεσκελίσθη·
1833 1161 1862 1186 ἐν
1878 1169 1923 1187 κο-

1084 1200 1151 1236 πρίξι
1166 1201 1283 1236 ἐκάθητο
1297 1203 1311 1228 ὁ
1331 1201 1402 1234 Ἰὼϐ,
1418 1203 1464 1229 xal
1478 1203 1570 1238 ἐπειδὴ
1585 1203 1694 1238 ἕνηφεν,
1709 1204 1830 1238 ἐκράτει.
1849 1205 1924 1230 Καί-

1082 1251 1123 1269 τοι
1138 1243 1213 1278 πόσῳ
1230 1244 1341 1278 βελτίων
1357 1245 1518 1280 παράδεισος
1530 1246 1662 1280 κοπρίαςί
1685 1246 1740 1272 ἀλλ’
1761 1246 1839 1273 οὐδὲν
1851 1246 1925 1281 ὠφέ-

1083 1285 1163 1320 λησεν
1180 1288 1196 1322 ἡ
1213 1288 1297 1323 ἀρετὴ
1310 1287 1357 1314 τοῦ
1369 1289 1469 1323 χωρίου
1484 1289 1529 1315 τὸν
1541 1289 1704 1316 ἐκακοῦντα.
1719 1290 1812 1326 ἐπειδὴ
1832 1290 1923 1326 προῦ-

1081 1331 1166 1357 δωκεν
1182 1331 1275 1358 ἐαυτὸν
1286 1333 1387 1364 ἐκεῖνος
1399 1340 1405 1346 ·
1419 1332 1513 1368 ὥσπερ
1524 1330 1570 1359 οὖν
1585 1333 1660 1360 οὐδὲν
1676 1333 1792 1367 ἔϐλαψεν
1807 1335 1824 1368 ἡ
1842 1335 1923 1360 εὐτέ-

1081 1374 1142 1401 λεια
1157 1374 1203 1401 τοῦ
1222 1375 1305 1402 τόπου
1319 1375 1364 1402 τὸν
1384 1377 1468 1411 ἀρετῇ
1488 1376 1618 1403 πάντοθεν
1635 1377 1845 1412 τετειχισμένον.
1864 1379 1922 1404 Καὶ

1082 1418 1161 1452 ἡμεῖς
1179 1418 1267 1445 τοίνυν
1289 1419 1338 1454 τὴν
1360 1419 1448 1455 ψυχὴν
1466 1419 1679 1455 ἀσφαλισὼμεθα
1692 1421 1741 1456 τὴν
1762 1422 1920 1456 ἡμετέραν·

1081 1461 1132 1488 κᾶν
1145 1461 1199 1497 γάρ
1213 1461 1299 1497 ζημία
1311 1463 1459 1498 χρημάτων
1475 1463 1548 1499 ἐπίῃ,
1563 1463 1613 1490 κᾶν
1630 1464 1754 1496 θάνατος,
1765 1465 1815 1500 τὴν
1827 1465 1856 1491 δέ
1875 1465 1922 1491 τὺ-

1083 1506 1188 1532 σέϐειαν
1209 1507 1302 1541 μηδεὶς
1320 1508 1395 1542 ἡμᾶς
1415 1507 1564 1543 ἀφέληται,
1586 1508 1788 1544 μακαριώτεροι
1808 1509 1920 1535 πάντων

1081 1549 1173 1584 ἐσμέν.
1190 1550 1274 1577 Τοῦτο
1284 1551 1330 1577 xal
1347 1552 1361 1577 6
1375 1551 1491 1586 Χριστὸς
1502 1551 1634 1584 ἐπέταξεν
1651 1558 1661 1571 ε
1676 1552 1770 1579 εἰπών·
1788 1553 1920 1579 Γίνεσθε

1080 1591 1136 1620 οὖν
1152 1594 1287 1628 φρόνιμοι
1308 1595 1348 1627 ὡς
1364 1597 1391 1621 οἱ
1417 1595 1508 1629 ἄξεις.
1534 1595 1665 1631 Καθάπερ
1679 1596 1733 1631 γὰρ
1757 1597 1861 1628 ἐκεῖνος
1888 1596 1920 1622 τό

1080 1637 1170 1664 λοιπὸν
1184 1639 1306 1673 προΐεται
1327 1639 1398 1666 ἅπαν
1416 1640 1504 1674 σῶμα,
1521 1639 1590 1666 ὥστε
1611 1639 1742 1666 διασῶσαι
1765 1640 1815 1675 τὴν
1832 1649 1920 1674 κεφα-

1080 1680 1144 1716 λήν·
1164 1681 1235 1708 οὕτω
1257 1682 1302 1709 καὶ
1322 1683 1365 1715 σὺ,
1389 1683 1439 1709 xiv
1460 1684 1598 1718 χρήματα,
1616 1684 1666 1710 κᾶν
1686 1684 1775 1719 σῶμα,
1793 1685 1846 1710 κᾶν
1866 1685 1920 1719 τὴν

1080 1724 1218 1760 παροῦσαν
1234 1725 1316 1761 ζωὴν,
1331 1726 1382 1752 xiv
1403 1727 1490 1753 πάντα
1509 1727 1639 1762 προέσθαι
1657 1727 1714 1762 δέῃ,
1734 1727 1804 1754 ὣστε
1824 1728 1919 1762 διατη-

1081 1769 1162 1804 ρῆσαι
1177 1768 1225 1805 τὴν
1242 1769 1381 1796 εὐσέϐειαν
1391 1791 1398 1803 ,
1412 1769 1448 1805 μὴ
1462 1770 1571 1805 ἀθύμει.
1587 1771 1634 1796 Ἂν
1649 1771 1702 1806 γάρ
1724 1771 1831 1806 ἐκείνην
1845 1771 1917 1806 ἔχων

1079 1812 1209 1847 ἀπέλθῃς,
1226 1812 1314 1839 πάντα
1336 1821 1375 1839 σοι
1397 1813 1464 1847 μετὰ
1485 1813 1605 1844 πλείονος
1619 1813 1752 1840 ἀποδώσει
1773 1814 1823 1848 τῆς
1845 1814 1917 1849 λαμ-

1081 1855 1212 1890 πρότητος
1223 1856 1237 1882 ὁ
1250 1856 1325 1888 Θεὸς,
1340 1856 1387 1882 xal
1404 1856 1434 1882 τὸ
1448 1856 1527 1891 σῶμα
1541 1856 1610 1892 μετά
1622 1856 1743 1892 μείζονος
1754 1857 1832 1892 δόξης
1847 1858 1916 1884 ἀνα-

1080 1899 1173 1934 στήσει
1187 1899 1276 1931 πάλιν,
1292 1900 1339 1926 καὶ
1360 1900 1421 1926 ἀντὶ
1440 1900 1587 1935 χρημάτων
1607 1900 1640 1927 τὰ
1658 1901 1747 1935 ἀγαθά
1762 1901 1796 1928 τὰ
1821 1902 1916 1928 πᾶσαν

1079 1942 1274 1978 ὑπερϐαίνοντα
1294 1943 1372 1977 λόγου
1389 1943 1511 1978 δύναμιν.
1535 1944 1601 1979 οὐχὶ
1617 1945 1718 1978 γυμνὸς
1734 1945 1780 1970 ἐπὶ
1796 1944 1847 1979 τῆς
1866 1953 1914 1971 κο-

1079 1986 1161 2021 πρίας
1187 1987 1303 2022 ἐκάθητο
1329 1988 1343 2013 6
1364 1987 1433 2017 Ἰὼϐ,
1451 1988 1554 2023 μυρίων
1574 1988 1695 2015 θανάτων
1717 1988 1914 2023 χαλεπωτέραν

1079 2030 1220 2065 ὑπομένων
1240 2030 1329 2066 ζωὴν;
1345 2031 1414 2057 Ἀλλ’
1435 2031 1527 2066 ἐπειδὴ
1551 2031 1599 2067 τὴν
1625 2032 1766 2059 εὐσέϐειαν
1786 2033 1838 2058 οὐκ
1859 2034 1915 2060 ἀπ-

1078 2073 1168 2105 έϐαλε,
1184 2074 1270 2101 πάντα
1294 2073 1361 2109 μετά
1383 2074 1502 2106 πλείονος
1519 2075 1593 2108 αὐτῷ
1610 2075 1743 2110 ἐπανῆλθε
1762 2075 1812 2110 τῆς
1833 2085 1913 2111 περι-

1077 2117 1171 2148 ουσίας
1185 2117 1220 2143 τὰ
1232 2117 1361 2154 πρότερα,
1374 2118 1500 2153 σώματος
1512 2119 1589 2152 ὑγεία
1603 2120 1649 2146 xal
1665 2119 1770 2150 κάλλος,
1784 2119 1840 2145 τῶν
1853 2119 1914 2146 παί-

1076 2159 1129 2186 δων
1141 2161 1156 2186 ό
1168 2159 1246 2195 χορὸς
1257 2161 1339 2192 ἄπας,
1354 2162 1388 2187 τὰ
1403 2162 1539 2197 κτήματα,
1555 2163 1601 2189 καὶ
1620 2163 1651 2188 τὸ
1668 2162 1700 2198 δὴ
1718 2163 1809 2198 μεῖζον
1824 2163 1912 2190 ἀπάν-

1076 2212 1140 2235 των,
1157 2205 1171 2230 6
1187 2204 1310 2240 λαμπρὸς
1324 2205 1374 2240 τῆς
1393 2205 1529 2241 ὑπομονῆς
1546 2206 1685 2240 στέφανος.
1706 2207 1841 2242 Καθάπερ
1856 2207 1912 2242 γάρ

1076 2248 1122 2274 ἐπὶ
1139 2247 1193 2275 τῶν
1210 2248 1324 2283 δένδρων
1340 2249 1454 2283 γίνεται,
1468 2250 1519 2276 κᾶν
1537 2250 1582 2276 τὸν
1599 2250 1704 2286 καρπόν
1720 2259 1760 2282 τις
1776 2251 1910 2287 ἀφέληται

1077 2291 1146 2325 μετὰ
1167 2292 1220 2318 τῶν
1240 2292 1356 2327 φύλλων,
1377 2293 1429 2320 κᾶν
1447 2294 1509 2324 τοὺς
1534 2293 1647 2326 κλάδους
1668 2295 1770 2326 πάντας
1794 2295 1909 2331 ἐκκόψῃ.

1074 2335 1124 2370 τῆς
1138 2335 1215 2370 ῥίζης
1233 2336 1375 2371 μενούσης,
1398 2337 1541 2372 ὁλόκληρον
1558 2338 1605 2364 xal
1626 2338 1695 2373 μετά
1720 2338 1843 2370 πλείονος
1864 2340 1909 2365 ἁν-

1077 2378 1182 2406 ίσταται
1195 2379 1245 2415 τῆς
1267 2381 1433 2415 εὐπρεπείας
1453 2381 1483 2407 τὸ
1506 2381 1625 2418 δένδρον’
1647 2382 1718 2409 οὕτω
1744 2382 1776 2418 δὴ
1797 2383 1846 2410 καὶ
1867 2384 1909 2418 ἐφ’

1074 2421 1162 2457 ἡμῶν,
1179 2422 1258 2458 ὲάνὴ
1278 2423 1339 2458 ῥίζα
1354 2424 1421 2460 μένῃ
1437 2426 1486 2460 τῆς
1509 2425 1658 2459 εὐσεϐείας,
1681 2426 1733 2453 κᾶν
1756 2428 1770 2452 6
1793 2426 1910 2459 πλοῦτος

1073 2466 1225 2502 ἀφαιρεθῇ,
1245 2466 1295 2493 κᾶν
1313 2467 1343 2494 τὸ
1363 2467 1442 2503 σῶμα
1464 2468 1609 2504 διαφθαρῇ,
1632 2470 1718 2496 πάντα
1740 2469 1820 2497 πάλιν
1839 2472 1908 2505 μετὰ

1075 2509 1196 2544 μείζονος
1211 2512 1275 2546 ἡμῖν
1293 2512 1414 2538 ἐπάνεισι
1433 2512 1482 2546 τῆς
1501 2512 1589 2547 δόξης.
1608 2514 1701 2540 Πᾶσαν
1716 2513 1806 2540 τοίνυν
1829 2515 1907 2550 μέρι-

1074 2561 1142 2587 μναν
1152 2553 1201 2589 τῆς
1210 2553 1297 2590 ψυχῆς
1312 2555 1470 2587 ἐκϐαλόντες
1480 2556 1527 2582 xal
1541 2556 1668 2591 φροντίδα
1683 2557 1824 2592 περιττὴν,
1840 2558 1907 2592 προς

1073 2596 1184 2628 ἑαυτοὺς
1197 2597 1397 2632 ἐπανέλθωμεν,
1411 2599 1456 2625 xal
1472 2599 1502 2625 16
1517 2599 1606 2633 σῶμα,
1622 2600 1669 2626 xal
1684 2600 1732 2635 τὴν
1746 2600 1836 2636 ψυχὴν
1847 2601 1907 2627 καλ-

1072 2638 1234 2674 λωπίσωμεν
1254 2640 1293 2676 τῷ
1314 2641 1407 2676 κόσμῳ
1426 2641 1476 2676 τῆς
1499 2643 1609 2678 ἀρετῆς,
1629 2643 1699 2669 ὅπλα
1722 2643 1904 2679 δικαιοσύνης,

1072 2681 1140 2708 ἀλλὰ
1152 2682 1190 2717 μὴ
1203 2683 1273 2710 ὅπλα
1285 2685 1421 2720 ἁμαρτίας
1435 2686 1469 2711 τά
1480 2686 1546 2721 μέλη
1561 2686 1605 2712 τοῦ
1622 2686 1746 2721 σώματος
1760 2687 1840 2722 ἡμῶν
1857 2696 1905 2714 κα-

1071 2726 1298 2758 τασκευάζοντεςο
1312 2728 1358 2754 xal
1380 2729 1486 2764 πρῶτον
1505 2729 1631 2756 ἁπάντων
1649 2731 1698 2764 τὴν
1711 2730 1767 2766 [57]
1781 2731 1904 2764 γλῶτταν

1071 2768 1258 2804 παιδεύσωμεν
1272 2768 1341 2797 εἶναι
1354 2771 1476 2798 διάκονον
1487 2773 1534 2808 τῆς
1549 2773 1596 2799 τοῦ
1610 2773 1761 2808 πνεύματος
1783 2773 1902 2809 χάριτος,

1070 2811 1158 2838 πάντα
1176 2812 1213 2838 ἰὸν
1230 2813 1277 2839 καὶ
1292 2815 1423 2850 πονηρίαν
1445 2816 1477 2842 ἐκ
1497 2816 1543 2842 τοῦ
1567 2816 1699 2851 στόματος
1717 2816 1902 2850 ἐκϐάλλοντες,

1070 2855 1116 2880 καὶ
1137 2856 1266 2890 ῥημάτων
1284 2858 1403 2893 αἰσχρῶν
1423 2859 1547 2894 μελέτην.
1567 2860 1621 2886 Καὶ
1643 2860 1697 2897 γὰρ
1719 2861 1799 2895 ἡμεῖς
1820 2861 1904 2897 ἐσμεν

1100 2914 1113 2933 d
1126 2917 1238 2946 Quinque
1251 2923 1308 2941 mss.
1322 2918 1442 2946 ἐξέπεσαν.

1102 2947 1113 2962 ο
1129 2945 1355 2979 υυιιεπροσέταξεν.
1372 2949 1425 2974 Mox
1437 2951 1533 2982 quidam
1547 2959 1602 2977 mss.
1617 2955 1650 2983 ἀς
1661 2955 1674 2978 ό
1687 2954 1746 2983 ιρις-
