1984 3110
162 111 201 139 65
648 115 693 144 ΑΙ)
712 113 873 142 POPULUM
892 113 966 142 ANTI

1020 112 1145 140 llENUM.
1168 113 1281 140 HOMIL.
1300 114 1342 141 ιγ.
1776 125 1813 152 66

160 174 225 208 ignis
238 173 366 199 ardentem
400 170 486 208 (Dan.
503 171 531 200 3.
545 171 618 207 4-6).
632 171 726 198 Vidisti
747 178 826 206 quam
845 170 962 198 diftlcilia

161 219 304 247 certamina
316 222 408 252 parata
418 218 486 250 sint,
498 223 526 246 et
540 223 605 253 quot
617 217 769 244 insidiatum
779 217 962 251 necessitates,

161 273 240 301 quam
252 263 381 300 profunda
395 272 507 299 vorago,
523 269 549 292 ct
560 264 732 299 przeeipitium
746 263 895 298 utrimque?
910 263 963 291 Sed

161 319 197 340 ne
218 311 359 339 timueris:
380 315 483 346 quanto
505 310 590 346 magis
606 309 817 337 machinamenta
841 308 963 336 inimicus

161 357 281 390 auxerit,
306 361 381 384 tanto
403 357 488 391 magis
502 362 643 390 puerorum
658 354 839 381 fortitudinem
853 354 964 381 demon-

163 406 242 430 strat.
261 402 323 430 Ideo
335 402 407 429 enim
423 406 461 429 tot
475 401 638 429 musicorum
653 404 798 428 concentus
809 421 815 432 ,
841 399 902 426 ideo
918 407 963 426 ca-

163 449 255 476 minus
274 447 385 480 ardens,
408 452 436 474 nt
452 452 479 474 et
498 447 619 482 voluptas
639 451 666 474 et
684 447 763 473 timor
781 446 962 472 assistentium

163 495 269 521 animas
282 494 426 521 obsideret.
440 494 526 528 Asper
547 493 708 520 adstantium
722 492 852 527 quispiam
866 497 916 523 est,
937 496 964 518 et

165 539 285 575 rigidus?
310 539 411 567 Molliat
425 540 522 574 ipsum,
547 538 642 573 inquit,
665 537 801 565 delectans
818 537 964 564 omnisona:

166 587 276 613 musica:
288 585 413 613 melodia.
427 585 480 613 Sed
493 585 534 612 his
544 584 646 612 insidiis
661 583 782 618 superior
792 582 852 610 est?
866 586 964 610 terreat

166 637 193 660 et
208 632 338 667 percellat
350 631 463 658 flamma:
477 635 611 665 aspectus.
628 629 662 656 Et
676 634 734 656 erat
755 628 834 656 timor
845 632 871 655 et
888 627 964 654 volu-

169 684 238 712 ptas,
248 677 308 705 hmc
318 685 365 711 per
374 684 464 709 aures,
478 676 523 703 ille
536 683 584 711 per
595 675 687 702 oculos
697 674 793 701 anima:
804 673 960 708 subrepens.

169 723 360 751 Verumtamen
371 721 628 749 adulescentulorum
643 721 747 748 illorum
757 720 964 754 generositatem

170 769 265 796 horum
286 767 352 795 nihil
376 766 529 802 superavit;
553 766 602 793 sed
625 765 694 792 sicut
707 765 732 792 in
752 765 839 800 ignem
853 763 963 799 projecti

169 814 305 841 ﬂammam
329 813 459 845 vicerunt,
486 812 525 839 sic
546 818 653 838 onmem
675 809 916 845 concupiscentiam
937 813 966 836 ct

169 860 330 887 anxietatem
344 858 504 886 deriserunt.
516 856 579 884 [hec
589 856 660 883 enim
671 855 759 883 omnia
774 859 881 889 pmpter
893 854 965 889 ipsos

170 905 292 932 diabolus
306 907 501 939 praeparaverat
516 911 523 930 :
539 909 592 929 non
605 901 676 929 enim
689 901 722 928 de
736 899 848 927 subditis
861 899 966 926 dubita-

171 951 224 984 bat,
243 951 292 978 sed
307 950 394 985 potius
409 949 522 976 multum
535 948 696 980 conﬁdebat,
712 947 813 974 nullum
832 946 902 981 regis
914 946 965 981 legi

169 1002 378 1032 repngnaturum
389 1003 448 1023 esse
461 1004 467 1022 :
477 998 614 1030 postquam
624 1002 687 1022 vero
695 993 849 1021 ceciderunt
861 1000 964 1026 onmes,

168 1047 196 1070 ct
218 1042 283 1070 victi
295 1046 370 1074 sunt,
391 1046 454 1068 tunc
473 1041 500 1068 in
513 1040 629 1067 medium
643 1039 718 1074 pueri
737 1039 785 1066 soli
797 1043 921 1073 aguntur,
938 1043 967 1066 ut

169 1089 209 1116 sic
222 1095 331 1123 quoque
351 1087 461 1114 victoria
485 1086 529 1113 fiat
543 1085 650 1117 clarior,
665 1093 724 1112 cum
740 1085 766 1111 in
783 1089 854 1112 tanta
875 1084 966 1111 multi-

169 1135 262 1162 tudine
277 1134 327 1169 ipsi
340 1134 457 1165 vincant,
478 1136 506 1160 et
520 1133 634 1159 victores
649 1131 834 1158 renunticntur
852 1140 860 1158 :
880 1139 967 1166 neque

169 1181 241 1208 enim
259 1185 312 1207 tau]
327 1179 449 1206 mirabile
459 1178 561 1211 fuisset,
574 1177 596 1205 si
610 1176 682 1204 nullo
696 1177 873 1211 supplantato.
888 1176 967 1212 pritni

169 1225 283 1252 viriliter
295 1225 421 1260 egissent.
447 1224 505 1251 Hoc
527 1227 614 1250 autem
639 1222 783 1249 maximum
800 1226 827 1249 et
845 1222 967 1249 mirabile

170 1276 223 1303 est,
234 1271 306 1305 quod
319 1269 470 1297 cadentium
484 1268 626 1295 multitudo
639 1268 711 1302 ipsos
725 1275 777 1294 non
793 1267 897 1300 terruit,
913 1275 967 1294 non

171 1317 261 1344 solvit.
286 1316 343 1343 Non
366 1316 435 1343 intra
455 1322 485 1343 se
503 1315 556 1342 tale
570 1314 632 1349 quid
654 1314 791 1346 dixerunt,
806 1313 877 1348 quod
891 1312 966 1340 multi

170 1370 244 1398 sa-pe
263 1362 354 1390 dicere
377 1365 573 1389 consueverunt
588 1369 594 1386 :
608 1360 635 1388 Si
656 1360 732 1395 primi
757 1366 806 1386 nos
826 1359 966 1394 imaginem

171 1409 356 1439 adoraremus,
372 1407 398 1434 id
414 1412 550 1442 peccatum
562 1409 649 1438 esset;
666 1405 688 1432 si
704 1413 767 1432 vero
779 1413 840 1433 cum
856 1408 895 1432 tot
909 1404 968 1432 mil-

171 1455 241 1482 libus
256 1455 308 1482 hoc
325 1454 465 1486 faciamus,
482 1453 539 1488 quis
553 1452 655 1480 veniant
670 1459 722 1479 non
735 1451 829 1479 dabit?
847 1452 905 1487 quis
919 1459 968 1479 ex-

173 1500 312 1527 cusatione
323 1499 418 1534 dignos
430 1507 483 1526 non
502 1497 620 1526 censebit
633 1498 644 1525 ?
660 1497 712 1525 Sed
724 1497 791 1524 nihil
805 1497 842 1524 illi
857 1497 908 1525 tale
923 1501 968 1524 aut

173 1546 308 1576 dixerunt,
330 1549 376 1571 aut
398 1545 596 1578 cogitaverunt,
622 1548 661 1571 tot
683 1549 855 1579 tyrannorum
878 1543 968 1577 lapsus

173 1593 270 1619 intuiti.
286 1592 325 1618 Tu
339 1599 402 1618 vero
424 1590 490 1618 mihi
510 1596 536 1618 et
555 1590 773 1618 calumniantium
798 1589 870 1624 ipsos
889 1589 968 1616 mali-

173 1639 300 1673 gnitatem
314 1637 466 1669 considera,
482 1642 508 1664 et
521 1645 601 1672 quam
615 1636 734 1671 improbe
749 1640 776 1663 et
789 1635 884 1663 acerbe
897 1635 968 1670 ipsos

174 1683 368 1713 atcusaveriut.
386 1683 466 1715 Sunt,
480 1683 573 1717 inquit,
582 1683 629 1709 viri
639 1682 735 1714 Judwi,
747 1689 809 1717 quos
819 1681 969 1708 constituisti

174 1739 249 1766 super
262 1736 339 1766 opera
352 1728 464 1764 regionis
476 1728 612 1763 Babylonis
627 1727 706 1764 (Dan.
718 1727 744 1754 5.
755 1726 811 1761 ιε).
825 1726 882 1754 Non
896 1726 967 1754 enim

175 1777 261 1805 solum
281 1779 387 1812 gentem
409 1778 662 1806 commemorarunt,
688 1774 734 1801 Sed
749 1779 777 1802 et
796 1774 925 1801 honorem
941 1773 967 1801 in

175 1824 331 1851 memoriam
352 1825 556 1853 revocaverunt,
576 1825 604 1847 ut
615 1819 683 1855 regis
698 1820 763 1847 iram
779 1819 966 1853 accenderent,

177 1874 277 1897 tantum
305 1876 359 1896 nou
382 1869 502 1895 dicentes
523 1874 532 1893 :
552 1866 666 1897 Servos,
695 1866 801 1892 civitate
828 1869 966 1897 Carentcs,

175 1915 294 1950 captivos
308 1914 444 1949 principes
467 1916 572 1940 nostros
586 1911 688 1944 fecisti;
704 1911 731 1938 hi
747 1919 809 1938 \ero
824 1916 850 1938 et
867 1914 967 1938 tantum

177 1961 304 1988 honorem
317 1959 479 1988 contumelia
492 1959 620 1992 afficiunt,
635 1963 660 1986 ct
674 1959 699 1984 in
712 1965 773 1985 eum
787 1958 830 1991 qui
840 1965 869 1985 se
882 1957 968 1983 hono-

178 2008 253 2039 ravit,
265 2007 414 2034 insolenter
436 2010 526 2041 agunt.
541 2005 603 2032 Ideo
617 2005 718 2036 dicunt,
733 2003 819 2030 ,Ιηάωὶ
831 2011 893 2038 quo:
904 2011 968 2030 con-

176 2051 286 2078 stituisti
296 2059 377 2086 super
386 2059 465 2085 opera
474 2052 585 2086 regionis
595 2051 667 2085 Raby
674 2051 736 2076 'onia
743 2071 749 2079 ,
758 2057 808 2075 non
818 2056 907 2083 purus;
914 2053 961 2074 unt

177 2097 280 2124 decreto
295 2102 352 2130 tuo,
364 2102 390 2124 et
406 2098 458 2124 diis
474 2098 526 2124 tuis
538 2105 591 2124 non
610 2093 832 2128 serriunt.(lt/id.)
847 2092 961 2119 Maxima

176 2142 235 2169 laus
242 2143 393 2173 accusatio.
403 2147 429 2169 ct
436 2143 549 2169 crimina
560 2142 654 2168 laudes
661 2141 767 2171 fiunt,et
777 2138 961 2167 testimonium

179 2188 353 2216 indubitatum
367 2187 481 2215 inimicis
492 2187 577 2221 ipsum
588 2186 795 2221 perhibentibus.
808 2184 875 2219 Quid
891 2185 969 2219 igitur

180 2233 418 2268 rexHussilipsos
431 2233 578 2260 inmedium
594 2232 646 2266 agi,
661 2237 690 2258 ut
705 2231 776 2266 ipsus
790 2231 904 2265 undique
916 2235 970 2257 ter-

180 2284 258 2307 reret.
269 2279 321 2306 Sed
334 2279 400 2306 nihil
412 2279 470 2305 illos
480 2277 668 2310 consternavit,
683 2285 734 2304 non
746 2277 815 2312 regis
824 2277 905 2309 furor,
914 2283 968 2303 non

179 2325 248 2360 quod
267 2326 317 2352 soli
338 2325 365 2352 in
379 2330 458 2352 tanta:
474 2325 557 2351 turba:
569 2323 655 2351 medio
666 2322 784 2350 dcrelicli
799 2327 899 2356 essent,
915 2329 968 2348 nun

180 2371 246 2405 ignis
258 2374 405 2404 spectatus,
421 2377 472 2396 non
487 2373 610 2396 canentes
623 2368 702 2400 tubae,
721 2375 774 2394 non
789 2375 883 2394 omnes
897 2367 969 2401 ipsos

179 2415 334 2442 ardentibus
347 2414 432 2441 oculis
451 2414 593 2447 intuentes,
607 2413 653 2441 sed
668 2413 724 2440 haec
737 2413 773 2440 illi
792 2413 879 2440 omnia
896 2412 968 2440 deri-

178 2461 282 2492 dentes,
293 2459 461 2494 tamquamiu
469 2459 590 2493 frigidum
606 2465 733 2492 aquarum
748 2458 845 2485 fontem
861 2458 968 2485 mitten-

178 2506 214 2539 di,
230 2506 257 2533 in
271 2506 404 2533 fornacem
418 2505 529 2539 ingressi
539 2508 609 2536 sunt,
620 2503 723 2531 beatam
736 2504 807 2531 illam
817 2505 969 2532 cmittentes

179 2558 271 2577 vocem
287 2559 294 2577 :
309 2549 366 2576 Diis
387 2550 436 2576 tuis
458 2557 507 2575 non
530 2550 660 2580 servimus,
687 2553 709 2575 et
731 2554 840 2575 statuam
853 2557 967 2582 auream,

177 2603 252 2630 quam
267 2594 377 2626 eruisti,
394 2602 444 2620 non
464 2594 600 2620 adoramus
610 2592 688 2629 (Dan.
705 2594 731 2620 5.
748 2593 804 2629 18).
827 2594 900 2621 Hanc
916 2602 967 2621 non

179 2645 280 2666 temere
304 2639 414 2666 recitavi
428 2637 577 2670 historiam,
591 2638 637 2664 sed
651 2642 678 2664 ut
692 2637 810 2671 disratis,
825 2639 894 2674 quod
909 2639 970 2666 licet

179 2686 252 2712 furor
265 2685 346 2712 instet
359 2684 459 2719 regius,
486 2684 535 2710 etsi
552 2683 664 2710 militum
679 2684 791 2716 ins-idne,
819 2685 868 2711 etsi
883 2685 969 2711 inimi-

177 2739 271 2759 Corum
295 2731 418 2763 invidia,
443 2730 492 2757 etsi
519 2730 673 2765 captivitas,
697 2731 746 2757 etsi
774 2731 892 2764 orbitas,
919 2731 968 2758 etsi

177 2778 257 2812 ignis,
271 2777 323 2804 etsi
335 2776 439 2808 tornax,
455 2776 502 2803 etsi
515 2776 652 2802 innumera
666 2776 726 2807 alia,
740 2776 839 2810 justum
852 2777 915 2803 nihil
925 2784 969 2803 su-

175 2831 272 2859 perare
293 2827 340 2850 aut
361 2826 463 2850 terrere
483 2821 589 2857 poterit.
610 2821 638 2850 Si
651 2823 722 2849 enim
744 2823 788 2850 ubi
801 2823 898 2858 impius
911 2828 968 2852 crat

1018 178 1075 203 rex,
1095 177 1148 197 non
1170 169 1379 198 formidaveruut
1400 172 1587 201 adolescentuli
1611 175 1715 210 tyranni
1738 175 1811 202 fmu-

1016 223 1084 247 rcm,
1100 215 1182 243 multo
1193 216 1276 251 magis
1289 224 1337 243 nos
1349 218 1484 246 conlidere
1499 224 1612 254 oportet,
1624 219 1769 248 humanum
1783 226 1811 249 et

1017 262 1107 288 mitem
1131 261 1261 290 habentes
1274 262 1474 297 Imperatorem,
1488 270 1514 292 et
1527 265 1559 293 de
1575 265 1625 293 hac
1640 267 1809 294 tribulatione

1018 308 1072 334 Deo
1082 307 1180 341 gratias
1201 315 1288 342 agere,
1310 316 1344 335 ex
1359 309 1492 343 prmdictis
1502 310 1603 344 doctos,
1621 313 1746 340 terumnis
1760 321 1809 341 nos

1016 352 1143 379 clariores
1162 352 1231 379 effici
1253 357 1280 380 et
1294 353 1364 388 apud
1384 353 1477 386 Deum,
1498 360 1525 382 et
1546 356 1614 391 apud
1638 357 1770 391 homines,
1786 360 1809 386 si

1017 398 1087 432 ipsas
1119 405 1249 432 generose
1276 398 1346 426 ferre
1375 400 1500 427 sciamus.
1535 401 1638 428 Etenim
1664 403 1713 430 nisi
1739 405 1809 431 servi

1016 444 1128 472 fuissent
1150 444 1186 477 hi,
1204 445 1322 478 ipsorum
1335 445 1484 474 libertatem
1504 455 1555 474 non
1569 449 1784 483 cognovissemus
1801 459 1808 477 :

1017 491 1067 517 nisi
1092 491 1188 525 captivi
1212 491 1335 525 fuissent,
1358 500 1410 519 non
1430 500 1522 520 eorum
1545 493 1625 521 animi
1644 495 1808 523 nobilitatem

1016 536 1204 564 didicissemus
1220 546 1226 564 :
1243 537 1292 565 nisi
1313 538 1431 565 inferiori
1456 539 1539 573 patria
1561 540 1731 574 excidissent,
1757 550 1808 569 non

1016 582 1233 617 Cognovissemus
1252 591 1374 619 superine
1384 585 1500 612 civitatis
1515 593 1574 613 esse
1591 586 1708 620 ipsorum
1723 587 1807 615 virtu-

1018 632 1071 655 tem
1089 638 1095 655 :
1112 629 1161 656 nisi
1176 633 1296 657 terrenus
1319 638 1364 658 rex
1386 631 1450 666 ipsis
1471 631 1563 659 fuisset
1579 632 1672 665 iratus.
1694 642 1745 661 non
1761 643 1808 661 au-

1016 674 1148 702 dissemus
1171 676 1396 710 benevolentiam,
1422 685 1501 712 quam
1521 678 1718 717 coalestisdtex
1748 689 1808 715 ιιι-ειη

1017 720 1089 754 ipsos
1105 720 1224 755 gerebat.

1053 765 1079 793 5.
1101 765 1135 792 Et
1148 770 1175 793 tu
1190 767 1270 801 igitur
1284 767 1305 794 si
1317 767 1389 795 illum
1405 767 1562 796 benevolum
1578 769 1686 803 habeas,
1707 770 1769 798 licet
1784 772 1809 798 in

1017 811 1152 839 fornacem
1177 812 1267 846 cadas,
1293 821 1326 841 ne
1346 813 1494 848 desperes:
1511 815 1579 842 sicut
1599 816 1620 843 si
1644 822 1808 849 succenseat,

1017 856 1079 883 licet
1093 856 1119 883 in
1135 857 1258 891 paradiso
1272 858 1319 890 sis,
1334 866 1368 886 ne
1377 859 1506 886 conﬁdas.
1526 859 1633 887 Etenim
1649 861 1674 888 in
1689 862 1810 896 paradiso

1017 906 1075 929 erat
1089 902 1182 935 Adam,
1195 908 1221 930 et
1234 909 1372 938 postquam
1388 905 1469 932 Deum
1490 905 1615 939 irritavit,
1635 906 1699 934 nihil
1715 907 1812 941 profuit.

1017 948 1155 982 paradisus
1169 958 1175 976 :
1193 949 1218 976 in
1235 949 1341 977 fornace
1356 955 1431 978 erant
1446 951 1500 983 isti,
1515 956 1541 978 et
1556 958 1694 987 postquam
1704 961 1734 979 se
1745 953 1811 980 bene

1017 998 1166 1028 gesserunt,
1184 995 1250 1022 nihil
1262 995 1346 1022 obfuit
1359 995 1463 1025 fornax.
1477 996 1505 1023 In
1519 997 1640 1031 paradiso
1649 1003 1705 1024 erat
1714 998 1810 1030 Adam,

1018 1043 1045 1066 et
1059 1039 1120 1074 quia
1136 1040 1226 1074 segnis
1239 1045 1308 1073 erat,
1323 1041 1507 1076 supplautatus
1522 1042 1588 1070 fuit:
1605 1043 1668 1070 timo
1681 1044 1812 1071 insidebat

1017 1083 1088 1118 Job,
1119 1089 1145 1112 et
1172 1085 1234 1120 quia
1258 1086 1403 1121 vigi!abat,
1435 1089 1579 1123 superavit.
1608 1089 1687 1124 Atqui
1712 1095 1811 1124 quanto

1020 1130 1159 1165 paradisus
1181 1136 1222 1159 est
1241 1131 1305 1159 fimo
1327 1133 1442 1160 melior?
1461 1134 1509 1161 sed
1530 1134 1595 1161 nihil
1610 1134 1661 1162 loei
1674 1136 1758 1162 virtus
1771 1136 1812 1162 in—

1018 1175 1147 1203 ltabitanti
1172 1176 1281 1211 profuit,
1302 1183 1441 1213 postquam
1461 1179 1578 1214 seipsum
1604 1180 1648 1207 ille
1672 1181 1809 1215 prodidit:

1018 1221 1086 1248 sicut
1099 1228 1149 1248 nec
1163 1221 1214 1248 loci
1230 1222 1318 1250 vilitas
1332 1223 1430 1251 virtute
1444 1224 1560 1258 undique
1580 1225 1709 1252 munitum
1732 1225 1810 1253 laesit.

1019 1266 1053 1293 Et
1065 1274 1114 1294 nos
1125 1267 1204 1301 igitur
1218 1268 1334 1295 animam
1348 1273 1466 1295 nostram
1482 1270 1652 1297 muniamus:
1667 1271 1723 1298 sive
1740 1271 1812 1298 enim

1019 1314 1191 1348 pecuniarum
1216 1315 1312 1342 mulcta
1334 1315 1482 1349 immineat,
1506 1316 1562 1343 sive
1582 1323 1664 1350 mors,
1687 1317 1812 1351 pietatem

1020 1366 1084 1386 vero
1098 1359 1202 1387 auferat
1216 1368 1305 1393 nemo,
1320 1368 1414 1388 sumus
1425 1362 1548 1389 omnibus
1564 1363 1705 1390 beatiores.
1722 1363 1777 1391 Hoc
1787 1368 1814 1391 et

1019 1404 1141 1432 Christus
1167 1405 1302 1433 mandavit
1325 1406 1416 1434 dicens
1435 1416 1442 1434 :
1468 1407 1557 1434 Estote
1576 1408 1654 1443 igitur
1679 1409 1814 1442 prudenter

1019 1449 1083 1476 sicut
1103 1456 1229 1485 serpentes
1248 1451 1354 1486 (Matth.
1372 1452 1416 1480 it).
1440 1453 1495 1488 16).
1519 1453 1591 1481 Sicut
1603 1454 1673 1481 enim
1689 1455 1734 1483 ille
1752 1456 1814 1483 reli-

1019 1503 1100 1530 quum
1112 1495 1204 1531 objicit
1217 1504 1325 1531 corpus,
1341 1501 1369 1524 ut
1383 1502 1463 1532 caput
1483 1503 1584 1532 servet,
1600 1499 1639 1527 sic
1654 1505 1680 1527 ct
1697 1506 1723 1527 tu
1736 1509 1742 1527 :
1757 1501 1814 1529 sive

1020 1541 1156 1576 pecunias,
1176 1542 1232 1570 sive
1250 1550 1358 1577 corpus,
1380 1543 1436 1571 sive
1455 1550 1615 1579 praesentem
1636 1546 1732 1580 vitam,
1757 1547 1813 1574 sive

1020 1585 1111 1613 omnia
1126 1587 1249 1613 amittere
1264 1593 1396 1621 oporteat,
1409 1592 1436 1615 ut
1451 1588 1575 1623 pietatem
1588 1597 1740 1624 conserves,
1758 1592 1811 1618 indi

1020 1632 1130 1659 tristari.
1145 1631 1173 1660 Si
1187 1633 1258 1660 enim
1274 1633 1345 1660 illam
1366 1634 1465 1661 habens
1480 1635 1646 1670 migraveris,
1663 1639 1751 1664 omna
1767 1638 1812 1665 tibi

1019 1685 1080 1704 cum
1104 1677 1197 1712 majori
1215 1678 1283 1706 Deus
1304 1678 1424 1706 claritate
1446 1680 1584 1713 retribuet,
1602 1687 1628 1708 ct
1642 1689 1738 1716 corpus
1753 1690 1813 1710 cum

1020 1723 1112 1758 majori
1127 1730 1232 1750 rursum
1254 1723 1339 1758 gloria
1359 1725 1490 1758 restituet,
1507 1730 1533 1752 et
1547 1734 1594 1761 pro
1608 1728 1728 1762 pecuniis
1746 1728 1814 1755 bona

1019 1776 1079 1802 qua:
1101 1769 1171 1796 nulla
1194 1768 1336 1796 verborum
1360 1770 1384 1797 vi
1409 1775 1519 1805 possunt
1541 1772 1664 1806 exprimi.
1680 1773 1774 1801 Nonne
1788 1774 1814 1801 in

1021 1814 1083 1841 fimo
1099 1814 1186 1842 nudus
1212 1814 1321 1842 sedebat
1334 1815 1394 1848 Job,
1412 1816 1558 1844 innumeris
1572 1818 1702 1846 mortibus
1711 1820 1815 1854 gravio-

1021 1867 1077 1887 rem
1092 1861 1228 1888 sustinens
1243 1861 1345 1888 vitam?
1360 1861 1413 1889 Sed
1424 1863 1484 1896 quia
1499 1863 1624 1898 pietatem
1639 1872 1692 1892 non
1707 1865 1812 1900 abiecit,

1020 1906 1109 1933 omnia
1134 1913 1195 1933 cum
1219 1906 1313 1942 majori
1336 1907 1411 1942 copia
1436 1908 1540 1936 rediere
1564 1910 1667 1944 priora,
1694 1913 1814 1946 corporis

1021 1952 1119 1979 sanitas
1130 1956 1156 1979 et
1168 1952 1280 1986 species,
1295 1953 1382 1980 omnis
1394 1953 1508 1981 filiorum
1519 1959 1615 1988 emtas,
1631 1957 1814 1990 possessiones

1021 2005 1124 2031 omnes,
1136 2002 1163 2025 et
1177 1997 1248 2033 quod
1260 1999 1378 2026 omnium
1390 2000 1544 2034 maximum,
1559 2002 1696 2036 splendida
1709 2003 1813 2037 patien-

1022 2042 1065 2069 tia:
1079 2050 1188 2070 corona.
1204 2043 1278 2071 Sicut
1292 2044 1364 2072 cnim
1378 2045 1403 2072 in
1414 2045 1553 2073 arboribus
1565 2047 1670 2080 accidit,
1683 2052 1711 2074 ut
1722 2048 1744 2075 si
1755 2049 1815 2083 quis

1022 2087 1135 2116 fructum
1149 2097 1208 2117 cum
1222 2090 1292 2117 foliis
1306 2090 1418 2124 auferat,
1434 2095 1461 2118 ct
1474 2099 1563 2119 ramos
1574 2099 1667 2120 omnes
1683 2098 1813 2128 amputet,

1022 2135 1110 2162 radice
1131 2140 1265 2169 manente,
1283 2140 1336 2164 tota
1348 2144 1408 2164 eum
1423 2136 1517 2171 majori
1532 2137 1611 2165 etiam
1624 2143 1719 2166 ornatu
1734 2139 1815 2168 arbor

1022 2185 1144 2215 resurgat
1158 2189 1165 2208 :
1179 2181 1218 2208 sic
1239 2181 1345 2216 quidem
1365 2186 1392 2209 et
1411 2182 1437 2209 in
1462 2182 1549 2216 nobis,
1573 2184 1595 2210 si
1615 2184 1722 2219 pietatis
1736 2185 1812 2215 radix

1023 2231 1186 2261 permaneat,
1209 2228 1259 2254 etsi
1281 2227 1381 2255 divitias
1400 2227 1564 2263 auferantur,
1587 2233 1615 2257 et
1629 2237 1726 2265 corpus
1750 2238 1813 2258 cor-

1022 2277 1176 2307 rumpatur,
1201 2273 1289 2300 omnia
1313 2281 1405 2301 rursus
1428 2275 1505 2302 nobis
1526 2283 1586 2302 cum
1606 2276 1701 2310 majori
1729 2277 1814 2312 gloria

1023 2317 1144 2344 redeunt.
1158 2318 1269 2345 Omnem
1288 2319 1367 2354 igitur
1385 2319 1481 2347 anima:
1501 2321 1706 2349 sollicitudinem
1728 2329 1754 2350 et
1766 2331 1813 2350 su-

1023 2364 1150 2399 perfluam
1173 2373 1264 2392 curam
1279 2366 1444 2400 abiicientes,
1467 2367 1498 2394 ad
1515 2375 1563 2395 nos
1578 2369 1649 2403 ipsos
1662 2369 1814 2403 redeamus,

1022 2417 1118 2445 eurpus
1124 2415 1150 2438 et
1161 2411 1276 2438 animam
1286 2419 1411 2439 ornemus
1420 2413 1522 2440 virtutis
1530 2419 1697 2448 ornamento,
1706 2415 1814 2450 justitite

1021 2463 1106 2490 arma,
1121 2456 1167 2484 sed
1178 2464 1230 2484 non
1245 2464 1319 2484 arma
1331 2458 1447 2492 peccati;
1464 2459 1582 2494 corporis
1597 2460 1680 2487 nostri
1695 2461 1814 2488 membra

1022 2503 1198 2531 exhibentes:
1214 2507 1241 2530 et
1260 2508 1322 2531 ante
1342 2504 1431 2531 omnia
1454 2504 1570 2539 linguam
1591 2509 1620 2532 ut
1634 2505 1655 2532 si
1670 2506 1814 2540 spiritualis

1022 2549 1113 2583 gratia:
1127 2549 1247 2576 ministra
1261 2549 1439 2583 instituamus,
1452 2557 1531 2578 omne
1539 2550 1611 2578 virus
1625 2555 1652 2578 et
1665 2551 1815 2586 malignita—

1024 2599 1076 2621 tem
1091 2602 1123 2622 ex
1137 2602 1184 2622 ore
1203 2594 1374 2630 projicientes
1395 2600 1422 2623 et
1438 2596 1553 2631 turpium
1572 2597 1713 2624 verborqu
1727 2597 1813 2624 medi-

1024 2640 1161 2667 tationem.
1173 2640 1277 2667 Etenim
1288 2641 1313 2667 in
1327 2645 1417 2668 nostra
1434 2645 1565 2675 potestate
1578 2645 1630 2674 est,
1644 2642 1814 2677 unumquod-

1023 2693 1074 2720 que
1086 2685 1264 2712 mcmbrorum
1277 2690 1427 2713 nostrorum
1440 2687 1496 2714 sive
1510 2687 1626 2720 malitia),
1641 2688 1814 2722 sivejustitiat

1024 2732 1228 2758 instrumentum
1244 2731 1339 2758 facere.
1355 2731 1424 2758 Audi
1446 2731 1524 2767 igitur
1538 2733 1671 2767 quomodo
1686 2733 1812 2768 linguam,

1023 2778 1049 2806 hi
1069 2778 1175 2813 quidem
1200 2779 1312 2812 peccati,
1336 2778 1372 2805 illi
1389 2786 1454 2805 vero
1466 2779 1574 2813 jnstitia:
1595 2786 1668 2806 arma
1683 2778 1811 2808 fecerunt.

1025 2822 1124 2859 Lingua
1145 2823 1255 2858 ipsarum
1280 2823 1379 2859 gladius
1400 2829 1490 2852 acum:
1512 2823 1596 2859 (l’sal.
1620 2824 1664 2852 56.
1679 2824 1716 2860 5].
1740 2825 1814 2852 Alter
