1984 3110
163 181 195 208 ὑί)
630 176 674 203 ΑΒ
695 172 854 202 POPULU.“
875 168 1119 199 ANTIOCIIENUM
1152 168 1264 196 llOillL
1286 168 1312 195 ν.
1774 166 1809 194 70

165 245 212 273 que
220 236 283 272 regii
295 241 408 271 aspectu
427 235 530 262 nullum
539 235 588 262 erit
602 233 782 269 spectantibus
793 232 905 261 lucrum,
917 226 964 255 scd

168 282 318 317 temporalis
331 282 477 309 dumtaxat
490 281 644 313 delectatio,
661 279 759 306 nullam
780 277 881 304 habens
894 275 966 302 utili-

167 334 243 356 talem
260 335 314 355 :ex
329 327 393 354 ﬁmo
412 327 465 354 Job
487 331 575 354 autem
586 326 654 358 viso,
673 331 780 352 omnem
803 322 863 358 quis
879 321 967 356 capiet

169 375 322 407 utilitatem,
337 378 364 401 et
374 373 544 408 disciplinam
560 372 670 399 multam
682 392 689 403 ,
711 375 738 397 et
751 367 965 397 exhortationem

166 421 197 448 ad
212 420 349 455 patientia:
360 420 505 447 rationem.
526 419 616 453 Itaque
631 416 706 444 tntilli
727 423 798 443 nunc
819 415 925 449 longam
940 417 968 440 et

168 467 373 494 transmarinam
409 465 648 501 peregrinationem
672 471 687 490 a
714 468 792 490 terra:
815 461 911 489 ﬁnibus
940 461 967 488 in

170 515 295 542 Arabiam
317 513 490 549 suscipiunt,
521 517 551 540 ut
578 513 667 539 ﬁmum
683 511 756 538 illum
784 513 913 540 cernant,
941 511 969 535 et

170 560 317 595 conspicati
331 564 431 587 terram
451 558 657 590 deosculentur,
684 563 743 591 qua:
766 555 837 582 illius
859 553 968 581 victoris

170 607 316 634 certamina
332 610 359 633 et
372 613 495 633 cruorem
510 604 581 632 omni
594 610 660 631 auro
676 602 860 637 pretiosiorem
874 607 968 626 susce-

172 654 208 688 pit
223 652 272 687 (a).
289 651 381 687 Neque
392 651 463 679 enim
480 654 580 678 tantum
594 649 712 676 radiaret
739 654 854 681 purpura
864 666 870 676 ,
884 652 969 680 quan-

172 704 225 726 tum
241 698 307 726 illud
317 705 415 732 corpus
430 703 492 724 tunc
507 694 707 731 resplendebat,
723 700 775 720 non
800 692 887 719 alieno
897 712 904 724 ,
921 690 969 718 sed

173 743 281 779 proprio
305 744 416 770 tinctum
436 741 574 777 sanguine.
597 740 693 768 Ulcera
706 746 769 765 vero
792 737 836 764 illa
857 735 970 772 gemmis

173 785 728 820 nmnibnserantehariora.lilargaritarum
740 784 810 810 enim
822 787 915 810 natura
931 781 970 808 ni-

173 835 209 863 hil
218 835 279 862 vitm
289 839 388 862 nostra:
404 833 524 868 prodest,
539 839 588 859 nec
609 831 691 858 ullum
712 836 789 856 usum
812 827 971 855 habentibus

175 881 359 909 necessarium
379 879 468 914 explet
484 887 491 905 :
505 879 593 905 ulcera
606 884 671 903 vero
687 875 728 902 illa
744 879 806 902 sunt
822 873 911 900 omnis
925 872 972 899 tri-

174 928 252 955 stitiae
268 926 426 955 consolatio.
443 924 479 952 Et
492 928 522 951 ut
531 923 617 951 discas
629 922 680 949 hoc
693 928 785 948 verum
798 927 866 951 esse,
878 919 899 946 si
912 917 972 953 quis

175 973 258 1000 ﬁlium
274 970 468 999 charissimum
481 974 508 998 et
529 968 694 1003 unigenitum
721 965 833 997 amittat,
860 962 972 991 ostende

177 1019 296 1046 inﬁnitas
310 1018 361 1052 ipsi
377 1023 508 1052 gemmas,
519 1019 545 1041 et
559 1021 612 1041 non
634 1010 816 1040 consolaberis
831 1009 951 1036 dolorem
962 1028 970 1040 ,

176 1071 263 1099 neque
275 1070 404 1098 angerent
420 1061 505 1088 lenies
521 1068 527 1086 :
549 1059 571 1086 si
584 1062 671 1086 autem
685 1057 745 1084 Jobi
760 1055 870 1082 vulnera
897 1053 921 1081 ei
946 1053 972 1080 in

175 1109 335 1136 memoriam
352 1113 472 1138 revoces,
488 1105 563 1132 facile
576 1103 677 1131 mederi
691 1102 801 1137 poteris,
811 1100 850 1128 sic
861 1099 971 1127 dicens:

175 1155 243 1189 Quid
267 1154 354 1189 luges,
380 1151 481 1179 homo?
495 1156 522 1178 tu
542 1149 648 1185 quidem
665 1148 745 1175 ﬁliutn
755 1154 836 1174 unum
850 1144 972 1177 amisisti;

176 1202 271 1229 beatus
281 1205 372 1227 autem
384 1199 440 1231 ille,
457 1205 516 1225 cum
528 1197 616 1224 omnis
631 1195 745 1222 ﬁliorum
761 1197 847 1220 coetus
870 1192 974 1219 ablatus

178 1245 280 1276 fuisset,
292 1245 321 1272 in
336 1245 392 1279 ipsa
406 1250 511 1278 quoque
521 1240 710 1275 carneplagam
723 1239 834 1273 accepit,
848 1241 876 1265 et
889 1236 975 1264 nudus

178 1291 205 1318 in
219 1291 283 1318 ﬁmo
298 1290 421 1322 sedebat,
438 1288 555 1323 undique
568 1287 643 1314 sanie
656 1285 790 1316 diflluens,
804 1284 866 1311 dum
883 1282 976 1318 paula-

179 1339 225 1365 tim
240 1337 324 1372 ipsius
335 1343 398 1363 caro
413 1337 625 1366 consumeretur,
635 1332 734 1367 justus,
749 1337 838 1362 verax,
856 1329 882 1356 in
892 1329 975 1356 Deum

180 1384 251 1418 pius,
265 1383 341 1410 omni
357 1381 424 1408 mala
440 1388 470 1408 re
488 1380 635 1412 abstinens,
660 1378 742 1405 Deum
757 1375 861 1403 virtutis
881 1379 975 1402 testem

182 1429 294 1457 habens.
311 1428 339 1456 Si
353 1428 422 1454 enim
441 1426 497 1454 hmc
512 1425 591 1453 verba
608 1423 718 1456 dixeris,
743 1428 849 1449 omnem
863 1419 977 1455 lugentis

183 1475 319 1501 tristitiam
335 1471 508 1503 exstinxeris,
520 1475 547 1498 et
557 1476 664 1497 omnem
679 1468 800 1496 dolorem
816 1465 954 1494 sustuleris
969 1472 976 1492 :

182 1525 208 1547 et
220 1521 258 1548 sic
267 1520 333 1554 justi
347 1519 457 1546 vulnera
469 1516 619 1553 margaritis
629 1515 736 1542 utiliora
755 1513 831 1540 ﬁunt.
846 1511 977 1546 Imagina-

183 1567 246 1593 mini
266 1566 348 1601 igitur
362 1569 389 1592 et
405 1572 454 1591 vos
467 1563 591 1590 athletam
608 1561 692 1594 illum,
709 1564 736 1587 et
754 1559 908 1586 existimate
931 1564 979 1584 vos

183 1619 295 1640 cernere
310 1611 401 1637 ﬁmum
415 1610 502 1642 illum,
518 1613 545 1636 et
556 1609 642 1642 ipsum
658 1607 683 1633 in
697 1605 785 1632 medio
795 1603 920 1631 stercoris
937 1609 980 1630 sc-

185 1658 291 1684 dcntem
306 1664 313 1682 :
327 1660 441 1682 statuam
455 1661 574 1686 auream,
587 1656 761 1687 gemmatam,
772 1649 876 1685 qualem
889 1648 980 1675 dicere

186 1711 237 1730 nou
254 1702 315 1728 novi
340 1710 346 1727 :
367 1708 454 1735 neque
469 1699 540 1727 enim
554 1703 607 1725 tam
630 1698 773 1733 pretiosam
797 1695 872 1723 valeo
894 1698 980 1721 mate-

188 1748 252 1775 riam
277 1747 409 1779 invenire,
430 1750 459 1772 ut
487 1745 523 1772 illi
537 1749 675 1772 cruentato
699 1741 805 1776 corpori
831 1739 979 1776 comparari

189 1793 279 1827 possit.
296 1791 342 1819 Sic
356 1791 429 1818 onmi
457 1790 566 1817 materia
583 1787 774 1824 pretiosissima
799 1786 887 1814 carnis
911 1786 981 1812 illius

190 1843 285 1865 natura
301 1842 359 1865 crat
381 1838 465 1864 multo
484 1835 676 1867 venerabilior,
691 1838 718 1861 et
739 1834 826 1860 ulcera
849 1833 981 1861 solaribus

190 1884 270 1910 radiis
293 1882 474 1917 splendidiora
488 1891 493 1907 :
509 1881 534 1907 hi
555 1881 626 1908 enim
641 1879 761 1914 corporis
775 1878 867 1905 oculos
885 1877 982 1904 illumi-

190 1935 266 1961 nant;
285 1930 328 1956 illa
356 1936 420 1956 vero
441 1927 537 1955 mentis
555 1932 653 1954 nostrze
674 1925 766 1953 oculos
781 1925 923 1954 illustrant,
939 1923 982 1950 illa

192 1975 325 2002 diabolum
350 1975 454 2008 penitus
473 1976 684 2000 excaecaverunt.
701 1971 844 2005 Propterea
868 1976 983 2004 namque

193 2025 251 2055 post
266 2020 338 2047 illam
354 2020 459 2054 plagam
472 2018 592 2050 resilivit,
609 2024 657 2044 nec
665 2016 789 2050 deinceps
802 2014 933 2049 apparuit.
944 2014 984 2041 Tu

194 2072 267 2098 vero,
280 2064 389 2097 dilecte,
404 2068 431 2091 et
442 2063 504 2090 hinc
514 2063 586 2090 disce
599 2060 774 2089 tribulationis
783 2060 885 2087 lucrmu
899 2067 984 2094 quan-

195 2116 247 2138 tum
262 2115 313 2138 cst.
330 2110 436 2137 Etenim
449 2108 556 2144 quando
570 2108 644 2135 dives
658 2111 725 2138 erat,
741 2111 768 2134 el
781 2106 836 2133 otio
849 2105 986 2133 fruebatur

192 2157 290 2192 justus,
302 2156 372 2183 unde
383 2159 521 2182 accusaret
532 2154 616 2189 ipsum
633 2153 734 2184 habuit,
748 2151 911 2178 mendaciter
924 2151 985 2185 qui-

195 2202 253 2229 dem
264 2211 272 2233 ',
284 2209 376 2229 verum
399 2199 569 2227 lmbuituude
582 2198 693 2230 diceret,
705 2197 775 2224 Nam
788 2203 812 2224 te
833 2197 911 2232 gratis
928 2196 987 2223 colit

194 2247 242 2274 Job
258 2246 317 2283 (Job
330 2247 354 2273 Ι.
369 2245 418 2280 9)?
434 2245 577 2279 Postham
593 2251 656 2270 vero
668 2244 752 2278 ipsum
764 2242 895 2277 spoliavit.
906 2247 932 2269 et
946 2242 987 2270 fe-

195 2295 230 2322 cit
246 2301 402 2329 pauperem,
416 2299 450 2319 ne
465 2291 569 2318 hiscere
583 2290 690 2325 quidem
704 2289 818 2323 amplius
830 2295 909 2315 ausus
923 2292 963 2315 est
979 2297 985 2315 :

196 2345 221 2367 et
235 2347 296 2366 cum
308 2338 383 2365 dives
396 2337 504 2372 quidem
517 2341 598 2366 esset,
615 2342 676 2362 eum
701 2335 758 2368 ipso
773 2340 889 2367 pugnare
910 2340 988 2367 para-

196 2387 250 2418 bat,
266 2383 474 2418 etsupplantare
499 2381 664 2413 minabatur;
690 2384 828 2414 postquam
848 2385 911 2404 vero
926 2385 990 2412 pau-

197 2437 288 2464 perem
301 2428 362 2456 fecit
374 2428 519 2461 omniaque
535 2426 643 2453 abstulit
663 2429 691 2453 et
704 2426 730 2452 in
744 2429 892 2452 extremum
915 2423 990 2450 dolo-

197 2484 252 2503 rem
267 2476 380 2508 induxit,
395 2479 460 2501 tunc
475 2473 568 2500 resililt
581 2481 588 2498 :
603 2477 629 2499 et
648 2471 753 2506 quando
767 2478 860 2498 sanum
883 2469 989 2504 quidem

198 2523 279 2556 ipsius
295 2525 353 2549 erat
366 2528 485 2554 corpus,
501 2525 595 2546 manus
608 2517 773 2552 apponebat;
788 2521 815 2543 ut
829 2523 892 2543 vero
909 2516 990 2550 ipsius

196 2574 304 2594 cantem
315 2565 472 2593 vulneribus
489 2564 614 2599 implevit,
639 2568 702 2589 tunc
718 2562 918 2597 aufugitvictus.

234 2612 271 2639 1E
274 2620 375 2639 runmus
382 2610 427 2645 qui
435 2610 557 2645 patienter
566 2608 780 2644 [attingam-iores
788 2608 941 2634 evadqu.—-
947 2606 977 2633 Vi

199 2659 260 2685 disti
275 2662 374 2692 quanto
383 2660 527 2691 paupertas
535 2654 644 2686 divitiis,
655 2653 821 2680 imbecillitas
830 2657 856 2679 et
863 2652 974 2687 :rgritud

199 2703 321 2734 sanitate,
335 2700 449 2729 teutatio
465 2699 554 2734 quiete
568 2699 661 2726 melior
674 2698 841 2732 vigilantibus
855 2702 882 2724 ct
904 2697 988 2723 utilio.

199 2749 233 2776 sit
254 2753 281 2776 et
293 2747 426 2776 clariores
449 2745 625 2778 fortioresque
646 2748 793 2778 pugnantes
814 2742 909 2770 faciat?
928 2743 993 2776 Quis

199 2794 273 2827 vidit,
287 2793 345 2829 quis
358 2790 464 2819 audivit
475 2795 527 2817 tam
542 2789 674 2816 mirabiles
687 2788 804 2823 pugnas?
819 2787 991 2815 Profanorum

227 2893 266 2925 (ιι)
282 2893 345 2917 Multi
359 2893 385 2916 lu
395 2890 505 2915 Arabiam
518 2889 615 2913 ibaatut
628 2888 707 2912 timum
719 2887 762 2912 .tob
772 2887 892 2913 viderent.

1016 228 1191 255 certaminum
1205 228 1314 263 pugiles,
1325 235 1384 255 cum
1395 227 1608 256 adversariorum
1618 228 1704 263 capita
1716 227 1813 254 vulne-

1018 273 1112 306 rarint,
1124 277 1186 300 tunc
1199 273 1316 301 victores
1338 278 1415 306 sunt,
1441 277 1469 301 et
1487 278 1648 305 coronantur
1663 282 1670 300 :
1689 273 1731 300 hic
1745 280 1810 300 vero

1017 327 1078 347 cum
1089 319 1153 354 justi
1168 326 1266 354 corpus
1276 319 1454 352 vulnerasset,
1469 319 1754 354 omnimodisreplens
1767 318 1810 346 ul-

1018 365 1134 397 ceribus,
1150 369 1178 392 et
1191 365 1349 393 imbecillius
1366 365 1483 398 fecisset,
1503 370 1565 392 tunc
1574 365 1660 393 vietus
1673 369 1714 393 est
1727 369 1754 393 et
1767 371 1811 392 re-

1019 411 1142 438 troeessit
1155 419 1161 436 :
1175 415 1201 438 et
1213 415 1352 445 postquam
1365 410 1448 445 ipsius
1460 410 1542 437 latera
1555 411 1670 446 undique
1680 410 1811 444 confodit,

1019 455 1076 490 ipse
1100 456 1207 491 quidem
1223 456 1289 483 nihil
1310 456 1420 492 profecit
1434 465 1440 484 :
1455 456 1601 491 repositum
1614 457 1685 484 enim
1701 457 1812 484 thesau-

1019 509 1078 529 rum
1091 509 1142 529 non
1158 502 1267 529 abstulit
1281 511 1288 529 :
1305 502 1381 530 nobis
1392 507 1481 530 autem
1495 502 1581 538 ipsum
1594 503 1732 531 clariorem
1748 503 1812 531 red-

1020 546 1097 578 didit,
1113 551 1141 574 et
1155 554 1202 582 per
1216 547 1287 574 illam
1302 547 1510 579 confessionem,
1525 552 1554 574 ut
1567 555 1662 575 omnes
1677 548 1812 576 hominem

1021 593 1176 620 interiorem
1187 593 1347 628 aspicerent,
1363 594 1435 626 fecit,
1454 598 1481 621 et
1494 601 1588 622 omnes
1604 595 1687 629 ipsius
1706 594 1813 622 divitias

1020 639 1155 666 discerent
1169 648 1176 666 :
1192 644 1218 666 et
1233 647 1294 666 cum
1307 640 1415 668 vincere
1429 640 1554 675 speravit,
1570 644 1634 667 tunc
1648 640 1729 667 multa
1752 648 1813 668 cum

1022 684 1166 718 ignominia
1182 685 1302 716 recessit,
1320 689 1347 712 et
1367 685 1466 712 nullam
1481 685 1594 720 amplius
1608 692 1700 713 vocem
1714 685 1812 713 emisit.

1021 729 1090 763 Quid
1104 734 1192 757 actum
1205 735 1256 763 est,
1272 730 1398 758 diabole?
1412 738 1494 766 quare
1505 730 1626 766 refugis?
1639 730 1733 758 Nonne
1744 730 1814 759 facta

1022 779 1084 802 sunt
1099 783 1274 810 qua'cumque
1287 775 1415 803 volebas?
1429 784 1480 803 non
1493 776 1650 804 interemisti
1665 776 1746 811 ipsius
1759 776 1815 803 ovi-

1023 823 1068 855 lia,
1085 827 1216 856 armenta,
1227 830 1356 858 equorum
1371 830 1465 858 greges
1478 827 1505 850 et
1518 823 1671 850 mulorum?
1683 831 1734 850 non
1745 823 1815 850 ﬁlio-

1023 876 1082 896 rum
1096 873 1194 896 ctetum
1211 868 1360 903 perdidisti,
1373 872 1400 896 et
1413 876 1519 896 carnem
1533 876 1639 896 omnem
1653 869 1816 898 vulnerasti?

1023 921 1106 948 quare
1121 913 1274 941 recessisti?
1293 913 1424 947 Quoniam
1437 913 1505 941 facta
1519 914 1625 949 quidem
1640 920 1702 942 sunt
1715 915 1816 946 omnia.

1024 967 1083 994 quze
1094 959 1174 992 volui,
1186 959 1281 994 inquit,
1294 959 1364 994 quod
1374 966 1438 987 vero
1450 959 1507 987 ﬁeri
1521 960 1636 988 maxime
1650 960 1779 994 volebam,
1790 965 1818 988 ct

1026 1009 1135 1039 propter
1148 1005 1219 1039 quod
1233 1005 1322 1032 omnia
1334 1004 1395 1038 feci,
1410 1005 1461 1032 hoc
1483 1005 1579 1033 factum
1596 1013 1648 1033 non
1659 1010 1700 1033 est
1711 1015 1718 1033 τ
1731 1013 1818 1041 neque

1027 1050 1098 1077 enim
1112 1050 1307 1085 blaspltemavit
1321 1059 1328 1076 :
1344 1055 1454 1085 propter
1467 1050 1518 1078 hoc
1532 1050 1603 1078 enim
1617 1051 1705 1078 omnia
1719 1051 1762 1078 illa
1776 1051 1818 1078 fa-

1026 1095 1139 1127 ciebam,
1150 1095 1244 1130 inquit,
1256 1100 1285 1122 ot
1298 1095 1347 1122 hoc
1357 1095 1522 1130 procederet.
1534 1095 1590 1123 lloc
1603 1103 1656 1123 non
1669 1095 1738 1123 facto
1751 1095 1819 1123 nihil

1025 1140 1144 1167 lucrifeci
1160 1148 1191 1168 ex
1205 1141 1376 1175 pecuniarum
1390 1140 1505 1175 jactura,
1520 1146 1546 1168 ct
1561 1140 1675 1168 ﬁliorum
1698 1141 1817 1174 interitu,

1027 1190 1054 1213 et
1065 1185 1185 1220 corporis
1199 1186 1289 1220 plaga,
1304 1185 1351 1213 sed
1364 1187 1524 1213 contrarium
1536 1207 1545 1220 ,
1570 1193 1649 1220 quam
1678 1186 1818 1218 volebam,

1027 1231 1125 1263 evenit,
1141 1231 1348 1265 splendidiorem
1360 1230 1462 1258 reddidi
1478 1231 1623 1264 inimicum,
1642 1237 1669 1258 et
1679 1231 1818 1259 clariorem

1027 1277 1115 1305 effeci.
1132 1276 1296 1311 Coguovisti,
1311 1281 1439 1311 quantum
1454 1275 1488 1303 sit
1499 1276 1677 1304 tribulationis
1698 1276 1800 1303 lucrum
1811 1296 1819 1308 ,

1026 1322 1344 1350 charissitne?Pulehrum
1353 1321 1460 1356 quidem
1472 1326 1499 1349 et
1513 1321 1644 1357 integrum
1658 1329 1753 1357 corpus
1764 1321 1822 1350 foe-

1030 1372 1083 1400 rat,
1096 1367 1179 1394 multo
1187 1375 1251 1394 vero
1263 1367 1442 1394 venerabilius
1453 1367 1549 1394 factum
1566 1372 1617 1398 est,
1638 1368 1690 1395 illis
1705 1368 1822 1395 vulneri—

1029 1413 1079 1440 bus
1092 1412 1241 1448 perfossum
1257 1422 1263 1439 :
1277 1413 1403 1448 quoniam
1418 1417 1445 1439 et
1459 1412 1526 1440 lanae
1542 1413 1658 1447 pulchra:
1669 1413 1786 1448 quidem,
1796 1417 1825 1442 et

1029 1464 1171 1494 antequam
1181 1458 1333 1494 ﬁngantur;
1348 1464 1485 1494 postquam
1506 1466 1570 1487 vero
1583 1467 1723 1495 purpurea:
1745 1460 1822 1487 facta:

1031 1506 1141 1540 fuerint,
1155 1505 1316 1534 ineffabilem
1332 1510 1440 1533 sumunt
1454 1506 1678 1541 pulchritudinem
1694 1506 1822 1533 multum-

1031 1559 1082 1586 que
1095 1551 1229 1579 decorem.
1249 1550 1303 1578 Nisi
1320 1559 1383 1578 vero
1407 1552 1493 1585 ipsum
1513 1551 1704 1586 exspoliasset,
1727 1551 1823 1578 bonam

1032 1597 1139 1624 victoris
1153 1596 1336 1624 habitudinem
1352 1604 1404 1623 non
1420 1597 1638 1631 cognovissemus
1652 1605 1661 1623 :
1677 1596 1729 1624 nisi
1743 1597 1826 1631 ipsius

1033 1649 1131 1677 corpus
1144 1642 1229 1677 plagis
1240 1642 1410 1677 perforassel,
1423 1643 1491 1669 radii
1507 1642 1667 1670 intrinsecus
1679 1650 1732 1670 non
1754 1643 1826 1670 relu-

1033 1689 1136 1716 xissent
1150 1697 1157 1715 :
1173 1689 1224 1716 ιιίδί
1238 1689 1324 1723 ipsum
1338 1689 1364 1716 in
1376 1690 1440 1716 timo
1454 1689 1645 1720 constituisset,
1666 1689 1749 1724 ipsius
1757 1689 1826 1716 divi-

1034 1735 1085 1762 tias
1096 1742 1149 1761 non
1163 1736 1391 1770 cognovissemus.
1411 1735 1503 1770 Neque
1519 1735 1590 1762 enim
1603 1740 1655 1762 tam
1672 1735 1827 1770 splendidus

1034 1781 1061 1808 in
1069 1781 1137 1809 solio
1151 1789 1198 1808 rex
1213 1781 1328 1814 sedens,
1345 1788 1423 1816 quam
1439 1781 1550 1816 insignis
1570 1785 1628 1809 erat.
1655 1781 1701 1809 ille
1719 1786 1746 1809 et
1767 1781 1828 1809 illu-

1035 1829 1097 1855 stris
1107 1829 1132 1855 in
1145 1828 1224 1856 ﬁmo:
1234 1828 1332 1856 etenim
1346 1828 1509 1863 postregiuru
1520 1828 1626 1863 quidem
1638 1828 1733 1855 solium
1744 1835 1827 1862 mors,

1035 1878 1095 1909 post
1106 1874 1197 1901 ﬁmum
1210 1877 1298 1901 autent
1312 1873 1386 1900 illum
1401 1874 1525 1900 culorum
1540 1881 1662 1909 regnum.

1070 1921 1097 1948 2.
1109 1920 1260 1947 Auditorum
1271 1920 1409 1955 upplausus
1421 1919 1501 1954 rejicit
1511 1919 1713 1954 Cltrysoslomus.
1721 1934 1757 1939 —
1765 1919 1828 1947 Hinc

1036 1967 1115 2002 igitur
1127 1966 1214 1993 omnia
1228 1966 1428 1998 ratiocinantes,
1443 1973 1474 1992 cx
1489 1965 1655 1999 opprimente
1665 1965 1770 1992 tristitia
1779 1973 1828 1992 nos

1037 2012 1194 2039 relevemus.
1209 2011 1261 2038 llas
1276 2011 1374 2038 etenim
1396 2011 1471 2038 vobis
1488 2010 1614 2038 historias
1634 2018 1755 2045 appono,
1775 2018 1828 2037 non

1038 2057 1145 2084 utdicta
1162 2056 1284 2088 laudetis,
1299 2055 1346 2083 sed
1359 2061 1388 2082 ut
1398 2056 1521 2082 virtutem
1534 2055 1674 2082 imitemini
1685 2060 1712 2082 et
1726 2055 1830 2090 patien-

1039 2103 1102 2129 tiam
1122 2109 1314 2137 generosorunt
1337 2100 1488 2135 hujusmodi
1509 2099 1626 2127 virorum
1643 2105 1692 2127 :ut
1711 2108 1758 2135 per
1772 2100 1829 2135 ipsa

1038 2148 1147 2176 discatis
1166 2155 1264 2183 opera,
1286 2147 1357 2182 quod
1380 2147 1555 2174 humanorum
1575 2146 1677 2174 nullum
1698 2148 1732 2174 sit
1751 2155 1831 2183 grave

1040 2196 1188 2229 malorum,
1205 2194 1254 2222 nisi
1273 2199 1428 2229 peccatum;
1443 2202 1495 2221 non
1512 2199 1652 2229 paupertas
1664 2215 1671 2227 ,
1685 2202 1738 2222 non
1751 2195 1831 2230 :egri-

1041 2241 1119 2274 tudo,
1135 2248 1186 2267 non
1198 2241 1356 2268 contumelia
1367 2260 1374 2273 ,
1387 2247 1439 2266 non
1453 2239 1595 2272 calumnia,
1608 2247 1659 2267 non
1675 2240 1829 2275 ignominia,

1042 2295 1093 2314 non
1109 2294 1180 2314 mors
1193 2295 1252 2321 qure
1266 2286 1383 2313 omnium
1399 2287 1529 2314 malorum
1549 2290 1703 2313 extremum
1717 2294 1776 2314 esse
1790 2288 1831 2314 vi.

1041 2333 1128 2360 detur.
1146 2333 1207 2359 llicc
1221 2332 1292 2359 enim
1306 2331 1486 2358 calamitatum
1498 2331 1606 2358 nomina
1616 2351 1623 2362 ,
1640 2331 1831 2366 philosophan-

1042 2378 1111 2405 tibus
1124 2382 1295 2404 sunttantum
1309 2377 1416 2403 nomina
1429 2376 1508 2404 rebus
1519 2376 1654 2409 carentia;
1668 2384 1728 2404 vera
1743 2382 1832 2404 autem

1042 2423 1188 2456 calamitas,
1214 2423 1296 2449 Deum
1310 2421 1445 2449 offendere
1457 2442 1465 2454 ,
1487 2426 1514 2449 et
1534 2429 1627 2449 eorum
1640 2429 1699 2457 qua:
1715 2422 1765 2457 ipsi
1780 2430 1833 2449 non

1044 2469 1157 2504 placent,
1170 2468 1267 2503 aliquid
1280 2467 1377 2495 faccre.
1389 2467 1456 2500 Quid
1468 2467 1549 2500 enim,
1561 2475 1661 2502 quaeso,
1670 2475 1750 2502 grave
1761 2475 1833 2495 mors

1044 2515 1142 2542 habet?
1155 2522 1216 2541 mtm
1230 2514 1300 2548 qttod
1321 2519 1346 2541 te
1363 2513 1476 2541 celerius
1488 2513 1521 2541 ad
1536 2514 1707 2549 tranquillum
1729 2517 1833 2548 portum

1044 2565 1070 2587 et
1094 2565 1213 2596 pacatam
1235 2560 1305 2587 illam
1327 2559 1481 2587 transmittit
1502 2559 1607 2586 vitam?
1627 2559 1748 2594 quamvis
1763 2560 1833 2587 enim

1045 2605 1125 2633 homo
1147 2614 1200 2633 non
1219 2605 1342 2639 occidat,
1366 2605 1422 2640 ipsa
1437 2608 1539 2631 natura:
1553 2605 1596 2631 lex
1610 2604 1730 2639 irrepens
1746 2612 1832 2632 nonne

1045 2660 1140 2687 corpus
1152 2652 1186 2679 ab
1201 2652 1287 2678 anima
1309 2651 1447 2678 resolvet?
1466 2651 1527 2678 licet
1539 2650 1610 2678 enim
1627 2650 1677 2678 hoc
1697 2658 1768 2678 nunc
1783 2651 1834 2677 mi-

1046 2699 1116 2725 nime
1132 2699 1194 2730 fiat,
1214 2697 1265 2724 erit
1284 2697 1362 2731 paulo
1375 2700 1450 2730 post,
1465 2696 1535 2730 quod
1557 2703 1627 2723 nunc
1647 2695 1780 2723 timemus.
1802 2695 1832 2722 Et

1046 2745 1103 2772 ltmc
1112 2744 1183 2776 dico,
1195 2751 1246 2770 non
1258 2750 1338 2777 grave
1349 2742 1412 2777 quid
1425 2747 1582 2776 exspectans
1597 2747 1641 2768 aut
1655 2741 1741 2775 triste,
1753 2741 1833 2774 absit,

1045 2790 1092 2818 sed
1106 2789 1268 2817 erubescens
1281 2792 1394 2815 mortem
1411 2787 1559 2814 timentium
1572 2794 1661 2814 causa.
1675 2786 1726 2813 Tot
1739 2794 1835 2821 exspe-

1046 2841 1121 2864 ctans
1135 2836 1202 2862 bona
1211 2841 1270 2870 qua:
1279 2841 1328 2861 nec
1335 2833 1429 2860 oculos
1437 2832 1512 2864 vidit,
1523 2840 1571 2860 nec
1583 2832 1654 2859 auris
1664 2832 1774 2864 audivit,
1785 2838 1838 2860 nec

1049 2885 1074 2911 in
1085 2892 1130 2911 eor
1142 2882 1255 2910 hominis
1263 2878 1488 2914 ascenderunt“.
1503 2877 1560 2906 Cor.
1575 2877 1602 2907 2.
1615 2877 1654 2914 9),
1665 2877 1708 2906 die
1718 2873 1837 2911 mihi,“
