1984 3110
197 156 228 184 7|
571 158 599 185 S.
620 157 759 185 JOANNIS
772 156 1007 185 CIIRYSOSTOMI
1027 157 1184 188 AllClllEP.
1206 161 1471 193 CONSTANTINOP.
1800 174 1815 193 τ

197 210 336 240 fruendum
352 211 442 240 differs
455 215 483 240 et
492 212 601 247 negligis
609 217 635 240 et
646 213 753 248 torpes?
762 220 810 241 nec
822 217 922 240 tantum
931 217 985 239 tor-

197 265 253 293 pes,
265 258 311 286 sed
323 263 349 285 cl
361 258 437 285 times
446 262 473 285 et
484 257 592 285 horres?
604 258 637 285 Et
645 258 778 293 quomodo
789 265 840 285 nou
852 258 898 285 tibi
910 265 986 293 turpe

196 308 304 340 propter
312 308 423 332 mortem
430 303 531 336 dolere,
539 312 597 331 cum
606 305 702 331 Paulus
712 309 819 339 propter
828 308 985 338 prtesentem

194 351 325 386 gemuerit
338 351 417 377 vitam
431 371 438 384 ,
453 356 480 378 et
499 350 625 378 Romanis
645 351 764 378 scribens
777 351 873 378 dixerit
887 359 893 378 :
909 350 985 377 Crea-

195 401 251 422 luru
262 395 440 431 congemiscit,
456 401 479 423 et
493 404 539 422 nos
552 397 600 429 ipsi
615 397 718 431 spiritus
731 396 855 431 primitias
868 396 984 423 [tabentes

193 441 315 476 gemimus
326 441 414 476 (Rom.
431 442 457 469 8.
472 441 516 468 2'2.
531 441 565 468 ‘25
576 441 606 475 Π
620 441 654 468 Ει
665 442 721 468 haec
734 441 838 469 dicebat
851 450 904 468 non
917 449 982 468 cou-

192 487 323 514 demnans
337 488 475 520 pra-sentiat
487 507 494 519 ,
512 487 560 514 sed
579 487 666 514 futura
682 487 846 514 desiderans.
860 487 981 519 Gustavi,

193 533 246 565 ait,
263 532 372 567 gratiam
385 552 392 564 ,
407 537 433 560 et
450 540 550 559 moram
565 540 616 559 non
633 532 689 560 fero
703 541 709 559 :
724 533 832 567 spiritus
852 532 982 567 primitias
1008 559 1010 561 ,

193 578 298 610 habeo,
320 582 347 606 ct
366 578 398 604 ad
418 578 550 612 integrum
571 578 668 604 festino
682 587 688 604 :
702 578 808 605 ascendi
828 578 854 604 in
875 579 981 605 tertium

191 624 286 652 caelum
297 644 305 656 ,
321 623 373 650 vidi
387 623 498 658 gIOriam
518 623 589 650 illam
612 622 772 650 ineffabilem
784 644 791 655 ,
807 622 859 650 vidi
882 623 981 657 regiam

191 669 386 704 splendentem,
402 668 482 696 didici
496 669 592 703 quibus
613 668 656 695 hic
679 668 826 695 immorans
849 668 924 695 bonis
939 675 982 694 ca-

192 722 275 747 ream,
291 718 429 749 propterea
442 720 530 748 getno.
546 713 593 740 Dic
606 714 704 741 etenim
720 713 795 746 mihi,
809 713 832 740 si
843 713 901 748 quis
917 717 941 740 te
955 713 980 740 in

192 761 278 796 regias
288 760 406 788 duxisset
419 760 504 793 aulas,
515 764 543 788 et
554 759 587 787 de
601 760 746 794 parietibus
757 768 852 787 aurum
865 760 981 795 undique

191 805 304 840 fulgens,
319 810 346 832 et
358 813 464 833 omnem
477 806 558 832 alium
567 811 689 832 ornatum
702 805 746 832 tibi
756 805 978 838 demonstrasset;

191 855 283 886 postea
297 855 322 878 te
337 850 398 878 inde
412 850 437 877 in
453 850 576 886 pauperis
588 858 677 878 casam
698 851 864 883 induxisset,
883 856 910 878 et
921 857 980 886 post

191 897 271 924 breve
283 901 386 931 tempus
399 897 424 923 in
436 897 522 932 regias
532 897 701 924 reducturum
717 898 785 930 illas,
797 902 823 925 et
835 905 979 932 perennem

191 942 227 970 ibi
237 942 401 970 mansionem
411 951 441 970 se
449 943 496 969 tibi
506 942 630 970 daturum
640 950 701 971 esse
712 944 876 977 promisisset
886 952 893 969 :
904 951 980 970 num-

190 988 252 1023 quid
268 996 320 1015 non
334 988 447 1016 deberes
460 988 527 1015 afﬁci
541 989 674 1016 desiderio
684 1009 692 1022 ,
707 993 734 1016 et
744 989 784 1016 vel
796 989 869 1023 ipsos
883 997 980 1024 paucos

189 1035 247 1062 dies
257 1042 328 1070 a‘gre
340 1034 431 1062 ferre?
445 1035 502 1063 Hoc
512 1042 617 1070 quoque
632 1035 665 1062 de
676 1035 750 1063 caelis
762 1040 789 1062 et
801 1036 835 1063 de
848 1041 916 1063 terra
932 1043 980 1063 co-

189 1081 267 1116 gites,
281 1085 307 1108 et
320 1080 464 1115 iugctnisce
477 1087 537 1107 cum
553 1080 646 1113 Paulo,
662 1088 714 1108 non
731 1084 839 1116 propter
853 1086 977 1113 mortem,

189 1125 234 1153 sed
249 1130 356 1160 propter
366 1130 523 1160 prresentem
537 1127 627 1153 vitam.
644 1127 678 1153 At
690 1126 724 1154 da
737 1127 816 1159 mihi,
833 1127 920 1161 inquis
930 1147 938 1159 ,
951 1131 980 1154 ut

189 1171 271 1198 Paulo
285 1171 379 1198 similis
394 1171 454 1198 ﬁam
467 1192 475 1204 ,
492 1177 519 1199 et
534 1179 676 1207 numquam
691 1178 805 1199 mortetn
820 1172 927 1199 timebo.
946 1172 980 1200 Et

187 1215 250 1250 quid
266 1221 291 1243 te
306 1215 387 1243 Paulo
401 1216 515 1244 similem
535 1217 590 1244 ﬁeri
613 1217 756 1251 prohibet?
773 1225 862 1245 nonne
880 1225 979 1252 pauper

187 1265 245 1289 erat
266 1262 330 1289 ille?
349 1269 437 1290 nonne
457 1263 630 1289 tentoriorum
648 1262 744 1289 sutor?
766 1269 854 1290 nonne
877 1262 979 1290 idiota?

188 1308 215 1336 Si
226 1308 296 1335 enim
308 1308 383 1336 dives
397 1308 488 1336 fuisset
500 1316 531 1336 ac
546 1309 652 1342 nobilis,
668 1308 822 1336 habuissent
834 1308 903 1336 forte
914 1316 979 1343 pau-

188 1362 265 1389 peres
279 1354 312 1382 ad
327 1355 409 1389 ipsius
421 1355 595 1382 imitationem
610 1355 694 1382 vocati
707 1360 890 1390 paupertatem
903 1363 978 1383 suam

188 1400 348 1428 obtendendi
361 1407 489 1432 causam;
505 1408 576 1428 nunc
587 1405 676 1428 autem
697 1401 791 1428 horum
806 1401 870 1428 nihil
889 1401 979 1429 dicere

188 1450 265 1480 potes
278 1454 285 1471 :
299 1445 398 1472 ctenim
421 1446 559 1480 operarius
580 1447 660 1473 homo
679 1451 756 1480 erat,
772 1450 799 1474 et
818 1448 979 1482 quotidianis

189 1490 345 1524 pascebatur
357 1491 501 1519 laboribus.
518 1492 550 1519 Et
564 1497 590 1519 tu
600 1491 706 1526 quidem
721 1491 755 1519 ab
769 1492 845 1519 initio
854 1492 977 1527 pietatetn

186 1544 201 1562 a
216 1537 368 1571 parentibus
380 1531 528 1572 suscepisti.
541 1546 556 1564 a
568 1538 653 1572 prima
660 1542 738 1565 aetate
748 1538 830 1566 sacris
840 1546 869 1565 es
883 1539 978 1566 litteris

188 1581 350 1615 innutritus;
374 1582 419 1610 ille
439 1590 503 1611 vero
521 1583 548 1611 et
568 1583 739 1618 blaSphemus
762 1583 827 1616 fuit,
842 1588 869 1610 ct
887 1591 979 1618 perse-

187 1632 294 1663 quutor,
309 1621 336 1656 et
349 1629 568 1663 contumeliosus,
580 1634 606 1656 et
620 1629 766 1657 Ecclesiam
780 1630 894 1657 vastavit
908 1638 915 1663 ;
929 1631 976 1657 sed

189 1677 277 1701 tamen
291 1673 327 1700 ita
341 1674 429 1701 subito
443 1678 561 1702 mutatus
571 1679 622 1707 est,
637 1678 665 1701 ut
675 1681 768 1702 omnes
780 1675 869 1702 studio
880 1680 906 1702 et
921 1675 976 1703 fer-

186 1726 252 1746 vore
270 1719 452 1753 superaverit,
471 1723 498 1746 et
517 1719 614 1746 clamat
631 1719 740 1752 dicens,
760 1719 906 1748 lmitutores
929 1722 978 1748 mei

186 1770 272 1795 estote,
284 1765 347 1791 sicut
361 1769 384 1792 et
398 1773 443 1800 ego
454 1765 548 1792 Christi
562 1765 598 1800 (l.
608 1765 665 1794 Cor.
676 1768 718 1794 li.
728 1767 766 1802 l).
776 1767 822 1796 Ille
836 1768 976 1796 Dominum

188 1812 306 1839 imitatus
318 1816 378 1845 est,
395 1816 422 1839 tu
444 1819 602 1839 conservum
621 1820 673 1840 non
693 1814 805 1841 imitaris
817 1835 824 1846 ,
841 1819 867 1842 tu
879 1835 888 1847 ,
903 1815 947 1850 qui
962 1822 977 1842 a

188 1859 317 1894 principio
332 1859 358 1885 in
374 1859 472 1894 pietate
484 1859 611 1886 educatus
622 1867 665 1892 es,
680 1868 752 1893 eum,
766 1861 810 1894 qui
826 1866 915 1896 postea
931 1869 978 1896 per

187 1905 360 1932 mutationem
381 1905 415 1932 ad
434 1904 512 1932 ﬁdem
526 1905 660 1932 accessit?
672 1905 730 1933 Νοιι
745 1907 813 1933 nosti
826 1927 833 1938 ,
848 1907 917 1942 quod
931 1907 975 1942 qui

187 1951 212 1977 in
228 1951 342 1984 peccatis
356 1954 439 1983 sunt,
455 1950 504 1978 etsi
520 1951 628 1983 vivunt,
644 1952 743 1979 mortui
755 1953 837 1979 sunt?
852 1952 895 1987 qui
910 1961 976 1980 vero

148 2018 150 2020 .
187 1996 212 2023 in
223 1996 324 2031 justitia
339 2000 402 2023 sunt
413 2017 421 2030 ,
436 1997 486 2024 etsi
501 1997 598 2024 mortui
612 2002 692 2030 sunt,
706 1998 818 2026 vivunt?
832 1999 886 2027 Nec
901 2007 976 2028 mens

187 2043 231 2070 hic
244 2050 350 2074 sermo;
374 2043 505 2070 sententia
518 2048 558 2070 est
577 2043 675 2071 Christi
692 2044 801 2072 Martha:
815 2046 824 2061 ί
839 2046 952 2075 dicentis
967 2055 974 2074 :

188 2087 275 2114 Omnis
286 2087 329 2121 qui
342 2087 422 2114 credit
435 2088 461 2115 in
476 2096 515 2115 me
527 2109 534 2121 ,
550 2089 623 2115 etiam
637 2090 659 2116 si
672 2094 784 2117 mortuus
801 2092 876 2125 fuerit
887 2111 895 2123 ,
913 2092 974 2119 vivet

186 2133 273 2169 (Joan.
293 2135 335 2161 ll.
351 2134 386 2161 ‘25
397 2133 417 2168 ).
432 2134 500 2162 Num
513 2135 583 2162 enim
599 2134 695 2163 fabula:
714 2141 775 2163 sunt
791 2137 914 2172 dogmata
929 2145 976 2165 no-

185 2184 239 2206 stra
248 2180 259 2206 ?
269 2179 297 2207 Si
307 2179 472 2208 Christianus
485 2188 524 2213 es,
537 2181 642 2208 Christo
656 2182 735 2209 crede
747 2191 754 2208 :
768 2182 790 2209 si
801 2182 906 2210 Christo
917 2191 977 2210 cre-

186 2224 238 2258 dis,
255 2233 301 2259 pcr
314 2233 393 2260 opera
407 2226 472 2253 mihi
488 2226 567 2254 ﬁdem
580 2227 744 2254 demonstra.
759 2228 898 2262 Quomodo
911 2236 975 2257 vero

187 2279 234 2304 per
241 2278 322 2305 opera
334 2271 411 2298 ﬁdem
420 2272 633 2300 demonstrabis?
643 2272 670 2301 Si
682 2278 795 2301 mortem
807 2278 973 2303 contemnas.

186 2315 219 2342 Et
233 2316 258 2342 iu
275 2316 324 2343 hoc
337 2317 407 2343 enim
421 2317 453 2343 ab
466 2317 618 2345 inﬁdelibus
630 2318 787 2346 differimus.

221 2360 293 2387 Mors
308 2369 356 2388 non
374 2362 483 2388 timenda
497 2363 523 2389 in
537 2364 612 2390 vitam
630 2364 742 2398 futuram
756 2365 923 2400 sperantibus.
939 2380 976 2386 —

187 2406 290 2432 Etenim
304 2405 339 2432 illi
353 2406 460 2441 quidem
477 2407 571 2434 merito
585 2408 679 2436 timent
697 2415 810 2437 mortem
824 2431 831 2442 ,
853 2418 974 2439 resurre-

185 2450 282 2477 ειίοιιίι
294 2451 363 2478 enim
379 2458 453 2485 spem
467 2459 520 2479 non
536 2452 650 2486 habent;
665 2459 692 2480 tu
713 2462 778 2482 vero
793 2456 895 2483 meliori
915 2465 975 2491 per-

186 2503 251 2530 gens
263 2496 303 2522 via
315 2515 323 2528 ,
344 2501 370 2523 ct
384 2496 417 2523 de
432 2496 579 2525 futurorum
596 2506 643 2533 spe
660 2500 841 2535 philosophari
862 2502 953 2530 valens
964 2523 973 2537 ,

186 2548 237 2575 qua
251 2540 346 2575 dignus
361 2549 390 2568 es
403 2543 479 2569 venia
491 2563 497 2574 ,
512 2543 546 2570 de
563 2546 757 2574 resurrectione
770 2547 875 2582 quidem
889 2549 973 2576 conﬁ-

186 2587 253 2614 dens
266 2606 272 2618 ,
287 2588 321 2614 ita
338 2595 401 2614 vero
414 2594 526 2616 mortent
542 2590 640 2618 timens
653 2596 681 2618 ut
697 2592 714 2619 ii
733 2594 778 2627 qui
794 2602 847 2622 non
863 2596 975 2623 credunt

187 2633 395 2659 resurrectioni?
415 2633 467 2660 Sed
483 2640 606 2669 mortem,
622 2636 723 2671 inquit,
738 2646 791 2666 non
808 2640 887 2667 timeo
901 2649 907 2666 :
924 2648 974 2668 ne-

187 2684 239 2710 que
252 2677 336 2708 mori,
352 2679 399 2705 sed
421 2679 488 2706 male
507 2682 573 2708 tnori
588 2702 595 2715 ,
609 2687 634 2709 et
649 2684 737 2718 capite
752 2686 877 2712 truncari.
893 2686 970 2721 Igitur

187 2721 302 2749 Joannes
321 2723 391 2750 male
409 2729 529 2752 mortuus
543 2728 607 2753 est?
626 2727 676 2754 fuit
696 2729 766 2756 enim
789 2730 970 2759 obtruncatus.

186 2766 267 2801 igitur
285 2767 434 2802 Stephanus
453 2771 522 2799 male
539 2777 659 2801 mortuus
677 2774 741 2802 est?
755 2774 803 2802 fuit
817 2776 887 2804 enim
909 2777 974 2816 iapi-

219 2843 228 2860 ¹
248 2844 296 2875 Alii,
309 2845 400 2871 Mariw.

1804 186 1813 201 Ι

1041 214 1142 249 datus;
1167 222 1193 244 et
1217 223 1348 255 martyres
1372 223 1461 250 cuncti
1489 223 1586 252 misere
1609 228 1757 256 secundum
1784 239 1833 259 vos

1040 260 1131 289 obiere
1144 283 1152 294 ,
1168 264 1293 297 quoniam
1310 265 1370 300 igne
1387 271 1433 294 aut
1452 267 1524 296 ferro
1538 270 1617 298 vitam
1642 273 1768 302 ﬁnierunt
1783 285 1790 303 :
1804 283 1833 305 et

1040 304 1067 332 hi
1081 306 1186 340 quidem
1202 308 1227 334 in
1243 316 1325 342 mare,
1340 310 1366 337 hi
1382 319 1444 338 vero
1458 313 1485 340 in
1499 315 1684 350 praecipitium,
1702 318 1728 345 hi
1740 325 1830 349 autem

1039 350 1066 377 in
1079 351 1171 379 dentes
1185 352 1327 381 bestiarum
1343 355 1489 385 incidentes
1501 379 1508 391 ,
1523 360 1561 387 sic
1574 363 1671 389 mortui
1685 371 1757 392 sunt.
1772 366 1830 394 Non

1039 394 1090 423 hoc
1105 401 1146 424 est
1160 399 1228 426 male
1241 400 1308 427 mori
1321 421 1327 432 ,
1345 401 1379 428 mi
1397 402 1476 430 homo
1488 425 1495 435 ,
1511 405 1625 433 violenta
1642 414 1728 437 morte
1743 411 1829 443 ﬁniri,

1038 441 1084 469 sed
1097 442 1122 469 in
1136 445 1249 476 peccatis
1262 446 1339 472 mori.
1355 447 1421 474 Audi
1438 456 1551 484 namque
1560 452 1719 486 Prophetam
1733 455 1767 482 de
1780 441 1830 482 hoe

1038 486 1096 521 ipso
1118 488 1347 523 philosolihantetu
1362 497 1388 519 et
1407 492 1538 521 dicentetn
1554 504 1561 521 :
1577 496 1648 524 Mors
1672 505 1831 532 peccatorum

1037 534 1145 567 pessima
1160 534 1243 569 (Psal.
1259 536 1302 562 53.
1317 537 1374 572 22).
1389 538 1446 566 Non
1459 539 1535 574 dixit,
1550 549 1622 570 mors
1636 544 1750 572 violenta
1767 554 1831 581 pes-

1036 578 1114 612 sima,
1126 579 1172 606 sed
1184 581 1266 615 quid?
1278 581 1348 609 Mors
1361 590 1519 618 peccatorum
1532 588 1650 621 pessima.
1660 588 1735 617 Juste
1745 578 1828 624 sane;

1036 628 1175 659 postquam
1190 627 1261 653 enim
1275 627 1337 654 hinc
1352 629 1536 664 migraverint,
1551 639 1628 666 pmna
1641 635 1828 670 intolerabilis,

1036 672 1165 696 tormenta
1174 672 1450 705 sempiterna,vcrmis
1457 676 1612 711 virulcutus,
1626 679 1692 713 ignis
1701 680 1830 709 inexstin-

1035 713 1152 748 gnibilis,
1166 716 1281 743 tenebra:
1294 718 1451 752 exteriores,
1465 721 1568 748 vincula
1582 722 1741 758 insolubilia,
1762 725 1830 753 den.

1037 759 1102 786 tium
1110 761 1218 793 stridor,
1227 762 1360 790 tribulatio
1366 769 1393 791 et
1402 767 1566 800 angustia,et
1573 773 1673 796 aeterna
1679 770 1826 800 damnatio.

1070 805 1096 832 5.
1113 806 1177 833 Cum
1190 807 1269 843 igitur
1283 809 1344 836 talia
1359 816 1484 839 maneant
1498 819 1653 847 peccatores
1666 817 1733 844 mala
1745 838 1753 851 ,
1767 826 1828 852 qua:

1035 851 1118 884 possit
1137 859 1196 879 esse
1216 853 1315 880 utilitas
1327 875 1334 886 ,
1354 855 1409 883 sive
1428 856 1517 889 domi,
1538 858 1594 886 sive
1612 860 1637 886 in
1659 860 1727 888 lecto
1745 851 1827 890 vitam

1034 895 1126 922 finiant
1138 896 1150 923 ?
1162 897 1232 925 sicut
1243 903 1336 926 contra
1349 900 1428 934 justis
1442 903 1543 930 nullum
1557 903 1681 932 damnum
1695 914 1755 934 esse
1770 915 1828 942 pos-

1034 940 1085 971 sit.
1097 942 1167 977 quod
1183 951 1247 971 ense
1267 945 1308 971 vel
1327 945 1388 980 igne
1408 953 1568 981 prmsentem
1584 951 1664 977 vitam
1680 940 1806 980 claudant
1817 975 1826 987 ,

1033 992 1092 1012 cum
1103 986 1136 1013 ad
1150 987 1309 1016 immortalia
1321 991 1438 1025 migrare
1451 992 1519 1020 bona
1533 993 1657 1022 debeant.
1674 995 1740 1024 Vere
1755 998 1827 1026 Mars

1033 1035 1192 1064 peccatorum
1206 1033 1325 1067 pessima.
1338 1034 1410 1062 Talis
1425 1041 1484 1064 erat
1496 1037 1586 1065 divitis
1601 1040 1672 1067 illius
1685 1049 1769 1074 mors,
1779 1043 1827 1077 qui

1032 1075 1160 1104 Lazarum
1171 1077 1342 1113 despexerat,
1356 1081 1400 1116 qui
1416 1081 1487 1109 domi
1502 1088 1528 1110 et
1542 1084 1567 1111 in
1581 1085 1649 1112 lecto
1663 1091 1689 1113 et
1702 1095 1827 1115 neces-ao

1033 1122 1080 1149 riis
1093 1123 1280 1151 assistentibus
1301 1126 1354 1153 vita
1374 1134 1421 1161 per
1445 1129 1579 1163 propriam
1600 1131 1685 1158 soluta
1710 1139 1825 1161 mortem

1032 1167 1173 1195 defunctus
1189 1171 1350 1203 torrehatur,
1365 1180 1399 1199 ne
1413 1180 1520 1207 parvam
1536 1176 1642 1209 quidem
1660 1181 1825 1206 consolatio-

1032 1221 1092 1240 nem
1107 1221 1139 1241 ex
1155 1216 1293 1248 pnesentis
1309 1217 1369 1244 vitae
1391 1220 1566 1253 prosperitate
1583 1223 1700 1249 nancisci
1720 1224 1822 1252 valens.

1032 1258 1065 1284 At
1086 1266 1139 1286 non
1157 1259 1194 1286 ita
1208 1259 1324 1288 Lazarus
1338 1270 1345 1294 ;
1359 1270 1451 1290 verum
1467 1264 1493 1290 in
1510 1264 1567 1298 ipso
1582 1266 1735 1300 pavimento
1749 1270 1825 1296 cani-

1032 1302 1082 1330 bus
1096 1304 1262 1333 adstantibus
1276 1311 1302 1333 et
1318 1307 1405 1334 ulcera
1420 1308 1580 1344 lingentibus
1592 1312 1736 1340 violentam
1750 1322 1826 1342 mor-

1032 1352 1085 1375 tem
1102 1356 1211 1383 passus;
1225 1351 1289 1385 quid
1303 1352 1374 1379 enim
1396 1353 1465 1381 fame
1487 1354 1621 1384 difﬁcilius
1641 1365 1701 1386 esse
1721 1360 1825 1393 possit?

1032 1393 1166 1427 digressus
1180 1395 1252 1422 illinc
1265 1398 1373 1424 aitet-nis
1389 1399 1487 1433 potitus
1501 1405 1541 1427 est
1555 1401 1632 1429 bonis
1643 1423 1650 1434 ,
1667 1403 1692 1430 in
1708 1404 1824 1432 Abrahae

1030 1440 1091 1467 sinu
1105 1441 1233 1475 gaudens.
1250 1443 1317 1476 Quid
1331 1443 1411 1478 igitur
1426 1446 1511 1479 ipsum
1528 1447 1596 1474 larsit
1619 1449 1751 1477 violenter
1764 1459 1822 1478 Ino-

1031 1485 1052 1512 ri
1064 1486 1075 1512 ?
1087 1486 1149 1521 quid
1164 1495 1226 1514 vero
1237 1487 1312 1515 diviti
1329 1491 1425 1523 proruit
1438 1497 1523 1519 morte
1536 1501 1588 1520 non
1604 1494 1719 1522 violenta
1732 1497 1823 1524 mori?

1066 1530 1138 1558 Mors
1149 1532 1244 1566 injusta
1257 1534 1340 1560 minus
1355 1535 1481 1568 timenda,
1494 1545 1570 1571 quant
1580 1538 1661 1572 justa.
1674 1554 1709 1559 —
1721 1541 1755 1567 At
1769 1549 1822 1569 non

1029 1577 1168 1610 violenter,
1185 1578 1279 1613 inquit,
1294 1579 1341 1606 sed
1358 1580 1454 1615 injuste
1470 1582 1537 1609 mori
1554 1583 1676 1612 timemus
1691 1594 1698 1612 :
1714 1590 1740 1612 et
1751 1587 1822 1621 quod

1030 1621 1087 1648 ausi
1101 1621 1166 1649 nihil
1180 1630 1271 1650 eorum
1288 1624 1321 1651 de
1336 1625 1434 1659 quibus
1450 1625 1476 1653 in
1492 1628 1670 1662 suspicionem
1684 1638 1819 1664 vocamur,

1029 1672 1089 1692 cum
1105 1667 1226 1694 Sentibus
1241 1669 1339 1702 pariter
1352 1671 1501 1704 puniamur.
1513 1672 1580 1706 Quid
1595 1674 1645 1706 ais,
1659 1683 1749 1709 quaeso
1761 1676 1773 1702 ἲ
1785 1677 1822 1704 in-

1027 1710 1099 1745 juste
1113 1712 1179 1738 mori
1195 1713 1272 1740 times
1285 1714 1296 1740 ?
1309 1721 1341 1741 an
1353 1715 1425 1749 juste
1437 1716 1538 1744 velles?
1553 1718 1584 1744 Et
1599 1719 1659 1753 quis
1675 1725 1726 1747 tam
1740 1722 1821 1749 miser

1029 1762 1055 1783 et
1070 1765 1234 1785 :erumnosns
1244 1779 1251 1792 ,
1267 1764 1295 1786 ut
1307 1767 1367 1787 cum
1383 1761 1481 1795 injuste
1495 1763 1563 1790 mori
1576 1764 1731 1798 immineat,
1746 1767 1821 1794 malit

1028 1800 1098 1836 iuste
1113 1803 1202 1830 mori?
1223 1803 1250 1831 Si
1265 1805 1336 1832 enim
1353 1812 1464 1833 mortetn
1481 1813 1599 1836 metuere
1612 1815 1734 1844 oportet,
1747 1811 1820 1846 juste

1029 1847 1105 1874 nobis
1121 1847 1285 1882 ingruentem
1309 1850 1404 1878 timere
1423 1853 1549 1880 convenit
1563 1862 1569 1879 :
1583 1855 1708 1889 quoniam
1722 1856 1820 1890 injuste

1029 1893 1136 1927 quidem
1150 1899 1278 1928 mortuus,
1291 1904 1338 1930 per
1350 1896 1400 1924 hoc
1412 1898 1498 1932 ipsum
1511 1906 1571 1926 cutn
1584 1901 1683 1928 sanctis
1694 1902 1820 1930 omnibus

1028 1940 1216 1967 communicat.
1231 1941 1309 1976 Apud
1323 1942 1405 1969 Deum
1425 1944 1496 1970 enim
1519 1945 1689 1978 probatorum
1710 1951 1738 1974 et
1760 1948 1820 1976 illu-

1029 1984 1122 2011 strium
1142 1985 1232 2020 plures
1248 1986 1371 2020 injustam
1394 1988 1544 2017 sustinuere
1567 1996 1679 2018 mortem
1693 2012 1700 2024 ,
1715 1998 1742 2020 et
1755 1998 1818 2022 ante

1029 2037 1122 2057 omnes
1138 2030 1202 2058 Abel
1219 2040 1225 2057 :
1242 2039 1294 2058 non
1306 2033 1376 2059 enim
1390 2033 1415 2059 in
1429 2032 1538 2061 fratrem
1553 2043 1676 2069 peccans,
1691 2045 1740 2065 nec
1752 2039 1818 2066 Cain

1029 2075 1093 2102 heso
1103 2096 1110 2107 ,
1125 2076 1171 2103 sed
1186 2077 1310 2111 quoniam
1327 2077 1408 2105 Deum
1424 2078 1574 2108 honorabat
1586 2101 1593 2112 ,
1610 2081 1671 2109 ideo
1683 2083 1818 2118 jugulatus

1028 2126 1069 2148 est
1083 2122 1091 2155 (
1106 2121 1168 2148 Gen.
1185 2122 1202 2149 Δ
1214 2123 1233 2157 ).
1250 2123 1319 2150 Deus
1333 2129 1420 2151 autem
1437 2126 1572 2159 pertuisit,
1587 2129 1715 2162 numquid
1731 2129 1816 2163 ipsum

1028 2175 1121 2195 amans
1133 2189 1140 2201 ,
1156 2177 1189 2195 an
1204 2169 1265 2197 odio
1279 2170 1380 2199 habens
1391 2171 1402 2197 ?
1413 2178 1515 2200 certum
1529 2178 1570 2201 est
1582 2175 1653 2209 quod
1663 2184 1773 2209 amans,
1789 2181 1818 2205 ut

1028 2214 1168 2242 clariorem
1183 2215 1232 2250 ipsi
1246 2223 1371 2243 coronam
1387 2216 1487 2245 faceret
1500 2227 1532 2246 ex
1547 2220 1718 2253 iniustissima
1732 2222 1816 2250 ccede.

1029 2259 1109 2287 Vides
1122 2268 1208 2295 neque
1220 2262 1375 2295 violentam,
1392 2271 1478 2298 neque
1492 2265 1616 2299 injustam
1631 2273 1743 2295 mortem
1758 2275 1818 2296 esse

1028 2305 1217 2339 metuendam,
1231 2307 1277 2334 sed
1300 2313 1413 2335 mortem
1434 2309 1459 2336 in
1479 2311 1615 2343 peccatis?
1633 2312 1700 2339 Abel
1721 2313 1818 2347 injuste

1027 2356 1147 2378 mortuus
1160 2355 1210 2383 est,
1225 2351 1288 2379 Cain
1302 2352 1367 2379 vixit
1381 2361 1489 2388 gemens
1501 2359 1528 2381 et
1542 2360 1657 2383 tremens
1672 2365 1679 2388 ;
1696 2363 1754 2384 uter
1768 2359 1818 2393 ἱεὶ-

1029 2400 1081 2428 tur,
1095 2395 1138 2423 dic
1151 2396 1226 2430 mihi,
1243 2397 1346 2425 beatior
1360 2398 1417 2431 fuit,
1432 2399 1475 2434 qui
1489 2408 1549 2426 eum
1562 2400 1664 2435 justitia
1680 2404 1819 2438 requieve-

1028 2447 1078 2475 rat,
1091 2450 1124 2469 an
1137 2443 1182 2478 qui
1196 2444 1312 2477 peccatis
1324 2445 1449 2472 vivebat?
1464 2445 1508 2480 qui
1521 2451 1641 2474 mortuus
1654 2453 1695 2474 est
1708 2449 1817 2483 injuste,

1028 2495 1061 2514 an
1086 2488 1131 2522 qui
1154 2488 1225 2522 jnste
1244 2490 1423 2523 punichatur?
1440 2491 1522 2518 Vultis
1530 2490 1759 2521 charitativestne
1777 2494 1819 2522 di-

1027 2540 1097 2566 cam,
1113 2534 1183 2561 unde
1196 2534 1319 2562 timemus
1335 2540 1446 2563 mortem
1459 2537 1470 2564 ‘i
1482 2536 1540 2564 Non
1550 2538 1671 2566 vulnerat
1683 2547 1732 2566 nos
1744 2541 1818 2575 regni

1027 2588 1118 2613 amor,
1139 2589 1190 2608 non
1210 2589 1258 2609 nos
1277 2581 1426 2610 futurorum
1446 2591 1522 2611 amor
1540 2586 1661 2612 accendit
1677 2594 1684 2612 :
1700 2587 1819 2621 alioquin

1029 2626 1168 2660 prmsentia
1179 2626 1376 2661 despiceremus
1389 2629 1476 2655 omnia
1487 2649 1495 2661 ,
1509 2629 1576 2657 sicut
1595 2630 1690 2658 beatus
1709 2632 1817 2659 Paulus.

1027 2671 1068 2698 Ad
1082 2671 1139 2698 lure
1151 2680 1203 2698 non
1220 2673 1344 2700 timenms
1356 2674 1505 2709 gehennam
1517 2696 1524 2708 ,
1540 2676 1600 2703 ideo
1613 2683 1726 2705 mortem
1741 2679 1821 2706 timc-

1029 2725 1107 2744 mus:
1130 2718 1250 2752 supplicii
1274 2719 1343 2746 illius
1367 2721 1561 2749 intolerabilem
1585 2723 1740 2757 gravitatem
1764 2732 1818 2751 non

1029 2763 1151 2790 novimus
1163 2784 1170 2795 ,
1187 2771 1323 2798 propterea
1344 2773 1391 2800 pro
1413 2772 1522 2800 peccato
1540 2773 1652 2794 mortem
1673 2769 1797 2796 timemus
1809 2780 1818 2797 ι

1028 2811 1099 2842 quod
1118 2809 1140 2836 si
1160 2809 1203 2837 ille
1215 2811 1330 2837 animam
1349 2817 1466 2838 nostram
1487 2813 1566 2839 titnor
1578 2819 1752 2848 occupasset,
1767 2815 1820 2843 ista

1030 2853 1174 2889 subrepere
1187 2862 1238 2881 non
1252 2859 1390 2890 petutsset.
1407 2856 1439 2883 Et
1459 2856 1509 2884 hoc
1523 2865 1575 2885 non
1591 2858 1702 2893 procul,
1723 2859 1770 2887 scd
1784 2867 1818 2888 ex
