  <div class='ocr_page' id='page_1' title='image "/cluster/home/n/w/nwhite01/storage/ocr_20150623/49-50/njp.32101077772620/078.png"; bbox 0 0 1962 3121; ppageno 0'>
   <div class='ocr_carea' id='block_1_1' title="bbox 121 147 1762 187">
    <p class='ocr_par' dir='ltr' id='par_1_1' title="bbox 121 147 1762 187">
     <span class='ocr_line' id='line_1_1' title="bbox 121 147 1762 187; baseline 0.005 -13"><span class='ocrx_word' id='word_1_1' title='bbox 121 148 148 174; x_wconf 73' lang='grc'><strong>75</strong></span> <span class='ocrx_word' id='word_1_2' title='bbox 595 151 639 178; x_wconf 82' lang='lat' dir='ltr'><strong>AD</strong></span> <span class='ocrx_word' id='word_1_3' title='bbox 660 149 820 178; x_wconf 75' lang='lat' dir='ltr'><strong>POPULUM</strong></span> <span class='ocrx_word' id='word_1_4' title='bbox 835 147 1085 178; x_wconf 76' lang='lat' dir='ltr'><strong>ANTIOCIIENUM</strong></span> <span class='ocrx_word' id='word_1_5' title='bbox 1117 150 1231 179; x_wconf 80' lang='lat' dir='ltr'><strong>IIOMIL.</strong></span> <span class='ocrx_word' id='word_1_6' title='bbox 1254 153 1285 179; x_wconf 85' lang='lat' dir='ltr'><strong>V.</strong></span> <span class='ocrx_word' id='word_1_7' title='bbox 1731 158 1762 187; x_wconf 70' lang='grc' dir='ltr'><strong>τί</strong></span> 
     </span>
    </p>
   </div>
   <div class='ocr_carea' id='block_1_2' title="bbox 121 205 914 242">
    <p class='ocr_par' dir='ltr' id='par_1_2' title="bbox 121 205 914 242">
     <span class='ocr_line' id='line_1_2' title="bbox 121 205 914 242; baseline -0.003 -7"><span class='ocrx_word' id='word_1_8' title='bbox 121 205 273 238; x_wconf 77' lang='lat' dir='ltr'><strong>tlmneslicis,</strong></span> <span class='ocrx_word' id='word_1_9' title='bbox 287 210 316 234; x_wconf 92' lang='lat' dir='ltr'><strong>et</strong></span> <span class='ocrx_word' id='word_1_10' title='bbox 329 213 362 233; x_wconf 78' lang='lat' dir='ltr'><strong>ex</strong></span> <span class='ocrx_word' id='word_1_11' title='bbox 380 207 417 233; x_wconf 66' lang='lat' dir='ltr'><strong>iis</strong></span> <span class='ocrx_word' id='word_1_12' title='bbox 429 214 491 242; x_wconf 78' lang='lat' dir='ltr'><strong>quae</strong></span> <span class='ocrx_word' id='word_1_13' title='bbox 504 207 579 235; x_wconf 88' lang='lat' dir='ltr'><strong>nobis</strong></span> <span class='ocrx_word' id='word_1_14' title='bbox 593 207 746 234; x_wconf 87' lang='lat' dir='ltr'><strong>acciderunt</strong></span> <span class='ocrx_word' id='word_1_15' title='bbox 759 206 800 234; x_wconf 86' lang='lat' dir='ltr'><strong>his</strong></span> <span class='ocrx_word' id='word_1_16' title='bbox 810 206 914 238; x_wconf 76' lang='lat' dir='ltr'><strong>diebus,</strong></span> 
     </span>
    </p>
   </div>
   <div class='ocr_carea' id='block_1_3' title="bbox 122 251 920 288">
    <p class='ocr_par' dir='ltr' id='par_1_3' title="bbox 122 251 920 288">
     <span class='ocr_line' id='line_1_3' title="bbox 122 251 920 288; baseline -0.001 -8"><span class='ocrx_word' id='word_1_17' title='bbox 122 251 280 280; x_wconf 79' lang='lat' dir='ltr'><strong>manifestum</strong></span> <span class='ocrx_word' id='word_1_18' title='bbox 292 253 385 280; x_wconf 71' lang='lat' dir='ltr'><strong>facere</strong></span> <span class='ocrx_word' id='word_1_19' title='bbox 398 254 530 281; x_wconf 88' lang='lat' dir='ltr'><strong>conabor.</strong></span> <span class='ocrx_word' id='word_1_20' title='bbox 548 253 688 288; x_wconf 79' lang='lat' dir='ltr'><strong>Postquam</strong></span> <span class='ocrx_word' id='word_1_21' title='bbox 702 253 773 280; x_wconf 90' lang='lat' dir='ltr'><strong>enim</strong></span> <span class='ocrx_word' id='word_1_22' title='bbox 786 252 820 280; x_wconf 86' lang='lat' dir='ltr'><strong>ab</strong></span> <span class='ocrx_word' id='word_1_23' title='bbox 836 252 920 286; x_wconf 87' lang='lat' dir='ltr'><strong>Impe-</strong></span> 
     </span>
    </p>
   </div>
   <div class='ocr_carea' id='block_1_4' title="bbox 122 298 919 334">
    <p class='ocr_par' dir='ltr' id='par_1_4' title="bbox 122 298 919 334">
     <span class='ocr_line' id='line_1_4' title="bbox 122 298 919 334; baseline -0.003 -8"><span class='ocrx_word' id='word_1_24' title='bbox 122 304 203 326; x_wconf 81' lang='lat' dir='ltr'><strong>ratore</strong></span> <span class='ocrx_word' id='word_1_25' title='bbox 215 298 286 325; x_wconf 74' lang='lat' dir='ltr'><strong>data:</strong></span> <span class='ocrx_word' id='word_1_26' title='bbox 296 303 361 326; x_wconf 91' lang='lat' dir='ltr'><strong>sunt</strong></span> <span class='ocrx_word' id='word_1_27' title='bbox 369 299 472 326; x_wconf 73' lang='lat' dir='ltr'><strong>littera:</strong></span> <span class='ocrx_word' id='word_1_28' title='bbox 481 299 609 327; x_wconf 86' lang='lat' dir='ltr'><strong>tributum</strong></span> <span class='ocrx_word' id='word_1_29' title='bbox 624 299 689 330; x_wconf 87' lang='lat' dir='ltr'><strong>hoc,</strong></span> <span class='ocrx_word' id='word_1_30' title='bbox 699 299 771 334; x_wconf 91' lang='lat' dir='ltr'><strong>quod</strong></span> <span class='ocrx_word' id='word_1_31' title='bbox 795 299 919 325; x_wconf 74' lang='lat' dir='ltr'><strong>intolera~</strong></span> 
     </span>
    </p>
   </div>
   <div class='ocr_carea' id='block_1_5' title="bbox 120 344 917 379">
    <p class='ocr_par' dir='ltr' id='par_1_5' title="bbox 120 344 917 379">
     <span class='ocr_line' id='line_1_5' title="bbox 120 344 917 379; baseline -0.003 -7"><span class='ocrx_word' id='word_1_32' title='bbox 120 345 169 373; x_wconf 83' lang='lat' dir='ltr'><strong>bile</strong></span> <span class='ocrx_word' id='word_1_33' title='bbox 187 351 248 372; x_wconf 83' lang='lat' dir='ltr'><strong>esse</strong></span> <span class='ocrx_word' id='word_1_34' title='bbox 267 344 431 377; x_wconf 73' lang='lat' dir='ltr'><strong>videbatur.</strong></span> <span class='ocrx_word' id='word_1_35' title='bbox 452 345 575 373; x_wconf 82' lang='lat' dir='ltr'><strong>conferre</strong></span> <span class='ocrx_word' id='word_1_36' title='bbox 594 345 719 379; x_wconf 89' lang='lat' dir='ltr'><strong>jnbentes</strong></span> <span class='ocrx_word' id='word_1_37' title='bbox 733 365 740 377; x_wconf 94' lang='lat'><strong>,</strong></span> <span class='ocrx_word' id='word_1_38' title='bbox 761 351 855 371; x_wconf 82' lang='lat' dir='ltr'><strong>omnes</strong></span> <span class='ocrx_word' id='word_1_39' title='bbox 875 348 917 370; x_wconf 88' lang='lat' dir='ltr'><strong>tu-</strong></span> 
     </span>
    </p>
   </div>
   <div class='ocr_carea' id='block_1_6' title="bbox 118 390 916 426">
    <p class='ocr_par' dir='ltr' id='par_1_6' title="bbox 118 390 916 426">
     <span class='ocr_line' id='line_1_6' title="bbox 118 390 916 426; baseline -0.003 -8"><span class='ocrx_word' id='word_1_40' title='bbox 118 391 335 425; x_wconf 85' lang='lat' dir='ltr'><strong>multuabantur,</strong></span> <span class='ocrx_word' id='word_1_41' title='bbox 350 399 448 419; x_wconf 89' lang='lat' dir='ltr'><strong>omnes</strong></span> <span class='ocrx_word' id='word_1_42' title='bbox 460 392 676 424; x_wconf 86' lang='lat' dir='ltr'><strong>contendebant,</strong></span> <span class='ocrx_word' id='word_1_43' title='bbox 690 399 761 426; x_wconf 73' lang='lat' dir='ltr'><strong>aegre</strong></span> <span class='ocrx_word' id='word_1_44' title='bbox 778 390 897 418; x_wconf 69' lang='lat' dir='ltr'><strong>ferebant</strong></span> <span class='ocrx_word' id='word_1_45' title='bbox 910 410 916 422; x_wconf 83' lang='lat'><strong>,</strong></span> 
     </span>
    </p>
   </div>
   <div class='ocr_carea' id='block_1_7' title="bbox 117 436 917 471">
    <p class='ocr_par' dir='ltr' id='par_1_7' title="bbox 117 436 917 471">
     <span class='ocr_line' id='line_1_7' title="bbox 117 436 917 471; baseline -0.001 -8"><span class='ocrx_word' id='word_1_46' title='bbox 117 437 325 471; x_wconf 86' lang='lat' dir='ltr'><strong>indignabantur</strong></span> <span class='ocrx_word' id='word_1_47' title='bbox 337 458 344 468; x_wconf 84' lang='lat'><strong>,</strong></span> <span class='ocrx_word' id='word_1_48' title='bbox 368 437 443 465; x_wconf 91' lang='lat' dir='ltr'><strong>inter</strong></span> <span class='ocrx_word' id='word_1_49' title='bbox 456 445 487 464; x_wconf 86' lang='lat' dir='ltr'><strong>se</strong></span> <span class='ocrx_word' id='word_1_50' title='bbox 500 441 671 465; x_wconf 74' lang='lat' dir='ltr'><strong>occurrentes</strong></span> <span class='ocrx_word' id='word_1_51' title='bbox 682 436 809 464; x_wconf 91' lang='lat' dir='ltr'><strong>dicebant</strong></span> <span class='ocrx_word' id='word_1_52' title='bbox 821 445 826 462; x_wconf 90' lang='lat'>:</span> <span class='ocrx_word' id='word_1_53' title='bbox 841 436 917 463; x_wconf 90' lang='lat' dir='ltr'><strong>lIaud</strong></span> 
     </span>
    </p>
   </div>
   <div class='ocr_carea' id='block_1_8' title="bbox 116 481 917 516">
    <p class='ocr_par' dir='ltr' id='par_1_8' title="bbox 116 481 917 516">
     <span class='ocr_line' id='line_1_8' title="bbox 116 481 917 516; baseline -0.002 -6"><span class='ocrx_word' id='word_1_54' title='bbox 116 483 201 510; x_wconf 68' lang='lat' dir='ltr'><strong>viniis</strong></span> <span class='ocrx_word' id='word_1_55' title='bbox 221 482 303 510; x_wconf 87' lang='lat' dir='ltr'><strong>nobis</strong></span> <span class='ocrx_word' id='word_1_56' title='bbox 323 483 376 510; x_wconf 88' lang='lat' dir='ltr'><strong>vita</strong></span> <span class='ocrx_word' id='word_1_57' title='bbox 391 504 398 515; x_wconf 88' lang='lat'><strong>,</strong></span> <span class='ocrx_word' id='word_1_58' title='bbox 414 484 542 511; x_wconf 85' lang='lat' dir='ltr'><strong>subversa</strong></span> <span class='ocrx_word' id='word_1_59' title='bbox 558 483 652 510; x_wconf 82' lang='lat' dir='ltr'><strong>civitas</strong></span> <span class='ocrx_word' id='word_1_60' title='bbox 665 487 716 515; x_wconf 86' lang='lat' dir='ltr'><strong>est,</strong></span> <span class='ocrx_word' id='word_1_61' title='bbox 731 482 811 516; x_wconf 88' lang='lat' dir='ltr'><strong>hujus</strong></span> <span class='ocrx_word' id='word_1_62' title='bbox 825 481 917 508; x_wconf 76' lang='lat' dir='ltr'><strong>tributi</strong></span> 
     </span>
    </p>
   </div>
   <div class='ocr_carea' id='block_1_9' title="bbox 114 529 918 563">
    <p class='ocr_par' dir='ltr' id='par_1_9' title="bbox 114 529 918 563">
     <span class='ocr_line' id='line_1_9' title="bbox 114 529 918 563; baseline -0.002 -7"><span class='ocrx_word' id='word_1_63' title='bbox 114 529 332 563; x_wconf 81' lang='lat' dir='ltr'><strong>magnitudinem</strong></span> <span class='ocrx_word' id='word_1_64' title='bbox 348 529 482 557; x_wconf 76' lang='lat' dir='ltr'><strong>sustinere</strong></span> <span class='ocrx_word' id='word_1_65' title='bbox 496 529 594 563; x_wconf 88' lang='lat' dir='ltr'><strong>poterit</strong></span> <span class='ocrx_word' id='word_1_66' title='bbox 609 536 688 556; x_wconf 89' lang='lat' dir='ltr'><strong>nemo</strong></span> <span class='ocrx_word' id='word_1_67' title='bbox 704 537 710 555; x_wconf 85' lang='lat'><strong>:</strong></span> <span class='ocrx_word' id='word_1_68' title='bbox 724 532 751 555; x_wconf 84' lang='lat' dir='ltr'><strong>et</strong></span> <span class='ocrx_word' id='word_1_69' title='bbox 764 535 859 555; x_wconf 87' lang='lat' dir='ltr'><strong>omnes</strong></span> <span class='ocrx_word' id='word_1_70' title='bbox 870 535 918 554; x_wconf 87' lang='lat' dir='ltr'><strong>an-</strong></span> 
     </span>
    </p>
   </div>
   <div class='ocr_carea' id='block_1_10' title="bbox 112 573 914 610">
    <p class='ocr_par' dir='ltr' id='par_1_10' title="bbox 112 573 914 610">
     <span class='ocr_line' id='line_1_10' title="bbox 112 573 914 610; baseline -0.002 -9"><span class='ocrx_word' id='word_1_71' title='bbox 112 575 258 610; x_wconf 81' lang='lat' dir='ltr'><strong>gebantur,</strong></span> <span class='ocrx_word' id='word_1_72' title='bbox 284 580 414 610; x_wconf 83' lang='lat' dir='ltr'><strong>tauquam</strong></span> <span class='ocrx_word' id='word_1_73' title='bbox 436 574 469 602; x_wconf 90' lang='lat' dir='ltr'><strong>de</strong></span> <span class='ocrx_word' id='word_1_74' title='bbox 489 573 617 602; x_wconf 81' lang='lat' dir='ltr'><strong>extremis</strong></span> <span class='ocrx_word' id='word_1_75' title='bbox 638 574 703 608; x_wconf 89' lang='lat' dir='ltr'><strong>ipsis</strong></span> <span class='ocrx_word' id='word_1_76' title='bbox 724 573 914 608; x_wconf 79' lang='lat' dir='ltr'><strong>periclitantes.</strong></span> 
     </span>
    </p>
   </div>
   <div class='ocr_carea' id='block_1_11' title="bbox 111 618 915 656">
    <p class='ocr_par' dir='ltr' id='par_1_11' title="bbox 111 618 915 656">
     <span class='ocr_line' id='line_1_11' title="bbox 111 618 915 656; baseline -0.005 -8"><span class='ocrx_word' id='word_1_77' title='bbox 111 621 171 648; x_wconf 72' lang='lat' dir='ltr'><strong>Mox</strong></span> <span class='ocrx_word' id='word_1_78' title='bbox 185 629 253 649; x_wconf 82' lang='lat' dir='ltr'><strong>vero</strong></span> <span class='ocrx_word' id='word_1_79' title='bbox 267 625 411 656; x_wconf 77' lang='lat' dir='ltr'><strong>postquam</strong></span> <span class='ocrx_word' id='word_1_80' title='bbox 424 625 575 656; x_wconf 87' lang='lat' dir='ltr'><strong>perpetrata</strong></span> <span class='ocrx_word' id='word_1_81' title='bbox 590 619 755 651; x_wconf 83' lang='lat' dir='ltr'><strong>acciderunt,</strong></span> <span class='ocrx_word' id='word_1_82' title='bbox 770 623 798 645; x_wconf 87' lang='lat' dir='ltr'><strong>et</strong></span> <span class='ocrx_word' id='word_1_83' title='bbox 809 618 915 653; x_wconf 87' lang='lat' dir='ltr'><strong>quidam</strong></span> 
     </span>
    </p>
   </div>
   <div class='ocr_carea' id='block_1_12' title="bbox 112 665 916 701">
    <p class='ocr_par' dir='ltr' id='par_1_12' title="bbox 112 665 916 701">
     <span class='ocr_line' id='line_1_12' title="bbox 112 665 916 701; baseline -0.005 -7"><span class='ocrx_word' id='word_1_84' title='bbox 112 667 208 694; x_wconf 84' lang='lat' dir='ltr'><strong>nefarii</strong></span> <span class='ocrx_word' id='word_1_85' title='bbox 225 672 255 693; x_wconf 88' lang='lat' dir='ltr'><strong>et</strong></span> <span class='ocrx_word' id='word_1_86' title='bbox 271 667 484 699; x_wconf 87' lang='lat' dir='ltr'><strong>sceleratissimi,</strong></span> <span class='ocrx_word' id='word_1_87' title='bbox 499 666 602 701; x_wconf 78' lang='lat' dir='ltr'><strong>legibus</strong></span> <span class='ocrx_word' id='word_1_88' title='bbox 616 665 782 693; x_wconf 84' lang='lat' dir='ltr'><strong>conculcatis</strong></span> <span class='ocrx_word' id='word_1_89' title='bbox 793 686 799 696; x_wconf 92' lang='lat'><strong>,</strong></span> <span class='ocrx_word' id='word_1_90' title='bbox 815 669 916 692; x_wconf 86' lang='lat' dir='ltr'><strong>statuas</strong></span> 
     </span>
    </p>
   </div>
   <div class='ocr_carea' id='block_1_13' title="bbox 111 711 916 747">
    <p class='ocr_par' dir='ltr' id='par_1_13' title="bbox 111 711 916 747">
     <span class='ocr_line' id='line_1_13' title="bbox 111 711 916 747; baseline -0.005 -7"><span class='ocrx_word' id='word_1_91' title='bbox 111 713 276 746; x_wconf 68' lang='lat' dir='ltr'><strong>dejcccrunt</strong></span> <span class='ocrx_word' id='word_1_92' title='bbox 289 733 296 744; x_wconf 91' lang='lat'><strong>,</strong></span> <span class='ocrx_word' id='word_1_93' title='bbox 321 717 350 739; x_wconf 88' lang='lat' dir='ltr'><strong>et</strong></span> <span class='ocrx_word' id='word_1_94' title='bbox 370 712 465 739; x_wconf 87' lang='lat' dir='ltr'><strong>mortis</strong></span> <span class='ocrx_word' id='word_1_95' title='bbox 480 711 626 747; x_wconf 88' lang='lat' dir='ltr'><strong>periculum</strong></span> <span class='ocrx_word' id='word_1_96' title='bbox 643 711 768 738; x_wconf 90' lang='lat' dir='ltr'><strong>omnibus</strong></span> <span class='ocrx_word' id='word_1_97' title='bbox 783 711 916 744; x_wconf 85' lang='lat' dir='ltr'><strong>imposue-</strong></span> 
     </span>
    </p>
   </div>
   <div class='ocr_carea' id='block_1_14' title="bbox 111 756 916 793">
    <p class='ocr_par' dir='ltr' id='par_1_14' title="bbox 111 756 916 793">
     <span class='ocr_line' id='line_1_14' title="bbox 111 756 916 793; baseline -0.004 -7"><span class='ocrx_word' id='word_1_98' title='bbox 111 763 187 791; x_wconf 86' lang='lat' dir='ltr'><strong>runt,</strong></span> <span class='ocrx_word' id='word_1_99' title='bbox 203 763 232 786; x_wconf 88' lang='lat' dir='ltr'><strong>et</strong></span> <span class='ocrx_word' id='word_1_100' title='bbox 245 758 303 793; x_wconf 78' lang='lat' dir='ltr'><strong>jam</strong></span> <span class='ocrx_word' id='word_1_101' title='bbox 319 758 353 785; x_wconf 87' lang='lat' dir='ltr'><strong>de</strong></span> <span class='ocrx_word' id='word_1_102' title='bbox 366 757 423 793; x_wconf 87' lang='lat' dir='ltr'><strong>ipsa</strong></span> <span class='ocrx_word' id='word_1_103' title='bbox 438 758 491 784; x_wconf 87' lang='lat' dir='ltr'><strong>vita</strong></span> <span class='ocrx_word' id='word_1_104' title='bbox 505 758 639 790; x_wconf 86' lang='lat' dir='ltr'><strong>timemus,</strong></span> <span class='ocrx_word' id='word_1_105' title='bbox 654 757 815 784; x_wconf 78' lang='lat' dir='ltr'><strong>exacerbato</strong></span> <span class='ocrx_word' id='word_1_106' title='bbox 830 756 916 790; x_wconf 88' lang='lat' dir='ltr'><strong>Impe-</strong></span> 
     </span>
    </p>
   </div>
   <div class='ocr_carea' id='block_1_15' title="bbox 112 802 913 838">
    <p class='ocr_par' dir='ltr' id='par_1_15' title="bbox 112 802 913 838">
     <span class='ocr_line' id='line_1_15' title="bbox 112 802 913 838; baseline -0.002 -7"><span class='ocrx_word' id='word_1_107' title='bbox 112 809 205 831; x_wconf 86' lang='lat' dir='ltr'><strong>ratore</strong></span> <span class='ocrx_word' id='word_1_108' title='bbox 218 812 226 835; x_wconf 88' lang='lat'><strong>;</strong></span> <span class='ocrx_word' id='word_1_109' title='bbox 243 813 298 831; x_wconf 82' lang='lat' dir='ltr'><strong>non</strong></span> <span class='ocrx_word' id='word_1_110' title='bbox 315 812 364 831; x_wconf 91' lang='lat' dir='ltr'><strong>nos</strong></span> <span class='ocrx_word' id='word_1_111' title='bbox 375 803 489 838; x_wconf 77' lang='lat' dir='ltr'><strong>aliiplius</strong></span> <span class='ocrx_word' id='word_1_112' title='bbox 503 803 674 838; x_wconf 82' lang='lat' dir='ltr'><strong>pecuniarum</strong></span> <span class='ocrx_word' id='word_1_113' title='bbox 683 803 786 837; x_wconf 85' lang='lat' dir='ltr'><strong>jactura</strong></span> <span class='ocrx_word' id='word_1_114' title='bbox 799 802 913 834; x_wconf 89' lang='lat' dir='ltr'><strong>mordet,</strong></span> 
     </span>
    </p>
   </div>
   <div class='ocr_carea' id='block_1_16' title="bbox 111 848 915 883">
    <p class='ocr_par' dir='ltr' id='par_1_16' title="bbox 111 848 915 883">
     <span class='ocr_line' id='line_1_16' title="bbox 111 848 915 883; baseline -0.004 -6"><span class='ocrx_word' id='word_1_115' title='bbox 111 850 160 877; x_wconf 87' lang='lat' dir='ltr'><strong>sed</strong></span> <span class='ocrx_word' id='word_1_116' title='bbox 183 849 236 876; x_wconf 71' lang='lat' dir='ltr'><strong>alia</strong></span> <span class='ocrx_word' id='word_1_117' title='bbox 257 857 306 883; x_wconf 86' lang='lat' dir='ltr'><strong>pro</strong></span> <span class='ocrx_word' id='word_1_118' title='bbox 329 849 381 876; x_wconf 88' lang='lat' dir='ltr'><strong>illis</strong></span> <span class='ocrx_word' id='word_1_119' title='bbox 400 856 496 876; x_wconf 85' lang='lat' dir='ltr'><strong>omnes</strong></span> <span class='ocrx_word' id='word_1_120' title='bbox 515 848 595 876; x_wconf 85' lang='lat' dir='ltr'><strong>audio</strong></span> <span class='ocrx_word' id='word_1_121' title='bbox 612 848 732 876; x_wconf 85' lang='lat' dir='ltr'><strong>dicentes</strong></span> <span class='ocrx_word' id='word_1_122' title='bbox 750 857 755 874; x_wconf 97' lang='lat'>:</span> <span class='ocrx_word' id='word_1_123' title='bbox 772 848 865 882; x_wconf 88' lang='lat' dir='ltr'><strong>Capiat</strong></span> <span class='ocrx_word' id='word_1_124' title='bbox 889 852 915 875; x_wconf 88' lang='lat' dir='ltr'><strong>et</strong></span> 
     </span>
    </p>
   </div>
   <div class='ocr_carea' id='block_1_17' title="bbox 113 893 914 929">
    <p class='ocr_par' dir='ltr' id='par_1_17' title="bbox 113 893 914 929">
     <span class='ocr_line' id='line_1_17' title="bbox 113 893 914 929; baseline -0.004 -7"><span class='ocrx_word' id='word_1_125' title='bbox 113 895 295 922; x_wconf 85' lang='lat' dir='ltr'><strong>substantiam</strong></span> <span class='ocrx_word' id='word_1_126' title='bbox 317 893 474 929; x_wconf 84' lang='lat' dir='ltr'><strong>Imperator,</strong></span> <span class='ocrx_word' id='word_1_127' title='bbox 489 898 517 922; x_wconf 91' lang='lat' dir='ltr'><strong>et</strong></span> <span class='ocrx_word' id='word_1_128' title='bbox 531 894 602 929; x_wconf 79' lang='lat' dir='ltr'><strong>agris</strong></span> <span class='ocrx_word' id='word_1_129' title='bbox 614 899 641 921; x_wconf 88' lang='lat' dir='ltr'><strong>et</strong></span> <span class='ocrx_word' id='word_1_130' title='bbox 656 893 868 928; x_wconf 84' lang='lat' dir='ltr'><strong>supellectilibus</strong></span> <span class='ocrx_word' id='word_1_131' title='bbox 881 893 914 919; x_wconf 84' lang='lat' dir='ltr'><strong>li-</strong></span> 
     </span>
    </p>
   </div>
   <div class='ocr_carea' id='block_1_18' title="bbox 113 939 915 973">
    <p class='ocr_par' dir='ltr' id='par_1_18' title="bbox 113 939 915 973">
     <span class='ocr_line' id='line_1_18' title="bbox 113 939 915 973; baseline 0 -7"><span class='ocrx_word' id='word_1_132' title='bbox 113 940 212 967; x_wconf 86' lang='lat' dir='ltr'><strong>benter</strong></span> <span class='ocrx_word' id='word_1_133' title='bbox 225 940 390 970; x_wconf 68' lang='lat' dir='ltr'><strong>carebimus,</strong></span> <span class='ocrx_word' id='word_1_134' title='bbox 404 939 545 967; x_wconf 82' lang='lat' dir='ltr'><strong>dumtaxat</strong></span> <span class='ocrx_word' id='word_1_135' title='bbox 559 946 656 973; x_wconf 88' lang='lat' dir='ltr'><strong>corpus</strong></span> <span class='ocrx_word' id='word_1_136' title='bbox 669 939 771 966; x_wconf 83' lang='lat' dir='ltr'><strong>salvum</strong></span> <span class='ocrx_word' id='word_1_137' title='bbox 787 939 843 966; x_wconf 79' lang='lat' dir='ltr'><strong>fore</strong></span> <span class='ocrx_word' id='word_1_138' title='bbox 856 939 915 973; x_wconf 85' lang='lat' dir='ltr'><strong>quis</strong></span> 
     </span>
    </p>
   </div>
   <div class='ocr_carea' id='block_1_19' title="bbox 112 985 915 1021">
    <p class='ocr_par' dir='ltr' id='par_1_19' title="bbox 112 985 915 1021">
     <span class='ocr_line' id='line_1_19' title="bbox 112 985 915 1021; baseline -0.001 -8"><span class='ocrx_word' id='word_1_139' title='bbox 112 987 259 1020; x_wconf 80' lang='lat' dir='ltr'><strong>spondeat.</strong></span> <span class='ocrx_word' id='word_1_140' title='bbox 274 985 350 1013; x_wconf 83' lang='lat' dir='ltr'><strong>Sicut</strong></span> <span class='ocrx_word' id='word_1_141' title='bbox 364 986 454 1020; x_wconf 78' lang='lat' dir='ltr'><strong>itaque</strong></span> <span class='ocrx_word' id='word_1_142' title='bbox 468 986 621 1021; x_wconf 83' lang='lat' dir='ltr'><strong>priusquam</strong></span> <span class='ocrx_word' id='word_1_143' title='bbox 636 986 712 1013; x_wconf 89' lang='lat' dir='ltr'><strong>nobis</strong></span> <span class='ocrx_word' id='word_1_144' title='bbox 726 986 820 1012; x_wconf 79' lang='lat' dir='ltr'><strong>mortis</strong></span> <span class='ocrx_word' id='word_1_145' title='bbox 835 986 915 1013; x_wconf 85' lang='lat' dir='ltr'><strong>timor</strong></span> 
     </span>
    </p>
   </div>
   <div class='ocr_carea' id='block_1_20' title="bbox 114 1031 915 1066">
    <p class='ocr_par' dir='ltr' id='par_1_20' title="bbox 114 1031 915 1066">
     <span class='ocr_line' id='line_1_20' title="bbox 114 1031 915 1066; baseline 0 -8"><span class='ocrx_word' id='word_1_146' title='bbox 114 1032 272 1058; x_wconf 77' lang='lat' dir='ltr'><strong>imuineret</strong></span> <span class='ocrx_word' id='word_1_147' title='bbox 284 1052 293 1065; x_wconf 85' lang='lat'><strong>,</strong></span> <span class='ocrx_word' id='word_1_148' title='bbox 308 1038 356 1058; x_wconf 87' lang='lat' dir='ltr'><strong>nos</strong></span> <span class='ocrx_word' id='word_1_149' title='bbox 372 1032 544 1066; x_wconf 81' lang='lat' dir='ltr'><strong>pecuniarum</strong></span> <span class='ocrx_word' id='word_1_150' title='bbox 558 1031 655 1058; x_wconf 90' lang='lat' dir='ltr'><strong>mulcta</strong></span> <span class='ocrx_word' id='word_1_151' title='bbox 669 1031 822 1063; x_wconf 80' lang='lat' dir='ltr'><strong>cruciabat;</strong></span> <span class='ocrx_word' id='word_1_152' title='bbox 839 1035 915 1065; x_wconf 80' lang='lat' dir='ltr'><strong>post-</strong></span> 
     </span>
    </p>
   </div>
   <div class='ocr_carea' id='block_1_21' title="bbox 113 1076 915 1112">
    <p class='ocr_par' dir='ltr' id='par_1_21' title="bbox 113 1076 915 1112">
     <span class='ocr_line' id='line_1_21' title="bbox 113 1076 915 1112; baseline -0.001 -9"><span class='ocrx_word' id='word_1_153' title='bbox 113 1085 196 1112; x_wconf 83' lang='lat' dir='ltr'><strong>quam</strong></span> <span class='ocrx_word' id='word_1_154' title='bbox 220 1085 287 1104; x_wconf 81' lang='lat' dir='ltr'><strong>vero</strong></span> <span class='ocrx_word' id='word_1_155' title='bbox 309 1076 424 1104; x_wconf 80' lang='lat' dir='ltr'><strong>nefanda</strong></span> <span class='ocrx_word' id='word_1_156' title='bbox 450 1081 599 1112; x_wconf 83' lang='lat' dir='ltr'><strong>perpetrata</strong></span> <span class='ocrx_word' id='word_1_157' title='bbox 620 1081 701 1109; x_wconf 89' lang='lat' dir='ltr'><strong>sunt,</strong></span> <span class='ocrx_word' id='word_1_158' title='bbox 723 1077 817 1104; x_wconf 87' lang='lat' dir='ltr'><strong>mortis</strong></span> <span class='ocrx_word' id='word_1_159' title='bbox 836 1076 915 1103; x_wconf 86' lang='lat' dir='ltr'><strong>timor</strong></span> 
     </span>
    </p>
   </div>
   <div class='ocr_carea' id='block_1_22' title="bbox 112 1121 915 1157">
    <p class='ocr_par' dir='ltr' id='par_1_22' title="bbox 112 1121 915 1157">
     <span class='ocr_line' id='line_1_22' title="bbox 112 1121 915 1157; baseline -0.002 -7"><span class='ocrx_word' id='word_1_160' title='bbox 112 1123 274 1154; x_wconf 83' lang='lat' dir='ltr'><strong>succedens.</strong></span> <span class='ocrx_word' id='word_1_161' title='bbox 285 1123 392 1150; x_wconf 76' lang='lat' dir='ltr'><strong>mulcta:</strong></span> <span class='ocrx_word' id='word_1_162' title='bbox 400 1123 521 1150; x_wconf 88' lang='lat' dir='ltr'><strong>dolorem</strong></span> <span class='ocrx_word' id='word_1_163' title='bbox 533 1123 632 1157; x_wconf 77' lang='lat' dir='ltr'><strong>expulit</strong></span> <span class='ocrx_word' id='word_1_164' title='bbox 642 1132 649 1150; x_wconf 87' lang='lat'><strong>:</strong></span> <span class='ocrx_word' id='word_1_165' title='bbox 658 1121 696 1149; x_wconf 90' lang='lat' dir='ltr'><strong>sic</strong></span> <span class='ocrx_word' id='word_1_166' title='bbox 708 1126 735 1149; x_wconf 89' lang='lat' dir='ltr'><strong>et</strong></span> <span class='ocrx_word' id='word_1_167' title='bbox 750 1121 773 1149; x_wconf 73' lang='lat' dir='ltr'><strong>si</strong></span> <span class='ocrx_word' id='word_1_168' title='bbox 786 1122 915 1157; x_wconf 65' lang='lat' dir='ltr'><strong>gebeunaz</strong></span> 
     </span>
    </p>
   </div>
   <div class='ocr_carea' id='block_1_23' title="bbox 114 1168 915 1204">
    <p class='ocr_par' dir='ltr' id='par_1_23' title="bbox 114 1168 915 1204">
     <span class='ocr_line' id='line_1_23' title="bbox 114 1168 915 1204; baseline -0.002 -8"><span class='ocrx_word' id='word_1_169' title='bbox 114 1171 199 1197; x_wconf 87' lang='lat' dir='ltr'><strong>timor</strong></span> <span class='ocrx_word' id='word_1_170' title='bbox 214 1169 468 1204; x_wconf 81' lang='lat' dir='ltr'><strong>comprehendisset</strong></span> <span class='ocrx_word' id='word_1_171' title='bbox 487 1170 588 1196; x_wconf 87' lang='lat' dir='ltr'><strong>animas</strong></span> <span class='ocrx_word' id='word_1_172' title='bbox 609 1173 713 1195; x_wconf 87' lang='lat' dir='ltr'><strong>nostras</strong></span> <span class='ocrx_word' id='word_1_173' title='bbox 726 1189 733 1201; x_wconf 85' lang='lat'><strong>,</strong></span> <span class='ocrx_word' id='word_1_174' title='bbox 751 1177 803 1196; x_wconf 90' lang='lat' dir='ltr'><strong>non</strong></span> <span class='ocrx_word' id='word_1_175' title='bbox 822 1168 915 1195; x_wconf 84' lang='lat' dir='ltr'><strong>mortis</strong></span> 
     </span>
    </p>
   </div>
   <div class='ocr_carea' id='block_1_24' title="bbox 115 1214 913 1250">
    <p class='ocr_par' dir='ltr' id='par_1_24' title="bbox 115 1214 913 1250">
     <span class='ocr_line' id='line_1_24' title="bbox 115 1214 913 1250; baseline -0.003 -8"><span class='ocrx_word' id='word_1_176' title='bbox 115 1217 199 1243; x_wconf 88' lang='lat' dir='ltr'><strong>timor</strong></span> <span class='ocrx_word' id='word_1_177' title='bbox 210 1220 387 1250; x_wconf 84' lang='lat' dir='ltr'><strong>occupasset;</strong></span> <span class='ocrx_word' id='word_1_178' title='bbox 402 1214 449 1242; x_wconf 88' lang='lat' dir='ltr'><strong>sed</strong></span> <span class='ocrx_word' id='word_1_179' title='bbox 463 1214 688 1250; x_wconf 88' lang='lat' dir='ltr'><strong>quemadmodum</strong></span> <span class='ocrx_word' id='word_1_180' title='bbox 704 1214 730 1241; x_wconf 95' lang='lat' dir='ltr'><strong>in</strong></span> <span class='ocrx_word' id='word_1_181' title='bbox 745 1214 913 1248; x_wconf 82' lang='lat' dir='ltr'><strong>corporibus,</strong></span> 
     </span>
    </p>
   </div>
   <div class='ocr_carea' id='block_1_25' title="bbox 114 1259 915 1297">
    <p class='ocr_par' dir='ltr' id='par_1_25' title="bbox 114 1259 915 1297">
     <span class='ocr_line' id='line_1_25' title="bbox 114 1259 915 1297; baseline -0.002 -9"><span class='ocrx_word' id='word_1_182' title='bbox 114 1261 225 1297; x_wconf 84' lang='lat' dir='ltr'><strong>quando</strong></span> <span class='ocrx_word' id='word_1_183' title='bbox 239 1268 288 1288; x_wconf 90' lang='lat' dir='ltr'><strong>nos</strong></span> <span class='ocrx_word' id='word_1_184' title='bbox 301 1261 357 1288; x_wconf 91' lang='lat' dir='ltr'><strong>duo</strong></span> <span class='ocrx_word' id='word_1_185' title='bbox 371 1261 481 1289; x_wconf 89' lang='lat' dir='ltr'><strong>dolores</strong></span> <span class='ocrx_word' id='word_1_186' title='bbox 495 1261 686 1295; x_wconf 77' lang='lat' dir='ltr'><strong>oppresserint.</strong></span> <span class='ocrx_word' id='word_1_187' title='bbox 700 1259 854 1288; x_wconf 79' lang='lat' dir='ltr'><strong>inferiorem</strong></span> <span class='ocrx_word' id='word_1_188' title='bbox 867 1266 915 1294; x_wconf 86' lang='lat' dir='ltr'><strong>po-</strong></span> 
     </span>
    </p>
   </div>
   <div class='ocr_carea' id='block_1_26' title="bbox 115 1305 914 1334">
    <p class='ocr_par' dir='ltr' id='par_1_26' title="bbox 115 1305 914 1334">
     <span class='ocr_line' id='line_1_26' title="bbox 115 1305 914 1334; baseline -0.004 0"><span class='ocrx_word' id='word_1_189' title='bbox 115 1308 216 1334; x_wconf 89' lang='lat' dir='ltr'><strong>tentior</strong></span> <span class='ocrx_word' id='word_1_190' title='bbox 236 1306 407 1334; x_wconf 87' lang='lat' dir='ltr'><strong>abscondere</strong></span> <span class='ocrx_word' id='word_1_191' title='bbox 427 1307 567 1334; x_wconf 80' lang='lat' dir='ltr'><strong>consuevit</strong></span> <span class='ocrx_word' id='word_1_192' title='bbox 588 1315 593 1332; x_wconf 95' lang='lat'><strong>:</strong></span> <span class='ocrx_word' id='word_1_193' title='bbox 617 1306 655 1333; x_wconf 92' lang='lat' dir='ltr'><strong>sic</strong></span> <span class='ocrx_word' id='word_1_194' title='bbox 673 1310 701 1332; x_wconf 91' lang='lat' dir='ltr'><strong>et</strong></span> <span class='ocrx_word' id='word_1_195' title='bbox 721 1313 791 1333; x_wconf 91' lang='lat' dir='ltr'><strong>nunc</strong></span> <span class='ocrx_word' id='word_1_196' title='bbox 815 1305 914 1332; x_wconf 78' lang='lat' dir='ltr'><strong>factum</strong></span> 
     </span>
    </p>
   </div>
   <div class='ocr_carea' id='block_1_27' title="bbox 115 1352 914 1388">
    <p class='ocr_par' dir='ltr' id='par_1_27' title="bbox 115 1352 914 1388">
     <span class='ocr_line' id='line_1_27' title="bbox 115 1352 914 1388; baseline 0 -8"><span class='ocrx_word' id='word_1_197' title='bbox 115 1357 189 1380; x_wconf 83' lang='lat' dir='ltr'><strong>esset</strong></span> <span class='ocrx_word' id='word_1_198' title='bbox 203 1361 211 1384; x_wconf 90' lang='lat'><strong>;</strong></span> <span class='ocrx_word' id='word_1_199' title='bbox 226 1353 249 1380; x_wconf 87' lang='lat' dir='ltr'><strong>si</strong></span> <span class='ocrx_word' id='word_1_200' title='bbox 266 1352 349 1380; x_wconf 82' lang='lat' dir='ltr'><strong>futuri</strong></span> <span class='ocrx_word' id='word_1_201' title='bbox 363 1353 486 1388; x_wconf 84' lang='lat' dir='ltr'><strong>supplicii</strong></span> <span class='ocrx_word' id='word_1_202' title='bbox 499 1353 577 1380; x_wconf 85' lang='lat' dir='ltr'><strong>timor</strong></span> <span class='ocrx_word' id='word_1_203' title='bbox 589 1353 614 1379; x_wconf 86' lang='lat' dir='ltr'><strong>in</strong></span> <span class='ocrx_word' id='word_1_204' title='bbox 628 1353 716 1380; x_wconf 90' lang='lat' dir='ltr'><strong>anima</strong></span> <span class='ocrx_word' id='word_1_205' title='bbox 730 1354 914 1385; x_wconf 87' lang='lat' dir='ltr'><strong>remansisset,</strong></span> 
     </span>
    </p>
   </div>
   <div class='ocr_carea' id='block_1_28' title="bbox 117 1399 914 1434">
    <p class='ocr_par' dir='ltr' id='par_1_28' title="bbox 117 1399 914 1434">
     <span class='ocr_line' id='line_1_28' title="bbox 117 1399 914 1434; baseline 0.001 -9"><span class='ocrx_word' id='word_1_206' title='bbox 117 1407 224 1426; x_wconf 82' lang='lat' dir='ltr'><strong>oninem</strong></span> <span class='ocrx_word' id='word_1_207' title='bbox 249 1400 376 1427; x_wconf 86' lang='lat' dir='ltr'><strong>timorem</strong></span> <span class='ocrx_word' id='word_1_208' title='bbox 401 1399 547 1427; x_wconf 86' lang='lat' dir='ltr'><strong>humanum</strong></span> <span class='ocrx_word' id='word_1_209' title='bbox 571 1399 751 1426; x_wconf 81' lang='lat' dir='ltr'><strong>obscurasset.</strong></span> <span class='ocrx_word' id='word_1_210' title='bbox 778 1399 870 1434; x_wconf 89' lang='lat' dir='ltr'><strong>Itaque</strong></span> <span class='ocrx_word' id='word_1_211' title='bbox 893 1400 914 1426; x_wconf 91' lang='lat' dir='ltr'><strong>si</strong></span> 
     </span>
    </p>
   </div>
   <div class='ocr_carea' id='block_1_29' title="bbox 117 1444 915 1479">
    <p class='ocr_par' dir='ltr' id='par_1_29' title="bbox 117 1444 915 1479">
     <span class='ocr_line' id='line_1_29' title="bbox 117 1444 915 1479; baseline 0.001 -9"><span class='ocrx_word' id='word_1_212' title='bbox 117 1445 177 1479; x_wconf 83' lang='lat' dir='ltr'><strong>quis</strong></span> <span class='ocrx_word' id='word_1_213' title='bbox 196 1444 330 1479; x_wconf 68' lang='lat' dir='ltr'><strong>gehennm</strong></span> <span class='ocrx_word' id='word_1_214' title='bbox 354 1452 463 1479; x_wconf 86' lang='lat' dir='ltr'><strong>semper</strong></span> <span class='ocrx_word' id='word_1_215' title='bbox 482 1444 637 1472; x_wconf 88' lang='lat' dir='ltr'><strong>meminisse</strong></span> <span class='ocrx_word' id='word_1_216' title='bbox 660 1444 780 1476; x_wconf 83' lang='lat' dir='ltr'><strong>laboret,</strong></span> <span class='ocrx_word' id='word_1_217' title='bbox 800 1449 915 1472; x_wconf 87' lang='lat' dir='ltr'><strong>mortem</strong></span> 
     </span>
    </p>
   </div>
   <div class='ocr_carea' id='block_1_30' title="bbox 118 1490 916 1526">
    <p class='ocr_par' dir='ltr' id='par_1_30' title="bbox 118 1490 916 1526">
     <span class='ocr_line' id='line_1_30' title="bbox 118 1490 916 1526; baseline -0.001 -8"><span class='ocrx_word' id='word_1_218' title='bbox 118 1491 250 1518; x_wconf 86' lang='lat' dir='ltr'><strong>dcridebit</strong></span> <span class='ocrx_word' id='word_1_219' title='bbox 264 1512 270 1523; x_wconf 90' lang='lat'><strong>,</strong></span> <span class='ocrx_word' id='word_1_220' title='bbox 288 1495 313 1518; x_wconf 90' lang='lat' dir='ltr'><strong>et</strong></span> <span class='ocrx_word' id='word_1_221' title='bbox 329 1498 383 1518; x_wconf 92' lang='lat' dir='ltr'><strong>non</strong></span> <span class='ocrx_word' id='word_1_222' title='bbox 399 1490 526 1526; x_wconf 65' lang='lat' dir='ltr'><strong>praesenti</strong></span> <span class='ocrx_word' id='word_1_223' title='bbox 539 1494 640 1518; x_wconf 86' lang='lat' dir='ltr'><strong>tantum</strong></span> <span class='ocrx_word' id='word_1_224' title='bbox 655 1491 776 1525; x_wconf 82' lang='lat' dir='ltr'><strong>angustia</strong></span> <span class='ocrx_word' id='word_1_225' title='bbox 791 1490 916 1518; x_wconf 86' lang='lat' dir='ltr'><strong>liberabi-</strong></span> 
     </span>
    </p>
   </div>
   <div class='ocr_carea' id='block_1_31' title="bbox 120 1535 916 1571">
    <p class='ocr_par' dir='ltr' id='par_1_31' title="bbox 120 1535 916 1571">
     <span class='ocr_line' id='line_1_31' title="bbox 120 1535 916 1571; baseline 0 -9"><span class='ocrx_word' id='word_1_226' title='bbox 120 1541 172 1567; x_wconf 86' lang='lat' dir='ltr'><strong>lnr,</strong></span> <span class='ocrx_word' id='word_1_227' title='bbox 188 1537 237 1564; x_wconf 74' lang='lat' dir='ltr'><strong>sed</strong></span> <span class='ocrx_word' id='word_1_228' title='bbox 251 1537 325 1564; x_wconf 85' lang='lat' dir='ltr'><strong>etab</strong></span> <span class='ocrx_word' id='word_1_229' title='bbox 340 1537 384 1564; x_wconf 86' lang='lat' dir='ltr'><strong>illa</strong></span> <span class='ocrx_word' id='word_1_230' title='bbox 399 1537 506 1564; x_wconf 84' lang='lat' dir='ltr'><strong>ﬂamma</strong></span> <span class='ocrx_word' id='word_1_231' title='bbox 517 1536 654 1570; x_wconf 83' lang='lat' dir='ltr'><strong>eripietur.</strong></span> <span class='ocrx_word' id='word_1_232' title='bbox 669 1536 718 1569; x_wconf 86' lang='lat' dir='ltr'><strong>Qui</strong></span> <span class='ocrx_word' id='word_1_233' title='bbox 730 1536 801 1563; x_wconf 86' lang='lat' dir='ltr'><strong>enim</strong></span> <span class='ocrx_word' id='word_1_234' title='bbox 815 1535 916 1571; x_wconf 83' lang='lat' dir='ltr'><strong>gehen-</strong></span> 
     </span>
    </p>
   </div>
   <div class='ocr_carea' id='block_1_32' title="bbox 119 1582 916 1617">
    <p class='ocr_par' dir='ltr' id='par_1_32' title="bbox 119 1582 916 1617">
     <span class='ocr_line' id='line_1_32' title="bbox 119 1582 916 1617; baseline -0.001 -8"><span class='ocrx_word' id='word_1_235' title='bbox 119 1590 181 1609; x_wconf 87' lang='lat' dir='ltr'><strong>nam</strong></span> <span class='ocrx_word' id='word_1_236' title='bbox 200 1583 330 1610; x_wconf 86' lang='lat' dir='ltr'><strong>continue</strong></span> <span class='ocrx_word' id='word_1_237' title='bbox 353 1583 450 1614; x_wconf 87' lang='lat' dir='ltr'><strong>timet,</strong></span> <span class='ocrx_word' id='word_1_238' title='bbox 468 1590 611 1617; x_wconf 84' lang='lat' dir='ltr'><strong>numquam</strong></span> <span class='ocrx_word' id='word_1_239' title='bbox 633 1582 658 1609; x_wconf 95' lang='lat' dir='ltr'><strong>in</strong></span> <span class='ocrx_word' id='word_1_240' title='bbox 677 1582 807 1616; x_wconf 68' lang='lat' dir='ltr'><strong>gehenna:</strong></span> <span class='ocrx_word' id='word_1_241' title='bbox 830 1583 916 1616; x_wconf 83' lang='lat' dir='ltr'><strong>ignem</strong></span> 
     </span>
    </p>
   </div>
   <div class='ocr_carea' id='block_1_33' title="bbox 119 1628 917 1663">
    <p class='ocr_par' dir='ltr' id='par_1_33' title="bbox 119 1628 917 1663">
     <span class='ocr_line' id='line_1_33' title="bbox 119 1628 917 1663; baseline -0.001 -8"><span class='ocrx_word' id='word_1_242' title='bbox 119 1628 234 1660; x_wconf 77' lang='lat' dir='ltr'><strong>decidet,</strong></span> <span class='ocrx_word' id='word_1_243' title='bbox 245 1629 296 1655; x_wconf 91' lang='lat' dir='ltr'><strong>hoc</strong></span> <span class='ocrx_word' id='word_1_244' title='bbox 307 1628 418 1655; x_wconf 83' lang='lat' dir='ltr'><strong>assiduo</strong></span> <span class='ocrx_word' id='word_1_245' title='bbox 429 1629 573 1663; x_wconf 78' lang='lat' dir='ltr'><strong>castigatus</strong></span> <span class='ocrx_word' id='word_1_246' title='bbox 584 1633 665 1655; x_wconf 91' lang='lat' dir='ltr'><strong>metu.</strong></span> <span class='ocrx_word' id='word_1_247' title='bbox 679 1628 822 1656; x_wconf 77' lang='lat' dir='ltr'><strong>Concedite</strong></span> <span class='ocrx_word' id='word_1_248' title='bbox 837 1635 917 1661; x_wconf 82' lang='lat' dir='ltr'><strong>nuncI</strong></span> 
     </span>
    </p>
   </div>
   <div class='ocr_carea' id='block_1_34' title="bbox 120 1673 917 1708">
    <p class='ocr_par' dir='ltr' id='par_1_34' title="bbox 120 1673 917 1708">
     <span class='ocr_line' id='line_1_34' title="bbox 120 1673 917 1708; baseline -0.004 -7"><span class='ocrx_word' id='word_1_249' title='bbox 120 1680 149 1701; x_wconf 94' lang='lat' dir='ltr'><strong>ut</strong></span> <span class='ocrx_word' id='word_1_250' title='bbox 168 1679 321 1708; x_wconf 61' lang='lat' dir='ltr'><strong>opportune</strong></span> <span class='ocrx_word' id='word_1_251' title='bbox 335 1673 412 1700; x_wconf 90' lang='lat' dir='ltr'><strong>vobis</strong></span> <span class='ocrx_word' id='word_1_252' title='bbox 426 1674 514 1701; x_wconf 87' lang='lat' dir='ltr'><strong>dicam</strong></span> <span class='ocrx_word' id='word_1_253' title='bbox 531 1682 537 1700; x_wconf 88' lang='lat'><strong>:</strong></span> <span class='ocrx_word' id='word_1_254' title='bbox 554 1673 659 1700; x_wconf 72' lang='lat' dir='ltr'><strong>Fratres</strong></span> <span class='ocrx_word' id='word_1_255' title='bbox 672 1695 678 1705; x_wconf 86' lang='lat'><strong>,</strong></span> <span class='ocrx_word' id='word_1_256' title='bbox 695 1681 725 1700; x_wconf 83' lang='lat' dir='ltr'><strong>tte</strong></span> <span class='ocrx_word' id='word_1_257' title='bbox 738 1674 810 1706; x_wconf 73' lang='lat' dir='ltr'><strong>pueri</strong></span> <span class='ocrx_word' id='word_1_258' title='bbox 824 1673 917 1708; x_wconf 71' lang='lat' dir='ltr'><strong>efﬁciu-</strong></span> 
     </span>
    </p>
   </div>
   <div class='ocr_carea' id='block_1_35' title="bbox 120 1719 918 1754">
    <p class='ocr_par' dir='ltr' id='par_1_35' title="bbox 120 1719 918 1754">
     <span class='ocr_line' id='line_1_35' title="bbox 120 1719 918 1754; baseline 0.003 -9"><span class='ocrx_word' id='word_1_259' title='bbox 120 1720 181 1745; x_wconf 70' lang='lat' dir='ltr'><strong>nu&#39;ni</strong></span> <span class='ocrx_word' id='word_1_260' title='bbox 194 1719 320 1749; x_wconf 64' lang='lat' dir='ltr'><strong>censibus,</strong></span> <span class='ocrx_word' id='word_1_261' title='bbox 335 1720 379 1746; x_wconf 72' lang='lat' dir='ltr'><strong>sed</strong></span> <span class='ocrx_word' id='word_1_262' title='bbox 388 1719 487 1746; x_wconf 81' lang='lat' dir='ltr'><strong>malitia</strong></span> <span class='ocrx_word' id='word_1_263' title='bbox 498 1720 610 1754; x_wconf 77' lang='lat' dir='ltr'><strong>infantes</strong></span> <span class='ocrx_word' id='word_1_264' title='bbox 621 1720 674 1746; x_wconf 75' lang='lat' dir='ltr'><strong>sitis</strong></span> <span class='ocrx_word' id='word_1_265' title='bbox 685 1721 721 1754; x_wconf 91' lang='lat' dir='ltr'><strong>(I.</strong></span> <span class='ocrx_word' id='word_1_266' title='bbox 734 1719 793 1746; x_wconf 81' lang='lat' dir='ltr'><strong>Cor.</strong></span> <span class='ocrx_word' id='word_1_267' title='bbox 811 1720 918 1754; x_wconf 66' lang='lat'><strong>14.20).</strong></span> 
     </span>
    </p>
   </div>
   <div class='ocr_carea' id='block_1_36' title="bbox 157 1765 916 1799">
    <p class='ocr_par' dir='ltr' id='par_1_36' title="bbox 157 1765 916 1799">
     <span class='ocr_line' id='line_1_36' title="bbox 157 1765 916 1799; baseline -0.001 -8"><span class='ocrx_word' id='word_1_268' title='bbox 157 1765 227 1792; x_wconf 74' lang='grc' dir='ltr'><strong>Μοη</strong></span> <span class='ocrx_word' id='word_1_269' title='bbox 238 1774 285 1791; x_wconf 82' lang='lat' dir='ltr'><strong>cur</strong></span> <span class='ocrx_word' id='word_1_270' title='bbox 298 1765 472 1799; x_wconf 67' lang='lat' dir='ltr'><strong>despicienda.</strong></span> <span class='ocrx_word' id='word_1_271' title='bbox 482 1780 516 1785; x_wconf 89' lang='lat'><strong>—</strong></span> <span class='ocrx_word' id='word_1_272' title='bbox 527 1765 632 1793; x_wconf 87' lang='lat' dir='ltr'><strong>Etenim</strong></span> <span class='ocrx_word' id='word_1_273' title='bbox 647 1765 776 1799; x_wconf 84' lang='lat' dir='ltr'><strong>puerilem</strong></span> <span class='ocrx_word' id='word_1_274' title='bbox 791 1765 916 1791; x_wconf 85' lang='lat' dir='ltr'><strong>timemus</strong></span> 
     </span>
    </p>
   </div>
   <div class='ocr_carea' id='block_1_37' title="bbox 121 1810 919 1846">
    <p class='ocr_par' dir='ltr' id='par_1_37' title="bbox 121 1810 919 1846">
     <span class='ocr_line' id='line_1_37' title="bbox 121 1810 919 1846; baseline -0.003 -8"><span class='ocrx_word' id='word_1_275' title='bbox 121 1819 258 1846; x_wconf 85' lang='lat' dir='ltr'><strong>pavorem,</strong></span> <span class='ocrx_word' id='word_1_276' title='bbox 275 1815 389 1838; x_wconf 82' lang='lat' dir='ltr'><strong>mortem</strong></span> <span class='ocrx_word' id='word_1_277' title='bbox 405 1811 539 1842; x_wconf 86' lang='lat' dir='ltr'><strong>timentes,</strong></span> <span class='ocrx_word' id='word_1_278' title='bbox 550 1816 686 1845; x_wconf 85' lang='lat' dir='ltr'><strong>peccatum</strong></span> <span class='ocrx_word' id='word_1_279' title='bbox 701 1815 790 1838; x_wconf 73' lang='lat' dir='ltr'><strong>autem</strong></span> <span class='ocrx_word' id='word_1_280' title='bbox 810 1818 862 1836; x_wconf 87' lang='lat' dir='ltr'><strong>non</strong></span> <span class='ocrx_word' id='word_1_281' title='bbox 887 1810 919 1837; x_wconf 92' lang='lat' dir='ltr'><strong>ti-</strong></span> 
     </span>
    </p>
   </div>
   <div class='ocr_carea' id='block_1_38' title="bbox 122 1856 917 1892">
    <p class='ocr_par' dir='ltr' id='par_1_38' title="bbox 122 1856 917 1892">
     <span class='ocr_line' id='line_1_38' title="bbox 122 1856 917 1892; baseline 0 -8"><span class='ocrx_word' id='word_1_282' title='bbox 122 1862 234 1885; x_wconf 88' lang='lat' dir='ltr'><strong>mentes.</strong></span> <span class='ocrx_word' id='word_1_283' title='bbox 247 1857 327 1884; x_wconf 82' lang='lat' dir='ltr'><strong>Pueri</strong></span> <span class='ocrx_word' id='word_1_284' title='bbox 342 1858 413 1884; x_wconf 86' lang='lat' dir='ltr'><strong>enim</strong></span> <span class='ocrx_word' id='word_1_285' title='bbox 427 1857 501 1892; x_wconf 83' lang='lat' dir='ltr'><strong>parvi</strong></span> <span class='ocrx_word' id='word_1_286' title='bbox 525 1858 611 1884; x_wconf 80' lang='lat' dir='ltr'><strong>larvas</strong></span> <span class='ocrx_word' id='word_1_287' title='bbox 627 1858 737 1890; x_wconf 85' lang='lat' dir='ltr'><strong>timent,</strong></span> <span class='ocrx_word' id='word_1_288' title='bbox 754 1856 840 1891; x_wconf 88' lang='lat' dir='ltr'><strong>ignem</strong></span> <span class='ocrx_word' id='word_1_289' title='bbox 865 1865 917 1884; x_wconf 92' lang='lat' dir='ltr'><strong>non</strong></span> 
     </span>
    </p>
   </div>
   <div class='ocr_carea' id='block_1_39' title="bbox 123 1902 916 1937">
    <p class='ocr_par' dir='ltr' id='par_1_39' title="bbox 123 1902 916 1937">
     <span class='ocr_line' id='line_1_39' title="bbox 123 1902 916 1937; baseline 0 -8"><span class='ocrx_word' id='word_1_290' title='bbox 123 1902 232 1934; x_wconf 86' lang='lat' dir='ltr'><strong>timent;</strong></span> <span class='ocrx_word' id='word_1_291' title='bbox 248 1902 296 1929; x_wconf 88' lang='lat' dir='ltr'><strong>sed</strong></span> <span class='ocrx_word' id='word_1_292' title='bbox 316 1903 340 1929; x_wconf 93' lang='lat' dir='ltr'><strong>si</strong></span> <span class='ocrx_word' id='word_1_293' title='bbox 351 1903 384 1929; x_wconf 92' lang='lat' dir='ltr'><strong>ad</strong></span> <span class='ocrx_word' id='word_1_294' title='bbox 402 1903 538 1930; x_wconf 89' lang='lat' dir='ltr'><strong>lucernam</strong></span> <span class='ocrx_word' id='word_1_295' title='bbox 557 1902 645 1930; x_wconf 89' lang='lat' dir='ltr'><strong>lumen</strong></span> <span class='ocrx_word' id='word_1_296' title='bbox 662 1902 803 1930; x_wconf 81' lang='lat' dir='ltr'><strong>habentem</strong></span> <span class='ocrx_word' id='word_1_297' title='bbox 818 1903 916 1937; x_wconf 84' lang='lat' dir='ltr'><strong>portari</strong></span> 
     </span>
    </p>
   </div>
   <div class='ocr_carea' id='block_1_40' title="bbox 122 1947 913 1982">
    <p class='ocr_par' dir='ltr' id='par_1_40' title="bbox 122 1947 913 1982">
     <span class='ocr_line' id='line_1_40' title="bbox 122 1947 913 1982; baseline 0.001 -8"><span class='ocrx_word' id='word_1_298' title='bbox 122 1947 267 1982; x_wconf 83' lang='lat' dir='ltr'><strong>contingat,</strong></span> <span class='ocrx_word' id='word_1_299' title='bbox 288 1947 486 1975; x_wconf 87' lang='lat' dir='ltr'><strong>inconsiderate</strong></span> <span class='ocrx_word' id='word_1_300' title='bbox 506 1955 613 1975; x_wconf 88' lang='lat' dir='ltr'><strong>manum</strong></span> <span class='ocrx_word' id='word_1_301' title='bbox 635 1948 784 1975; x_wconf 89' lang='lat' dir='ltr'><strong>immittunt</strong></span> <span class='ocrx_word' id='word_1_302' title='bbox 799 1949 913 1976; x_wconf 78' lang='lat' dir='ltr'><strong>lucerna:</strong></span> 
     </span>
    </p>
   </div>
   <div class='ocr_carea' id='block_1_41' title="bbox 125 1993 918 2026">
    <p class='ocr_par' dir='ltr' id='par_1_41' title="bbox 125 1993 918 2026">
     <span class='ocr_line' id='line_1_41' title="bbox 125 1993 918 2026; baseline 0 -6"><span class='ocrx_word' id='word_1_303' title='bbox 125 1998 151 2020; x_wconf 87' lang='lat' dir='ltr'><strong>et</strong></span> <span class='ocrx_word' id='word_1_304' title='bbox 165 1993 282 2020; x_wconf 71' lang='lat' dir='ltr'><strong>flamma:</strong></span> <span class='ocrx_word' id='word_1_305' title='bbox 296 2001 303 2019; x_wconf 86' lang='lat'><strong>:</strong></span> <span class='ocrx_word' id='word_1_306' title='bbox 320 1993 384 2020; x_wconf 89' lang='lat' dir='ltr'><strong>dum</strong></span> <span class='ocrx_word' id='word_1_307' title='bbox 397 1993 619 2021; x_wconf 83' lang='lat' dir='ltr'><strong>contemnendam</strong></span> <span class='ocrx_word' id='word_1_308' title='bbox 632 1993 732 2020; x_wconf 84' lang='lat' dir='ltr'><strong>larvam</strong></span> <span class='ocrx_word' id='word_1_309' title='bbox 752 1993 918 2026; x_wconf 87' lang='lat' dir='ltr'><strong>horrescunt,</strong></span> 
     </span>
    </p>
   </div>
   <div class='ocr_carea' id='block_1_42' title="bbox 122 2038 920 2074">
    <p class='ocr_par' dir='ltr' id='par_1_42' title="bbox 122 2038 920 2074">
     <span class='ocr_line' id='line_1_42' title="bbox 122 2038 920 2074; baseline 0 -8"><span class='ocrx_word' id='word_1_310' title='bbox 122 2038 184 2066; x_wconf 77' lang='lat' dir='ltr'><strong>vcr&#39;e</strong></span> <span class='ocrx_word' id='word_1_311' title='bbox 197 2039 345 2066; x_wconf 86' lang='lat' dir='ltr'><strong>timendum</strong></span> <span class='ocrx_word' id='word_1_312' title='bbox 356 2039 445 2074; x_wconf 90' lang='lat' dir='ltr'><strong>ignem</strong></span> <span class='ocrx_word' id='word_1_313' title='bbox 462 2047 514 2066; x_wconf 93' lang='lat' dir='ltr'><strong>non</strong></span> <span class='ocrx_word' id='word_1_314' title='bbox 530 2039 642 2072; x_wconf 90' lang='lat' dir='ltr'><strong>timent;</strong></span> <span class='ocrx_word' id='word_1_315' title='bbox 658 2040 697 2066; x_wconf 85' lang='lat' dir='ltr'><strong>sic</strong></span> <span class='ocrx_word' id='word_1_316' title='bbox 709 2039 815 2074; x_wconf 91' lang='lat' dir='ltr'><strong>quidem</strong></span> <span class='ocrx_word' id='word_1_317' title='bbox 831 2045 857 2067; x_wconf 90' lang='lat' dir='ltr'><strong>et</strong></span> <span class='ocrx_word' id='word_1_318' title='bbox 871 2048 920 2067; x_wconf 89' lang='lat' dir='ltr'><strong>nos</strong></span> 
     </span>
    </p>
   </div>
   <div class='ocr_carea' id='block_1_43' title="bbox 123 2084 918 2120">
    <p class='ocr_par' dir='ltr' id='par_1_43' title="bbox 123 2084 918 2120">
     <span class='ocr_line' id='line_1_43' title="bbox 123 2084 918 2120; baseline 0 -10"><span class='ocrx_word' id='word_1_319' title='bbox 123 2084 246 2111; x_wconf 86' lang='lat' dir='ltr'><strong>timemus</strong></span> <span class='ocrx_word' id='word_1_320' title='bbox 265 2090 465 2119; x_wconf 73' lang='lat' dir='ltr'><strong>mortem,qu~.e</strong></span> <span class='ocrx_word' id='word_1_321' title='bbox 487 2089 529 2111; x_wconf 87' lang='lat' dir='ltr'><strong>est</strong></span> <span class='ocrx_word' id='word_1_322' title='bbox 552 2085 623 2111; x_wconf 80' lang='lat' dir='ltr'><strong>larva</strong></span> <span class='ocrx_word' id='word_1_323' title='bbox 650 2089 803 2119; x_wconf 82' lang='lat' dir='ltr'><strong>contemptu</strong></span> <span class='ocrx_word' id='word_1_324' title='bbox 829 2085 918 2120; x_wconf 81' lang='lat' dir='ltr'><strong>digna,</strong></span> 
     </span>
    </p>
   </div>
   <div class='ocr_carea' id='block_1_44' title="bbox 123 2131 919 2165">
    <p class='ocr_par' dir='ltr' id='par_1_44' title="bbox 123 2131 919 2165">
     <span class='ocr_line' id='line_1_44' title="bbox 123 2131 919 2165; baseline -0.001 -7"><span class='ocrx_word' id='word_1_325' title='bbox 123 2136 261 2165; x_wconf 73' lang='lat' dir='ltr'><strong>peccatum</strong></span> <span class='ocrx_word' id='word_1_326' title='bbox 274 2138 339 2158; x_wconf 87' lang='lat' dir='ltr'><strong>vero</strong></span> <span class='ocrx_word' id='word_1_327' title='bbox 355 2138 408 2157; x_wconf 85' lang='lat' dir='ltr'><strong>non</strong></span> <span class='ocrx_word' id='word_1_328' title='bbox 435 2131 560 2158; x_wconf 86' lang='lat' dir='ltr'><strong>timemus</strong></span> <span class='ocrx_word' id='word_1_329' title='bbox 570 2151 576 2161; x_wconf 83' lang='lat'><strong>.</strong></span> <span class='ocrx_word' id='word_1_330' title='bbox 589 2131 661 2165; x_wconf 88' lang='lat' dir='ltr'><strong>quod</strong></span> <span class='ocrx_word' id='word_1_331' title='bbox 675 2136 715 2158; x_wconf 80' lang='lat' dir='ltr'><strong>cst</strong></span> <span class='ocrx_word' id='word_1_332' title='bbox 739 2139 800 2158; x_wconf 87' lang='lat' dir='ltr'><strong>vere</strong></span> <span class='ocrx_word' id='word_1_333' title='bbox 822 2131 919 2158; x_wconf 80' lang='lat' dir='ltr'><strong>linteu-</strong></span> 
     </span>
    </p>
   </div>
   <div class='ocr_carea' id='block_1_45' title="bbox 122 2176 918 2211">
    <p class='ocr_par' dir='ltr' id='par_1_45' title="bbox 122 2176 918 2211">
     <span class='ocr_line' id='line_1_45' title="bbox 122 2176 918 2211; baseline 0 -8"><span class='ocrx_word' id='word_1_334' title='bbox 122 2177 193 2208; x_wconf 88' lang='lat' dir='ltr'><strong>dum,</strong></span> <span class='ocrx_word' id='word_1_335' title='bbox 205 2181 233 2204; x_wconf 90' lang='lat' dir='ltr'><strong>et</strong></span> <span class='ocrx_word' id='word_1_336' title='bbox 244 2177 313 2211; x_wconf 84' lang='lat' dir='ltr'><strong>ignis</strong></span> <span class='ocrx_word' id='word_1_337' title='bbox 326 2184 402 2204; x_wconf 88' lang='lat' dir='ltr'><strong>more</strong></span> <span class='ocrx_word' id='word_1_338' title='bbox 416 2177 606 2204; x_wconf 83' lang='lat' dir='ltr'><strong>conscientiam</strong></span> <span class='ocrx_word' id='word_1_339' title='bbox 617 2176 736 2204; x_wconf 65' lang='lat' dir='ltr'><strong>devorat.</strong></span> <span class='ocrx_word' id='word_1_340' title='bbox 749 2176 782 2204; x_wconf 86' lang='lat' dir='ltr'><strong>Et</strong></span> <span class='ocrx_word' id='word_1_341' title='bbox 798 2177 854 2204; x_wconf 63' lang='lat' dir='ltr'><strong>haec</strong></span> <span class='ocrx_word' id='word_1_342' title='bbox 867 2184 918 2204; x_wconf 91' lang='lat' dir='ltr'><strong>non</strong></span> 
     </span>
    </p>
   </div>
   <div class='ocr_carea' id='block_1_46' title="bbox 123 2221 920 2257">
    <p class='ocr_par' dir='ltr' id='par_1_46' title="bbox 123 2221 920 2257">
     <span class='ocr_line' id='line_1_46' title="bbox 123 2221 920 2257; baseline 0.001 -8"><span class='ocrx_word' id='word_1_343' title='bbox 123 2230 152 2250; x_wconf 84' lang='lat' dir='ltr'><strong>ex</strong></span> <span class='ocrx_word' id='word_1_344' title='bbox 169 2230 259 2249; x_wconf 85' lang='lat' dir='ltr'><strong>rerum</strong></span> <span class='ocrx_word' id='word_1_345' title='bbox 284 2228 391 2254; x_wconf 86' lang='lat' dir='ltr'><strong>natura,</strong></span> <span class='ocrx_word' id='word_1_346' title='bbox 405 2221 454 2249; x_wconf 90' lang='lat' dir='ltr'><strong>sed</strong></span> <span class='ocrx_word' id='word_1_347' title='bbox 474 2230 507 2249; x_wconf 81' lang='lat' dir='ltr'><strong>ex</strong></span> <span class='ocrx_word' id='word_1_348' title='bbox 530 2222 677 2257; x_wconf 80' lang='lat' dir='ltr'><strong>ignorantia</strong></span> <span class='ocrx_word' id='word_1_349' title='bbox 699 2222 776 2249; x_wconf 90' lang='lat' dir='ltr'><strong>nobis</strong></span> <span class='ocrx_word' id='word_1_350' title='bbox 798 2222 920 2250; x_wconf 87' lang='lat' dir='ltr'><strong>accidere</strong></span> 
     </span>
    </p>
   </div>
   <div class='ocr_carea' id='block_1_47' title="bbox 123 2267 920 2302">
    <p class='ocr_par' dir='ltr' id='par_1_47' title="bbox 123 2267 920 2302">
     <span class='ocr_line' id='line_1_47' title="bbox 123 2267 920 2302; baseline 0 -8"><span class='ocrx_word' id='word_1_351' title='bbox 123 2273 320 2295; x_wconf 75' lang='lat' dir='ltr'><strong>consueverunt</strong></span> <span class='ocrx_word' id='word_1_352' title='bbox 335 2277 342 2294; x_wconf 89' lang='lat'><strong>:</strong></span> <span class='ocrx_word' id='word_1_353' title='bbox 357 2267 427 2302; x_wconf 90' lang='lat' dir='ltr'><strong>quod</strong></span> <span class='ocrx_word' id='word_1_354' title='bbox 449 2268 470 2294; x_wconf 89' lang='lat' dir='ltr'><strong>si</strong></span> <span class='ocrx_word' id='word_1_355' title='bbox 489 2268 645 2302; x_wconf 84' lang='lat' dir='ltr'><strong>cogitemus,</strong></span> <span class='ocrx_word' id='word_1_356' title='bbox 661 2268 723 2302; x_wconf 89' lang='lat' dir='ltr'><strong>quid</strong></span> <span class='ocrx_word' id='word_1_357' title='bbox 752 2268 858 2295; x_wconf 87' lang='lat' dir='ltr'><strong>tandem</strong></span> <span class='ocrx_word' id='word_1_358' title='bbox 885 2268 920 2294; x_wconf 88' lang='lat' dir='ltr'><strong>sit</strong></span> 
     </span>
    </p>
   </div>
   <div class='ocr_carea' id='block_1_48' title="bbox 123 2313 918 2348">
    <p class='ocr_par' dir='ltr' id='par_1_48' title="bbox 123 2313 918 2348">
     <span class='ocr_line' id='line_1_48' title="bbox 123 2313 918 2348; baseline -0.001 -8"><span class='ocrx_word' id='word_1_359' title='bbox 123 2321 210 2346; x_wconf 85' lang='lat' dir='ltr'><strong>mors,</strong></span> <span class='ocrx_word' id='word_1_360' title='bbox 226 2321 373 2348; x_wconf 82' lang='lat' dir='ltr'><strong>numquam</strong></span> <span class='ocrx_word' id='word_1_361' title='bbox 391 2313 474 2348; x_wconf 86' lang='lat' dir='ltr'><strong>ipsam</strong></span> <span class='ocrx_word' id='word_1_362' title='bbox 496 2313 658 2340; x_wconf 68' lang='lat' dir='ltr'><strong>timebimus.</strong></span> <span class='ocrx_word' id='word_1_363' title='bbox 675 2313 744 2346; x_wconf 85' lang='lat' dir='ltr'><strong>Quid</strong></span> <span class='ocrx_word' id='word_1_364' title='bbox 764 2313 843 2348; x_wconf 84' lang='lat' dir='ltr'><strong>igitur</strong></span> <span class='ocrx_word' id='word_1_365' title='bbox 859 2317 918 2340; x_wconf 84' lang='lat' dir='ltr'><strong>tau-</strong></span> 
     </span>
    </p>
   </div>
   <div class='ocr_carea' id='block_1_49' title="bbox 122 2358 918 2394">
    <p class='ocr_par' dir='ltr' id='par_1_49' title="bbox 122 2358 918 2394">
     <span class='ocr_line' id='line_1_49' title="bbox 122 2358 918 2394; baseline -0.003 -8"><span class='ocrx_word' id='word_1_366' title='bbox 122 2359 180 2386; x_wconf 85' lang='lat' dir='ltr'><strong>dem</strong></span> <span class='ocrx_word' id='word_1_367' title='bbox 195 2367 270 2386; x_wconf 88' lang='lat' dir='ltr'><strong>mors</strong></span> <span class='ocrx_word' id='word_1_368' title='bbox 289 2359 353 2386; x_wconf 78' lang='lat' dir='ltr'><strong>est?</strong></span> <span class='ocrx_word' id='word_1_369' title='bbox 367 2359 484 2394; x_wconf 89' lang='lat' dir='ltr'><strong>Idipsum</strong></span> <span class='ocrx_word' id='word_1_370' title='bbox 507 2358 577 2393; x_wconf 86' lang='lat' dir='ltr'><strong>quod</strong></span> <span class='ocrx_word' id='word_1_371' title='bbox 601 2359 786 2386; x_wconf 76' lang='lat' dir='ltr'><strong>vestimentum</strong></span> <span class='ocrx_word' id='word_1_372' title='bbox 806 2366 918 2386; x_wconf 79' lang='lat' dir='ltr'><strong>exuere.</strong></span> 
     </span>
    </p>
   </div>
   <div class='ocr_carea' id='block_1_50' title="bbox 123 2405 920 2441">
    <p class='ocr_par' dir='ltr' id='par_1_50' title="bbox 123 2405 920 2441">
     <span class='ocr_line' id='line_1_50' title="bbox 123 2405 920 2441; baseline -0.003 -9"><span class='ocrx_word' id='word_1_373' title='bbox 123 2405 268 2441; x_wconf 75' lang='lat' dir='ltr'><strong>Tamquam</strong></span> <span class='ocrx_word' id='word_1_374' title='bbox 280 2405 470 2432; x_wconf 77' lang='lat' dir='ltr'><strong>testimentum</strong></span> <span class='ocrx_word' id='word_1_375' title='bbox 485 2405 556 2432; x_wconf 89' lang='lat' dir='ltr'><strong>enim</strong></span> <span class='ocrx_word' id='word_1_376' title='bbox 577 2412 673 2438; x_wconf 90' lang='lat' dir='ltr'><strong>corpus</strong></span> <span class='ocrx_word' id='word_1_377' title='bbox 690 2405 786 2432; x_wconf 70' lang='lat' dir='ltr'><strong>animat</strong></span> <span class='ocrx_word' id='word_1_378' title='bbox 810 2405 920 2431; x_wconf 90' lang='lat' dir='ltr'><strong>circum-</strong></span> 
     </span>
    </p>
   </div>
   <div class='ocr_carea' id='block_1_51' title="bbox 124 2449 918 2484">
    <p class='ocr_par' dir='ltr' id='par_1_51' title="bbox 124 2449 918 2484">
     <span class='ocr_line' id='line_1_51' title="bbox 124 2449 918 2484; baseline -0.001 -7"><span class='ocrx_word' id='word_1_379' title='bbox 124 2451 208 2478; x_wconf 87' lang='lat' dir='ltr'><strong>datum</strong></span> <span class='ocrx_word' id='word_1_380' title='bbox 224 2455 278 2484; x_wconf 89' lang='lat' dir='ltr'><strong>est,</strong></span> <span class='ocrx_word' id='word_1_381' title='bbox 293 2450 383 2477; x_wconf 82' lang='lat' dir='ltr'><strong>ethoc</strong></span> <span class='ocrx_word' id='word_1_382' title='bbox 405 2450 439 2477; x_wconf 89' lang='lat' dir='ltr'><strong>ad</strong></span> <span class='ocrx_word' id='word_1_383' title='bbox 458 2450 539 2477; x_wconf 83' lang='lat' dir='ltr'><strong>breve</strong></span> <span class='ocrx_word' id='word_1_384' title='bbox 552 2453 657 2484; x_wconf 86' lang='lat' dir='ltr'><strong>tempus</strong></span> <span class='ocrx_word' id='word_1_385' title='bbox 670 2457 718 2484; x_wconf 86' lang='lat' dir='ltr'><strong>per</strong></span> <span class='ocrx_word' id='word_1_386' title='bbox 738 2454 850 2477; x_wconf 88' lang='lat' dir='ltr'><strong>mortem</strong></span> <span class='ocrx_word' id='word_1_387' title='bbox 871 2449 918 2477; x_wconf 86' lang='lat' dir='ltr'><strong>de-</strong></span> 
     </span>
    </p>
   </div>
   <div class='ocr_carea' id='block_1_52' title="bbox 125 2487 919 2530">
    <p class='ocr_par' dir='ltr' id='par_1_52' title="bbox 125 2487 919 2530">
     <span class='ocr_line' id='line_1_52' title="bbox 125 2487 919 2530; baseline 0.003 -10"><span class='ocrx_word' id='word_1_388' title='bbox 125 2497 246 2530; x_wconf 73' lang='lat' dir='ltr'><strong>positum,</strong></span> <span class='ocrx_word' id='word_1_389' title='bbox 257 2496 357 2522; x_wconf 76' lang='lat' dir='ltr'><strong>clarius</strong></span> <span class='ocrx_word' id='word_1_390' title='bbox 367 2487 462 2523; x_wconf 58' lang='lat' dir='ltr'><strong>iterum</strong></span> <span class='ocrx_word' id='word_1_391' title='bbox 471 2503 645 2523; x_wconf 84' lang='lat' dir='ltr'><strong>resumemus.</strong></span> <span class='ocrx_word' id='word_1_392' title='bbox 657 2495 724 2529; x_wconf 88' lang='lat' dir='ltr'><strong>Quid</strong></span> <span class='ocrx_word' id='word_1_393' title='bbox 732 2496 837 2523; x_wconf 86' lang='lat' dir='ltr'><strong>tandem</strong></span> <span class='ocrx_word' id='word_1_394' title='bbox 848 2503 919 2522; x_wconf 56' lang='lat' dir='ltr'><strong>nit-rs</strong></span> 
     </span>
    </p>
   </div>
   <div class='ocr_carea' id='block_1_53' title="bbox 124 2541 920 2576">
    <p class='ocr_par' dir='ltr' id='par_1_53' title="bbox 124 2541 920 2576">
     <span class='ocr_line' id='line_1_53' title="bbox 124 2541 920 2576; baseline -0.003 -8"><span class='ocrx_word' id='word_1_395' title='bbox 124 2541 376 2576; x_wconf 78' lang='lat' dir='ltr'><strong>cst?Peregrinatio</strong></span> <span class='ocrx_word' id='word_1_396' title='bbox 396 2541 429 2567; x_wconf 89' lang='lat' dir='ltr'><strong>ad</strong></span> <span class='ocrx_word' id='word_1_397' title='bbox 447 2545 560 2575; x_wconf 79' lang='lat' dir='ltr'><strong>tempus.</strong></span> <span class='ocrx_word' id='word_1_398' title='bbox 583 2549 692 2567; x_wconf 83' lang='lat' dir='ltr'><strong>sunmus</strong></span> <span class='ocrx_word' id='word_1_399' title='bbox 713 2546 841 2568; x_wconf 86' lang='lat' dir='ltr'><strong>consueto</strong></span> <span class='ocrx_word' id='word_1_400' title='bbox 863 2542 920 2568; x_wconf 83' lang='lat' dir='ltr'><strong>lun-</strong></span> 
     </span>
    </p>
   </div>
   <div class='ocr_carea' id='block_1_54' title="bbox 125 2588 918 2623">
    <p class='ocr_par' dir='ltr' id='par_1_54' title="bbox 125 2588 918 2623">
     <span class='ocr_line' id='line_1_54' title="bbox 125 2588 918 2623; baseline 0 -9"><span class='ocrx_word' id='word_1_401' title='bbox 125 2588 184 2622; x_wconf 71' lang='lat' dir='ltr'><strong>gior.</strong></span> <span class='ocrx_word' id='word_1_402' title='bbox 199 2589 293 2623; x_wconf 82' lang='lat' dir='ltr'><strong>Itaque</strong></span> <span class='ocrx_word' id='word_1_403' title='bbox 316 2588 338 2614; x_wconf 91' lang='lat' dir='ltr'><strong>si</strong></span> <span class='ocrx_word' id='word_1_404' title='bbox 362 2593 475 2614; x_wconf 88' lang='lat' dir='ltr'><strong>mortem</strong></span> <span class='ocrx_word' id='word_1_405' title='bbox 502 2588 589 2618; x_wconf 82' lang='lat' dir='ltr'><strong>times,</strong></span> <span class='ocrx_word' id='word_1_406' title='bbox 603 2588 666 2614; x_wconf 82' lang='lat' dir='ltr'><strong>time</strong></span> <span class='ocrx_word' id='word_1_407' title='bbox 687 2593 714 2614; x_wconf 90' lang='lat' dir='ltr'><strong>et</strong></span> <span class='ocrx_word' id='word_1_408' title='bbox 736 2595 879 2614; x_wconf 84' lang='lat' dir='ltr'><strong>somnum:</strong></span> <span class='ocrx_word' id='word_1_409' title='bbox 897 2589 918 2614; x_wconf 76' lang='lat' dir='ltr'><strong>si</strong></span> 
     </span>
    </p>
   </div>
   <div class='ocr_carea' id='block_1_55' title="bbox 126 2633 917 2669">
    <p class='ocr_par' dir='ltr' id='par_1_55' title="bbox 126 2633 917 2669">
     <span class='ocr_line' id='line_1_55' title="bbox 126 2633 917 2669; baseline -0.004 -8"><span class='ocrx_word' id='word_1_410' title='bbox 126 2639 228 2669; x_wconf 82' lang='lat' dir='ltr'><strong>propter</strong></span> <span class='ocrx_word' id='word_1_411' title='bbox 248 2633 399 2660; x_wconf 74' lang='lat' dir='ltr'><strong>morientes</strong></span> <span class='ocrx_word' id='word_1_412' title='bbox 423 2633 538 2666; x_wconf 70' lang='lat' dir='ltr'><strong>angelis,</strong></span> <span class='ocrx_word' id='word_1_413' title='bbox 555 2638 580 2659; x_wconf 79' lang='lat' dir='ltr'><strong>et</strong></span> <span class='ocrx_word' id='word_1_414' title='bbox 606 2637 714 2667; x_wconf 84' lang='lat' dir='ltr'><strong>propter</strong></span> <span class='ocrx_word' id='word_1_415' title='bbox 727 2633 898 2660; x_wconf 79' lang='lat' dir='ltr'><strong>comedentes</strong></span> <span class='ocrx_word' id='word_1_416' title='bbox 910 2654 917 2665; x_wconf 88' lang='lat'><strong>,</strong></span> 
     </span>
    </p>
   </div>
   <div class='ocr_carea' id='block_1_56' title="bbox 125 2678 917 2715">
    <p class='ocr_par' dir='ltr' id='par_1_56' title="bbox 125 2678 917 2715">
     <span class='ocr_line' id='line_1_56' title="bbox 125 2678 917 2715; baseline -0.003 -8"><span class='ocrx_word' id='word_1_417' title='bbox 125 2685 148 2707; x_wconf 84' lang='lat' dir='ltr'><strong>et</strong></span> <span class='ocrx_word' id='word_1_418' title='bbox 161 2685 274 2715; x_wconf 88' lang='lat' dir='ltr'><strong>propter</strong></span> <span class='ocrx_word' id='word_1_419' title='bbox 284 2679 410 2707; x_wconf 83' lang='lat' dir='ltr'><strong>bibentes</strong></span> <span class='ocrx_word' id='word_1_420' title='bbox 424 2687 521 2713; x_wconf 83' lang='lat' dir='ltr'><strong>angere</strong></span> <span class='ocrx_word' id='word_1_421' title='bbox 539 2687 545 2705; x_wconf 91' lang='lat'>:</span> <span class='ocrx_word' id='word_1_422' title='bbox 559 2679 628 2705; x_wconf 86' lang='lat' dir='ltr'><strong>sicut</strong></span> <span class='ocrx_word' id='word_1_423' title='bbox 639 2679 710 2706; x_wconf 90' lang='lat' dir='ltr'><strong>enim</strong></span> <span class='ocrx_word' id='word_1_424' title='bbox 724 2678 774 2705; x_wconf 86' lang='lat' dir='ltr'><strong>hoc</strong></span> <span class='ocrx_word' id='word_1_425' title='bbox 788 2679 917 2710; x_wconf 78' lang='lat' dir='ltr'><strong>naturale,</strong></span> 
     </span>
    </p>
   </div>
   <div class='ocr_carea' id='block_1_57' title="bbox 125 2725 919 2758">
    <p class='ocr_par' dir='ltr' id='par_1_57' title="bbox 125 2725 919 2758">
     <span class='ocr_line' id='line_1_57' title="bbox 125 2725 919 2758; baseline -0.004 -4"><span class='ocrx_word' id='word_1_426' title='bbox 125 2727 157 2754; x_wconf 83' lang='lat' dir='ltr'><strong>sic</strong></span> <span class='ocrx_word' id='word_1_427' title='bbox 177 2731 205 2753; x_wconf 88' lang='lat' dir='ltr'><strong>et</strong></span> <span class='ocrx_word' id='word_1_428' title='bbox 227 2726 306 2753; x_wconf 74' lang='lat' dir='ltr'><strong>illud.</strong></span> <span class='ocrx_word' id='word_1_429' title='bbox 320 2725 360 2752; x_wconf 81' lang='lat' dir='ltr'><strong>Nc</strong></span> <span class='ocrx_word' id='word_1_430' title='bbox 380 2730 406 2752; x_wconf 92' lang='lat' dir='ltr'><strong>te</strong></span> <span class='ocrx_word' id='word_1_431' title='bbox 421 2725 548 2752; x_wconf 78' lang='lat' dir='ltr'><strong>naturalia</strong></span> <span class='ocrx_word' id='word_1_432' title='bbox 567 2725 745 2758; x_wconf 82' lang='lat' dir='ltr'><strong>contristent,</strong></span> <span class='ocrx_word' id='word_1_433' title='bbox 761 2725 919 2752; x_wconf 82' lang='lat' dir='ltr'><strong>contristent</strong></span> 
     </span>
    </p>
   </div>
   <div class='ocr_carea' id='block_1_58' title="bbox 125 2770 919 2806">
    <p class='ocr_par' dir='ltr' id='par_1_58' title="bbox 125 2770 919 2806">
     <span class='ocr_line' id='line_1_58' title="bbox 125 2770 919 2806; baseline -0.004 -7"><span class='ocrx_word' id='word_1_434' title='bbox 125 2778 146 2800; x_wconf 87' lang='lat' dir='ltr'><strong>te</strong></span> <span class='ocrx_word' id='word_1_435' title='bbox 163 2773 256 2806; x_wconf 87' lang='lat' dir='ltr'><strong>potius</strong></span> <span class='ocrx_word' id='word_1_436' title='bbox 267 2779 330 2805; x_wconf 63' lang='lat' dir='ltr'><strong>quae</strong></span> <span class='ocrx_word' id='word_1_437' title='bbox 345 2775 410 2797; x_wconf 88' lang='lat' dir='ltr'><strong>sunt</strong></span> <span class='ocrx_word' id='word_1_438' title='bbox 431 2778 464 2798; x_wconf 86' lang='lat' dir='ltr'><strong>ex</strong></span> <span class='ocrx_word' id='word_1_439' title='bbox 489 2770 557 2796; x_wconf 89' lang='lat' dir='ltr'><strong>mala</strong></span> <span class='ocrx_word' id='word_1_440' title='bbox 581 2771 715 2798; x_wconf 77' lang='lat' dir='ltr'><strong>voluntate</strong></span> <span class='ocrx_word' id='word_1_441' title='bbox 731 2779 737 2797; x_wconf 89' lang='lat'>:</span> <span class='ocrx_word' id='word_1_442' title='bbox 753 2778 840 2806; x_wconf 85' lang='lat' dir='ltr'><strong>neque</strong></span> <span class='ocrx_word' id='word_1_443' title='bbox 862 2778 919 2797; x_wconf 87' lang='lat' dir='ltr'><strong>mo-</strong></span> 
     </span>
    </p>
   </div>
   <div class='ocr_carea' id='block_1_59' title="bbox 121 2815 774 2851">
    <p class='ocr_par' dir='ltr' id='par_1_59' title="bbox 121 2815 774 2851">
     <span class='ocr_line' id='line_1_59' title="bbox 121 2815 774 2851; baseline -0.005 -7"><span class='ocrx_word' id='word_1_444' title='bbox 121 2817 229 2844; x_wconf 68' lang='lat' dir='ltr'><strong>rientem</strong></span> <span class='ocrx_word' id='word_1_445' title='bbox 264 2815 411 2851; x_wconf 85' lang='lat' dir='ltr'><strong>lnge,sed</strong></span> <span class='ocrx_word' id='word_1_446' title='bbox 440 2815 466 2841; x_wconf 89' lang='lat' dir='ltr'><strong>in</strong></span> <span class='ocrx_word' id='word_1_447' title='bbox 495 2815 610 2849; x_wconf 86' lang='lat' dir='ltr'><strong>peccatis</strong></span> <span class='ocrx_word' id='word_1_448' title='bbox 633 2816 774 2843; x_wconf 82' lang='lat' dir='ltr'><strong>virentem.</strong></span> 
     </span>
    </p>
   </div>
   <div class='ocr_carea' id='block_1_60' title="bbox 153 2859 918 2895">
    <p class='ocr_par' dir='ltr' id='par_1_60' title="bbox 153 2859 918 2895">
     <span class='ocr_line' id='line_1_60' title="bbox 153 2859 918 2895; baseline 0.001 -7"><span class='ocrx_word' id='word_1_449' title='bbox 153 2864 177 2888; x_wconf 71' lang='grc'><strong>6.</strong></span> <span class='ocrx_word' id='word_1_450' title='bbox 199 2862 248 2888; x_wconf 78' lang='lat' dir='ltr'><strong>\‘is</strong></span> <span class='ocrx_word' id='word_1_451' title='bbox 271 2867 486 2887; x_wconf 82' lang='lat' dir='ltr'><strong>eoinmemorem</strong></span> <span class='ocrx_word' id='word_1_452' title='bbox 508 2864 535 2886; x_wconf 85' lang='lat' dir='ltr'><strong>et</strong></span> <span class='ocrx_word' id='word_1_453' title='bbox 557 2859 636 2887; x_wconf 89' lang='lat' dir='ltr'><strong>aliam</strong></span> <span class='ocrx_word' id='word_1_454' title='bbox 660 2867 784 2894; x_wconf 86' lang='lat' dir='ltr'><strong>causam,</strong></span> <span class='ocrx_word' id='word_1_455' title='bbox 810 2866 918 2895; x_wconf 84' lang='lat' dir='ltr'><strong>propter</strong></span> 
     </span>
    </p>
   </div>
   <div class='ocr_carea' id='block_1_61' title="bbox 281 2907 641 2938">
    <p class='ocr_par' dir='ltr' id='par_1_61' title="bbox 281 2907 641 2938">
     <span class='ocr_line' id='line_1_61' title="bbox 281 2907 641 2938; baseline 0.003 -1"><span class='ocrx_word' id='word_1_456' title='bbox 281 2907 425 2938; x_wconf 73' lang='lat' dir='ltr'><strong>PATROL.</strong></span> <span class='ocrx_word' id='word_1_457' title='bbox 451 2907 508 2937; x_wconf 80' lang='lat' dir='ltr'><strong>Gn.</strong></span> <span class='ocrx_word' id='word_1_458' title='bbox 529 2908 556 2937; x_wconf 80' lang='grc' dir='ltr'><strong>Χ</strong></span> <span class='ocrx_word' id='word_1_459' title='bbox 565 2907 641 2938; x_wconf 75' lang='lat' dir='ltr'><strong>LIX.</strong></span> 
     </span>
    </p>
   </div>
   <div class='ocr_carea' id='block_1_62' title="bbox 979 211 1767 251">
    <p class='ocr_par' dir='ltr' id='par_1_62' title="bbox 979 211 1767 251">
     <span class='ocr_line' id='line_1_62' title="bbox 979 211 1767 251; baseline 0.011 -17"><span class='ocrx_word' id='word_1_460' title='bbox 979 214 1056 242; x_wconf 83' lang='lat' dir='ltr'><strong>quam</strong></span> <span class='ocrx_word' id='word_1_461' title='bbox 1069 213 1182 237; x_wconf 82' lang='lat' dir='ltr'><strong>mortem</strong></span> <span class='ocrx_word' id='word_1_462' title='bbox 1199 211 1338 239; x_wconf 89' lang='lat' dir='ltr'><strong>timemus?</strong></span> <span class='ocrx_word' id='word_1_463' title='bbox 1352 212 1408 240; x_wconf 82' lang='lat' dir='ltr'><strong>Non</strong></span> <span class='ocrx_word' id='word_1_464' title='bbox 1423 214 1536 242; x_wconf 73' lang='lat' dir='ltr'><strong>viiimus</strong></span> <span class='ocrx_word' id='word_1_465' title='bbox 1548 223 1607 243; x_wconf 79' lang='lat' dir='ltr'><strong>cum</strong></span> <span class='ocrx_word' id='word_1_466' title='bbox 1620 216 1767 251; x_wconf 68' lang='lat' dir='ltr'><strong>diligentia,</strong></span> 
     </span>
    </p>
   </div>
   <div class='ocr_carea' id='block_1_63' title="bbox 974 254 1766 296">
    <p class='ocr_par' dir='ltr' id='par_1_63' title="bbox 974 254 1766 296">
     <span class='ocr_line' id='line_1_63' title="bbox 974 254 1766 296; baseline 0.014 -17"><span class='ocrx_word' id='word_1_467' title='bbox 974 260 1027 280; x_wconf 93' lang='lat' dir='ltr'><strong>non</strong></span> <span class='ocrx_word' id='word_1_468' title='bbox 1053 254 1182 282; x_wconf 85' lang='lat' dir='ltr'><strong>habemus</strong></span> <span class='ocrx_word' id='word_1_469' title='bbox 1215 257 1406 284; x_wconf 73' lang='lat' dir='ltr'><strong>conscientiam</strong></span> <span class='ocrx_word' id='word_1_470' title='bbox 1431 267 1547 293; x_wconf 87' lang='lat' dir='ltr'><strong>puram:</strong></span> <span class='ocrx_word' id='word_1_471' title='bbox 1567 261 1638 296; x_wconf 91' lang='lat' dir='ltr'><strong>quod</strong></span> <span class='ocrx_word' id='word_1_472' title='bbox 1664 263 1686 289; x_wconf 92' lang='lat' dir='ltr'><strong>si</strong></span> <span class='ocrx_word' id='word_1_473' title='bbox 1715 263 1766 290; x_wconf 82' lang='lat' dir='ltr'><strong>hoc</strong></span> 
     </span>
    </p>
   </div>
   <div class='ocr_carea' id='block_1_64' title="bbox 973 299 1766 342">
    <p class='ocr_par' dir='ltr' id='par_1_64' title="bbox 973 299 1766 342">
     <span class='ocr_line' id='line_1_64' title="bbox 973 299 1766 342; baseline 0.014 -17"><span class='ocrx_word' id='word_1_474' title='bbox 973 304 1054 331; x_wconf 66' lang='lat' dir='ltr'><strong>essu,</strong></span> <span class='ocrx_word' id='word_1_475' title='bbox 1070 299 1135 328; x_wconf 90' lang='lat' dir='ltr'><strong>nihil</strong></span> <span class='ocrx_word' id='word_1_476' title='bbox 1156 308 1205 328; x_wconf 88' lang='lat' dir='ltr'><strong>nos</strong></span> <span class='ocrx_word' id='word_1_477' title='bbox 1220 310 1292 329; x_wconf 88' lang='lat' dir='ltr'><strong>mors</strong></span> <span class='ocrx_word' id='word_1_478' title='bbox 1308 303 1454 335; x_wconf 78' lang='lat' dir='ltr'><strong>terruisset,</strong></span> <span class='ocrx_word' id='word_1_479' title='bbox 1469 312 1521 332; x_wconf 92' lang='lat' dir='ltr'><strong>non</strong></span> <span class='ocrx_word' id='word_1_480' title='bbox 1537 306 1629 340; x_wconf 77' lang='lat' dir='ltr'><strong>fames,</strong></span> <span class='ocrx_word' id='word_1_481' title='bbox 1645 315 1698 334; x_wconf 86' lang='lat' dir='ltr'><strong>non</strong></span> <span class='ocrx_word' id='word_1_482' title='bbox 1718 316 1766 342; x_wconf 90' lang='lat' dir='ltr'><strong>pe-</strong></span> 
     </span>
    </p>
   </div>
   <div class='ocr_carea' id='block_1_65' title="bbox 972 346 1767 385">
    <p class='ocr_par' dir='ltr' id='par_1_65' title="bbox 972 346 1767 385">
     <span class='ocr_line' id='line_1_65' title="bbox 972 346 1767 385; baseline 0.014 -14"><span class='ocrx_word' id='word_1_483' title='bbox 972 346 1108 373; x_wconf 88' lang='lat' dir='ltr'><strong>cuniarum</strong></span> <span class='ocrx_word' id='word_1_484' title='bbox 1125 346 1240 381; x_wconf 85' lang='lat' dir='ltr'><strong>jactura,</strong></span> <span class='ocrx_word' id='word_1_485' title='bbox 1258 356 1310 376; x_wconf 89' lang='lat' dir='ltr'><strong>non</strong></span> <span class='ocrx_word' id='word_1_486' title='bbox 1324 350 1394 376; x_wconf 90' lang='lat' dir='ltr'><strong>aliud</strong></span> <span class='ocrx_word' id='word_1_487' title='bbox 1414 350 1477 384; x_wconf 93' lang='lat' dir='ltr'><strong>quid</strong></span> <span class='ocrx_word' id='word_1_488' title='bbox 1493 351 1633 385; x_wconf 86' lang='lat' dir='ltr'><strong>ejusmodi.</strong></span> <span class='ocrx_word' id='word_1_489' title='bbox 1661 353 1690 381; x_wconf 90' lang='lat' dir='ltr'><strong>In</strong></span> <span class='ocrx_word' id='word_1_490' title='bbox 1711 355 1767 382; x_wconf 84' lang='lat' dir='ltr'><strong>vir-</strong></span> 
     </span>
    </p>
   </div>
   <div class='ocr_carea' id='block_1_66' title="bbox 973 391 1766 432">
    <p class='ocr_par' dir='ltr' id='par_1_66' title="bbox 973 391 1766 432">
     <span class='ocr_line' id='line_1_66' title="bbox 973 391 1766 432; baseline 0.013 -15"><span class='ocrx_word' id='word_1_491' title='bbox 973 395 1028 418; x_wconf 90' lang='lat' dir='ltr'><strong>tute</strong></span> <span class='ocrx_word' id='word_1_492' title='bbox 1038 391 1109 418; x_wconf 88' lang='lat' dir='ltr'><strong>enim</strong></span> <span class='ocrx_word' id='word_1_493' title='bbox 1120 393 1254 421; x_wconf 78' lang='lat' dir='ltr'><strong>viventem</strong></span> <span class='ocrx_word' id='word_1_494' title='bbox 1278 394 1373 422; x_wconf 91' lang='lat' dir='ltr'><strong>horum</strong></span> <span class='ocrx_word' id='word_1_495' title='bbox 1396 395 1462 422; x_wconf 91' lang='lat' dir='ltr'><strong>nihil</strong></span> <span class='ocrx_word' id='word_1_496' title='bbox 1477 396 1572 425; x_wconf 70' lang='lat' dir='ltr'><strong>laedere</strong></span> <span class='ocrx_word' id='word_1_497' title='bbox 1589 400 1701 432; x_wconf 86' lang='lat' dir='ltr'><strong>poterit,</strong></span> <span class='ocrx_word' id='word_1_498' title='bbox 1717 408 1766 428; x_wconf 90' lang='lat' dir='ltr'><strong>uec</strong></span> 
     </span>
    </p>
   </div>
   <div class='ocr_carea' id='block_1_67' title="bbox 972 437 1764 475">
    <p class='ocr_par' dir='ltr' id='par_1_67' title="bbox 972 437 1764 475">
     <span class='ocr_line' id='line_1_67' title="bbox 972 437 1764 475; baseline 0.011 -11"><span class='ocrx_word' id='word_1_499' title='bbox 972 437 1075 465; x_wconf 86' lang='lat' dir='ltr'><strong>interna</strong></span> <span class='ocrx_word' id='word_1_500' title='bbox 1104 439 1209 473; x_wconf 88' lang='lat' dir='ltr'><strong>privare</strong></span> <span class='ocrx_word' id='word_1_501' title='bbox 1230 440 1385 475; x_wconf 84' lang='lat' dir='ltr'><strong>voluptate:</strong></span> <span class='ocrx_word' id='word_1_502' title='bbox 1411 442 1489 469; x_wconf 70' lang='lat' dir='ltr'><strong>bona:</strong></span> <span class='ocrx_word' id='word_1_503' title='bbox 1509 444 1580 470; x_wconf 85' lang='lat' dir='ltr'><strong>enim</strong></span> <span class='ocrx_word' id='word_1_504' title='bbox 1607 445 1764 474; x_wconf 80' lang='lat' dir='ltr'><strong>innutritum</strong></span> 
     </span>
    </p>
   </div>
   <div class='ocr_carea' id='block_1_68' title="bbox 971 483 1764 522">
    <p class='ocr_par' dir='ltr' id='par_1_68' title="bbox 971 483 1764 522">
     <span class='ocr_line' id='line_1_68' title="bbox 971 483 1764 522; baseline 0.013 -13"><span class='ocrx_word' id='word_1_505' title='bbox 971 483 1028 519; x_wconf 87' lang='lat' dir='ltr'><strong>spei</strong></span> <span class='ocrx_word' id='word_1_506' title='bbox 1043 484 1109 511; x_wconf 90' lang='lat' dir='ltr'><strong>nihil</strong></span> <span class='ocrx_word' id='word_1_507' title='bbox 1130 485 1155 511; x_wconf 89' lang='lat' dir='ltr'><strong>in</strong></span> <span class='ocrx_word' id='word_1_508' title='bbox 1173 485 1307 513; x_wconf 84' lang='lat' dir='ltr'><strong>tristitiam</strong></span> <span class='ocrx_word' id='word_1_509' title='bbox 1329 487 1445 521; x_wconf 88' lang='lat' dir='ltr'><strong>dejicere</strong></span> <span class='ocrx_word' id='word_1_510' title='bbox 1471 489 1578 522; x_wconf 88' lang='lat' dir='ltr'><strong>poterit.</strong></span> <span class='ocrx_word' id='word_1_511' title='bbox 1602 489 1670 522; x_wconf 87' lang='lat' dir='ltr'><strong>Quid</strong></span> <span class='ocrx_word' id='word_1_512' title='bbox 1693 492 1764 519; x_wconf 89' lang='lat' dir='ltr'><strong>enim</strong></span> 
     </span>
    </p>
   </div>
   <div class='ocr_carea' id='block_1_69' title="bbox 970 530 1764 567">
    <p class='ocr_par' dir='ltr' id='par_1_69' title="bbox 970 530 1764 567">
     <span class='ocr_line' id='line_1_69' title="bbox 970 530 1764 567; baseline 0.01 -12"><span class='ocrx_word' id='word_1_513' title='bbox 970 530 1099 564; x_wconf 88' lang='lat' dir='ltr'><strong>quispiam</strong></span> <span class='ocrx_word' id='word_1_514' title='bbox 1110 531 1196 558; x_wconf 79' lang='lat' dir='ltr'><strong>facere</strong></span> <span class='ocrx_word' id='word_1_515' title='bbox 1211 531 1303 565; x_wconf 80' lang='lat' dir='ltr'><strong>possit,</strong></span> <span class='ocrx_word' id='word_1_516' title='bbox 1318 540 1369 567; x_wconf 90' lang='lat' dir='ltr'><strong>quo</strong></span> <span class='ocrx_word' id='word_1_517' title='bbox 1384 532 1480 560; x_wconf 81' lang='lat' dir='ltr'><strong>fortem</strong></span> <span class='ocrx_word' id='word_1_518' title='bbox 1491 534 1574 560; x_wconf 84' lang='lat' dir='ltr'><strong>virum</strong></span> <span class='ocrx_word' id='word_1_519' title='bbox 1589 534 1615 561; x_wconf 92' lang='lat' dir='ltr'><strong>in</strong></span> <span class='ocrx_word' id='word_1_520' title='bbox 1631 535 1764 564; x_wconf 86' lang='lat' dir='ltr'><strong>tristitiam</strong></span> 
     </span>
    </p>
   </div>
   <div class='ocr_carea' id='block_1_70' title="bbox 969 575 1765 611">
    <p class='ocr_par' dir='ltr' id='par_1_70' title="bbox 969 575 1765 611">
     <span class='ocr_line' id='line_1_70' title="bbox 969 575 1765 611; baseline 0.008 -10"><span class='ocrx_word' id='word_1_521' title='bbox 969 575 1114 609; x_wconf 84' lang='lat' dir='ltr'><strong>conjiciat?</strong></span> <span class='ocrx_word' id='word_1_522' title='bbox 1130 576 1241 603; x_wconf 81' lang='lat' dir='ltr'><strong>Auferet</strong></span> <span class='ocrx_word' id='word_1_523' title='bbox 1255 578 1398 611; x_wconf 89' lang='lat' dir='ltr'><strong>pecunias?</strong></span> <span class='ocrx_word' id='word_1_524' title='bbox 1411 578 1457 605; x_wconf 87' lang='lat' dir='ltr'><strong>sed</strong></span> <span class='ocrx_word' id='word_1_525' title='bbox 1477 578 1555 606; x_wconf 81' lang='lat' dir='ltr'><strong>habet</strong></span> <span class='ocrx_word' id='word_1_526' title='bbox 1577 580 1602 606; x_wconf 93' lang='lat' dir='ltr'><strong>in</strong></span> <span class='ocrx_word' id='word_1_527' title='bbox 1618 581 1690 607; x_wconf 50' lang='lat' dir='ltr'><strong>ea‘lis</strong></span> <span class='ocrx_word' id='word_1_528' title='bbox 1702 581 1765 608; x_wconf 81' lang='lat' dir='ltr'><strong>divi-</strong></span> 
     </span>
    </p>
   </div>
   <div class='ocr_carea' id='block_1_71' title="bbox 971 619 1763 657">
    <p class='ocr_par' dir='ltr' id='par_1_71' title="bbox 971 619 1763 657">
     <span class='ocr_line' id='line_1_71' title="bbox 971 619 1763 657; baseline 0.009 -12"><span class='ocrx_word' id='word_1_529' title='bbox 971 619 1030 646; x_wconf 85' lang='lat' dir='ltr'><strong>tias.</strong></span> <span class='ocrx_word' id='word_1_530' title='bbox 1047 620 1133 647; x_wconf 80' lang='lat' dir='ltr'><strong>I’atria</strong></span> <span class='ocrx_word' id='word_1_531' title='bbox 1143 621 1249 655; x_wconf 81' lang='lat' dir='ltr'><strong>ejiciet?</strong></span> <span class='ocrx_word' id='word_1_532' title='bbox 1263 622 1310 648; x_wconf 92' lang='lat' dir='ltr'><strong>sed</strong></span> <span class='ocrx_word' id='word_1_533' title='bbox 1322 622 1347 649; x_wconf 90' lang='lat' dir='ltr'><strong>in</strong></span> <span class='ocrx_word' id='word_1_534' title='bbox 1364 631 1506 657; x_wconf 84' lang='lat' dir='ltr'><strong>supernam</strong></span> <span class='ocrx_word' id='word_1_535' title='bbox 1519 624 1652 651; x_wconf 76' lang='lat' dir='ltr'><strong>civitatem</strong></span> <span class='ocrx_word' id='word_1_536' title='bbox 1668 626 1763 652; x_wconf 51' lang='lat' dir='ltr'><strong>mittet.</strong></span> 
     </span>
    </p>
   </div>
   <div class='ocr_carea' id='block_1_72' title="bbox 970 664 1765 702">
    <p class='ocr_par' dir='ltr' id='par_1_72' title="bbox 970 664 1765 702">
     <span class='ocr_line' id='line_1_72' title="bbox 970 664 1765 702; baseline 0.01 -12"><span class='ocrx_word' id='word_1_537' title='bbox 970 664 1080 691; x_wconf 85' lang='lat' dir='ltr'><strong>Vincula</strong></span> <span class='ocrx_word' id='word_1_538' title='bbox 1095 665 1217 699; x_wconf 88' lang='lat' dir='ltr'><strong>injiciet?</strong></span> <span class='ocrx_word' id='word_1_539' title='bbox 1232 666 1279 694; x_wconf 90' lang='lat' dir='ltr'><strong>sed</strong></span> <span class='ocrx_word' id='word_1_540' title='bbox 1293 666 1372 694; x_wconf 85' lang='lat' dir='ltr'><strong>habet</strong></span> <span class='ocrx_word' id='word_1_541' title='bbox 1388 668 1578 695; x_wconf 87' lang='lat' dir='ltr'><strong>conscientiam</strong></span> <span class='ocrx_word' id='word_1_542' title='bbox 1592 669 1722 702; x_wconf 76' lang='lat' dir='ltr'><strong>solutam,</strong></span> <span class='ocrx_word' id='word_1_543' title='bbox 1737 676 1765 698; x_wconf 85' lang='lat' dir='ltr'><strong>et</strong></span> 
     </span>
    </p>
   </div>
   <div class='ocr_carea' id='block_1_73' title="bbox 969 710 1763 749">
    <p class='ocr_par' dir='ltr' id='par_1_73' title="bbox 969 710 1763 749">
     <span class='ocr_line' id='line_1_73' title="bbox 969 710 1763 749; baseline 0.006 -13"><span class='ocrx_word' id='word_1_544' title='bbox 969 710 1132 737; x_wconf 84' lang='lat' dir='ltr'><strong>exteriorem</strong></span> <span class='ocrx_word' id='word_1_545' title='bbox 1147 718 1199 737; x_wconf 89' lang='lat' dir='ltr'><strong>non</strong></span> <span class='ocrx_word' id='word_1_546' title='bbox 1209 712 1291 738; x_wconf 87' lang='lat' dir='ltr'><strong>sentit</strong></span> <span class='ocrx_word' id='word_1_547' title='bbox 1301 716 1432 739; x_wconf 84' lang='lat' dir='ltr'><strong>catenam.</strong></span> <span class='ocrx_word' id='word_1_548' title='bbox 1448 714 1481 739; x_wconf 74' lang='lat' dir='ltr'><strong>At</strong></span> <span class='ocrx_word' id='word_1_549' title='bbox 1492 713 1633 741; x_wconf 79' lang='lat' dir='ltr'><strong>interliciet</strong></span> <span class='ocrx_word' id='word_1_550' title='bbox 1643 716 1763 749; x_wconf 79' lang='lat' dir='ltr'><strong>Corpus?</strong></span> 
     </span>
    </p>
   </div>
   <div class='ocr_carea' id='block_1_74' title="bbox 969 755 1764 795">
    <p class='ocr_par' dir='ltr' id='par_1_74' title="bbox 969 755 1764 795">
     <span class='ocr_line' id='line_1_74' title="bbox 969 755 1764 795; baseline 0.006 -13"><span class='ocrx_word' id='word_1_551' title='bbox 969 755 1015 782; x_wconf 84' lang='lat' dir='ltr'><strong>sed</strong></span> <span class='ocrx_word' id='word_1_552' title='bbox 1039 756 1133 782; x_wconf 85' lang='lat' dir='ltr'><strong>iterum</strong></span> <span class='ocrx_word' id='word_1_553' title='bbox 1156 761 1297 791; x_wconf 85' lang='lat' dir='ltr'><strong>resurget:</strong></span> <span class='ocrx_word' id='word_1_554' title='bbox 1315 762 1341 783; x_wconf 87' lang='lat' dir='ltr'><strong>et</strong></span> <span class='ocrx_word' id='word_1_555' title='bbox 1359 758 1427 784; x_wconf 85' lang='lat' dir='ltr'><strong>sicut</strong></span> <span class='ocrx_word' id='word_1_556' title='bbox 1449 758 1492 792; x_wconf 86' lang='lat' dir='ltr'><strong>qui</strong></span> <span class='ocrx_word' id='word_1_557' title='bbox 1518 767 1578 785; x_wconf 88' lang='lat' dir='ltr'><strong>cum</strong></span> <span class='ocrx_word' id='word_1_558' title='bbox 1600 760 1692 787; x_wconf 89' lang='lat' dir='ltr'><strong>umbra</strong></span> <span class='ocrx_word' id='word_1_559' title='bbox 1713 769 1764 795; x_wconf 90' lang='lat' dir='ltr'><strong>pu-</strong></span> 
     </span>
    </p>
   </div>
   <div class='ocr_carea' id='block_1_75' title="bbox 969 802 1764 838">
    <p class='ocr_par' dir='ltr' id='par_1_75' title="bbox 969 802 1764 838">
     <span class='ocr_line' id='line_1_75' title="bbox 969 802 1764 838; baseline 0.009 -12"><span class='ocrx_word' id='word_1_560' title='bbox 969 807 1043 834; x_wconf 84' lang='lat' dir='ltr'><strong>gnat,</strong></span> <span class='ocrx_word' id='word_1_561' title='bbox 1061 806 1088 828; x_wconf 90' lang='lat' dir='ltr'><strong>et</strong></span> <span class='ocrx_word' id='word_1_562' title='bbox 1107 809 1196 828; x_wconf 88' lang='lat' dir='ltr'><strong>aerem</strong></span> <span class='ocrx_word' id='word_1_563' title='bbox 1210 802 1343 835; x_wconf 81' lang='lat' dir='ltr'><strong>verberat,</strong></span> <span class='ocrx_word' id='word_1_564' title='bbox 1355 807 1494 837; x_wconf 86' lang='lat' dir='ltr'><strong>percutere</strong></span> <span class='ocrx_word' id='word_1_565' title='bbox 1505 805 1603 838; x_wconf 87' lang='lat' dir='ltr'><strong>poterit</strong></span> <span class='ocrx_word' id='word_1_566' title='bbox 1617 806 1764 834; x_wconf 85' lang='lat' dir='ltr'><strong>neminem:</strong></span> 
     </span>
    </p>
   </div>
   <div class='ocr_carea' id='block_1_76' title="bbox 968 846 1765 886">
    <p class='ocr_par' dir='ltr' id='par_1_76' title="bbox 968 846 1765 886">
     <span class='ocr_line' id='line_1_76' title="bbox 968 846 1765 886; baseline 0.009 -14"><span class='ocrx_word' id='word_1_567' title='bbox 968 846 1007 872; x_wconf 88' lang='lat' dir='ltr'><strong>sic</strong></span> <span class='ocrx_word' id='word_1_568' title='bbox 1021 850 1048 872; x_wconf 87' lang='lat' dir='ltr'><strong>et</strong></span> <span class='ocrx_word' id='word_1_569' title='bbox 1061 846 1106 880; x_wconf 90' lang='lat' dir='ltr'><strong>qui</strong></span> <span class='ocrx_word' id='word_1_570' title='bbox 1119 854 1178 873; x_wconf 93' lang='lat' dir='ltr'><strong>cum</strong></span> <span class='ocrx_word' id='word_1_571' title='bbox 1191 847 1264 881; x_wconf 87' lang='lat' dir='ltr'><strong>justo</strong></span> <span class='ocrx_word' id='word_1_572' title='bbox 1280 852 1389 882; x_wconf 85' lang='lat' dir='ltr'><strong>pugnat,</strong></span> <span class='ocrx_word' id='word_1_573' title='bbox 1403 856 1463 875; x_wconf 91' lang='lat' dir='ltr'><strong>cum</strong></span> <span class='ocrx_word' id='word_1_574' title='bbox 1481 850 1572 877; x_wconf 90' lang='lat' dir='ltr'><strong>umbra</strong></span> <span class='ocrx_word' id='word_1_575' title='bbox 1589 855 1691 878; x_wconf 87' lang='lat' dir='ltr'><strong>tantum</strong></span> <span class='ocrx_word' id='word_1_576' title='bbox 1714 860 1765 886; x_wconf 79' lang='lat' dir='ltr'><strong>pu-</strong></span> 
     </span>
    </p>
   </div>
   <div class='ocr_carea' id='block_1_77' title="bbox 967 892 1763 931">
    <p class='ocr_par' dir='ltr' id='par_1_77' title="bbox 967 892 1763 931">
     <span class='ocr_line' id='line_1_77' title="bbox 967 892 1763 931; baseline 0.01 -14"><span class='ocrx_word' id='word_1_577' title='bbox 967 894 1040 925; x_wconf 76' lang='lat' dir='ltr'><strong>gnat,</strong></span> <span class='ocrx_word' id='word_1_578' title='bbox 1055 896 1081 918; x_wconf 89' lang='lat' dir='ltr'><strong>et</strong></span> <span class='ocrx_word' id='word_1_579' title='bbox 1095 892 1164 918; x_wconf 86' lang='lat' dir='ltr'><strong>vires</strong></span> <span class='ocrx_word' id='word_1_580' title='bbox 1177 899 1239 919; x_wconf 87' lang='lat' dir='ltr'><strong>suas</strong></span> <span class='ocrx_word' id='word_1_581' title='bbox 1252 892 1382 927; x_wconf 77' lang='lat' dir='ltr'><strong>dissoliit,</strong></span> <span class='ocrx_word' id='word_1_582' title='bbox 1393 894 1492 921; x_wconf 89' lang='lat' dir='ltr'><strong>nullam</strong></span> <span class='ocrx_word' id='word_1_583' title='bbox 1504 895 1541 921; x_wconf 91' lang='lat' dir='ltr'><strong>illi</strong></span> <span class='ocrx_word' id='word_1_584' title='bbox 1556 895 1659 931; x_wconf 79' lang='lat' dir='ltr'><strong>plagam</strong></span> <span class='ocrx_word' id='word_1_585' title='bbox 1671 897 1763 925; x_wconf 84' lang='lat' dir='ltr'><strong>valens</strong></span> 
     </span>
    </p>
   </div>
   <div class='ocr_carea' id='block_1_78' title="bbox 968 937 1762 976">
    <p class='ocr_par' dir='ltr' id='par_1_78' title="bbox 968 937 1762 976">
     <span class='ocr_line' id='line_1_78' title="bbox 968 937 1762 976; baseline 0.009 -12"><span class='ocrx_word' id='word_1_586' title='bbox 968 937 1096 972; x_wconf 80' lang='lat' dir='ltr'><strong>inﬂigere.</strong></span> <span class='ocrx_word' id='word_1_587' title='bbox 1110 937 1200 973; x_wconf 89' lang='lat' dir='ltr'><strong>Itaque</strong></span> <span class='ocrx_word' id='word_1_588' title='bbox 1213 939 1246 966; x_wconf 88' lang='lat' dir='ltr'><strong>da</strong></span> <span class='ocrx_word' id='word_1_589' title='bbox 1258 940 1322 966; x_wconf 94' lang='lat' dir='ltr'><strong>mihi</strong></span> <span class='ocrx_word' id='word_1_590' title='bbox 1335 940 1368 967; x_wconf 86' lang='lat' dir='ltr'><strong>de</strong></span> <span class='ocrx_word' id='word_1_591' title='bbox 1382 941 1507 968; x_wconf 56' lang='lat' dir='ltr'><strong>caelorum</strong></span> <span class='ocrx_word' id='word_1_592' title='bbox 1520 950 1602 976; x_wconf 77' lang='lat' dir='ltr'><strong>regno</strong></span> <span class='ocrx_word' id='word_1_593' title='bbox 1616 943 1762 976; x_wconf 78' lang='lat' dir='ltr'><strong>confidere,</strong></span> 
     </span>
    </p>
   </div>
   <div class='ocr_carea' id='block_1_79' title="bbox 966 984 1760 1021">
    <p class='ocr_par' dir='ltr' id='par_1_79' title="bbox 966 984 1760 1021">
     <span class='ocr_line' id='line_1_79' title="bbox 966 984 1760 1021; baseline 0.009 -11"><span class='ocrx_word' id='word_1_594' title='bbox 966 987 994 1010; x_wconf 88' lang='lat' dir='ltr'><strong>et</strong></span> <span class='ocrx_word' id='word_1_595' title='bbox 1006 984 1028 1010; x_wconf 92' lang='lat' dir='ltr'><strong>si</strong></span> <span class='ocrx_word' id='word_1_596' title='bbox 1044 984 1085 1011; x_wconf 86' lang='lat' dir='ltr'><strong>vis</strong></span> <span class='ocrx_word' id='word_1_597' title='bbox 1099 984 1176 1012; x_wconf 86' lang='lat' dir='ltr'><strong>hodie</strong></span> <span class='ocrx_word' id='word_1_598' title='bbox 1189 993 1232 1012; x_wconf 90' lang='lat' dir='ltr'><strong>me</strong></span> <span class='ocrx_word' id='word_1_599' title='bbox 1240 985 1331 1020; x_wconf 81' lang='lat' dir='ltr'><strong>jugula</strong></span> <span class='ocrx_word' id='word_1_600' title='bbox 1343 994 1349 1012; x_wconf 89' lang='lat'>:</span> <span class='ocrx_word' id='word_1_601' title='bbox 1366 986 1447 1013; x_wconf 66' lang='lat' dir='ltr'><strong>caedis</strong></span> <span class='ocrx_word' id='word_1_602' title='bbox 1459 987 1570 1021; x_wconf 89' lang='lat' dir='ltr'><strong>gratiam</strong></span> <span class='ocrx_word' id='word_1_603' title='bbox 1582 988 1629 1015; x_wconf 91' lang='lat' dir='ltr'><strong>tibi</strong></span> <span class='ocrx_word' id='word_1_604' title='bbox 1645 989 1760 1021; x_wconf 86' lang='lat' dir='ltr'><strong>habebo,</strong></span> 
     </span>
    </p>
   </div>
   <div class='ocr_carea' id='block_1_80' title="bbox 967 1030 1763 1064">
    <p class='ocr_par' dir='ltr' id='par_1_80' title="bbox 967 1030 1763 1064">
     <span class='ocr_line' id='line_1_80' title="bbox 967 1030 1763 1064; baseline 0.009 -8"><span class='ocrx_word' id='word_1_605' title='bbox 967 1030 1038 1064; x_wconf 90' lang='lat' dir='ltr'><strong>quod</strong></span> <span class='ocrx_word' id='word_1_606' title='bbox 1052 1038 1094 1057; x_wconf 87' lang='lat' dir='ltr'><strong>me</strong></span> <span class='ocrx_word' id='word_1_607' title='bbox 1105 1031 1229 1058; x_wconf 81' lang='lat' dir='ltr'><strong>celeriter</strong></span> <span class='ocrx_word' id='word_1_608' title='bbox 1247 1031 1280 1059; x_wconf 86' lang='lat' dir='ltr'><strong>ad</strong></span> <span class='ocrx_word' id='word_1_609' title='bbox 1295 1032 1338 1059; x_wconf 90' lang='lat' dir='ltr'><strong>illa</strong></span> <span class='ocrx_word' id='word_1_610' title='bbox 1357 1033 1425 1060; x_wconf 84' lang='lat' dir='ltr'><strong>bona</strong></span> <span class='ocrx_word' id='word_1_611' title='bbox 1444 1034 1619 1061; x_wconf 88' lang='lat' dir='ltr'><strong>transmittas.</strong></span> <span class='ocrx_word' id='word_1_612' title='bbox 1643 1034 1700 1062; x_wconf 88' lang='lat' dir='ltr'><strong>lloc</strong></span> <span class='ocrx_word' id='word_1_613' title='bbox 1721 1041 1763 1063; x_wconf 84' lang='lat' dir='ltr'><strong>est</strong></span> 
     </span>
    </p>
   </div>
   <div class='ocr_carea' id='block_1_81' title="bbox 967 1076 1746 1116">
    <p class='ocr_par' dir='ltr' id='par_1_81' title="bbox 967 1076 1746 1116">
     <span class='ocr_line' id='line_1_81' title="bbox 967 1076 1746 1116; baseline 0.008 -14"><span class='ocrx_word' id='word_1_614' title='bbox 967 1076 1083 1103; x_wconf 83' lang='lat' dir='ltr'><strong>maxime</strong></span> <span class='ocrx_word' id='word_1_615' title='bbox 1098 1077 1168 1110; x_wconf 88' lang='lat' dir='ltr'><strong>quod</strong></span> <span class='ocrx_word' id='word_1_616' title='bbox 1188 1082 1215 1104; x_wconf 92' lang='lat' dir='ltr'><strong>et</strong></span> <span class='ocrx_word' id='word_1_617' title='bbox 1237 1085 1286 1105; x_wconf 86' lang='lat' dir='ltr'><strong>nos</strong></span> <span class='ocrx_word' id='word_1_618' title='bbox 1301 1078 1422 1113; x_wconf 82' lang='lat' dir='ltr'><strong>lugemus</strong></span> <span class='ocrx_word' id='word_1_619' title='bbox 1439 1079 1458 1112; x_wconf 79' lang='grc' dir='ltr'>ι,</span> <span class='ocrx_word' id='word_1_620' title='bbox 1473 1079 1567 1114; x_wconf 90' lang='lat' dir='ltr'><strong>inquit,</strong></span> <span class='ocrx_word' id='word_1_621' title='bbox 1580 1080 1650 1114; x_wconf 91' lang='lat' dir='ltr'><strong>quod</strong></span> <span class='ocrx_word' id='word_1_622' title='bbox 1665 1088 1746 1116; x_wconf 87' lang='lat' dir='ltr'><strong>pecea</strong></span> 
     </span>
    </p>
   </div>
   <div class='ocr_carea' id='block_1_82' title="bbox 967 1123 1761 1160">
    <p class='ocr_par' dir='ltr' id='par_1_82' title="bbox 967 1123 1761 1160">
     <span class='ocr_line' id='line_1_82' title="bbox 967 1123 1761 1160; baseline 0.006 -11"><span class='ocrx_word' id='word_1_623' title='bbox 967 1127 1055 1150; x_wconf 88' lang='lat' dir='ltr'><strong>torum</strong></span> <span class='ocrx_word' id='word_1_624' title='bbox 1071 1123 1240 1151; x_wconf 87' lang='lat' dir='ltr'><strong>multitudine</strong></span> <span class='ocrx_word' id='word_1_625' title='bbox 1254 1124 1398 1159; x_wconf 84' lang='lat' dir='ltr'><strong>prohibiti,</strong></span> <span class='ocrx_word' id='word_1_626' title='bbox 1413 1133 1523 1160; x_wconf 86' lang='lat' dir='ltr'><strong>regnum</strong></span> <span class='ocrx_word' id='word_1_627' title='bbox 1543 1126 1607 1153; x_wconf 90' lang='lat' dir='ltr'><strong>illud</strong></span> <span class='ocrx_word' id='word_1_628' title='bbox 1621 1134 1672 1154; x_wconf 90' lang='lat' dir='ltr'><strong>non</strong></span> <span class='ocrx_word' id='word_1_629' title='bbox 1688 1134 1761 1154; x_wconf 89' lang='lat' dir='ltr'><strong>asse-</strong></span> 
     </span>
    </p>
   </div>
   <div class='ocr_carea' id='block_1_83' title="bbox 967 1166 1763 1207">
    <p class='ocr_par' dir='ltr' id='par_1_83' title="bbox 967 1166 1763 1207">
     <span class='ocr_line' id='line_1_83' title="bbox 967 1166 1763 1207; baseline 0.006 -13"><span class='ocrx_word' id='word_1_630' title='bbox 967 1166 1091 1202; x_wconf 83' lang='lat' dir='ltr'><strong>quemur.</strong></span> <span class='ocrx_word' id='word_1_631' title='bbox 1109 1170 1190 1203; x_wconf 84' lang='lat' dir='ltr'><strong>Igitur</strong></span> <span class='ocrx_word' id='word_1_632' title='bbox 1214 1174 1327 1197; x_wconf 89' lang='lat' dir='ltr'><strong>mortem</strong></span> <span class='ocrx_word' id='word_1_633' title='bbox 1351 1170 1442 1206; x_wconf 79' lang='lat' dir='ltr'><strong>lugere</strong></span> <span class='ocrx_word' id='word_1_634' title='bbox 1461 1172 1601 1204; x_wconf 88' lang='lat' dir='ltr'><strong>omittens,</strong></span> <span class='ocrx_word' id='word_1_635' title='bbox 1617 1172 1678 1207; x_wconf 72' lang='lat' dir='ltr'><strong>lnge</strong></span> <span class='ocrx_word' id='word_1_636' title='bbox 1699 1171 1763 1207; x_wconf 56' lang='lat' dir='ltr'><strong>pet-4</strong></span> 
     </span>
    </p>
   </div>
   <div class='ocr_carea' id='block_1_84' title="bbox 967 1215 1764 1251">
    <p class='ocr_par' dir='ltr' id='par_1_84' title="bbox 967 1215 1764 1251">
     <span class='ocr_line' id='line_1_84' title="bbox 967 1215 1764 1251; baseline 0.006 -11"><span class='ocrx_word' id='word_1_637' title='bbox 967 1218 1038 1246; x_wconf 87' lang='lat' dir='ltr'><strong>cata,</strong></span> <span class='ocrx_word' id='word_1_638' title='bbox 1056 1219 1085 1241; x_wconf 92' lang='lat' dir='ltr'><strong>ut</strong></span> <span class='ocrx_word' id='word_1_639' title='bbox 1101 1215 1156 1249; x_wconf 83' lang='lat' dir='ltr'><strong>ipsa</strong></span> <span class='ocrx_word' id='word_1_640' title='bbox 1171 1215 1271 1242; x_wconf 85' lang='lat' dir='ltr'><strong>deleas.</strong></span> <span class='ocrx_word' id='word_1_641' title='bbox 1287 1216 1398 1251; x_wconf 71' lang='lat' dir='ltr'><strong>Propter</strong></span> <span class='ocrx_word' id='word_1_642' title='bbox 1413 1217 1463 1244; x_wconf 88' lang='lat' dir='ltr'><strong>hoc</strong></span> <span class='ocrx_word' id='word_1_643' title='bbox 1485 1218 1555 1244; x_wconf 87' lang='lat' dir='ltr'><strong>enim</strong></span> <span class='ocrx_word' id='word_1_644' title='bbox 1575 1218 1680 1244; x_wconf 84' lang='lat' dir='ltr'><strong>tristitia</strong></span> <span class='ocrx_word' id='word_1_645' title='bbox 1695 1219 1764 1245; x_wconf 74' lang='lat' dir='ltr'><strong>facta</strong></span> 
     </span>
    </p>
   </div>
   <div class='ocr_carea' id='block_1_85' title="bbox 967 1261 1763 1296">
    <p class='ocr_par' dir='ltr' id='par_1_85' title="bbox 967 1261 1763 1296">
     <span class='ocr_line' id='line_1_85' title="bbox 967 1261 1763 1296; baseline 0.005 -10"><span class='ocrx_word' id='word_1_646' title='bbox 967 1263 1020 1292; x_wconf 87' lang='lat' dir='ltr'><strong>est,</strong></span> <span class='ocrx_word' id='word_1_647' title='bbox 1035 1267 1088 1286; x_wconf 82' lang='lat' dir='ltr'><strong>non</strong></span> <span class='ocrx_word' id='word_1_648' title='bbox 1111 1265 1139 1286; x_wconf 89' lang='lat' dir='ltr'><strong>ut</strong></span> <span class='ocrx_word' id='word_1_649' title='bbox 1157 1261 1193 1287; x_wconf 91' lang='lat' dir='ltr'><strong>ob</strong></span> <span class='ocrx_word' id='word_1_650' title='bbox 1211 1261 1342 1295; x_wconf 86' lang='lat' dir='ltr'><strong>jacturam</strong></span> <span class='ocrx_word' id='word_1_651' title='bbox 1372 1262 1556 1296; x_wconf 87' lang='lat' dir='ltr'><strong>pecuniarum,</strong></span> <span class='ocrx_word' id='word_1_652' title='bbox 1573 1271 1626 1290; x_wconf 88' lang='lat' dir='ltr'><strong>non</strong></span> <span class='ocrx_word' id='word_1_653' title='bbox 1640 1263 1674 1290; x_wconf 90' lang='lat' dir='ltr'><strong>ob</strong></span> <span class='ocrx_word' id='word_1_654' title='bbox 1692 1271 1763 1290; x_wconf 83' lang='lat' dir='ltr'><strong>rnor-</strong></span> 
     </span>
    </p>
   </div>
   <div class='ocr_carea' id='block_1_86' title="bbox 968 1305 1763 1340">
    <p class='ocr_par' dir='ltr' id='par_1_86' title="bbox 968 1305 1763 1340">
     <span class='ocr_line' id='line_1_86' title="bbox 968 1305 1763 1340; baseline 0.004 -8"><span class='ocrx_word' id='word_1_655' title='bbox 968 1309 1020 1332; x_wconf 84' lang='lat' dir='ltr'><strong>tem</strong></span> <span class='ocrx_word' id='word_1_656' title='bbox 1033 1327 1040 1339; x_wconf 85' lang='lat'><strong>,</strong></span> <span class='ocrx_word' id='word_1_657' title='bbox 1056 1313 1105 1332; x_wconf 85' lang='lat' dir='ltr'><strong>nec</strong></span> <span class='ocrx_word' id='word_1_658' title='bbox 1117 1305 1153 1333; x_wconf 83' lang='lat' dir='ltr'><strong>ob</strong></span> <span class='ocrx_word' id='word_1_659' title='bbox 1164 1306 1243 1334; x_wconf 75' lang='lat' dir='ltr'><strong>ullam</strong></span> <span class='ocrx_word' id='word_1_660' title='bbox 1258 1307 1337 1334; x_wconf 81' lang='lat' dir='ltr'><strong>aliam</strong></span> <span class='ocrx_word' id='word_1_661' title='bbox 1349 1315 1404 1334; x_wconf 84' lang='lat' dir='ltr'><strong>rem</strong></span> <span class='ocrx_word' id='word_1_662' title='bbox 1419 1307 1499 1335; x_wconf 76' lang='lat' dir='ltr'><strong>talem</strong></span> <span class='ocrx_word' id='word_1_663' title='bbox 1511 1308 1659 1340; x_wconf 82' lang='lat' dir='ltr'><strong>doleamus.</strong></span> <span class='ocrx_word' id='word_1_664' title='bbox 1674 1305 1720 1335; x_wconf 84' lang='lat' dir='ltr'><strong>sed</strong></span> <span class='ocrx_word' id='word_1_665' title='bbox 1734 1314 1763 1335; x_wconf 84' lang='lat' dir='ltr'><strong>ut</strong></span> 
     </span>
    </p>
   </div>
   <div class='ocr_carea' id='block_1_87' title="bbox 968 1351 1762 1388">
    <p class='ocr_par' dir='ltr' id='par_1_87' title="bbox 968 1351 1762 1388">
     <span class='ocr_line' id='line_1_87' title="bbox 968 1351 1762 1388; baseline 0.005 -11"><span class='ocrx_word' id='word_1_666' title='bbox 968 1351 1024 1385; x_wconf 83' lang='lat' dir='ltr'><strong>ipsa</strong></span> <span class='ocrx_word' id='word_1_667' title='bbox 1035 1351 1068 1378; x_wconf 87' lang='lat' dir='ltr'><strong>ad</strong></span> <span class='ocrx_word' id='word_1_668' title='bbox 1082 1351 1196 1379; x_wconf 84' lang='lat' dir='ltr'><strong>delenda</strong></span> <span class='ocrx_word' id='word_1_669' title='bbox 1211 1356 1319 1380; x_wconf 87' lang='lat' dir='ltr'><strong>utamur</strong></span> <span class='ocrx_word' id='word_1_670' title='bbox 1334 1358 1443 1387; x_wconf 78' lang='lat' dir='ltr'><strong>peccata</strong></span> <span class='ocrx_word' id='word_1_671' title='bbox 1455 1361 1462 1385; x_wconf 87' lang='lat'><strong>;</strong></span> <span class='ocrx_word' id='word_1_672' title='bbox 1478 1358 1506 1380; x_wconf 89' lang='lat' dir='ltr'><strong>et</strong></span> <span class='ocrx_word' id='word_1_673' title='bbox 1519 1354 1589 1388; x_wconf 88' lang='lat' dir='ltr'><strong>quod</strong></span> <span class='ocrx_word' id='word_1_674' title='bbox 1609 1354 1660 1381; x_wconf 91' lang='lat' dir='ltr'><strong>hoc</strong></span> <span class='ocrx_word' id='word_1_675' title='bbox 1671 1362 1762 1381; x_wconf 88' lang='lat' dir='ltr'><strong>verum</strong></span> 
     </span>
    </p>
   </div>
   <div class='ocr_carea' id='block_1_88' title="bbox 967 1396 1763 1430">
    <p class='ocr_par' dir='ltr' id='par_1_88' title="bbox 967 1396 1763 1430">
     <span class='ocr_line' id='line_1_88' title="bbox 967 1396 1763 1430; baseline 0.005 -8"><span class='ocrx_word' id='word_1_676' title='bbox 967 1396 1012 1428; x_wconf 86' lang='lat' dir='ltr'><strong>sit,</strong></span> <span class='ocrx_word' id='word_1_677' title='bbox 1024 1397 1147 1430; x_wconf 79' lang='lat' dir='ltr'><strong>exemplo</strong></span> <span class='ocrx_word' id='word_1_678' title='bbox 1161 1396 1230 1425; x_wconf 84' lang='lat' dir='ltr'><strong>facio</strong></span> <span class='ocrx_word' id='word_1_679' title='bbox 1246 1398 1426 1426; x_wconf 78' lang='lat' dir='ltr'><strong>manifestum.</strong></span> <span class='ocrx_word' id='word_1_680' title='bbox 1446 1399 1574 1426; x_wconf 78' lang='lat' dir='ltr'><strong>Remedia</strong></span> <span class='ocrx_word' id='word_1_681' title='bbox 1595 1399 1763 1427; x_wconf 78' lang='lat' dir='ltr'><strong>medicinalia</strong></span> 
     </span>
    </p>
   </div>
   <div class='ocr_carea' id='block_1_89' title="bbox 970 1442 1764 1479">
    <p class='ocr_par' dir='ltr' id='par_1_89' title="bbox 970 1442 1764 1479">
     <span class='ocr_line' id='line_1_89' title="bbox 970 1442 1764 1479; baseline 0.005 -11"><span class='ocrx_word' id='word_1_682' title='bbox 970 1442 1146 1476; x_wconf 88' lang='lat' dir='ltr'><strong>proptcrillos</strong></span> <span class='ocrx_word' id='word_1_683' title='bbox 1159 1447 1261 1470; x_wconf 86' lang='lat' dir='ltr'><strong>tantum</strong></span> <span class='ocrx_word' id='word_1_684' title='bbox 1273 1443 1381 1470; x_wconf 88' lang='lat' dir='ltr'><strong>morbos</strong></span> <span class='ocrx_word' id='word_1_685' title='bbox 1399 1443 1466 1471; x_wconf 74' lang='lat' dir='ltr'><strong>facta</strong></span> <span class='ocrx_word' id='word_1_686' title='bbox 1490 1448 1562 1477; x_wconf 88' lang='lat' dir='ltr'><strong>sunt,</strong></span> <span class='ocrx_word' id='word_1_687' title='bbox 1577 1452 1645 1479; x_wconf 88' lang='lat' dir='ltr'><strong>quos</strong></span> <span class='ocrx_word' id='word_1_688' title='bbox 1671 1445 1764 1472; x_wconf 80' lang='lat' dir='ltr'><strong>tollere</strong></span> 
     </span>
    </p>
   </div>
   <div class='ocr_carea' id='block_1_90' title="bbox 968 1488 1763 1525">
    <p class='ocr_par' dir='ltr' id='par_1_90' title="bbox 968 1488 1763 1525">
     <span class='ocr_line' id='line_1_90' title="bbox 968 1488 1763 1525; baseline 0.005 -12"><span class='ocrx_word' id='word_1_689' title='bbox 968 1491 1079 1522; x_wconf 89' lang='lat' dir='ltr'><strong>queunt,</strong></span> <span class='ocrx_word' id='word_1_690' title='bbox 1095 1495 1147 1515; x_wconf 92' lang='lat' dir='ltr'><strong>non</strong></span> <span class='ocrx_word' id='word_1_691' title='bbox 1171 1492 1282 1523; x_wconf 84' lang='lat' dir='ltr'><strong>propter</strong></span> <span class='ocrx_word' id='word_1_692' title='bbox 1296 1488 1355 1516; x_wconf 91' lang='lat' dir='ltr'><strong>illos</strong></span> <span class='ocrx_word' id='word_1_693' title='bbox 1366 1509 1372 1519; x_wconf 86' lang='lat'>.</span> <span class='ocrx_word' id='word_1_694' title='bbox 1386 1497 1452 1523; x_wconf 90' lang='lat' dir='ltr'><strong>quos</strong></span> <span class='ocrx_word' id='word_1_695' title='bbox 1474 1489 1538 1516; x_wconf 87' lang='lat' dir='ltr'><strong>nihil</strong></span> <span class='ocrx_word' id='word_1_696' title='bbox 1559 1490 1685 1523; x_wconf 88' lang='lat' dir='ltr'><strong>adjuvare</strong></span> <span class='ocrx_word' id='word_1_697' title='bbox 1700 1498 1763 1525; x_wconf 87' lang='lat' dir='ltr'><strong>pns-</strong></span> 
     </span>
    </p>
   </div>
   <div class='ocr_carea' id='block_1_91' title="bbox 970 1534 1764 1564">
    <p class='ocr_par' dir='ltr' id='par_1_91' title="bbox 970 1534 1764 1564">
     <span class='ocr_line' id='line_1_91' title="bbox 970 1534 1764 1564; baseline 0.004 -4"><span class='ocrx_word' id='word_1_698' title='bbox 970 1538 1042 1560; x_wconf 90' lang='lat' dir='ltr'><strong>sunt.</strong></span> <span class='ocrx_word' id='word_1_699' title='bbox 1060 1534 1124 1562; x_wconf 81' lang='lat' dir='ltr'><strong>Puta</strong></span> <span class='ocrx_word' id='word_1_700' title='bbox 1140 1543 1147 1560; x_wconf 90' lang='lat'><em>:</em></span> <span class='ocrx_word' id='word_1_701' title='bbox 1162 1534 1250 1562; x_wconf 86' lang='lat' dir='ltr'><strong>adhuc</strong></span> <span class='ocrx_word' id='word_1_702' title='bbox 1260 1535 1331 1562; x_wconf 90' lang='lat' dir='ltr'><strong>enim</strong></span> <span class='ocrx_word' id='word_1_703' title='bbox 1348 1535 1556 1563; x_wconf 76' lang='lat' dir='ltr'><strong>inauifestiurem</strong></span> <span class='ocrx_word' id='word_1_704' title='bbox 1576 1537 1638 1564; x_wconf 90' lang='lat' dir='ltr'><strong>volo</strong></span> <span class='ocrx_word' id='word_1_705' title='bbox 1661 1543 1764 1564; x_wconf 87' lang='lat' dir='ltr'><strong>sermo-</strong></span> 
     </span>
    </p>
   </div>
   <div class='ocr_carea' id='block_1_92' title="bbox 970 1579 1764 1609">
    <p class='ocr_par' dir='ltr' id='par_1_92' title="bbox 970 1579 1764 1609">
     <span class='ocr_line' id='line_1_92' title="bbox 970 1579 1764 1609; baseline 0.005 -4"><span class='ocrx_word' id='word_1_706' title='bbox 970 1586 1030 1605; x_wconf 89' lang='lat' dir='ltr'><strong>nem</strong></span> <span class='ocrx_word' id='word_1_707' title='bbox 1047 1579 1158 1607; x_wconf 90' lang='lat' dir='ltr'><strong>reddere</strong></span> <span class='ocrx_word' id='word_1_708' title='bbox 1173 1588 1179 1606; x_wconf 93' lang='lat'>:</span> <span class='ocrx_word' id='word_1_709' title='bbox 1197 1579 1420 1608; x_wconf 86' lang='lat' dir='ltr'><strong>medicamentum</strong></span> <span class='ocrx_word' id='word_1_710' title='bbox 1435 1581 1526 1608; x_wconf 85' lang='lat' dir='ltr'><strong>oeulos</strong></span> <span class='ocrx_word' id='word_1_711' title='bbox 1539 1581 1649 1609; x_wconf 82' lang='lat' dir='ltr'><strong>all&#39;ectos</strong></span> <span class='ocrx_word' id='word_1_712' title='bbox 1663 1587 1764 1609; x_wconf 88' lang='lat' dir='ltr'><strong>tantum</strong></span> 
     </span>
    </p>
   </div>
   <div class='ocr_carea' id='block_1_93' title="bbox 967 1624 1765 1662">
    <p class='ocr_par' dir='ltr' id='par_1_93' title="bbox 967 1624 1765 1662">
     <span class='ocr_line' id='line_1_93' title="bbox 967 1624 1765 1662; baseline 0.006 -13"><span class='ocrx_word' id='word_1_713' title='bbox 967 1624 1060 1658; x_wconf 80' lang='lat' dir='ltr'><strong>juvat‘e</strong></span> <span class='ocrx_word' id='word_1_714' title='bbox 1075 1625 1177 1657; x_wconf 83' lang='lat' dir='ltr'><strong>valens,</strong></span> <span class='ocrx_word' id='word_1_715' title='bbox 1193 1625 1295 1652; x_wconf 91' lang='lat' dir='ltr'><strong>nullum</strong></span> <span class='ocrx_word' id='word_1_716' title='bbox 1316 1634 1380 1653; x_wconf 85' lang='lat' dir='ltr'><strong>vero</strong></span> <span class='ocrx_word' id='word_1_717' title='bbox 1393 1626 1473 1653; x_wconf 92' lang='lat' dir='ltr'><strong>alium</strong></span> <span class='ocrx_word' id='word_1_718' title='bbox 1498 1626 1620 1653; x_wconf 91' lang='lat' dir='ltr'><strong>morbum</strong></span> <span class='ocrx_word' id='word_1_719' title='bbox 1632 1648 1640 1658; x_wconf 87' lang='lat'><strong>,</strong></span> <span class='ocrx_word' id='word_1_720' title='bbox 1655 1632 1765 1662; x_wconf 88' lang='lat' dir='ltr'><strong>propter</strong></span> 
     </span>
    </p>
   </div>
   <div class='ocr_carea' id='block_1_94' title="bbox 970 1670 1764 1705">
    <p class='ocr_par' dir='ltr' id='par_1_94' title="bbox 970 1670 1764 1705">
     <span class='ocr_line' id='line_1_94' title="bbox 970 1670 1764 1705; baseline 0.004 -8"><span class='ocrx_word' id='word_1_721' title='bbox 970 1670 1109 1697; x_wconf 85' lang='lat' dir='ltr'><strong>oculorum</strong></span> <span class='ocrx_word' id='word_1_722' title='bbox 1132 1671 1317 1705; x_wconf 68' lang='lat' dir='ltr'><strong>aegritudinem</strong></span> <span class='ocrx_word' id='word_1_723' title='bbox 1345 1677 1446 1699; x_wconf 89' lang='lat' dir='ltr'><strong>tantum</strong></span> <span class='ocrx_word' id='word_1_724' title='bbox 1468 1672 1565 1700; x_wconf 75' lang='lat' dir='ltr'><strong>factum</strong></span> <span class='ocrx_word' id='word_1_725' title='bbox 1588 1681 1648 1700; x_wconf 88' lang='lat' dir='ltr'><strong>esse</strong></span> <span class='ocrx_word' id='word_1_726' title='bbox 1675 1673 1764 1700; x_wconf 83' lang='lat' dir='ltr'><strong>dicere</strong></span> 
     </span>
    </p>
   </div>
   <div class='ocr_carea' id='block_1_95' title="bbox 969 1717 1765 1754">
    <p class='ocr_par' dir='ltr' id='par_1_95' title="bbox 969 1717 1765 1754">
     <span class='ocr_line' id='line_1_95' title="bbox 969 1717 1765 1754; baseline 0.005 -12"><span class='ocrx_word' id='word_1_727' title='bbox 969 1717 1029 1750; x_wconf 82' lang='lat' dir='ltr'><strong>quis</strong></span> <span class='ocrx_word' id='word_1_728' title='bbox 1041 1722 1130 1751; x_wconf 73' lang='lat' dir='ltr'><strong>pos-Set</strong></span> <span class='ocrx_word' id='word_1_729' title='bbox 1146 1726 1152 1743; x_wconf 92' lang='lat'>:</span> <span class='ocrx_word' id='word_1_730' title='bbox 1169 1726 1221 1744; x_wconf 89' lang='lat' dir='ltr'><strong>non</strong></span> <span class='ocrx_word' id='word_1_731' title='bbox 1237 1723 1345 1753; x_wconf 86' lang='lat' dir='ltr'><strong>propter</strong></span> <span class='ocrx_word' id='word_1_732' title='bbox 1363 1719 1541 1751; x_wconf 81' lang='lat' dir='ltr'><strong>stomachum,</strong></span> <span class='ocrx_word' id='word_1_733' title='bbox 1558 1727 1644 1754; x_wconf 88' lang='lat' dir='ltr'><strong>neque</strong></span> <span class='ocrx_word' id='word_1_734' title='bbox 1657 1724 1765 1754; x_wconf 86' lang='lat' dir='ltr'><strong>propter</strong></span> 
     </span>
    </p>
   </div>
   <div class='ocr_carea' id='block_1_96' title="bbox 971 1764 1762 1798">
    <p class='ocr_par' dir='ltr' id='par_1_96' title="bbox 971 1764 1762 1798">
     <span class='ocr_line' id='line_1_96' title="bbox 971 1764 1762 1798; baseline 0.005 -10"><span class='ocrx_word' id='word_1_735' title='bbox 971 1770 1074 1794; x_wconf 77' lang='lat' dir='ltr'><strong>manus,</strong></span> <span class='ocrx_word' id='word_1_736' title='bbox 1091 1771 1177 1797; x_wconf 77' lang='lat' dir='ltr'><strong>neque</strong></span> <span class='ocrx_word' id='word_1_737' title='bbox 1192 1764 1390 1798; x_wconf 86' lang='lat' dir='ltr'><strong>propterullmn</strong></span> <span class='ocrx_word' id='word_1_738' title='bbox 1406 1764 1476 1791; x_wconf 86' lang='lat' dir='ltr'><strong>aliud</strong></span> <span class='ocrx_word' id='word_1_739' title='bbox 1493 1764 1652 1792; x_wconf 89' lang='lat' dir='ltr'><strong>membrum.</strong></span> <span class='ocrx_word' id='word_1_740' title='bbox 1663 1765 1762 1792; x_wconf 86' lang='lat' dir='ltr'><strong>Trans-</strong></span> 
     </span>
    </p>
   </div>
   <div class='ocr_carea' id='block_1_97' title="bbox 972 1807 1765 1843">
    <p class='ocr_par' dir='ltr' id='par_1_97' title="bbox 972 1807 1765 1843">
     <span class='ocr_line' id='line_1_97' title="bbox 972 1807 1765 1843; baseline 0.004 -9"><span class='ocrx_word' id='word_1_741' title='bbox 972 1807 1088 1834; x_wconf 81' lang='lat' dir='ltr'><strong>feramus</strong></span> <span class='ocrx_word' id='word_1_742' title='bbox 1109 1808 1189 1842; x_wconf 82' lang='lat' dir='ltr'><strong>igitur</strong></span> <span class='ocrx_word' id='word_1_743' title='bbox 1208 1809 1357 1836; x_wconf 83' lang='lat' dir='ltr'><strong>orationem</strong></span> <span class='ocrx_word' id='word_1_744' title='bbox 1382 1809 1414 1836; x_wconf 88' lang='lat' dir='ltr'><strong>ad</strong></span> <span class='ocrx_word' id='word_1_745' title='bbox 1435 1810 1580 1843; x_wconf 82' lang='lat' dir='ltr'><strong>tristitiam,</strong></span> <span class='ocrx_word' id='word_1_746' title='bbox 1595 1816 1622 1837; x_wconf 88' lang='lat' dir='ltr'><strong>et</strong></span> <span class='ocrx_word' id='word_1_747' title='bbox 1645 1810 1765 1838; x_wconf 82' lang='lat' dir='ltr'><strong>invenie-</strong></span> 
     </span>
    </p>
   </div>
   <div class='ocr_carea' id='block_1_98' title="bbox 971 1854 1766 1890">
    <p class='ocr_par' dir='ltr' id='par_1_98' title="bbox 971 1854 1766 1890">
     <span class='ocr_line' id='line_1_98' title="bbox 971 1854 1766 1890; baseline 0.005 -10"><span class='ocrx_word' id='word_1_748' title='bbox 971 1861 1041 1887; x_wconf 88' lang='lat' dir='ltr'><strong>mus,</strong></span> <span class='ocrx_word' id='word_1_749' title='bbox 1057 1854 1128 1889; x_wconf 89' lang='lat' dir='ltr'><strong>quod</strong></span> <span class='ocrx_word' id='word_1_750' title='bbox 1145 1855 1170 1881; x_wconf 93' lang='lat' dir='ltr'><strong>in</strong></span> <span class='ocrx_word' id='word_1_751' title='bbox 1186 1855 1259 1881; x_wconf 86' lang='lat' dir='ltr'><strong>nullo</strong></span> <span class='ocrx_word' id='word_1_752' title='bbox 1273 1862 1378 1886; x_wconf 83' lang='lat' dir='ltr'><strong>eorum,</strong></span> <span class='ocrx_word' id='word_1_753' title='bbox 1394 1863 1453 1890; x_wconf 70' lang='lat' dir='ltr'><strong>quae</strong></span> <span class='ocrx_word' id='word_1_754' title='bbox 1471 1856 1548 1883; x_wconf 87' lang='lat' dir='ltr'><strong>nobis</strong></span> <span class='ocrx_word' id='word_1_755' title='bbox 1562 1856 1702 1888; x_wconf 85' lang='lat' dir='ltr'><strong>accidunt,</strong></span> <span class='ocrx_word' id='word_1_756' title='bbox 1718 1865 1766 1884; x_wconf 77' lang='lat' dir='ltr'><strong>nos</strong></span> 
     </span>
    </p>
   </div>
   <div class='ocr_carea' id='block_1_99' title="bbox 971 1899 1764 1937">
    <p class='ocr_par' dir='ltr' id='par_1_99' title="bbox 971 1899 1764 1937">
     <span class='ocr_line' id='line_1_99' title="bbox 971 1899 1764 1937; baseline 0.005 -11"><span class='ocrx_word' id='word_1_757' title='bbox 971 1899 1090 1934; x_wconf 88' lang='lat' dir='ltr'><strong>adjuvet,</strong></span> <span class='ocrx_word' id='word_1_758' title='bbox 1105 1905 1242 1934; x_wconf 85' lang='lat' dir='ltr'><strong>peccatum</strong></span> <span class='ocrx_word' id='word_1_759' title='bbox 1259 1908 1323 1928; x_wconf 91' lang='lat' dir='ltr'><strong>vero</strong></span> <span class='ocrx_word' id='word_1_760' title='bbox 1341 1901 1428 1928; x_wconf 91' lang='lat' dir='ltr'><strong>solum</strong></span> <span class='ocrx_word' id='word_1_761' title='bbox 1441 1903 1558 1936; x_wconf 81' lang='lat' dir='ltr'><strong>corrigat</strong></span> <span class='ocrx_word' id='word_1_762' title='bbox 1572 1910 1578 1928; x_wconf 88' lang='lat'><strong>:</strong></span> <span class='ocrx_word' id='word_1_763' title='bbox 1595 1907 1697 1930; x_wconf 91' lang='lat' dir='ltr'><strong>certum</strong></span> <span class='ocrx_word' id='word_1_764' title='bbox 1714 1902 1764 1937; x_wconf 80' lang='lat' dir='ltr'><strong>igi-</strong></span> 
     </span>
    </p>
   </div>
   <div class='ocr_carea' id='block_1_100' title="bbox 972 1945 1764 1976">
    <p class='ocr_par' dir='ltr' id='par_1_100' title="bbox 972 1945 1764 1976">
     <span class='ocr_line' id='line_1_100' title="bbox 972 1945 1764 1976; baseline 0.003 -3"><span class='ocrx_word' id='word_1_765' title='bbox 972 1949 1015 1973; x_wconf 86' lang='lat' dir='ltr'><strong>tur</strong></span> <span class='ocrx_word' id='word_1_766' title='bbox 1027 1954 1085 1973; x_wconf 86' lang='lat' dir='ltr'><strong>eam</strong></span> <span class='ocrx_word' id='word_1_767' title='bbox 1097 1945 1130 1973; x_wconf 88' lang='lat' dir='ltr'><strong>ad</strong></span> <span class='ocrx_word' id='word_1_768' title='bbox 1144 1946 1207 1974; x_wconf 94' lang='lat' dir='ltr'><strong>illud</strong></span> <span class='ocrx_word' id='word_1_769' title='bbox 1223 1951 1324 1974; x_wconf 90' lang='lat' dir='ltr'><strong>tantum</strong></span> <span class='ocrx_word' id='word_1_770' title='bbox 1336 1947 1511 1975; x_wconf 79' lang='lat' dir='ltr'><strong>auferendum</strong></span> <span class='ocrx_word' id='word_1_771' title='bbox 1527 1956 1681 1976; x_wconf 74' lang='lat' dir='ltr'><strong>concessam</strong></span> <span class='ocrx_word' id='word_1_772' title='bbox 1695 1956 1764 1976; x_wconf 89' lang='lat' dir='ltr'><strong>esse.</strong></span> 
     </span>
    </p>
   </div>
   <div class='ocr_carea' id='block_1_101' title="bbox 971 1991 1762 2027">
    <p class='ocr_par' dir='ltr' id='par_1_101' title="bbox 971 1991 1762 2027">
     <span class='ocr_line' id='line_1_101' title="bbox 971 1991 1762 2027; baseline 0.001 -9"><span class='ocrx_word' id='word_1_773' title='bbox 971 1991 1162 2019; x_wconf 82' lang='lat' dir='ltr'><strong>Percurramus</strong></span> <span class='ocrx_word' id='word_1_774' title='bbox 1177 1991 1356 2026; x_wconf 76' lang='lat' dir='ltr'><strong>ingruentium</strong></span> <span class='ocrx_word' id='word_1_775' title='bbox 1368 1993 1446 2020; x_wconf 91' lang='lat' dir='ltr'><strong>nobis</strong></span> <span class='ocrx_word' id='word_1_776' title='bbox 1458 1993 1589 2020; x_wconf 88' lang='lat' dir='ltr'><strong>malorum</strong></span> <span class='ocrx_word' id='word_1_777' title='bbox 1605 1993 1762 2027; x_wconf 79' lang='lat' dir='ltr'><strong>quodlibet,</strong></span> 
     </span>
    </p>
   </div>
   <div class='ocr_carea' id='block_1_102' title="bbox 970 2036 1764 2073">
    <p class='ocr_par' dir='ltr' id='par_1_102' title="bbox 970 2036 1764 2073">
     <span class='ocr_line' id='line_1_102' title="bbox 970 2036 1764 2073; baseline 0.004 -10"><span class='ocrx_word' id='word_1_778' title='bbox 970 2040 999 2063; x_wconf 87' lang='lat' dir='ltr'><strong>et</strong></span> <span class='ocrx_word' id='word_1_779' title='bbox 1021 2036 1155 2064; x_wconf 87' lang='lat' dir='ltr'><strong>tristitiam</strong></span> <span class='ocrx_word' id='word_1_780' title='bbox 1177 2037 1429 2071; x_wconf 86' lang='lat' dir='ltr'><strong>superadducamus,</strong></span> <span class='ocrx_word' id='word_1_781' title='bbox 1446 2044 1474 2065; x_wconf 89' lang='lat' dir='ltr'><strong>et</strong></span> <span class='ocrx_word' id='word_1_782' title='bbox 1491 2038 1629 2066; x_wconf 87' lang='lat' dir='ltr'><strong>videamus</strong></span> <span class='ocrx_word' id='word_1_783' title='bbox 1645 2038 1708 2073; x_wconf 89' lang='lat' dir='ltr'><strong>quid</strong></span> <span class='ocrx_word' id='word_1_784' title='bbox 1732 2047 1764 2066; x_wconf 78' lang='lat' dir='ltr'><strong>cx</strong></span> 
     </span>
    </p>
   </div>
   <div class='ocr_carea' id='block_1_103' title="bbox 972 2081 1763 2118">
    <p class='ocr_par' dir='ltr' id='par_1_103' title="bbox 972 2081 1763 2118">
     <span class='ocr_line' id='line_1_103' title="bbox 972 2081 1763 2118; baseline 0.006 -11"><span class='ocrx_word' id='word_1_785' title='bbox 972 2081 1022 2109; x_wconf 86' lang='lat' dir='ltr'><strong>hac</strong></span> <span class='ocrx_word' id='word_1_786' title='bbox 1036 2082 1082 2109; x_wconf 85' lang='lat' dir='ltr'><strong>Iiat</strong></span> <span class='ocrx_word' id='word_1_787' title='bbox 1103 2082 1234 2109; x_wconf 88' lang='lat' dir='ltr'><strong>utilitatis.</strong></span> <span class='ocrx_word' id='word_1_788' title='bbox 1251 2083 1393 2110; x_wconf 75' lang='lat' dir='ltr'><strong>Mulctatus</strong></span> <span class='ocrx_word' id='word_1_789' title='bbox 1407 2088 1448 2110; x_wconf 88' lang='lat' dir='ltr'><strong>est</strong></span> <span class='ocrx_word' id='word_1_790' title='bbox 1469 2084 1599 2118; x_wconf 82' lang='lat' dir='ltr'><strong>quispiam</strong></span> <span class='ocrx_word' id='word_1_791' title='bbox 1623 2085 1763 2118; x_wconf 83' lang='lat' dir='ltr'><strong>pecuniis?</strong></span> 
     </span>
    </p>
   </div>
   <div class='ocr_carea' id='block_1_104' title="bbox 973 2128 1763 2160">
    <p class='ocr_par' dir='ltr' id='par_1_104' title="bbox 973 2128 1763 2160">
     <span class='ocr_line' id='line_1_104' title="bbox 973 2128 1763 2160; baseline 0.004 -6"><span class='ocrx_word' id='word_1_792' title='bbox 973 2128 1091 2155; x_wconf 75' lang='lat' dir='ltr'><strong>trisuttus</strong></span> <span class='ocrx_word' id='word_1_793' title='bbox 1101 2131 1152 2160; x_wconf 87' lang='lat' dir='ltr'><strong>est,</strong></span> <span class='ocrx_word' id='word_1_794' title='bbox 1166 2128 1292 2155; x_wconf 88' lang='lat' dir='ltr'><strong>muletam</strong></span> <span class='ocrx_word' id='word_1_795' title='bbox 1306 2137 1358 2155; x_wconf 92' lang='lat' dir='ltr'><strong>non</strong></span> <span class='ocrx_word' id='word_1_796' title='bbox 1372 2129 1532 2157; x_wconf 87' lang='lat' dir='ltr'><strong>emendavit.</strong></span> <span class='ocrx_word' id='word_1_797' title='bbox 1550 2129 1645 2157; x_wconf 83' lang='lat' dir='ltr'><strong>Filium</strong></span> <span class='ocrx_word' id='word_1_798' title='bbox 1656 2131 1763 2157; x_wconf 72' lang='lat' dir='ltr'><strong>amisit?</strong></span> 
     </span>
    </p>
   </div>
   <div class='ocr_carea' id='block_1_105' title="bbox 972 2173 1764 2206">
    <p class='ocr_par' dir='ltr' id='par_1_105' title="bbox 972 2173 1764 2206">
     <span class='ocr_line' id='line_1_105' title="bbox 972 2173 1764 2206; baseline 0.004 -6"><span class='ocrx_word' id='word_1_799' title='bbox 972 2173 1076 2206; x_wconf 88' lang='lat' dir='ltr'><strong>doluit,</strong></span> <span class='ocrx_word' id='word_1_800' title='bbox 1106 2180 1239 2202; x_wconf 88' lang='lat' dir='ltr'><strong>mortuum</strong></span> <span class='ocrx_word' id='word_1_801' title='bbox 1264 2183 1315 2201; x_wconf 90' lang='lat' dir='ltr'><strong>non</strong></span> <span class='ocrx_word' id='word_1_802' title='bbox 1358 2175 1535 2206; x_wconf 84' lang='lat' dir='ltr'><strong>resuscitavit,</strong></span> <span class='ocrx_word' id='word_1_803' title='bbox 1560 2183 1610 2203; x_wconf 92' lang='lat' dir='ltr'><strong>nec</strong></span> <span class='ocrx_word' id='word_1_804' title='bbox 1637 2176 1764 2204; x_wconf 85' lang='lat' dir='ltr'><strong>deluneto</strong></span> 
     </span>
    </p>
   </div>
   <div class='ocr_carea' id='block_1_106' title="bbox 972 2217 1765 2254">
    <p class='ocr_par' dir='ltr' id='par_1_106' title="bbox 972 2217 1765 2254">
     <span class='ocr_line' id='line_1_106' title="bbox 972 2217 1765 2254; baseline 0.004 -9"><span class='ocrx_word' id='word_1_805' title='bbox 972 2217 1081 2253; x_wconf 76' lang='lat' dir='ltr'><strong>profuit.</strong></span> <span class='ocrx_word' id='word_1_806' title='bbox 1105 2218 1266 2254; x_wconf 85' lang='lat' dir='ltr'><strong>Flagellatus</strong></span> <span class='ocrx_word' id='word_1_807' title='bbox 1290 2225 1332 2246; x_wconf 85' lang='lat' dir='ltr'><strong>est</strong></span> <span class='ocrx_word' id='word_1_808' title='bbox 1357 2219 1433 2253; x_wconf 91' lang='lat' dir='ltr'><strong>quis,</strong></span> <span class='ocrx_word' id='word_1_809' title='bbox 1455 2220 1538 2254; x_wconf 85' lang='lat' dir='ltr'><strong>alapis</strong></span> <span class='ocrx_word' id='word_1_810' title='bbox 1559 2226 1765 2254; x_wconf 71' lang='lat' dir='ltr'><strong>emsus,contu-</strong></span> 
     </span>
    </p>
   </div>
   <div class='ocr_carea' id='block_1_107' title="bbox 972 2260 1763 2295">
    <p class='ocr_par' dir='ltr' id='par_1_107' title="bbox 972 2260 1763 2295">
     <span class='ocr_line' id='line_1_107' title="bbox 972 2260 1763 2295; baseline 0.005 -5"><span class='ocrx_word' id='word_1_811' title='bbox 972 2264 1059 2291; x_wconf 89' lang='lat' dir='ltr'><strong>meliis</strong></span> <span class='ocrx_word' id='word_1_812' title='bbox 1084 2264 1215 2291; x_wconf 81' lang='lat' dir='ltr'><strong>aﬂ&#39;ectus?</strong></span> <span class='ocrx_word' id='word_1_813' title='bbox 1226 2264 1321 2295; x_wconf 80' lang='lat' dir='ltr'><strong>doluit,</strong></span> <span class='ocrx_word' id='word_1_814' title='bbox 1338 2272 1390 2291; x_wconf 89' lang='lat' dir='ltr'><strong>non</strong></span> <span class='ocrx_word' id='word_1_815' title='bbox 1406 2265 1544 2292; x_wconf 87' lang='lat' dir='ltr'><strong>rcsarcivit</strong></span> <span class='ocrx_word' id='word_1_816' title='bbox 1560 2260 1763 2294; x_wconf 79' lang='lat' dir='ltr'><strong>contumeliam.</strong></span> 
     </span>
    </p>
   </div>
   <div class='ocr_carea' id='block_1_108' title="bbox 973 2311 1765 2348">
    <p class='ocr_par' dir='ltr' id='par_1_108' title="bbox 973 2311 1765 2348">
     <span class='ocr_line' id='line_1_108' title="bbox 973 2311 1765 2348; baseline 0.004 -11"><span class='ocrx_word' id='word_1_817' title='bbox 973 2311 1000 2338; x_wconf 92' lang='lat' dir='ltr'><strong>In</strong></span> <span class='ocrx_word' id='word_1_818' title='bbox 1026 2311 1148 2338; x_wconf 91' lang='lat' dir='ltr'><strong>morbum</strong></span> <span class='ocrx_word' id='word_1_819' title='bbox 1174 2312 1233 2346; x_wconf 90' lang='lat' dir='ltr'><strong>quis</strong></span> <span class='ocrx_word' id='word_1_820' title='bbox 1255 2311 1358 2344; x_wconf 91' lang='lat' dir='ltr'><strong>incidit,</strong></span> <span class='ocrx_word' id='word_1_821' title='bbox 1374 2317 1402 2339; x_wconf 91' lang='lat' dir='ltr'><strong>et</strong></span> <span class='ocrx_word' id='word_1_822' title='bbox 1425 2313 1610 2347; x_wconf 53' lang='lat' dir='ltr'><strong>aegritudinem</strong></span> <span class='ocrx_word' id='word_1_823' title='bbox 1640 2314 1765 2348; x_wconf 62' lang='lat' dir='ltr'><strong>gravissi-</strong></span> 
     </span>
    </p>
   </div>
   <div class='ocr_carea' id='block_1_109' title="bbox 973 2357 1765 2391">
    <p class='ocr_par' dir='ltr' id='par_1_109' title="bbox 973 2357 1765 2391">
     <span class='ocr_line' id='line_1_109' title="bbox 973 2357 1765 2391; baseline 0.004 -8"><span class='ocrx_word' id='word_1_824' title='bbox 973 2357 1065 2383; x_wconf 85' lang='lat' dir='ltr'><strong>mam?</strong></span> <span class='ocrx_word' id='word_1_825' title='bbox 1078 2357 1170 2387; x_wconf 83' lang='lat' dir='ltr'><strong>doluit.</strong></span> <span class='ocrx_word' id='word_1_826' title='bbox 1188 2357 1371 2391; x_wconf 67' lang='lat' dir='ltr'><strong>a&#39;gritudinem</strong></span> <span class='ocrx_word' id='word_1_827' title='bbox 1384 2365 1437 2384; x_wconf 87' lang='lat' dir='ltr'><strong>non</strong></span> <span class='ocrx_word' id='word_1_828' title='bbox 1452 2357 1577 2391; x_wconf 88' lang='lat' dir='ltr'><strong>sustulit,</strong></span> <span class='ocrx_word' id='word_1_829' title='bbox 1591 2358 1637 2386; x_wconf 87' lang='lat' dir='ltr'><strong>sed</strong></span> <span class='ocrx_word' id='word_1_830' title='bbox 1652 2363 1679 2386; x_wconf 91' lang='lat' dir='ltr'><strong>et</strong></span> <span class='ocrx_word' id='word_1_831' title='bbox 1696 2359 1765 2386; x_wconf 79' lang='lat' dir='ltr'><strong>difﬁ-</strong></span> 
     </span>
    </p>
   </div>
   <div class='ocr_carea' id='block_1_110' title="bbox 972 2403 1769 2439">
    <p class='ocr_par' dir='ltr' id='par_1_110' title="bbox 972 2403 1769 2439">
     <span class='ocr_line' id='line_1_110' title="bbox 972 2403 1769 2439; baseline 0.004 -9"><span class='ocrx_word' id='word_1_832' title='bbox 972 2403 1092 2430; x_wconf 86' lang='lat' dir='ltr'><strong>ciliorem</strong></span> <span class='ocrx_word' id='word_1_833' title='bbox 1108 2403 1235 2431; x_wconf 85' lang='lat' dir='ltr'><strong>reddidit.</strong></span> <span class='ocrx_word' id='word_1_834' title='bbox 1250 2403 1330 2431; x_wconf 86' lang='lat' dir='ltr'><strong>Vides</strong></span> <span class='ocrx_word' id='word_1_835' title='bbox 1344 2403 1438 2431; x_wconf 88' lang='lat' dir='ltr'><strong>borum</strong></span> <span class='ocrx_word' id='word_1_836' title='bbox 1456 2404 1521 2432; x_wconf 93' lang='lat' dir='ltr'><strong>nulli</strong></span> <span class='ocrx_word' id='word_1_837' title='bbox 1540 2405 1669 2439; x_wconf 86' lang='lat' dir='ltr'><strong>prodesse</strong></span> <span class='ocrx_word' id='word_1_838' title='bbox 1683 2406 1769 2433; x_wconf 86' lang='lat' dir='ltr'><strong>tristi-</strong></span> 
     </span>
    </p>
   </div>
   <div class='ocr_carea' id='block_1_111' title="bbox 972 2450 1771 2485">
    <p class='ocr_par' dir='ltr' id='par_1_111' title="bbox 972 2450 1771 2485">
     <span class='ocr_line' id='line_1_111' title="bbox 972 2450 1771 2485; baseline 0.003 -9"><span class='ocrx_word' id='word_1_839' title='bbox 972 2451 1058 2476; x_wconf 77' lang='lat' dir='ltr'><strong>tiam?</strong></span> <span class='ocrx_word' id='word_1_840' title='bbox 1071 2450 1196 2477; x_wconf 81' lang='lat' dir='ltr'><strong>Peccavit</strong></span> <span class='ocrx_word' id='word_1_841' title='bbox 1207 2450 1276 2485; x_wconf 85' lang='lat' dir='ltr'><strong>quis,</strong></span> <span class='ocrx_word' id='word_1_842' title='bbox 1293 2450 1412 2477; x_wconf 80' lang='lat' dir='ltr'><strong>tristatus</strong></span> <span class='ocrx_word' id='word_1_843' title='bbox 1422 2451 1482 2477; x_wconf 87' lang='lat' dir='ltr'><strong>est?</strong></span> <span class='ocrx_word' id='word_1_844' title='bbox 1496 2455 1632 2485; x_wconf 86' lang='lat' dir='ltr'><strong>peceatqu</strong></span> <span class='ocrx_word' id='word_1_845' title='bbox 1648 2451 1748 2478; x_wconf 84' lang='lat' dir='ltr'><strong>delevit</strong></span> <span class='ocrx_word' id='word_1_846' title='bbox 1765 2473 1771 2483; x_wconf 83' lang='lat'><strong>,</strong></span> 
     </span>
    </p>
   </div>
   <div class='ocr_carea' id='block_1_112' title="bbox 972 2495 1769 2524">
    <p class='ocr_par' dir='ltr' id='par_1_112' title="bbox 972 2495 1769 2524">
     <span class='ocr_line' id='line_1_112' title="bbox 972 2495 1769 2524; baseline 0.001 -2"><span class='ocrx_word' id='word_1_847' title='bbox 972 2495 1093 2522; x_wconf 86' lang='lat' dir='ltr'><strong>dissolvit</strong></span> <span class='ocrx_word' id='word_1_848' title='bbox 1107 2495 1234 2523; x_wconf 87' lang='lat' dir='ltr'><strong>debitum.</strong></span> <span class='ocrx_word' id='word_1_849' title='bbox 1251 2495 1328 2523; x_wconf 88' lang='lat' dir='ltr'><strong>Unde</strong></span> <span class='ocrx_word' id='word_1_850' title='bbox 1341 2496 1392 2522; x_wconf 91' lang='lat' dir='ltr'><strong>hoc</strong></span> <span class='ocrx_word' id='word_1_851' title='bbox 1409 2495 1646 2523; x_wconf 76' lang='lat' dir='ltr'><strong>manifestum‘iEx</strong></span> <span class='ocrx_word' id='word_1_852' title='bbox 1661 2496 1769 2524; x_wconf 64' lang='lat' dir='ltr'><strong>Domini</strong></span> 
     </span>
    </p>
   </div>
   <div class='ocr_carea' id='block_1_113' title="bbox 973 2541 1768 2576">
    <p class='ocr_par' dir='ltr' id='par_1_113' title="bbox 973 2541 1768 2576">
     <span class='ocr_line' id='line_1_113' title="bbox 973 2541 1768 2576; baseline 0.003 -9"><span class='ocrx_word' id='word_1_853' title='bbox 973 2541 1106 2567; x_wconf 74' lang='lat' dir='ltr'><strong>sententia</strong></span> <span class='ocrx_word' id='word_1_854' title='bbox 1125 2550 1130 2567; x_wconf 92' lang='lat'><strong>:</strong></span> <span class='ocrx_word' id='word_1_855' title='bbox 1146 2541 1179 2567; x_wconf 87' lang='lat' dir='ltr'><strong>de</strong></span> <span class='ocrx_word' id='word_1_856' title='bbox 1200 2542 1313 2576; x_wconf 89' lang='lat' dir='ltr'><strong>quodam</strong></span> <span class='ocrx_word' id='word_1_857' title='bbox 1337 2541 1408 2568; x_wconf 91' lang='lat' dir='ltr'><strong>enim</strong></span> <span class='ocrx_word' id='word_1_858' title='bbox 1436 2541 1609 2575; x_wconf 72' lang='lat' dir='ltr'><strong>prmt&#39;aricato</strong></span> <span class='ocrx_word' id='word_1_859' title='bbox 1633 2541 1744 2576; x_wconf 76' lang='lat' dir='ltr'><strong>loquens</strong></span> <span class='ocrx_word' id='word_1_860' title='bbox 1762 2561 1768 2570; x_wconf 81' lang='lat'><strong>.</strong></span> 
     </span>
    </p>
   </div>
   <div class='ocr_carea' id='block_1_114' title="bbox 971 2586 1763 2622">
    <p class='ocr_par' dir='ltr' id='par_1_114' title="bbox 971 2586 1763 2622">
     <span class='ocr_line' id='line_1_114' title="bbox 971 2586 1763 2622; baseline 0.003 -9"><span class='ocrx_word' id='word_1_861' title='bbox 971 2587 1075 2614; x_wconf 86' lang='lat' dir='ltr'><strong>dicebat</strong></span> <span class='ocrx_word' id='word_1_862' title='bbox 1092 2596 1099 2613; x_wconf 90' lang='lat'><strong>:</strong></span> <span class='ocrx_word' id='word_1_863' title='bbox 1112 2586 1222 2622; x_wconf 83' lang='lat' dir='ltr'><strong>Propter</strong></span> <span class='ocrx_word' id='word_1_864' title='bbox 1234 2592 1363 2622; x_wconf 77' lang='lat' dir='ltr'><strong>peccatum</strong></span> <span class='ocrx_word' id='word_1_865' title='bbox 1374 2587 1503 2622; x_wconf 72' lang='lat' dir='ltr'><strong>paulisper</strong></span> <span class='ocrx_word' id='word_1_866' title='bbox 1514 2588 1597 2622; x_wconf 73' lang='lat' dir='ltr'><strong>ipsum</strong></span> <span class='ocrx_word' id='word_1_867' title='bbox 1609 2587 1763 2619; x_wconf 64' lang='lat' dir='ltr'><strong>contristati,</strong></span> 
     </span>
    </p>
   </div>
   <div class='ocr_carea' id='block_1_115' title="bbox 972 2632 1765 2668">
    <p class='ocr_par' dir='ltr' id='par_1_115' title="bbox 972 2632 1765 2668">
     <span class='ocr_line' id='line_1_115' title="bbox 972 2632 1765 2668; baseline 0.001 -10"><span class='ocrx_word' id='word_1_868' title='bbox 972 2638 995 2658; x_wconf 74' lang='lat' dir='ltr'><strong>et</strong></span> <span class='ocrx_word' id='word_1_869' title='bbox 1009 2632 1060 2659; x_wconf 81' lang='lat' dir='ltr'><strong>vidi</strong></span> <span class='ocrx_word' id='word_1_870' title='bbox 1079 2632 1147 2667; x_wconf 84' lang='lat' dir='ltr'><strong>quod</strong></span> <span class='ocrx_word' id='word_1_871' title='bbox 1169 2633 1284 2659; x_wconf 72' lang='lat' dir='ltr'><strong>tristatus</strong></span> <span class='ocrx_word' id='word_1_872' title='bbox 1299 2637 1344 2665; x_wconf 76' lang='lat' dir='ltr'><strong>est,</strong></span> <span class='ocrx_word' id='word_1_873' title='bbox 1360 2637 1383 2659; x_wconf 83' lang='lat' dir='ltr'><strong>et</strong></span> <span class='ocrx_word' id='word_1_874' title='bbox 1397 2633 1498 2659; x_wconf 71' lang='lat' dir='ltr'><strong>incessit</strong></span> <span class='ocrx_word' id='word_1_875' title='bbox 1517 2638 1618 2660; x_wconf 70' lang='lat' dir='ltr'><strong>nimius</strong></span> <span class='ocrx_word' id='word_1_876' title='bbox 1628 2654 1636 2666; x_wconf 94' lang='lat'><strong>,</strong></span> <span class='ocrx_word' id='word_1_877' title='bbox 1649 2637 1671 2659; x_wconf 77' lang='lat' dir='ltr'><strong>et</strong></span> <span class='ocrx_word' id='word_1_878' title='bbox 1686 2633 1765 2668; x_wconf 61' lang='lat' dir='ltr'><strong>ipsius</strong></span> 
     </span>
    </p>
   </div>
   <div class='ocr_carea' id='block_1_116' title="bbox 972 2677 1763 2713">
    <p class='ocr_par' dir='ltr' id='par_1_116' title="bbox 972 2677 1763 2713">
     <span class='ocr_line' id='line_1_116' title="bbox 972 2677 1763 2713; baseline 0.003 -10"><span class='ocrx_word' id='word_1_879' title='bbox 972 2678 1025 2703; x_wconf 75' lang='lat' dir='ltr'><strong>vias</strong></span> <span class='ocrx_word' id='word_1_880' title='bbox 1052 2678 1149 2704; x_wconf 73' lang='lat' dir='ltr'><strong>correxi</strong></span> <span class='ocrx_word' id='word_1_881' title='bbox 1162 2677 1242 2712; x_wconf 41' lang='lat' dir='ltr'><strong>(.Irai.</strong></span> <span class='ocrx_word' id='word_1_882' title='bbox 1265 2679 1309 2705; x_wconf 85' lang='lat'><strong>57.</strong></span> <span class='ocrx_word' id='word_1_883' title='bbox 1326 2678 1368 2704; x_wconf 86' lang='lat' dir='ltr'><strong>I7.</strong></span> <span class='ocrx_word' id='word_1_884' title='bbox 1389 2678 1423 2705; x_wconf 80' lang='lat'><strong>18</strong></span> <span class='ocrx_word' id='word_1_885' title='bbox 1434 2678 1453 2713; x_wconf 88' lang='lat'><strong>).</strong></span> <span class='ocrx_word' id='word_1_886' title='bbox 1469 2678 1612 2712; x_wconf 86' lang='lat' dir='ltr'><strong>Propterea</strong></span> <span class='ocrx_word' id='word_1_887' title='bbox 1627 2683 1656 2706; x_wconf 92' lang='lat' dir='ltr'><strong>et</strong></span> <span class='ocrx_word' id='word_1_888' title='bbox 1668 2679 1763 2706; x_wconf 76' lang='lat' dir='ltr'><strong>Paulus</strong></span> 
     </span>
    </p>
   </div>
   <div class='ocr_carea' id='block_1_117' title="bbox 972 2722 1761 2759">
    <p class='ocr_par' dir='ltr' id='par_1_117' title="bbox 972 2722 1761 2759">
     <span class='ocr_line' id='line_1_117' title="bbox 972 2722 1761 2759; baseline 0.004 -10"><span class='ocrx_word' id='word_1_889' title='bbox 972 2722 1058 2750; x_wconf 86' lang='lat' dir='ltr'><strong>dicit:</strong></span> <span class='ocrx_word' id='word_1_890' title='bbox 1076 2723 1139 2755; x_wconf 64' lang='lat' dir='ltr'><strong>Quae</strong></span> <span class='ocrx_word' id='word_1_891' title='bbox 1148 2724 1213 2751; x_wconf 81' lang='lat' dir='ltr'><strong>enim</strong></span> <span class='ocrx_word' id='word_1_892' title='bbox 1237 2725 1374 2751; x_wconf 78' lang='lat' dir='ltr'><strong>secundum</strong></span> <span class='ocrx_word' id='word_1_893' title='bbox 1396 2724 1479 2751; x_wconf 86' lang='lat' dir='ltr'><strong>Deum</strong></span> <span class='ocrx_word' id='word_1_894' title='bbox 1497 2724 1599 2751; x_wconf 74' lang='lat' dir='ltr'><strong>tristitia</strong></span> <span class='ocrx_word' id='word_1_895' title='bbox 1623 2729 1668 2756; x_wconf 76' lang='lat' dir='ltr'><strong>est,</strong></span> <span class='ocrx_word' id='word_1_896' title='bbox 1687 2727 1761 2759; x_wconf 75' lang='grc' dir='ltr'><strong>ρωπί-</strong></span> 
     </span>
    </p>
   </div>
   <div class='ocr_carea' id='block_1_118' title="bbox 973 2769 1766 2806">
    <p class='ocr_par' dir='ltr' id='par_1_118' title="bbox 973 2769 1766 2806">
     <span class='ocr_line' id='line_1_118' title="bbox 973 2769 1766 2806; baseline 0.003 -11"><span class='ocrx_word' id='word_1_897' title='bbox 973 2769 1077 2796; x_wconf 78' lang='lat' dir='ltr'><strong>teutiam</strong></span> <span class='ocrx_word' id='word_1_898' title='bbox 1100 2770 1128 2796; x_wconf 77' lang='lat' dir='ltr'><strong>in</strong></span> <span class='ocrx_word' id='word_1_899' title='bbox 1148 2770 1255 2797; x_wconf 80' lang='lat' dir='ltr'><strong>salutent</strong></span> <span class='ocrx_word' id='word_1_900' title='bbox 1275 2770 1388 2797; x_wconf 78' lang='lat' dir='ltr'><strong>stabilem</strong></span> <span class='ocrx_word' id='word_1_901' title='bbox 1410 2775 1528 2805; x_wconf 81' lang='lat' dir='ltr'><strong>operatur</strong></span> <span class='ocrx_word' id='word_1_902' title='bbox 1546 2771 1583 2805; x_wconf 73' lang='lat'><strong>(2.</strong></span> <span class='ocrx_word' id='word_1_903' title='bbox 1595 2770 1654 2797; x_wconf 82' lang='lat' dir='ltr'><strong>Cor.</strong></span> <span class='ocrx_word' id='word_1_904' title='bbox 1665 2771 1690 2798; x_wconf 89' lang='lat'><strong>7.</strong></span> <span class='ocrx_word' id='word_1_905' title='bbox 1709 2771 1766 2806; x_wconf 72' lang='grc'><strong>10).</strong></span> 
     </span>
    </p>
   </div>
   <div class='ocr_carea' id='block_1_119' title="bbox 1004 2835 1761 2868">
    <p class='ocr_par' dir='ltr' id='par_1_119' title="bbox 1004 2835 1761 2868">
     <span class='ocr_line' id='line_1_119' title="bbox 1004 2835 1761 2868; baseline 0.001 -9"><span class='ocrx_word' id='word_1_906' title='bbox 1004 2836 1012 2850; x_wconf 82' lang='grc'>⁸</span> <span class='ocrx_word' id='word_1_907' title='bbox 1030 2838 1081 2860; x_wconf 82' lang='lat' dir='ltr'><strong>Sav.</strong></span> <span class='ocrx_word' id='word_1_908' title='bbox 1097 2841 1103 2859; x_wconf 87' lang='lat'><strong>:</strong></span> <span class='ocrx_word' id='word_1_909' title='bbox 1117 2839 1166 2859; x_wconf 78' lang='lat' dir='ltr'><strong>Hoc</strong></span> <span class='ocrx_word' id='word_1_910' title='bbox 1175 2838 1210 2860; x_wconf 79' lang='lat' dir='ltr'><strong>est</strong></span> <span class='ocrx_word' id='word_1_911' title='bbox 1218 2836 1281 2860; x_wconf 79' lang='lat' dir='ltr'><strong>enim</strong></span> <span class='ocrx_word' id='word_1_912' title='bbox 1299 2835 1413 2865; x_wconf 69' lang='lat' dir='ltr'><strong>maxime,</strong></span> <span class='ocrx_word' id='word_1_913' title='bbox 1427 2836 1469 2861; x_wconf 85' lang='lat' dir='ltr'><strong>hoc</strong></span> <span class='ocrx_word' id='word_1_914' title='bbox 1489 2839 1523 2860; x_wconf 66' lang='grc' dir='ltr'><strong>[δι</strong></span> <span class='ocrx_word' id='word_1_915' title='bbox 1535 2835 1599 2865; x_wconf 85' lang='lat' dir='ltr'><strong>quod</strong></span> <span class='ocrx_word' id='word_1_916' title='bbox 1610 2839 1634 2861; x_wconf 84' lang='lat' dir='ltr'><strong>et</strong></span> <span class='ocrx_word' id='word_1_917' title='bbox 1645 2842 1686 2861; x_wconf 75' lang='lat' dir='ltr'><strong>nos</strong></span> <span class='ocrx_word' id='word_1_918' title='bbox 1698 2835 1761 2868; x_wconf 80' lang='lat' dir='ltr'><strong>luge-</strong></span> 
     </span>
    </p>
   </div>
   <div class='ocr_carea' id='block_1_120' title="bbox 971 2873 1031 2892">
    <p class='ocr_par' dir='ltr' id='par_1_120' title="bbox 971 2873 1031 2892">
     <span class='ocr_line' id='line_1_120' title="bbox 971 2873 1031 2892; baseline 0.017 -1"><span class='ocrx_word' id='word_1_919' title='bbox 971 2873 1031 2892; x_wconf 74' lang='lat' dir='ltr'><strong>mus.</strong></span> 
     </span>
    </p>
   </div>
  </div>
