1962 3121
214 162 250 191 75
577 154 605 181 S.
626 151 766 181 JOANNIS
780 147 1016 179 CliRYSOSTOMi
1038 146 1195 175 ARCliiEP.
1215 146 1483 175 CONSTANTINOP.
1828 145 1865 172 76

220 220 299 256 Igitur
319 220 458 253 postquam
477 212 618 241 manifeste
632 211 717 238 oratio
737 207 947 256 demonstravit,
962 214 1012 234 ne-

219 254 271 301 que
285 262 456 299 pecuniarum
466 259 605 290 mttletam,
615 263 702 292 neque
715 254 914 301 contumeliam,
928 259 1014 286 neque

218 299 396 340 calumniam,
413 312 499 340 neque
526 302 638 338 flagella,
658 307 744 336 neque
767 299 901 332 morbum,
928 303 1014 330 neque

221 361 344 387 mortem,
363 361 448 388 neque
462 351 533 379 aliud
555 348 705 384 huiusmodi
729 346 858 374 resarcire
881 343 1014 372 tristitiam

220 409 312 438 posse.
326 400 373 428 sed
393 387 479 426 solum
498 396 590 424 delere
614 397 763 429 peccatum.
783 397 809 438 et
836 391 869 418 ad
896 389 951 438 hoc.
969 387 1016 414 de-

219 433 377 476 struendum
397 444 486 471 valere
504 451 510 468 :
528 445 631 468 certum
655 443 697 466 est
720 436 791 472 quod
814 439 921 470 propter
947 433 1015 460 hanc

218 495 304 521 solam
319 499 428 519 causam
439 490 507 517 facta
519 488 561 515 sit.
575 486 614 514 Ne
628 485 741 520 amplius
752 483 832 518 igitur
843 480 1014 517 pecuniarum

219 540 349 574 iacturam
365 537 512 566 doleamus,
527 532 574 560 sed
593 539 654 558 eum
679 536 820 564 peccamus
842 532 943 554 tantum
967 524 1015 551 do-

224 585 345 615 leamus;
361 582 443 609 multa
456 580 528 607 cnim
543 578 586 605 hic
599 585 631 605 ex
649 575 755 602 tristitia
772 574 880 601 utilitas.
906 572 1018 599 Mulcta-

223 636 266 657 tus
279 629 329 657 es?
343 636 376 655 ne
389 627 498 658 doleas;
516 631 601 659 neque
621 622 691 648 enim
718 619 849 656 proderit.
872 618 1017 645 Peccasti?

224 676 297 709 dole,
314 675 377 702 utile
390 679 506 707 namque
516 675 573 702 est;
589 674 617 696 et
633 668 678 696 Dei
690 665 860 703 prudentiam
873 664 1017 698 etsapicn-

226 721 290 748 tiam
307 718 454 747 sensidera.
468 717 524 744 Duo
545 716 601 742 haec
622 713 701 740 nobis
729 711 832 746 peperit
857 713 994 744 peccatum
1009 730 1015 741 .

227 765 361 794 tristitiaut
377 767 404 791 ct
418 767 531 790 mortem
547 770 553 787 :
571 759 733 792 Quacumque
752 756 817 783 enim
831 755 872 782 die
893 754 1017 785 comedas,

223 811 322 845 inquit,
339 813 419 836 morte
439 806 554 834 morieris
564 803 675 840 (Genﬂ.
688 803 732 836 17)
746 810 752 833 ;
766 805 793 828 et
807 800 840 826 ad
861 799 1000 826 mulierem
1010 819 1017 830 ,

226 856 259 883 In
272 854 401 882 doloribus
415 852 497 887 paries
508 851 574 886 ﬁlius
591 848 700 886 (Geruli.
713 847 766 882 l6);
780 850 807 873 et
821 853 868 880 per
879 845 936 872 lucc
947 848 1019 871 utra-

225 910 277 937 que
289 905 426 936 pcccatum
442 897 560 929 sustulit,
578 900 605 923 et
621 903 635 921 a
657 893 718 921 filiis
741 896 854 920 matrem
876 890 962 918 deleri
973 897 1019 937 eu~

226 935 304 974 ravit.
316 945 392 980 Quod
407 944 479 972 enim
503 950 564 970 cum
588 940 693 968 tristitia
720 946 793 966 mors
811 941 949 972 peccatum
973 935 1020 963 de-

227 998 322 1023 struat.
337 991 505 1018 manifestum
516 987 622 1022 quidem
638 989 665 1013 et
687 993 719 1012 ex
742 982 903 1018 martyribus
914 990 921 1008 :
933 981 1020 1008 mani-

205 1046 208 1050 ‘
227 1040 323 1067 festum
338 1038 402 1065 item
415 1044 448 1064 ex
469 1035 516 1066 iis,
532 1041 591 1068 qum
600 1032 669 1059 dixit
680 1030 777 1058 Paulus
796 1029 829 1056 ad
845 1032 1000 1063 peccatores
1011 1048 1018 1059 ,

229 1085 267 1111 sic
281 1083 404 1118 inquiens
419 1090 425 1108 ε
442 1080 504 1107 Ideo
519 1078 591 1106 mulli
607 1078 633 1104 in
647 1076 715 1104 vobis
729 1075 824 1109 infirmi
835 1079 859 1101 et
871 1073 1019 1105 imbecilles,

227 1135 250 1156 et
270 1128 396 1156 dormiunt
409 1126 481 1153 multi
495 1125 534 1159 (l.
549 1123 608 1151 Cor.
626 1123 668 1149 ll.
681 1120 726 1156 50)
739 1142 745 1153 ,
757 1120 817 1156 quia
833 1127 880 1146 vos
895 1118 1020 1154 peccatis,

226 1172 323 1210 inquit,
333 1171 479 1203 morimini,
494 1175 523 1198 ut
536 1174 623 1197 morte
639 1172 745 1202 peccata
761 1166 909 1193 solvantur.
933 1164 1023 1191 intulit

227 1221 311 1255 igitur
337 1218 448 1250 dicens,
465 1216 496 1244 Si
522 1215 588 1242 enim
614 1222 659 1240 nos
683 1213 752 1246 ipsos
771 1211 955 1246 judicaremtts,
971 1217 1022 1236 non

228 1263 496 1300 utiquejudicaremur
509 1270 517 1288 :
530 1261 590 1287 dum
605 1259 754 1294 judicamur
768 1262 851 1284 autem
863 1265 879 1283 α
894 1256 1004 1283 Domino
1013 1277 1021 1289 ,

228 1310 390 1343 corripiatur,
406 1312 433 1334 ut
453 1315 503 1334 non
515 1313 575 1332 cum
598 1304 692 1330 mundo
715 1301 925 1336 damnemurUb.
937 1310 961 1328 γ.
975 1301 1021 1328 51.

230 1357 287 1391 32).
303 1355 338 1383 Et
353 1355 421 1381 sicut
435 1352 532 1380 vermis
545 1359 577 1378 ex
594 1351 664 1385 ligno
680 1349 807 1380 nascitur,
819 1352 846 1374 et
859 1346 921 1374 illud
937 1346 1022 1381 rodit;,

230 1406 257 1429 et
272 1401 342 1428 tinea
357 1399 444 1427 lanam
459 1396 584 1429 comedit,
596 1403 670 1422 suam
693 1394 727 1421 ab
751 1394 806 1428 ipsa
825 1392 956 1427 originem
977 1391 1024 1418 ha-

228 1447 298 1474 bens
312 1454 318 1472 :
332 1445 371 1472 sic
385 1448 412 1471 et
432 1442 537 1470 tristitia
552 1446 578 1468 et
589 1448 661 1468 mors
671 1440 705 1467 de
717 1443 825 1474 peccato
839 1443 908 1465 nata:
917 1441 988 1469 sunt,
998 1442 1024 1464 et

233 1496 370 1526 peccatum
383 1490 536 1517 absumunt.
552 1487 632 1522 Igitur
643 1493 676 1513 ne
689 1486 829 1512 timeamus
844 1489 967 1516 mortem,
977 1483 1024 1510 sed

229 1542 368 1572 peccatum
384 1536 525 1563 timeamus
537 1533 684 1564 dunzttxat,
700 1536 727 1559 et
739 1535 847 1566 propter
863 1530 1026 1557 ilitnldolca-

229 1592 301 1612 mus.
317 1583 351 1610 Et
366 1583 423 1609 luce
435 1581 495 1608 dico
513 1587 565 1607 non
589 1586 669 1614 grave
683 1578 826 1613 quidquam
848 1581 1007 1611 exspectans
1017 1596 1024 1607 ,

233 1630 313 1663 absit,
327 1628 374 1656 sed
393 1629 517 1655 timentes
532 1633 580 1653 vos
602 1625 640 1651 sic
661 1631 767 1658 semper
781 1622 849 1650 allici
865 1623 976 1654 volens,
1000 1627 1026 1648 (ιι

229 1675 331 1702 ίὶὴτῑεῑὶ
347 1673 432 1708 legem
447 1680 495 1707 per
513 1678 594 1705 opera
610 1669 722 1704 implere
738 1678 744 1695 :
762 1667 791 1695 Si
813 1667 868 1702 quis
887 1668 953 1694 enim
975 1675 1025 1693 non

238 1722 303 1755 tollit
317 1729 417 1748 crucem
431 1727 514 1752 suam,
529 1723 551 1745 et
563 1718 673 1752 sequitur
687 1725 736 1748 me,
751 1724 800 1742 non
815 1719 850 1742 est
863 1723 902 1741 me
914 1715 1006 1749 dignus
1017 1734 1024 1745 .

233 1768 321 1803 inquit
340 1766 445 1802 (Matth.
459 1765 502 1792 10.
526 1764 582 1797 58).
598 1763 653 1790 line
677 1767 764 1788 autem
785 1761 905 1792 dicebat,
920 1767 972 1787 non
999 1764 1027 1786 ut

236 1815 337 1849 lignum
360 1812 479 1839 humeris
503 1810 637 1840 feramus.
661 1809 707 1836 sed
732 1813 761 1835 ut
784 1812 896 1834 mortem
921 1814 1027 1841 semper

230 1864 296 1887 ante
305 1858 397 1886 oculos
412 1857 567 1887 habeamus,
577 1856 644 1882 sicut
657 1859 683 1881 et
695 1854 791 1881 Paulus
802 1852 920 1888 quotidie
931 1853 1028 1879 morie-

235 1906 312 1933 batur
326 1904 364 1941 (l.
376 1903 435 1931 Cor.
452 1903 495 1930 15.
511 1902 570 1938 '5l),
594 1905 621 1928 ct
644 1905 757 1927 mortem
780 1899 932 1931 deridebat,
954 1905 1023 1933 pra:-

233 1955 393 1984 sentemque
405 1949 486 1976 vitam
501 1946 702 1974 contemnebat.
719 1945 755 1972 Es
772 1945 842 1971 enim
855 1944 942 1975 miles,
959 1951 1028 1970 sem-

231 2003 284 2031 per
299 1996 326 2022 in
341 1995 399 2022 acie
409 1993 588 2023 constitutus;
605 1991 681 2018 miles
699 1998 763 2017 vero
783 1994 896 2016 mortem
911 1989 1009 2016 timens
1019 2009 1026 2020 ,

229 2048 380 2075 numquam
392 2045 499 2067 strenue
514 2046 542 2066 se
553 2041 629 2072 geret
643 2045 649 2063 :
661 2036 703 2064 sic
714 2035 794 2070 igitur
806 2042 893 2069 neque
901 2033 1029 2061 Christia-

237 2095 287 2115 nus
303 2087 382 2114 homo
397 2084 513 2119 pericula
528 2084 636 2114 timens,
653 2088 777 2116 magnum
797 2079 860 2114 quid
872 2083 898 2106 et
912 2078 1027 2105 admira-

237 2133 291 2160 bile
305 2130 449 2163 exhibebit,
465 2129 520 2156 imo
537 2128 614 2155 facile
630 2126 814 2161 expugnabilis
832 2125 902 2157 erit;
920 2123 1028 2158 intrepi-

236 2178 286 2206 dus
301 2182 391 2205 contra
413 2180 440 2203 et
463 2174 656 2209 magnanimus,
672 2172 867 2206 inexpugnatus
889 2173 978 2196 manet
1003 2173 1029 2196 et

236 2223 359 2251 invictus.
371 2222 443 2249 Sicut
460 2220 538 2255 igitur
551 2219 623 2254 pueri
638 2223 701 2250 tres,
717 2218 804 2252 ignem
817 2224 870 2243 non
886 2216 1009 2242 timentes
1019 2236 1026 2247 ,

239 2270 326 2304 ignem
337 2267 486 2302 eti‘ngcrunt
502 2275 508 2292 :
526 2265 565 2293 sic
583 2269 610 2292 ct
622 2271 682 2296 nos,
697 2264 718 2290 si
735 2267 847 2290 mortem
862 2269 915 2289 non
936 2261 1029 2288 timea-

240 2322 309 2346 mus,
321 2318 433 2340 mortem
449 2311 615 2346 effugiemus.
630 2310 718 2344 ignem
734 2315 798 2335 vero
811 2307 919 2334 minime
932 2306 1029 2334 timue-

241 2365 320 2392 runt;
336 2367 387 2386 non
407 2359 478 2385 enim
503 2362 544 2384 est
568 2356 671 2383 crimen
689 2354 811 2386 incendi;
830 2353 876 2380 sed
894 2356 1029 2387 peccatum

242 2408 387 2433 timuerunt
403 2412 410 2430 :
426 2403 526 2431 crimen
542 2402 612 2429 enim
632 2405 674 2428 est
693 2400 856 2434 impietatem
876 2398 961 2432 sequi.
976 2397 1030 2424 llos

241 2456 269 2479 et
279 2458 330 2478 nos
345 2449 488 2479 imitemur,
503 2451 530 2474 et
543 2453 636 2474 omnes
656 2445 708 2472 illis
728 2444 829 2472 similes
844 2452 850 2470 :
866 2448 893 2471 ct
912 2451 945 2470 ne
961 2443 1031 2477 peri—

241 2497 300 2524 cula
312 2495 462 2525 timeamus,
476 2497 504 2520 et
515 2492 670 2526 effugiemus
681 2490 806 2525 pericula.

278 2542 305 2569 5.
327 2539 388 2567 Non
412 2547 468 2565 sunt
490 2537 605 2572 equidem
627 2535 767 2570 propheta,
781 2543 858 2568 neque
880 2534 949 2568 ﬁlius
971 2542 1031 2568 pro-

242 2587 324 2622 phetm
335 2585 422 2621 (Amos
447 2584 473 2609 7.
491 2583 552 2617 ll);
568 2581 683 2608 futurum
703 2586 789 2607 tamen
803 2580 943 2607 manifeste
956 2579 1029 2611 scio,

242 2637 269 2659 et
284 2638 378 2665 magna
393 2634 420 2656 et
436 2629 506 2656 clara
522 2635 586 2654 voce
605 2627 748 2669 prpclamo,
764 2625 834 2660 quod
849 2626 869 2651 si
887 2631 1029 2655 umtemur,

242 2682 268 2704 et
294 2677 408 2710 aliquam
432 2674 527 2701 animm
557 2676 654 2700 nostra:
681 2679 771 2699 curam
799 2675 968 2706 agamus,et
999 2670 1032 2696 ab

245 2723 414 2758 improbitate
436 2720 614 2752 absistamus,
630 2719 695 2746 nihil
722 2718 861 2745 molestum
885 2717 987 2752 ingruet
1007 2721 1034 2743 et

245 2769 323 2796 triste
339 2777 345 2795 ε
359 2772 437 2802 atque
447 2766 498 2793 hoc
512 2765 652 2793 manifeste
665 2764 725 2791 novi
739 2771 772 2790 ex
786 2763 832 2789 Dei
846 2762 997 2794 clementia,
1009 2766 1036 2789 et

247 2821 279 2841 ex
292 2813 335 2841 his
348 2819 408 2848 qua:
421 2812 448 2839 in
463 2811 544 2842 viros.
561 2815 585 2838 et
596 2810 728 2841 civitates,
744 2812 771 2835 et
787 2811 896 2842 gentes,
911 2811 938 2834 et
950 2814 1034 2841 popu-

242 2859 288 2887 los
298 2859 412 2890 integros
423 2856 496 2885 fecit.
506 2855 610 2884 Etenim
621 2854 796 2882 Ninivitarum
810 2853 911 2880 civitati
921 2853 1035 2880 minatus

1068 210 1108 232 est
1122 206 1129 221 ¹
1144 226 1150 237 ,
1165 209 1192 232 et
1203 205 1269 232 dixit
1285 215 1292 232 ε
1309 205 1396 232 Adhuc
1411 211 1460 231 (res
1473 205 1536 237 dies,
1556 209 1580 232 et
1598 204 1689 232 Ninire
1705 204 1864 231 mbt'erlctur

1067 251 1140 285 (Jou.
1156 251 1182 278 5.
1194 250 1235 287 4).
1250 251 1317 284 Quid
1341 251 1433 286 igitur,
1447 251 1491 277 dic
1513 250 1595 277 mihi?
1610 250 1703 278 Ninire
1731 250 1864 278 subversa

1067 301 1121 330 est,
1136 301 1162 324 et
1176 297 1239 324 urbs
1253 297 1387 324 destructa
1408 297 1475 323 fuit?
1489 297 1586 324 Contra
1615 303 1725 332 prorsus
1746 295 1865 323 accidit.

1068 347 1095 370 et
1115 343 1240 376 surrexit,
1257 347 1284 369 et
1306 343 1404 370 clarior
1422 339 1490 369 facta
1517 347 1568 373 est,
1582 347 1610 370 et
1635 347 1735 368 tantum
1758 346 1865 375 tempus

1068 388 1232 422 prtetcritum
1254 387 1336 422 ipsius
1350 388 1461 423 gloriam
1473 395 1524 414 non
1538 387 1688 420 destruxit,
1703 387 1749 414 sed
1767 394 1866 414 omnes

1069 441 1129 461 eam
1141 433 1308 461 celebramus
1321 433 1408 461 adhuc
1422 441 1537 468 quoque,
1554 438 1581 460 et
1594 441 1664 460 nunc
1677 433 1845 460 admiramur
1859 440 1866 459 :

1070 481 1194 515 quoniam
1224 484 1315 514 portus
1338 479 1445 514 quidam
1469 480 1587 514 optimus
1610 487 1642 506 ex
1669 479 1715 506 illo
1743 483 1867 512 tempore

1070 525 1241 560 peccantibus
1255 525 1379 554 omnibus
1399 526 1511 559 exstitit,
1526 526 1551 552 in
1573 526 1788 561 desperationem
1817 533 1866 552 ca-

1071 571 1135 600 dere
1159 579 1211 598 non
1236 572 1409 606 permittens,
1434 572 1481 599 sed
1503 579 1597 599 omnes
1621 572 1655 599 ad
1679 572 1867 607 paenitentiam

1071 625 1187 651 vocans,
1215 623 1242 646 et
1258 625 1306 652 per
1328 626 1358 646 ea
1379 626 1437 653 qua:
1453 618 1525 651 fecit,
1540 623 1567 645 et
1589 625 1635 653 per
1655 626 1715 654 qua:
1731 618 1778 646 Dei
1806 626 1868 653 pro-

1071 664 1213 692 videntiam
1241 671 1282 692 est
1299 669 1456 700 assequnta,
1479 665 1641 700 persuadens
1662 672 1809 699 numquam
1833 665 1869 691 de

1073 711 1176 745 propria
1189 710 1273 738 salute
1286 710 1439 745 desperare,
1453 711 1499 738 sed
1513 712 1593 738 vitam
1611 715 1735 745 gerentes
1750 711 1849 738 bonam
1859 730 1868 742 ,

1072 761 1100 783 et
1112 757 1239 790 optimam
1262 763 1336 791 spem
1353 762 1542 791 proponeutes,
1554 757 1587 784 de
1603 757 1654 785 fine
1669 762 1806 792 tamquam
1823 765 1870 792 pe-

1072 802 1143 829 nitus
1156 801 1225 828 bono
1240 801 1328 829 futuro
1341 802 1488 830 confidere.
1501 802 1566 836 Quis
1585 803 1655 830 enim
1668 810 1720 830 non
1734 803 1871 830 excitetur

1073 847 1179 875 illorum
1192 848 1344 882 exemplum
1356 848 1477 882 audiens,
1493 849 1555 875 licet
1567 849 1684 876 omnimu
1703 849 1738 876 sit
1749 849 1871 884 ignavis-

1072 893 1178 920 simus?
1192 893 1279 928 Elegit
1294 894 1382 929 itaque
1404 894 1475 922 Deus
1495 893 1660 929 pr0pbetiam
1680 895 1773 929 potius
1793 902 1871 921 suam

1074 938 1176 966 irritam
1194 939 1301 972 cadere,
1313 947 1393 974 quam
1417 940 1550 967 civitatem
1573 947 1699 967 corruere
1715 949 1722 968 :
1736 940 1792 967 imo
1805 947 1871 966 vero

1074 991 1160 1018 neque
1173 984 1310 1019 pr0phetia
1323 985 1427 1012 cecidit.
1441 985 1469 1012 Si
1480 985 1552 1013 enim
1567 986 1718 1013 hominibus
1731 986 1758 1012 in
1774 988 1870 1013 eadem

1075 1029 1174 1056 malitia
1190 1031 1408 1064 permanentibus
1420 1038 1472 1057 non
1488 1032 1513 1058 in
1529 1039 1595 1066 opus
1615 1032 1747 1059 sententia
1761 1039 1872 1066 proces-

1076 1076 1165 1108 sisset,
1183 1083 1274 1112 posset
1296 1078 1356 1113 quis
1374 1078 1441 1104 fortc
1460 1077 1529 1105 dicta
1548 1078 1683 1105 criminari
1699 1087 1705 1105 :
1721 1078 1794 1113 quod
1810 1086 1872 1105 vero

1074 1125 1183 1152 mutatis
1196 1124 1270 1159 ipsis,
1286 1129 1314 1152 et
1333 1132 1347 1152 a
1369 1125 1468 1152 malitia
1491 1125 1696 1158 desistentibus,
1708 1126 1790 1153 etiam
1804 1126 1873 1152 Deus

1075 1171 1108 1198 ab
1128 1171 1165 1198 ira
1187 1171 1327 1203 destiterit,
1345 1171 1405 1206 quis
1427 1171 1542 1205 amplius
1564 1170 1731 1205 prophetiam
1757 1178 1873 1205 carpere

1075 1217 1182 1251 poterit,
1194 1220 1222 1243 et
1231 1215 1300 1243 dicta
1312 1216 1444 1243 mendacii
1452 1215 1648 1243 condemnare?
1658 1216 1764 1243 Etenim
1772 1217 1870 1251 legem,

1075 1269 1153 1297 quam
1163 1262 1196 1288 ab
1206 1261 1281 1289 initio
1296 1261 1365 1289 Deus
1379 1262 1483 1288 cunctis
1494 1261 1646 1289 hominibus
1656 1262 1743 1296 posuit
1755 1269 1804 1296 per
1813 1270 1873 1296 pro-

1077 1308 1183 1343 phetam
1196 1308 1317 1342 loquens,
1335 1307 1403 1335 hanc
1413 1313 1440 1335 et
1454 1311 1516 1334 tunc
1529 1307 1705 1335 conservatit.
1720 1308 1807 1342 Quam
1823 1316 1871 1335 au-

1077 1357 1129 1380 tetn
1141 1352 1246 1387 legem?
1259 1352 1300 1378 Ad
1309 1360 1434 1379 summum
1454 1353 1557 1388 loquar,
1574 1353 1669 1388 inquit,
1682 1353 1716 1379 ad
1734 1358 1835 1388 gentem
1850 1359 1872 1379 et

1076 1407 1191 1434 regnum,
1207 1404 1233 1425 ut
1247 1399 1383 1432 eradicent,
1400 1404 1422 1426 et
1442 1398 1589 1432 sit/fodiam,
1600 1404 1623 1426 et
1637 1399 1741 1434 perdam
1754 1407 1764 1426 :
1777 1404 1802 1426 et
1815 1400 1869 1431 erit,

1076 1446 1098 1472 si
1119 1446 1290 1479 pix-nitentium
1314 1446 1409 1480 egerint
1433 1445 1602 1477 malitiw,me
1623 1453 1721 1480 quoque
1743 1446 1870 1480 pcenitebit

1077 1491 1131 1522 ine,
1149 1499 1226 1525 quant
1245 1491 1363 1526 loquutus
1384 1492 1481 1526 fueram
1495 1492 1579 1527 facere
1594 1490 1646 1518 illis
1659 1490 1766 1526 (Jerem.
1785 1490 1828 1518 £8.
1844 1491 1869 1517 7.

1078 1538 1116 1572 8).
1129 1537 1203 1564 lianc
1217 1537 1296 1572 igitur
1311 1537 1395 1572 legem
1411 1537 1563 1564 custodiens
1576 1538 1733 1571 pmnitcntes
1747 1537 1870 1569 salvavii,

1078 1589 1104 1609 ct
1117 1591 1132 1610 ει
1146 1584 1209 1610 νῆιῐο
1224 1583 1394 1611 discedentes
1408 1583 1442 1609 ab
1455 1584 1491 1610 ira
1507 1583 1639 1610 liberavit.
1649 1583 1764 1611 Noverat
1778 1584 1872 1611 barba-

1079 1637 1168 1656 rorum
1185 1630 1309 1656 virtutem
1321 1650 1328 1662 ,
1345 1633 1372 1656 et
1385 1629 1445 1656 ideo
1460 1630 1618 1663 prophetam
1642 1629 1752 1664 urgebat
1769 1637 1776 1655 :
1792 1630 1831 1656 sic
1845 1634 1873 1657 et

1079 1679 1142 1702 tunc
1155 1675 1303 1710 agitabatur
1315 1675 1406 1702 civitas
1421 1675 1509 1702 audita
1524 1683 1589 1702 voce
1604 1675 1768 1710 prophetica,
1783 1675 1829 1703 sed
1847 1676 1872 1701 in

1081 1721 1154 1748 nullo
1170 1721 1230 1748 iiCSiI
1245 1725 1296 1752 est,
1311 1721 1374 1756 quin
1388 1729 1402 1747 a
1418 1722 1512 1748 timore
1524 1721 1623 1755 adjuta.
1640 1721 1731 1749 Timor
1744 1722 1814 1749 enim
1830 1722 1873 1749 ille

1080 1767 1191 1793 salutent
1204 1767 1317 1801 peperit,
1332 1767 1504 1793 comminatio
1524 1767 1641 1801 periculo
1664 1767 1800 1800 liberavit,
1815 1768 1873 1794 sub-

1079 1813 1209 1840 versionis
1231 1813 1361 1840 sententia
1381 1813 1580 1840 subversionem
1600 1812 1727 1840 cohibuit.
1740 1812 1763 1840 Ο
1777 1821 1871 1840 novam

1081 1866 1138 1886 rem
1160 1863 1187 1885 ct
1202 1858 1405 1886 admirabilem!
1425 1859 1592 1886 denuntiatio
1611 1863 1725 1887 mortem
1765 1858 1874 1885 minans

1082 1905 1161 1930 vitam
1187 1904 1298 1938 peperit.
1330 1904 1467 1931 Sententia
1492 1909 1631 1940 postquam
1655 1905 1706 1932 lata
1731 1906 1796 1938 fuit,
1813 1910 1875 1933 tunc

1082 1948 1195 1975 invalida
1212 1948 1281 1976 facta
1297 1954 1347 1981 est,
1364 1954 1455 1976 contra
1471 1957 1549 1984 quam
1566 1949 1634 1984 apud
1650 1950 1791 1978 smcuiares
1804 1951 1875 1985 judi-

1081 2003 1126 2023 ees
1142 2005 1148 2023 :
1162 1996 1231 2031 apud
1246 1996 1294 2023 hos
1306 1997 1377 2023 enim
1392 1996 1417 2023 in
1430 1997 1545 2024 medium
1561 1998 1661 2031 prolata
1671 2018 1678 2029 ,
1696 2002 1753 2024 rata
1772 1998 1801 2024 fit
1814 2005 1875 2025 son-

1083 2043 1182 2073 tcntia;
1197 2043 1266 2077 apud
1288 2043 1370 2070 Deum
1383 2048 1485 2076 contra,
1502 2044 1611 2078 proferri
1635 2044 1793 2071 sententiam
1816 2052 1874 2071 eain

1083 2088 1224 2115 invalidam
1245 2089 1306 2115 facit
1319 2098 1325 2115 :
1340 2089 1390 2115 nisi
1405 2089 1475 2115 cnim
1498 2089 1599 2124 prolata
1624 2089 1733 2120 fuisset,
1749 2097 1802 2116 non
1824 2090 1876 2116 uti-

1083 2141 1134 2167 que
1161 2137 1314 2167 peecatores
1332 2127 1492 2167 audissent;
1509 2134 1531 2161 si
1558 2141 1622 2161 vero
1645 2141 1697 2161 non
1718 2135 1852 2162 audissom
1867 2155 1875 2167 ,

1083 2187 1169 2214 neque
1193 2181 1307 2214 egissent
1331 2180 1525 2214 pwnitentiam,
1549 2188 1636 2215 neque
1656 2188 1762 2215 poenam
1796 2189 1876 2216 repu-

1084 2228 1186 2259 Iissent,
1202 2235 1251 2254 nec
1276 2226 1386 2254 fuissent
1411 2227 1454 2254 illa
1471 2227 1585 2254 mirabili
1599 2228 1684 2256 salute
1704 2230 1790 2263 potiti.
1807 2230 1878 2262 Qun-

1085 2276 1164 2303 modo
1188 2276 1259 2304 enim
1286 2283 1338 2302 non
1367 2276 1514 2308 mirabilis,
1531 2284 1591 2303 cum
1612 2277 1694 2310 judex
1715 2277 1877 2304 sententiam

1085 2322 1190 2354 tulerit,
1210 2322 1247 2348 rei
1267 2329 1330 2348 vero
1346 2329 1393 2356 per
1415 2323 1597 2356 paenitentiam
1618 2322 1777 2350 sententiam
1791 2323 1879 2350 solic-

1086 2368 1225 2394 rint?non
1253 2367 1323 2394 enim
1352 2367 1446 2394 urbem
1476 2367 1610 2402 fugerunt,
1627 2371 1696 2395 sicut
1724 2376 1773 2395 nos
1797 2376 1879 2401 nune,

1085 2413 1131 2440 sed
1157 2417 1312 2446 manentes,
1328 2413 1411 2446 ipsam
1434 2417 1570 2440 nutantem
1585 2413 1734 2441 firmarunt.
1755 2413 1881 2448 Laqueus

1085 2465 1159 2494 erat,
1191 2466 1218 2488 et
1250 2462 1387 2488 munimen
1429 2461 1514 2496 ipsam
1551 2461 1722 2489 reddiderunt
1751 2469 1880 2496 :voragn

1085 2513 1143 2535 erat
1157 2512 1184 2535 et
1198 2507 1385 2542 praecipitium,
1402 2511 1429 2534 et
1451 2507 1538 2534 tutela:
1566 2508 1659 2534 turrim
1681 2507 1814 2536 fecerunt.
1827 2508 1881 2534 Au-

1087 2555 1193 2582 dierunt
1207 2555 1277 2590 quod
1289 2554 1399 2582 mdificia
1414 2560 1540 2582 corrucnt
1551 2576 1557 2584 .
1574 2562 1660 2589 neque
1673 2555 1798 2590 fugerunt
1817 2554 1881 2581 auli-

1088 2601 1157 2632 fieia,
1170 2602 1215 2628 sed
1231 2606 1337 2635 peccata
1349 2601 1492 2636 fugerunt:
1509 2609 1560 2628 non
1573 2601 1754 2628 discesserunt
1769 2600 1881 2635 quisque

1087 2649 1120 2677 de
1131 2650 1209 2676 domo
1224 2657 1281 2679 sua.
1298 2649 1365 2675 sicut
1377 2656 1447 2676 nunc
1467 2655 1526 2681 nos,
1543 2647 1589 2675 sed
1604 2647 1726 2674 discessit
1740 2648 1854 2682 quisque
1866 2655 1879 2672 a

1090 2696 1130 2721 via
1147 2703 1192 2722 sua
1207 2695 1285 2721 mala.
1308 2694 1375 2721 Num
1394 2694 1475 2726 cnim,
1496 2694 1596 2728 inquit,
1614 2693 1682 2720 muri
1705 2693 1770 2719 iram
1801 2701 1880 2728 pepe-

1120 2765 1128 2779 ‘
1147 2767 1198 2788 sav.
1210 2766 1235 2787 et
1245 2762 1341 2793 quidam
1354 2766 1407 2786 Mss.
1422 2768 1428 2785 :
1445 2762 1531 2785 Urbem
1542 2760 1644 2793 minatus
1660 2762 1696 2784 est
1711 2760 1847 2793 subvertere
1859 2764 1880 2784 et

1088 2794 1152 2819 dixit
1167 2801 1175 2818 :
1188 2792 1271 2818 Adhuc
1290 2797 1339 2818 tres
1359 2793 1420 2818 dies.
1443 2793 1479 2816 Sic
1497 2798 1595 2822 semper
1616 2792 1704 2815 lectum
1725 2795 1763 2816 est
1782 2792 1806 2815 in
1828 2794 1880 2817 Lxx

1089 2826 1265 2863 Interpreubus
1276 2823 1315 2848 vel
1326 2831 1339 2848 a
1350 2825 1433 2855 primis
1445 2822 1556 2847 Ecclesiae
1568 2822 1671 2850 sweulis,
1680 2822 1750 2853 τρεῖς,
1763 2827 1815 2852 pro,
1825 2828 1878 2844 τεσ-

1088 2865 1228 2888 σαρακογτα.
