1962 3121
164 132 197 159 ΤΙ
648 137 694 165 AD
707 137 870 166 POPULUM
890 138 958 167 ANT

1016 140 1134 170 HENUM
1159 143 1273 172 HOMIL.
1295 145 1328 173 ν.
1775 153 1809 181 78

166 189 277 216 rerum?
292 196 343 217 nos
363 191 488 220 vulneris
506 198 629 222 auctores
640 215 647 228 ,
665 203 714 222 nos
739 197 962 224 medicamentum

167 242 356 270 pr:cparemus.
366 236 513 272 Propterea
522 246 574 265 non
587 239 704 268 locorum
714 243 962 276 permutatiouibus,

165 281 210 308 sed
224 289 329 309 morum
344 285 518 312 conversioni
532 286 645 314 salutem
660 287 838 315 crediderunt.
881 315 884 317 ,

204 327 230 354 6.
252 327 316 355 Ilmc
331 328 438 356 barbari
455 339 462 356 τ
478 335 505 357 et
525 339 574 358 nos
589 340 641 359 non
661 333 862 368 confundimur,
877 343 964 371 neque

164 380 213 400 nos
223 373 427 407 abscondimus,
441 376 558 410 quando,
574 377 624 404 illis
637 385 723 406 mores
734 381 961 414 convertentibus,

164 425 214 444 nos
237 419 296 446 loca
317 425 500 454 permutamus
511 442 517 454 ,
533 426 561 449 et
576 423 708 450 ebriorum
726 425 862 452 hominum
882 433 963 460 opera

164 464 289 497 facimus,
306 464 535 501 substantiamque
547 473 666 494 nostram
680 470 858 503 exponimus?
875 471 963 498 Domi-

167 517 218 536 nus
234 510 313 537 nobis
326 510 465 543 irascitur,
482 517 508 539 et
528 520 576 540 nos
590 513 656 540 iram
673 515 776 542 solvere
798 516 960 550 omittentes,

163 563 225 589 qua
239 556 266 582 in
282 556 364 583 domo
378 562 442 584 sunt
456 558 678 592 circutul'erimus,
693 565 720 588 et
734 561 876 588 circuimus
889 570 962 596 qua:-

162 606 274 634 reutes,
292 601 335 628 ubi
349 602 526 630 substantiam
540 603 719 638 deponamus,
736 613 795 632 cum
811 613 881 634 esset
895 615 963 642 opus

163 655 305 682 querere,
331 649 375 676 ubi
395 650 511 677 animam
534 650 728 685 deponeremus
743 661 749 679 :
766 652 820 679 imo
835 660 898 680 vero
914 661 963 681 nec

163 699 271 728 oportet
285 702 424 730 quaerere,
441 696 488 723 sed
502 697 598 724 virtute
613 702 639 724 et
659 698 720 725 vitm
740 699 897 726 rectitudine
913 700 962 734 ipsi

164 742 338 769 securitatem
353 743 482 776 pra-bere.
497 743 588 778 Neque
608 744 678 771 enim
699 744 721 772 si
735 752 813 772 servo
826 745 962 773 irascenti—

167 786 217 813 bus
232 787 310 814 nobis
322 792 350 814 et
362 787 558 823 indignantibus
568 810 575 822 ,
593 790 638 817 ille
650 790 778 818 adversus
791 792 855 818 iram
870 799 900 820 se
913 800 961 820 ex-

165 840 261 860 cusare
275 834 412 866 amittens,
425 834 452 861 in
465 834 587 862 cellulam
603 843 676 862 suam
689 836 863 869 descendens,
883 838 962 865 vesti-

167 886 255 907 tnenta
269 885 297 908 et
311 888 405 908 omnes
418 882 546 916 colligens
565 883 713 910 sarcinulas
724 889 751 910 et
769 884 897 919 colligens
907 905 914 916 ,
928 884 962 912 de

168 925 227 960 fuga
252 925 447 958 meditaretur,
474 926 545 953 hunc
570 927 654 962 ipsius
677 931 859 962 contemptum
885 928 962 956 facile

168 971 309 998 ferremus.
327 972 492 999 Desistamus
505 973 583 1007 igitur
593 974 626 1001 ab
639 973 689 1001 hoc
699 974 851 1009 importuno
861 975 960 1008 studio,

168 1022 194 1044 et
214 1018 336 1045 dicamus
354 1018 469 1053 quisque
483 1019 516 1046 ad
531 1019 613 1047 Deum
629 1029 636 1047 :
651 1020 708 1052 Quo
722 1021 762 1047 ibo
774 1029 790 1047 a
804 1021 894 1056 spiritu
907 1027 959 1055 tuo,

168 1068 191 1090 et
205 1072 221 1089 η
234 1063 300 1096 [acie
314 1068 357 1090 tua
368 1072 419 1100 quo
433 1065 529 1100 fugiant
542 1065 632 1100 (Psal.
647 1066 706 1093 I38.
719 1067 772 1101 7)?
785 1067 961 1095 Barbarorum

171 1109 363 1144 philosophiam
387 1110 521 1138 imitemur
537 1120 544 1137 :
559 1111 596 1138 illi
616 1111 641 1138 in
658 1112 765 1139 incertis
779 1113 960 1147 paenitentiam

168 1159 280 1188 egerunt
295 1163 302 1180 :
324 1162 377 1181 non
392 1156 464 1183 enim
488 1156 537 1183 hoc
560 1155 674 1183 habebat
689 1158 820 1184 sententia
835 1166 842 1184 :
856 1157 882 1185 Si
898 1165 960 1185 con-

168 1200 307 1227 vertamini
329 1205 356 1227 et
372 1201 554 1235 paenitentiam
569 1202 664 1236 agatis,
678 1201 811 1229 civitatem
828 1202 939 1230 firmabo
952 1212 959 1237 ;

167 1245 214 1272 sed
228 1246 397 1281 simpliciter,
410 1247 499 1274 Adhuc
512 1253 560 1274 tres
573 1247 637 1280 dies,
653 1253 675 1274 et
687 1248 780 1275 Ninive
795 1249 959 1276 subvertetur.

167 1290 235 1324 Quid
251 1291 331 1326 igitur
352 1291 413 1318 illi?
434 1292 497 1325 Qui:
512 1293 578 1319 novit
593 1301 625 1319 an
647 1294 774 1328 pmnilebit
788 1293 867 1322 Deum
888 1295 958 1329 ntali,

169 1336 235 1371 quod
256 1337 376 1372 loquutus
397 1343 433 1365 est
452 1338 537 1372 facere
556 1340 626 1365 nobis
642 1338 724 1374 (Jan.
736 1340 762 1367 5.
776 1340 802 1366 Δ.
818 1340 878 1375 9)?
897 1341 960 1374 Quis

169 1383 262 1410 novit?
283 1383 412 1411 Nesciunt
431 1384 468 1411 rei
489 1384 585 1416 finem,
605 1393 654 1412 nec
676 1385 858 1420 pmuitentiam
874 1386 960 1421 negli—

167 1433 231 1462 gunt
245 1437 253 1454 :
268 1429 389 1456 nesciunt
406 1429 451 1456 Dei
467 1429 635 1464 benignitatis
649 1431 877 1462 consuetudinem,
893 1436 919 1458 et
933 1432 959 1458 in

167 1474 275 1501 incertis
288 1479 424 1502 mutantur
439 1484 445 1502 :
459 1483 509 1503 nec
521 1476 591 1502 enim
606 1476 739 1503 habebant
751 1476 817 1503 alios
829 1477 960 1505 Ninivitas

167 1520 199 1546 ad
221 1528 288 1555 quos
310 1521 476 1555 respicerent
500 1521 653 1557 pmnitentia
675 1527 735 1549 acta
757 1528 885 1556 servatos,
911 1531 961 1551 uec

168 1567 310 1601 prophetas
332 1567 468 1603 legerant,
492 1575 540 1595 nec
556 1568 719 1603 patriarchas
738 1568 894 1601 audierant,
911 1577 960 1597 nec

168 1612 207 1638 usi
217 1617 279 1639 sunt
291 1613 416 1646 consilio,
428 1621 480 1641 non
493 1613 701 1642 admonitionem
712 1615 781 1642 nacti
791 1619 862 1646 sunt,
875 1623 961 1650 neque

167 1657 216 1684 sibi
230 1663 430 1692 persuaserant,
453 1659 562 1686 omnino
575 1659 657 1686 Deum
678 1660 832 1694 pceniteutia
852 1661 959 1696 placau~

166 1703 228 1730 dum
242 1711 311 1731 esse.
326 1703 420 1738 Neque
432 1704 502 1731 enim
517 1703 568 1732 hoe
583 1704 698 1732 habebat
709 1706 880 1733 comminatio
890 1728 897 1740 ,
912 1707 959 1734 sed

168 1748 322 1775 dubitabant
343 1748 550 1784 haerebautque,
573 1753 601 1776 et
620 1754 708 1777 tamen
729 1758 790 1778 cum
805 1754 876 1778 omni
900 1752 957 1779 dili-

167 1794 252 1827 gentia
269 1794 452 1828 penitentiam
466 1799 585 1829 egerunt.
609 1795 673 1828 Quae
696 1795 774 1830 igitur
794 1796 860 1823 ratio
884 1797 959 1824 nobis

167 1839 226 1870 erit,
249 1846 310 1866 cum
332 1839 371 1866 illi
385 1840 508 1874 quidem,
531 1848 580 1868 nec
593 1841 663 1868 unde
676 1841 709 1869 de
729 1841 781 1869 fine
795 1842 960 1870 confiderent

169 1884 314 1916 habentes,
339 1890 440 1912 tantam
463 1886 604 1914 exhibeant
630 1888 802 1915 mutationem
822 1898 829 1915 :
853 1893 879 1915 tu
895 1897 959 1916 vero

168 1930 211 1965 qui
223 1930 256 1957 de
267 1931 356 1958 divina
368 1931 529 1966 benignitate
539 1932 673 1960 confidere
687 1938 770 1968 potes,
782 1939 808 1961 ct
818 1935 862 1969 qui
877 1936 958 1963 multa

169 1975 264 2010 sa'pius
279 1976 390 2010 pignora
404 1977 495 2011 cepisti
509 1977 566 2012 ejus
580 1977 650 2005 circa
667 1983 691 2004 te
704 1986 789 2010 curre,
804 1985 831 2006 et
845 1981 959 2014 prophe—

169 2025 208 2048 tas
221 2025 248 2048 et
260 2021 396 2055 apostolos
410 2022 516 2055 audisti,
538 2027 566 2050 et
585 2030 632 2057 per
655 2023 725 2057 ipsas
746 2031 789 2051 res
813 2024 958 2053 instructus

169 2075 207 2099 es,
221 2075 271 2095 nec
283 2068 316 2094 ad
331 2068 452 2095 eamdem
467 2076 526 2095 cum
542 2069 606 2103 ipsis
619 2077 770 2096 mensuram
781 2070 884 2098 virtutis
899 2079 959 2106 per-

169 2114 257 2139 venire
282 2113 450 2140 contendas?
476 2113 568 2148 Magna
594 2114 674 2148 igitur
701 2114 794 2141 horum
821 2115 956 2143 hominum

169 2158 261 2190 virtus,
277 2158 362 2184 multo
375 2162 464 2185 autem
478 2159 563 2193 major
575 2159 621 2186 Dei
634 2159 784 2193 clementia,
801 2165 828 2188 et
843 2161 910 2188 hanc
925 2169 956 2188 ex

169 2203 223 2236 ipsa
246 2203 377 2230 minarum
394 2204 574 2238 magnitudine
589 2205 743 2239 conspicere
758 2206 828 2233 licet.
855 2206 894 2234 0b
908 2207 958 2235 hoc

168 2250 236 2276 enim
259 2249 399 2277 sententia:
424 2258 476 2277 non
498 2250 624 2278 addidit:
642 2250 668 2278 Si
690 2259 752 2279 vero
777 2253 956 2287 paenitentiam

168 2295 283 2329 egeritis,
301 2303 420 2329 parcam,
436 2300 465 2322 ut
479 2296 641 2323 indefinitum
658 2296 773 2324 inferens
786 2300 955 2332 sententiam,

168 2345 267 2367 metum
282 2346 392 2376 augeret
403 2361 409 2373 ,
432 2349 462 2368 ac
475 2347 546 2368 metu
559 2345 638 2369 aucto
651 2342 762 2370 celerius
775 2343 807 2370 ad
823 2344 956 2378 poeniten-

168 2385 229 2412 tiam
242 2386 425 2420 compelleret.
442 2387 473 2413 Et
486 2387 614 2422 propheta
628 2387 732 2422 quidem
745 2389 878 2417 erubescit
890 2390 958 2418 futu-

167 2439 224 2458 rum
247 2432 335 2459 sciens
356 2437 384 2460 et
406 2433 578 2468 conjectans,
602 2434 672 2468 quod
694 2435 790 2462 infecta
815 2436 958 2464 manebunt

166 2477 255 2510 dicta;
278 2478 348 2505 Deus
368 2483 456 2506 autem
472 2487 524 2506 non
549 2480 699 2512 erubescit,
723 2481 770 2508 sed
784 2489 863 2508 unutn
880 2482 957 2509 dum-

167 2528 252 2555 t:xat,
270 2524 406 2551 hominum
427 2525 527 2552 scilicet
540 2525 668 2558 salutent,
685 2527 775 2561 qu:erit
787 2547 793 2558 ,
811 2532 838 2554 et
852 2534 957 2554 servum

166 2579 242 2596 suum
258 2570 393 2597 emendat.
411 2571 553 2605 Postquam
567 2571 636 2598 enim
651 2573 782 2607 navigium
798 2573 841 2600 ille
858 2573 958 2608 ingres-

166 2623 209 2642 sus
224 2621 286 2648 est,
310 2616 399 2643 statim
421 2617 545 2643 excitavit
567 2625 650 2650 mare,
672 2622 700 2644 ut
720 2618 807 2645 discas
829 2620 897 2653 quod
912 2620 956 2646 ubi

168 2666 304 2693 peccatum
316 2681 323 2693 ,
340 2660 376 2687 ibi
391 2661 519 2695 procella,
535 2661 577 2688 ubi
594 2662 782 2693 inobcdientia,
798 2664 831 2690 ibi
848 2663 958 2690 ﬂuctua-

167 2705 223 2731 tio:
239 2710 267 2732 et
291 2706 461 2740 quatiebatur
481 2707 587 2741 quidem
609 2707 700 2734 civitas
720 2714 828 2744 propter
848 2714 957 2744 peccata

166 2750 352 2784 Ninivitarum,
375 2752 544 2787 quatiebatur
563 2758 649 2780 autem
665 2753 691 2780 e't
704 2754 836 2789 navigiutn
851 2759 958 2790 propter

167 2798 305 2832 propheta:
327 2795 545 2826 inobedientiam.
570 2799 609 2825 Illi
631 2799 708 2833 igitur
721 2799 814 2827 Jonam
836 2801 862 2828 in
885 2808 958 2828 mare

165 2843 322 2878 dejecerunt
333 2864 340 2877 ,
361 2849 387 2871 et
409 2844 481 2871 stetit
495 2844 627 2879 navigium
642 2853 648 2871 ε
664 2853 711 2873 nos
725 2853 831 2880 quoque
851 2851 957 2881 peccata

1019 198 1221 235 submergamus
1231 222 1238 235 ,
1254 207 1280 230 et
1294 203 1386 232 civitas
1399 206 1508 234 omnino
1521 206 1611 235 stabit.
1637 207 1728 243 Itaque
1742 209 1809 244 fuga:

1017 244 1088 272 nulla
1103 245 1180 273 nobis
1193 247 1309 280 utilitas,
1328 249 1397 276 sicut
1419 258 1468 278 nec
1486 251 1559 280 illum
1583 252 1642 288 fuga
1665 253 1808 289 quidquam

1015 290 1131 324 adjuvit,
1153 291 1273 326 quinimo
1288 297 1316 320 et
1329 293 1397 321 hesit
1415 303 1422 321 ε
1438 296 1555 331 fugiebat
1576 306 1640 333 ergo
1654 303 1768 333 terram,
1782 304 1809 327 et

1017 336 1062 363 Dei
1077 337 1143 364 iram
1156 345 1209 366 non
1224 338 1373 374 effugiebat.
1390 341 1517 376 Fugiebat
1530 348 1640 378 terram,
1653 345 1718 372 etin
1731 353 1805 372 mare

1015 385 1200 416 tempestatem
1223 383 1327 412 induxit
1348 394 1354 412 :
1379 393 1427 414 nec
1450 391 1550 415 tantum
1570 389 1670 416 nullum
1692 397 1724 417 ex
1747 390 1806 425 fuga

1015 427 1113 455 bonum
1128 433 1222 457 nactus
1236 437 1288 464 eat,
1304 431 1352 458 sed
1365 433 1443 459 etiam
1457 441 1504 460 eos
1517 435 1560 468 qui
1576 442 1605 462 se
1620 441 1806 471 susceperunt,

1015 473 1040 499 in
1053 478 1202 501 extremum
1217 475 1363 510 periculum
1377 477 1503 511 adduxit,
1524 483 1552 506 et
1564 480 1670 514 quando
1682 482 1807 517 navigans

1015 518 1041 544 in
1055 519 1159 553 navigio
1173 520 1293 554 sedebat,
1306 526 1332 548 et
1343 527 1430 550 nautae
1445 527 1471 550 et
1482 520 1672 558 gubernatores
1685 526 1806 560 aderant,

1014 564 1153 599 omnisque
1172 566 1293 593 nauticus
1307 572 1449 601 apparatus
1462 590 1469 600 ,
1486 569 1520 596 de
1534 570 1662 597 extremis
1677 572 1808 605 periclita-

1015 609 1092 636 batur
1108 619 1115 637 :
1133 616 1270 646 postquam
1292 617 1381 641 autem
1404 614 1431 641 in
1455 622 1528 642 mare
1543 615 1688 650 projectus,
1704 621 1732 644 et
1745 625 1808 651 pec-

1014 659 1100 682 catum
1114 663 1162 690 per
1175 657 1332 691 supplicium
1346 658 1493 694 deponens,
1510 661 1536 687 in
1551 661 1710 688 immensum
1723 661 1808 689 dedu-

1013 706 1071 728 ctus
1083 706 1124 729 est
1138 703 1280 738 navigium,
1296 705 1347 732 ceti
1362 705 1462 733 scilicet
1478 711 1608 740 ventrem,
1626 708 1709 735 multa
1724 709 1808 743 potic-

1014 746 1091 774 batur
1113 748 1243 782 libertate,
1269 755 1295 777 ut
1318 750 1414 783 discas,
1440 752 1508 779 sicut
1529 752 1555 779 in
1580 754 1695 788 peccatis
1709 755 1807 782 viventi

1014 801 1101 829 neque
1116 796 1247 830 navigium
1265 797 1375 831 prodest
1386 818 1393 830 ,
1417 799 1455 826 sic
1471 803 1579 833 peccato
1598 804 1705 827 exutum
1722 809 1808 835 neque

1013 846 1087 866 mare
1099 840 1212 875 perdere
1224 862 1230 873 ,
1249 849 1335 876 neque
1349 842 1448 870 bestias
1460 843 1600 871 devorare.
1617 844 1705 879 Ipsum
1726 845 1806 880 igitur

1013 883 1092 912 undae
1105 891 1288 920 susceperunt,
1299 895 1349 914 nec
1361 887 1557 915 suffocaverunt
1569 898 1575 915 :
1587 895 1662 916 cetus
1675 890 1802 924 suscepit,

1013 933 1040 955 et
1061 937 1113 956 non
1137 930 1291 964 interemit;
1308 939 1399 959 verum
1415 937 1441 959 et
1464 933 1581 967 animal,
1603 939 1629 961 et
1644 935 1804 963 elementqu

1013 973 1147 1002 incolume
1160 975 1308 1010 depositum
1328 977 1383 1004 Deo
1398 978 1589 1012 reddiderunt;
1611 985 1639 1007 et
1656 988 1703 1015 per
1718 982 1806 1008 omnia

1014 1019 1200 1048 instituebatur
1214 1022 1353 1056 propheta,
1369 1027 1398 1050 ut
1411 1029 1482 1051 esset
1501 1030 1655 1052 mansuetus
1669 1030 1697 1053 et
1711 1026 1807 1053 huma-

1014 1072 1073 1098 nus,
1090 1070 1116 1093 et
1129 1073 1214 1101 neque
1227 1067 1316 1094 stultis
1330 1069 1427 1101 nautis,
1442 1076 1528 1104 neque
1543 1068 1607 1097 feris
1621 1070 1707 1103 undis,
1722 1078 1807 1106 neque

1012 1110 1105 1138 bestiis
1119 1111 1255 1139 crudelior
1269 1118 1348 1140 esset.
1369 1113 1474 1140 Etenim
1488 1120 1575 1142 nauta:
1593 1123 1646 1142 non
1667 1116 1692 1142 in
1708 1116 1806 1150 princi-

1012 1156 1056 1191 pio
1070 1157 1170 1189 statim,
1185 1157 1232 1184 sed
1248 1163 1307 1192 post
1321 1159 1432 1185 multam
1447 1159 1633 1187 necessitatem
1647 1161 1732 1195 ipsum
1745 1168 1805 1194 pro-

1012 1202 1157 1235 diderunt;
1179 1210 1253 1230 mare
1268 1211 1331 1230 vero
1354 1208 1382 1231 et
1405 1204 1489 1231 bestia
1504 1212 1565 1232 cum
1589 1206 1670 1232 multa
1686 1206 1805 1233 benevo-

1013 1247 1093 1274 lentia
1120 1248 1324 1282 custodierunt,
1349 1249 1404 1276 Deo
1431 1249 1487 1276 lucc
1509 1250 1599 1276 omnia
1622 1250 1803 1285 dispensante.

1013 1291 1102 1319 Rediit
1123 1292 1221 1327 igitur,
1246 1293 1415 1328 praedicavit,
1440 1294 1556 1321 minatus
1580 1300 1635 1328 est,
1661 1296 1802 1329 persuasit,

1012 1337 1134 1369 salvavit,
1151 1337 1256 1368 terruit,
1271 1338 1398 1370 correxit,
1415 1343 1442 1365 et
1460 1346 1511 1365 una
1525 1339 1664 1373 primaque
1678 1339 1805 1374 praedica-

1012 1382 1085 1410 tione
1099 1382 1213 1409 firmavit
1229 1391 1236 1409 :
1254 1390 1339 1418 neque
1352 1383 1423 1411 enim
1443 1384 1587 1412 multorum
1609 1385 1713 1412 dierum
1735 1385 1805 1412 iridi-

1012 1427 1067 1462 guit
1077 1448 1084 1461 ,
1103 1435 1189 1462 neque
1203 1428 1321 1455 continui
1335 1429 1437 1456 consilii
1451 1449 1458 1461 ,
1475 1429 1522 1457 sed
1538 1430 1609 1457 nuda
1624 1430 1666 1457 illa
1681 1431 1808 1465 loquutus

1012 1473 1092 1500 verba
1105 1494 1112 1506 ,
1135 1481 1229 1501 omnes
1244 1474 1270 1500 in
1286 1475 1469 1509 ptenitcutiam
1492 1475 1611 1503 deduxit.
1636 1475 1698 1504 Ideo
1717 1477 1803 1511 ipsum

1013 1526 1064 1546 non
1087 1520 1177 1546 statim
1201 1520 1235 1547 de
1255 1520 1359 1555 navigio
1384 1521 1453 1548 Deus
1474 1521 1507 1548 ad
1533 1522 1624 1549 urbem
1645 1522 1737 1554 duxit,
1756 1523 1803 1549 sed
1839 1523 1842 1526 ’

1013 1569 1101 1591 nauta:
1114 1565 1180 1592 mari
1196 1566 1371 1598 tradiderunt,
1389 1575 1462 1594 mare
1475 1571 1550 1600 ceto,
1565 1572 1640 1595 cetus
1655 1568 1720 1601 Deo,
1736 1568 1804 1596 Deus

1012 1610 1144 1644 Ninivitis,
1169 1616 1196 1639 et
1217 1619 1263 1646 per
1277 1612 1383 1647 longum
1406 1613 1546 1640 circuitum
1571 1612 1709 1648 profugum
1725 1613 1805 1641 resti-

1013 1657 1073 1689 tuit,
1095 1662 1124 1683 ut
1139 1665 1232 1685 omnes
1253 1658 1357 1691 doceat,
1379 1658 1425 1685 Dei
1448 1666 1542 1685 manus
1563 1659 1680 1694 effugere
1702 1659 1803 1694 impos—

1012 1702 1090 1730 sibile
1104 1710 1174 1729 esse.
1190 1702 1256 1729 Nam
1269 1711 1437 1738 quocumque
1450 1704 1509 1738 quis
1523 1704 1723 1738 proﬁciscatur,
1740 1712 1803 1739 pec—

1012 1751 1099 1774 catum
1114 1747 1287 1782 pertrahens,
1302 1748 1403 1776 infinita
1419 1748 1560 1776 sustinebit
1579 1749 1737 1776 detrimenta
1754 1759 1761 1776 :
1777 1755 1805 1777 ct

1012 1793 1032 1819 si
1049 1793 1185 1820 hominum
1201 1801 1279 1820 nemo
1294 1793 1381 1827 adsit,
1406 1794 1461 1828 ipsa
1481 1795 1667 1830 undecumque
1683 1800 1804 1823 creatura

1011 1845 1071 1865 cum
1087 1838 1168 1865 multa
1193 1839 1228 1865 illi
1253 1840 1360 1866 resistet
1375 1839 1552 1867 vehementia.
1575 1839 1614 1867 Ne
1637 1841 1714 1875 igitur
1736 1839 1803 1875 fugae

1011 1883 1122 1911 salutem
1139 1888 1255 1911 nostram
1277 1885 1433 1916 credamus,
1458 1885 1504 1912 sed
1527 1893 1631 1913 morum
1654 1886 1801 1913 mutationi.

1010 1928 1078 1955 Num
1094 1929 1163 1956 euitn
1184 1929 1246 1963 quia
1267 1930 1293 1957 in
1316 1931 1422 1957 civitate
1446 1938 1555 1961 manes,
1578 1936 1719 1965 propterea
1735 1932 1803 1958 Deus

1012 1974 1145 2007 irritatur,
1161 1980 1190 2002 ut
1203 1975 1307 2010 fugias?
1321 1976 1450 2009 Quoniam
1467 1977 1592 2010 peccasti,
1608 1983 1746 2011 propterea
1761 1977 1802 2003 in-

1011 2019 1144 2054 diguatur.
1170 2020 1251 2056 Igitur
1266 2025 1401 2056 peccatum
1424 2021 1544 2056 depone,
1568 2027 1594 2048 et
1615 2021 1685 2049 unde
1700 2022 1802 2049 vulneri

1010 2074 1089 2093 causa
1103 2088 1109 2099 ,
1134 2066 1194 2093 inde
1218 2067 1279 2094 mali
1301 2068 1399 2094 fontem
1424 2067 1707 2102 reprime:contraria
1731 2068 1802 2095 enim

1010 2112 1151 2138 contrariis
1165 2119 1262 2139 curare
1275 2117 1302 2139 et
1318 2112 1412 2138 medici
1431 2111 1534 2146 jubent.
1555 2112 1594 2139 Ex
1612 2113 1719 2147 crapula
1739 2120 1804 2147 ergo

1011 2161 1071 2183 nata
1084 2161 1125 2184 est
1138 2156 1236 2184 febris?
1249 2157 1336 2184 inedia
1349 2157 1471 2184 morbutn
1485 2158 1631 2191 corrigunt.
1646 2157 1684 2184 Ex
1698 2158 1802 2184 tristitia

1010 2203 1070 2236 quis
1085 2202 1233 2229 infirmatus
1248 2203 1309 2229 est?
1331 2202 1449 2229 laetitiam
1465 2202 1526 2229 huic
1540 2206 1629 2236 aptam
1645 2203 1803 2243 medicinam

1011 2255 1071 2275 esse
1091 2248 1191 2275 dicunt.
1218 2248 1262 2276 Sic
1277 2253 1305 2275 et
1321 2248 1346 2274 in
1371 2248 1467 2275 animae
1489 2247 1690 2282 aegritudinibus
1714 2248 1803 2275 facere

1011 2297 1127 2327 oportet.
1145 2293 1213 2320 Iram
1227 2297 1319 2328 torpor
1331 2293 1477 2320 excitavit?
1492 2293 1621 2320 industria
1634 2293 1703 2320 hanc
1715 2294 1803 2328 repel-

1011 2338 1113 2371 lamus,
1130 2339 1293 2374 multamqne
1315 2347 1368 2373 pra:
1389 2339 1466 2366 nobis
1487 2338 1603 2366 feramus
1616 2340 1801 2366 mutationem.

1011 2385 1144 2419 Jejunium
1168 2385 1296 2412 habemus
1318 2385 1522 2417 auxiliatorem,
1547 2389 1574 2412 et
1594 2386 1803 2422 commilitoni-ut

1011 2432 1156 2458 maximum
1168 2452 1175 2461 .
1192 2435 1219 2458 et
1233 2437 1329 2466 printer
1347 2431 1478 2466 jejunium
1494 2432 1635 2460 instantem
1655 2433 1803 2466 angustiam

1010 2485 1037 2506 et
1050 2480 1160 2514 periculi
1179 2480 1311 2507 timorem.
1325 2479 1456 2507 Instemus
1470 2479 1548 2514 igitur
1563 2479 1658 2506 animae
1672 2479 1723 2506 hoc
1739 2483 1804 2505 tem-

1011 2533 1076 2559 pore
1098 2535 1103 2552 :
1127 2526 1226 2552 etenim
1251 2526 1299 2560 ipsi
1324 2525 1412 2552 omnia
1437 2533 1610 2560 qumcumque
1629 2524 1805 2556 voluerimus,

1012 2570 1088 2597 facile
1110 2571 1269 2605 persuadere
1293 2571 1447 2605 poterimus.
1473 2570 1587 2598 Pavidus
1610 2570 1680 2597 enim
1701 2574 1728 2597 et
1753 2574 1806 2596 tre-

1013 2623 1108 2647 mens,
1131 2621 1159 2643 et
1182 2624 1196 2642 a
1219 2616 1320 2644 deliciis
1344 2617 1467 2643 omnibus
1492 2616 1647 2650 expeditus,
1672 2620 1752 2649 atque
1780 2615 1805 2640 in

1013 2662 1108 2688 timore
1123 2662 1233 2693 vivens,
1260 2662 1335 2689 facile
1358 2662 1538 2696 philosophari
1564 2666 1668 2696 potest,
1693 2665 1720 2687 et
1745 2668 1804 2687 cum

1012 2708 1091 2734 Innlta
1107 2708 1243 2735 alacritate
1258 2708 1362 2735 virtutis
1375 2708 1476 2735 semina
1497 2707 1641 2741 suscipere.

1049 2754 1073 2780 7.
1089 2753 1240 2781 Juramenta
1254 2755 1366 2780 vitanda.
1380 2768 1416 2773 -—
1430 2753 1547 2780 Primum
1567 2752 1645 2787 igitur
1655 2751 1679 2779 ei
1695 2758 1802 2786 persua-

1012 2801 1140 2833 deamus,
1163 2805 1191 2827 ut
1211 2808 1225 2827 a
1245 2800 1455 2835 juramentorum
1471 2798 1530 2832 fuga
1547 2798 1719 2825 mutationem
1734 2796 1801 2823 inci-

1012 2847 1088 2882 piat:
1105 2847 1154 2874 etsi
1176 2847 1247 2874 enim
1269 2846 1325 2874 heri
1349 2849 1374 2873 et
1397 2844 1589 2872 nudiustertius
1604 2843 1637 2870 de
1659 2842 1709 2870 hac
1729 2841 1801 2869 vobis
