1962 3121
166 129 200 156 79
534 125 563 153 S.
579 125 716 153 JOANNIS
736 125 970 152 CllRYSOSTOMI
990 124 1146 152 ARCIIIEP.
1167 124 1429 154 CONSTANTlNOP.
1769 125 1803 154 80

168 183 294 218 loquutus
307 190 365 210 sum
380 181 490 209 materia
501 203 508 214 ,
522 189 609 216 neque
622 187 709 209 tamen
724 181 802 208 hodie
816 180 954 213 desistam,

168 236 254 263 neque
268 235 341 259 cras,
358 235 444 262 neque
459 227 583 262 perendie
597 227 690 254 eadem
705 234 824 254 monere.
850 226 882 253 Et
895 227 957 261 quid

169 275 230 302 dico
243 274 386 301 crastinam
406 277 451 301 aut
474 274 578 301 tertiam
594 273 686 301 diem?
705 273 793 301 Donec
807 281 854 301 vos
868 280 958 300 corre-

168 324 225 347 ctos
239 319 351 352 videam,
373 327 427 346 non
441 319 568 346 absistam
583 329 588 345 :
607 319 630 346 si
645 320 715 347 enim
730 319 815 353 legem
830 319 957 354 praevari-

168 369 260 392 cantes
275 371 328 392 non
342 365 503 392 erubescunt
512 385 519 397 ,
536 366 619 392 multo
632 365 716 400 magis
730 372 779 392 nos
789 365 912 399 jubeutes
926 372 959 391 ne

166 410 375 445 pnevaricemini
385 431 393 443 ,
407 410 440 438 de
455 410 587 445 frequenti
601 410 783 438 admonitione
798 418 850 437 non
863 410 958 438 erube-

165 463 241 483 scere
264 463 311 491 par
329 461 379 483 est.
406 456 443 482 De
465 456 559 483 iisdem
572 456 643 483 enim
663 456 789 482 continue
803 462 957 482 commone-

166 501 273 533 facere,
299 510 351 529 non
372 502 505 534 dicentis,
529 501 574 528 sed
598 501 761 528 audientium
783 505 825 528 est
847 500 957 532 crimen,

167 548 290 574 diuturna
312 555 393 582 super
409 547 574 581 simplicibus
588 551 615 574 et
630 546 751 573 facilibus
766 546 905 580 praeceptis
920 546 958 572 iu-

167 593 312 627 digcntium
333 592 481 627 disciplina.
501 592 569 625 Quid
584 592 655 620 enim
678 592 780 619 facilius
803 599 882 626 quam
905 599 958 618 non

166 639 278 673 jurare?
301 638 508 666 Consuetudinis
534 644 633 666 tantum
660 646 726 673 opus
750 644 791 665 est
812 647 819 665 :
842 646 894 665 non
919 643 960 665 est

168 685 289 718 ecrporis
304 685 380 712 labor
391 705 398 717 ,
415 693 467 711 non
481 690 521 712 est
536 685 707 720 pecuniarum
724 684 897 719 impendium.
916 684 959 712 Vis

168 730 273 757 discere
294 730 428 765 quomodo
446 730 537 757 vilium
562 731 681 765 superari
699 730 806 765 possit?
827 730 960 765 quomodo

169 775 202 801 ab
229 776 348 810 improba
378 776 570 803 consuetudine
599 776 704 803 liberari
730 776 830 803 liceat?
854 776 909 808 Ego
935 780 960 802 te

168 820 311 854 quemdam
324 820 425 848 docebo
439 821 557 854 modum,
572 829 651 856 quem
665 822 686 848 si
701 821 833 854 tenueris,
850 828 959 856 supera-

171 865 211 893 his
225 866 345 893 omnino.
368 866 435 893 Cum
450 867 548 894 videris
571 868 683 902 teipsum
693 888 701 900 ,
716 867 757 894 vel
771 867 851 894 alium
866 875 959 902 quem-

169 918 240 944 que,
255 912 294 938 vel
310 918 415 939 servum
427 933 434 945 ,
451 912 492 940 vel
507 912 587 939 tilium
599 933 606 944 ,
622 913 664 939 vel
687 921 795 940 uxorem
818 913 868 940 hoc
891 913 961 940 malo

170 961 271 990 captos,
287 961 313 984 et
325 959 449 984 continue
464 958 697 991 commonefactos,
715 965 799 992 neque
813 963 958 990 correctos,

169 1001 233 1035 jube
255 1009 307 1028 non
327 1007 447 1030 comatos
467 1003 574 1035 cubare,
600 1007 627 1030 et
649 1003 716 1030 hanc
739 1003 838 1037 tibique
859 1008 886 1030 et
909 1003 961 1031 illis

170 1046 368 1073 damnationem
394 1047 499 1081 impone
512 1068 519 1079 ,
536 1047 732 1074 damnationem
755 1055 807 1074 non
823 1047 959 1081 damnant,

171 1091 218 1118 sed
233 1092 333 1118 lucrum
348 1091 488 1120 ferentem.
502 1092 575 1119 Talia
591 1092 662 1120 enim
677 1097 739 1119 sunt
752 1093 897 1127 spiritualia
913 1102 920 1120 :
935 1098 962 1120 ct

172 1138 272 1164 lucrum
287 1137 392 1169 ferunt,
412 1142 438 1165 et
452 1138 619 1165 celerrimam
641 1140 834 1166 correctionem
850 1148 856 1167 :
873 1139 960 1174 lingua

170 1183 241 1210 enim
255 1183 362 1211 assidue
377 1185 492 1211 cruciata
506 1205 513 1217 ,
530 1185 571 1211 vel
587 1186 693 1212 nemine
706 1190 892 1214 commonente
905 1186 961 1213 suf-

171 1228 303 1256 ficientem
314 1230 383 1264 Capit
392 1229 598 1257 admonitionem
611 1238 625 1257 a
638 1231 680 1257 siti
688 1238 852 1265 compressa,
863 1239 879 1259 a
892 1231 961 1259 fame

171 1273 317 1308 angustiam
331 1282 338 1306 ;
365 1279 389 1301 et
405 1274 467 1302 licet
480 1275 598 1302 omnium
613 1276 697 1303 simus
711 1276 873 1303 stolidissimi
885 1297 892 1308 ,
907 1281 960 1303 tota

172 1318 216 1346 die
231 1319 308 1353 hujus
322 1321 445 1347 tormenti
460 1321 641 1355 magnitudine
653 1321 817 1354 commoniti,
832 1322 885 1349 alio
898 1329 962 1349 eon-

171 1365 231 1390 silio
245 1369 271 1392 et
286 1365 466 1392 admonitione
483 1373 535 1393 non
558 1366 744 1401 indigebimus.
762 1367 901 1394 Laudastis
919 1367 960 1395 di-

171 1413 213 1436 cta
225 1431 232 1441 ,
245 1417 336 1436 verum
350 1415 376 1437 et
389 1409 465 1437 factis
479 1411 582 1438 laudem
597 1411 786 1439 demonstrate.
802 1412 876 1445 Quod
890 1413 960 1439 enim

172 1453 269 1489 alioqui
294 1454 371 1488 hujus
395 1455 530 1482 couciouis
545 1456 775 1483 emolumentum?
797 1457 823 1484 Si
845 1457 961 1491 quotidie

173 1500 298 1533 puerulus
312 1499 345 1526 ad
365 1499 482 1527 scholam
499 1505 602 1535 pergat,
621 1506 711 1535 postea
727 1502 764 1528 nil
781 1501 883 1534 discat,
898 1510 960 1528 num

173 1545 206 1572 ad
221 1546 417 1573 excusationem
433 1545 546 1573 sufﬁciat
559 1547 644 1580 nobis,
662 1548 748 1582 ipsum
769 1547 833 1574 illuc
845 1548 962 1582 quotidie

174 1591 305 1624 pergere?
321 1597 372 1617 non
387 1590 437 1618 hoc
451 1591 536 1625 ipsum
552 1592 696 1618 maximum
709 1591 837 1619 ducemus
850 1593 960 1626 crimen,

173 1635 243 1669 quod
264 1643 310 1669 per
331 1636 448 1670 singulos
471 1636 528 1664 dies
551 1637 613 1664 illuc
637 1644 768 1673 pergens,
792 1638 842 1665 hoc
865 1638 961 1666 frustra

175 1680 274 1707 faciat?
289 1680 344 1707 Iloc
359 1686 386 1708 et
400 1681 426 1707 in
442 1681 519 1708 nobis
534 1682 597 1716 ipsis
612 1683 757 1717 cogitemus
768 1704 775 1716 ,
792 1687 819 1710 et
831 1684 898 1711 intra
913 1692 962 1711 nos

173 1724 246 1759 ipsos
256 1725 376 1753 dicamus
389 1735 395 1752 :
407 1726 521 1753 Tantum
535 1728 662 1762 temporis
672 1728 705 1755 ad
716 1729 856 1756 ecclesiam
869 1737 961 1757 occur-

174 1775 264 1797 rentes
275 1791 281 1801 ,
306 1771 499 1798 terribilissima
515 1772 630 1800 fruentes
645 1773 752 1808 synaxi,
769 1774 877 1809 ipsaque
892 1775 962 1802 mul-

175 1821 230 1842 tum
251 1816 353 1842 lucrum
377 1816 509 1849 habente,
532 1818 554 1844 si
578 1818 642 1845 tales
663 1826 768 1845 rursum
782 1818 960 1852 discedamus,

174 1861 266 1895 quales
279 1860 444 1894 advenimus,
462 1862 562 1889 nullum
576 1863 724 1890 defectuum
739 1869 889 1890 noetrorum
903 1872 963 1891 eor-

174 1906 293 1940 rigentes
303 1927 310 1938 ,
325 1914 384 1940 quzc
398 1907 474 1933 nobis
489 1907 539 1934 erit
558 1907 636 1942 hujus
657 1908 827 1942 profectionis
841 1909 939 1936 utilitas
951 1909 962 1935 ?

175 1951 277 1978 Etenim
300 1952 382 1979 multa
398 1960 449 1979 non
471 1959 579 1988 propter
593 1962 622 1981 se
645 1954 709 1981 ﬁunt
720 1976 727 1987 ,
748 1955 794 1982 sed
810 1961 917 1990 propter
931 1964 961 1983 ea

173 2005 233 2031 qu;e
254 2004 288 2024 ex
310 1997 374 2031 ipsis
397 1999 532 2025 eveniunt.
557 1999 640 2032 Quale
664 2000 725 2027 illud
750 2005 790 2028 est
807 2010 812 2028 :
828 2002 962 2029 seminans

175 2049 226 2068 non
242 2041 303 2069 ideo
317 2043 447 2076 seminat,
469 2048 498 2070 ut
512 2048 612 2071 tantum
626 2046 749 2078 seminet,
764 2047 809 2073 sed
826 2053 852 2073 ut
867 2052 893 2074 et
907 2055 960 2075 mc-

174 2092 212 2114 tat
228 2095 234 2113 :
249 2087 319 2122 quod
332 2087 383 2115 nisi
399 2089 448 2116 hoc
463 2088 554 2122 ﬁeret,
573 2094 599 2117 et
611 2091 736 2117 damnum
750 2093 876 2119 sementis
890 2098 963 2127 pate-

175 2139 261 2166 retur,
277 2134 423 2163 seminibus
442 2136 573 2164 incassum
589 2137 752 2172 putrefactis.
767 2138 895 2166 Mercator
909 2148 960 2166 non

176 2183 282 2213 propter
295 2179 345 2206 hoc
357 2180 478 2215 navigat,
494 2186 521 2208 ut
535 2185 637 2209 tantum
650 2183 763 2218 naviget,
779 2183 826 2211 sed
842 2188 870 2210 ut
884 2192 961 2218 pcre-

174 2223 304 2256 grinando
315 2225 460 2252 auctiorem
477 2225 555 2253 faciat
575 2234 632 2254 rem
649 2236 655 2254 :
670 2229 740 2263 quod
755 2229 803 2256 nisi
819 2229 868 2257 hoc
881 2230 960 2263 adsit,

175 2274 201 2294 et
214 2267 339 2296 daumunt
355 2270 457 2298 accidet
469 2277 627 2306 extremum,
644 2280 670 2301 et
683 2274 810 2302 damnosa
832 2282 961 2303 mercato-

176 2321 233 2339 rum
249 2315 434 2349 peregrinatio.
449 2316 505 2344 Hoc
522 2317 591 2345 ident
605 2324 632 2345 et
647 2320 673 2345 in
688 2321 764 2347 nobis
777 2320 840 2355 ipsis
854 2321 961 2348 ratioci-

175 2366 270 2386 nemur
282 2369 289 2386 :
303 2361 400 2387 etenim
415 2366 441 2388 et
455 2370 503 2389 nos
516 2363 541 2389 in
557 2364 694 2392 ecclesiam
710 2367 892 2400 convenimus,
908 2375 959 2395 non

175 2409 285 2438 propter
298 2405 348 2433 hoc
361 2406 446 2440 ipsum
461 2408 556 2440 solum,
572 2413 600 2436 ut
611 2409 654 2437 hic
667 2411 852 2445 immoremur,
870 2414 916 2441 sed
933 2420 962 2441 ut

175 2449 273 2483 aliquid
287 2457 411 2486 magnum
425 2456 452 2479 et
472 2454 606 2487 spirituale
626 2455 719 2483 lucrati
735 2457 910 2485 discedamus.
933 2459 960 2487 Si

175 2495 255 2529 igitur
272 2496 364 2523 inanes
378 2501 406 2523 et
419 2497 485 2525 nihil
505 2499 592 2533 adepti
607 2500 743 2533 abeamus,
759 2503 960 2531 condemnatio-

174 2548 234 2567 nem
251 2542 328 2569 nobis
341 2542 391 2570 ltoc
404 2543 518 2571 studium
532 2551 658 2573 accerset.
675 2547 749 2580 Quod
764 2556 797 2576 ne
813 2550 866 2582 ﬁat,
881 2555 961 2584 utque

175 2589 276 2612 tantum
290 2586 414 2615 damnum
431 2589 572 2623 evitemus,
587 2592 714 2620 abeuntes
731 2593 801 2626 hinc,
819 2595 886 2621 inter
901 2603 959 2622 sese

174 2633 252 2660 amici
267 2640 326 2660 cum
343 2633 402 2661 ﬁliis
419 2639 506 2669 patres
517 2657 523 2668 ,
544 2644 602 2663 eum
618 2639 701 2666 servis
714 2639 831 2672 domini,
847 2641 959 2668 medita-

176 2680 257 2712 mini,
273 2685 300 2707 et
314 2680 432 2708 laborale
444 2683 576 2717 quomodo
591 2684 746 2719 imperatum
761 2686 917 2720 expediatis,
933 2692 960 2714 ut

174 2729 312 2760 postquam
329 2725 423 2753 iterum
445 2728 543 2755 reversi
563 2729 664 2757 fueritis
676 2751 683 2763 ,
710 2736 736 2758 et
756 2732 790 2758 de
804 2732 896 2759 iisdem
911 2741 959 2760 nos

171 2770 314 2798 snmieutes
335 2772 487 2806 audieritis,
508 2781 559 2801 non
576 2775 676 2809 pudore
698 2776 846 2804 afﬁciamini
859 2798 866 2809 ,
889 2786 959 2805 mor—

171 2815 251 2843 dente
265 2824 311 2844 vos
325 2818 496 2852 couscicntia,
511 2819 557 2847 sed
572 2821 718 2855 gaudeatis,
733 2827 757 2849 et
775 2822 898 2851 ltt-temini
912 2827 957 2851 ad-

1014 180 1168 208 monitionis
1188 181 1314 216 majorem
1333 181 1409 208 vobis
1429 186 1531 217 partem
1546 181 1676 217 expletam
1695 183 1803 216 compi-

1010 231 1119 253 ctcntes.
1143 225 1204 253 ll:ec
1225 234 1277 253 non
1301 231 1403 254 tantum
1428 227 1471 254 hic
1493 227 1710 262 philosopbemur
1725 236 1732 254 :
1748 235 1801 254 non

1010 273 1080 300 enim
1105 273 1161 301 hate
1183 279 1368 301 momentanea
1391 273 1538 301 admonitio
1561 278 1644 301 totum
1665 273 1797 301 eradicare

1011 322 1115 352 potest,
1132 326 1224 346 verum
1238 322 1266 346 et
1280 318 1351 346 domi
1372 319 1412 345 vir
1426 318 1458 345 ab
1472 326 1554 345 uxore
1567 318 1624 346 bmc
1640 318 1747 350 audiat,
1771 324 1798 346 et

1011 370 1077 390 uxor
1091 370 1104 389 a
1120 363 1232 398 conjuge
1248 372 1254 389 :
1276 369 1302 391 et
1321 364 1455 391 aemulatio
1469 363 1589 398 quaedam
1613 364 1658 391 ﬁat
1677 372 1730 391 οιιιι
1742 364 1800 391 ibus

1010 408 1042 435 ad
1057 409 1134 443 hujus
1151 409 1216 444 legis
1231 409 1414 443 impletionem
1427 409 1566 444 pervenire
1579 408 1760 442 studentibus,
1773 413 1802 436 et

1010 454 1054 488 qni
1079 454 1150 488 prius
1172 453 1322 488 impleverit
1334 454 1466 481 deﬁcienti
1486 454 1648 489 exprobret,
1672 458 1700 481 ut
1713 454 1799 488 ipsum

1011 498 1094 533 magis
1106 499 1203 526 excitet
1218 508 1225 526 :
1239 500 1284 534 qui
1297 499 1396 531 deficit,
1419 503 1446 526 et
1460 499 1576 526 nondum
1591 500 1718 534 implevit,
1734 508 1802 534 pra:-

1011 544 1162 571 venientem
1184 549 1305 579 spectet,
1328 549 1355 572 et
1368 545 1401 572 ad
1427 545 1511 580 ipsum
1526 545 1648 572 celeriter
1663 545 1802 580 pervenire

1010 589 1162 616 contendat.
1177 589 1204 616 Si
1218 589 1274 616 ha:c
1290 589 1457 621 meditemur,
1472 590 1494 616 si
1509 590 1565 617 haec
1577 597 1711 622 curemus,
1726 590 1801 618 brevi

1013 637 1087 662 nobis
1101 641 1128 663 et
1150 635 1201 662 alia
1220 644 1348 671 prospere
1371 637 1475 672 negotia
1496 635 1653 671 dirigentur.
1679 636 1719 663 Tu
1742 644 1802 672 qua:

1013 681 1057 708 Dei
1072 686 1133 707 sunt
1146 681 1274 708 meditare
1285 702 1292 714 ,
1307 687 1334 708 et
1350 681 1406 716 ipse
1427 682 1478 709 tuis
1497 681 1654 716 providebit.
1670 681 1723 709 Nec
1736 682 1802 709 mihi

1011 725 1083 752 dicas
1099 736 1104 753 :
1119 726 1186 760 Quid
1201 734 1281 760 vero,
1295 727 1316 753 si
1331 727 1389 762 quis
1407 727 1513 761 jurandi
1528 728 1712 755 necessitatem
1725 728 1804 755 nobis

1012 771 1150 805 imponat?
1173 771 1236 806 quid
1252 772 1274 799 si
1297 779 1350 798 non
1370 772 1482 799 credat?
1505 771 1575 800 Sane
1588 780 1670 805 vero,
1693 773 1737 800 ubi
1761 773 1802 800 lex

1012 817 1148 849 violanda,
1166 817 1332 845 necessitatis
1355 818 1509 845 meminisse
1530 825 1582 845 non
1604 823 1719 853 oportet.
1746 818 1803 846 Una

1011 867 1053 888 cst
1067 861 1137 888 enim
1151 862 1310 889 inevitabilis
1323 862 1480 895 necessitas,
1494 863 1575 890 Deum
1588 870 1640 890 non
1654 863 1802 891 offendere.

1014 906 1202 934 Verumtamen
1220 906 1327 934 interim
1348 906 1412 934 illud
1427 911 1539 942 prtesta,
1560 907 1695 943 superﬂua
1714 908 1805 936 recide

1009 950 1176 984 juramenta.
1194 956 1295 979 temere
1314 956 1341 978 et
1362 952 1419 979 sine
1441 953 1616 986 necessitate,
1637 952 1721 986 domi,
1742 961 1804 980 cum

1012 997 1114 1030 amicis,
1127 1005 1188 1025 cum
1201 998 1290 1025 servis
1305 997 1405 1032 prolata
1421 1007 1428 1025 :
1442 999 1463 1025 si
1479 997 1535 1025 haec
1547 998 1696 1031 sustuleris,
1713 998 1739 1025 in
1752 999 1806 1026 illis

1013 1043 1064 1069 κιαι
1085 1043 1150 1070 nihil
1171 1043 1285 1078 amplius
1300 1043 1430 1078 indigebis
1445 1052 1452 1070 ε
1467 1044 1553 1078 ipsum
1575 1043 1647 1071 enim
1661 1051 1692 1071 os
1711 1044 1737 1071 in
1754 1044 1806 1072 hoc

1013 1089 1200 1122 exercitatum,
1214 1093 1242 1115 ut
1253 1089 1359 1123 jurandi
1374 1088 1550 1123 frequentiam
1567 1089 1659 1116 timeat
1671 1094 1698 1117 et
1712 1089 1804 1124 fugiat.

1014 1141 1099 1169 neque
1110 1134 1131 1161 si
1145 1135 1203 1169 quis
1215 1134 1311 1161 millies
1320 1134 1448 1169 coegerit,
1460 1135 1487 1161 in
1500 1134 1571 1161 illam
1582 1134 1696 1169 amplius
1708 1135 1805 1162 cadere

1012 1179 1230 1207 consuetudinem
1250 1179 1381 1207 admittet.
1406 1179 1459 1208 Sed
1475 1185 1503 1207 ut
1518 1187 1588 1208 nunc
1607 1180 1692 1207 multo
1714 1180 1806 1207 labore

1013 1230 1040 1252 et
1053 1224 1154 1251 inﬁnita
1168 1225 1388 1253 interturbatione
1400 1246 1407 1258 ,
1423 1231 1554 1253 terrentes
1566 1246 1572 1256 ,
1590 1226 1738 1258 minantes,
1755 1226 1805 1253 ad-

1014 1274 1164 1303 monentes,
1180 1271 1365 1303 consulentes,
1379 1272 1423 1298 vix
1438 1273 1572 1305 potuimus
1585 1271 1610 1298 in
1624 1271 1702 1298 aliam
1718 1271 1805 1306 ipsum

1013 1316 1232 1344 consuetudinem
1258 1321 1437 1344 transmutare
1462 1326 1468 1343 :
1492 1317 1531 1344 sic
1553 1321 1580 1344 et
1601 1321 1664 1344 tunc
1685 1317 1805 1352 quidem,

1014 1363 1075 1389 licet
1089 1362 1217 1389 inliuitam
1233 1363 1292 1397 quis
1307 1362 1403 1390 inferat
1417 1362 1602 1390 necessitatem
1613 1382 1621 1394 ,
1638 1363 1705 1390 hanc
1718 1367 1806 1390 trans—

1012 1407 1086 1442 gredi
1100 1407 1184 1443 legem
1197 1415 1250 1434 non
1270 1408 1367 1442 poterit
1379 1407 1542 1443 persuadere
1555 1416 1562 1440 ;
1581 1407 1626 1435 sed
1641 1409 1709 1436 sicut
1723 1416 1807 1436 vene-

1013 1461 1076 1480 num
1089 1453 1231 1488 quodpiam
1247 1461 1389 1488 numquam
1408 1458 1517 1488 gustare
1532 1453 1591 1488 quis
1606 1454 1701 1488 vellet,
1723 1455 1805 1482 etiam

1014 1499 1129 1526 instante
1143 1499 1318 1532 necessitate,
1335 1499 1373 1526 sic
1386 1507 1472 1534 neque
1487 1499 1637 1534 juramenta
1651 1499 1804 1527 admittere.

1014 1544 1070 1572 Hoc
1087 1549 1176 1572 autem
1190 1545 1213 1572 si
1236 1545 1289 1577 iiat,
1312 1545 1387 1572 vobis
1399 1545 1518 1572 solamen
1533 1545 1595 1578 erit,
1611 1549 1637 1572 et
1652 1545 1805 1572 hortamen-

1015 1595 1069 1617 tum
1085 1590 1118 1617 ad
1133 1590 1248 1625 reliquas
1261 1590 1366 1617 virtutis
1381 1595 1469 1625 partes
1481 1591 1656 1625 attingendus.
1670 1591 1719 1625 Qui
1733 1592 1806 1618 enim

1015 1636 1081 1662 nihil
1095 1636 1225 1670 praestitit,
1244 1637 1371 1670 torpescit
1384 1641 1410 1663 et
1432 1636 1486 1663 cito
1505 1636 1621 1663 concidit
1634 1637 1737 1668 animo,
1759 1637 1806 1671 qui

1014 1688 1078 1707 vero
1100 1680 1149 1708 sibi
1171 1681 1293 1708 conscius
1314 1685 1373 1714 est,
1397 1681 1467 1716 quod
1486 1681 1526 1708 vel
1549 1689 1631 1708 unum
1654 1682 1806 1716 expleverit

1014 1725 1177 1755 mandatum.
1191 1734 1225 1753 ex
1239 1726 1290 1754 hoc
1303 1726 1371 1754 bene
1389 1734 1496 1761 sperare
1509 1727 1613 1760 doctus,
1634 1728 1726 1763 majori
1742 1736 1804 1755 cum

1014 1771 1102 1798 studio
1116 1771 1150 1798 ad
1169 1772 1269 1806 reliqua
1282 1771 1408 1806 procedet
1423 1780 1430 1798 :
1444 1777 1536 1807 postea
1553 1772 1622 1799 aliud
1635 1773 1757 1807 capiens,
1771 1773 1806 1800 ad

1014 1817 1085 1844 aliud
1103 1817 1226 1844 celeriter
1241 1818 1346 1850 veniet,
1362 1825 1412 1845 nec
1434 1818 1506 1852 prius
1528 1818 1657 1852 desistet,
1678 1826 1757 1853 quam
1771 1819 1804 1846 ad

1015 1863 1100 1896 ipsum
1115 1862 1220 1890 culmen
1235 1863 1383 1897 perveniat.
1400 1863 1427 1890 Si
1442 1863 1513 1890 enim
1529 1863 1555 1890 in
1572 1864 1690 1898 pecuniis
1705 1869 1805 1899 quanto

1014 1908 1072 1942 quis
1085 1909 1174 1942 plures
1186 1909 1398 1942 comparaverit,
1413 1913 1487 1936 tanto
1507 1909 1596 1944 plures
1609 1910 1682 1944 cupit
1698 1920 1704 1937 :
1720 1911 1804 1938 multo

1015 1953 1098 1987 magis
1116 1953 1141 1980 in
1155 1953 1250 1980 ofﬁciis
1271 1954 1451 1988 spiritualibus
1465 1954 1516 1981 hoc
1535 1954 1688 1990 contingere
1702 1956 1802 1983 videas.

1014 1999 1157 2033 Propterea
1173 1999 1269 2026 festino
1284 2004 1311 2026 et
1325 2007 1418 2034 urgeo,
1435 2005 1463 2026 ut
1478 2008 1521 2027 res
1535 2001 1690 2035 principium
1705 2002 1802 2035 capiat,

1015 2050 1042 2071 et
1061 2045 1087 2071 in
1108 2044 1203 2071 animis
1217 2045 1313 2072 vestris
1335 2045 1439 2072 virtutis
1461 2045 1659 2072 fundamentum
1680 2046 1803 2080 jaciatur,

1015 2094 1041 2116 et
1063 2097 1204 2124 precamur
1226 2095 1252 2117 et
1272 2090 1469 2124 supplicamus,
1495 2096 1522 2117 ut
1543 2098 1596 2117 non
1618 2096 1717 2118 tantum
1739 2092 1803 2118 hora

1016 2135 1139 2169 praesenti
1161 2136 1254 2162 horum
1270 2136 1328 2161 sitis
1342 2136 1484 2162 verborum
1505 2143 1636 2163 memores
1647 2156 1655 2167 ,
1672 2144 1761 2163 verum
1777 2142 1805 2164 et

1015 2180 1085 2207 domi
1096 2200 1103 2212 ,
1119 2184 1146 2207 et
1159 2180 1186 2207 in
1206 2179 1279 2212 foro,
1294 2184 1321 2207 et
1336 2179 1497 2215 ubicumque
1518 2181 1729 2208 commoremini.
1746 2181 1804 2209 Uti-

1014 2234 1074 2253 nam
1088 2226 1152 2253 mihi
1165 2225 1222 2252 dari
1237 2230 1337 2260 posset,
1350 2230 1378 2252 ut
1389 2226 1525 2253 vobiscum
1538 2233 1713 2254 conversarer
1726 2228 1733 2254 !
1750 2234 1802 2254 non

1016 2272 1066 2298 hoc
1080 2271 1157 2306 longo
1170 2271 1235 2298 mihi
1247 2278 1370 2298 sermone
1383 2271 1478 2299 fuisset
1488 2279 1555 2306 opus
1566 2280 1574 2298 :
1587 2279 1657 2299 nunc
1668 2280 1731 2300 vero
1742 2281 1802 2301 eum

1016 2318 1065 2344 hoc
1079 2325 1130 2344 non
1152 2317 1249 2350 liceat,
1263 2324 1310 2344 vos
1325 2324 1368 2344 me
1388 2318 1499 2345 absente
1514 2318 1655 2346 verborum
1670 2327 1804 2348 memores

1014 2368 1099 2390 estote
1111 2371 1242 2395 meorum,
1262 2367 1290 2391 et
1309 2363 1342 2390 ad
1356 2371 1475 2390 mensam
1495 2364 1619 2392 sedentes
1638 2365 1740 2400 ingredi
1760 2374 1803 2394 me

1016 2414 1113 2443 putate,
1125 2413 1152 2437 et
1164 2409 1280 2441 adstare,
1295 2413 1322 2436 et
1333 2410 1422 2436 omnia
1435 2417 1495 2444 qua:
1508 2417 1578 2437 nunc
1589 2410 1665 2437 vobis
1676 2410 1719 2438 hic
1731 2411 1802 2443 dico,

1015 2456 1137 2482 insonare
1151 2463 1157 2481 :
1177 2459 1204 2482 et
1219 2455 1377 2489 ubicumque
1391 2455 1467 2482 vobis
1488 2455 1521 2482 de
1536 2463 1579 2483 me
1594 2455 1732 2484 habebitur
1745 2464 1804 2483 ser-

1015 2510 1068 2532 litt),
1086 2509 1139 2535 pra:
1152 2501 1275 2528 omnibus
1288 2500 1365 2535 hujus
1378 2504 1541 2529 mementote
1552 2501 1680 2530 mandati.
1695 2506 1722 2529 et
1735 2502 1804 2530 hanc

1015 2549 1078 2575 mihi
1102 2548 1199 2575 amoris
1222 2547 1248 2574 in
1269 2555 1316 2574 vos
1340 2547 1390 2574 mei
1414 2547 1614 2574 retributionem
1640 2547 1764 2575 reddite:
1780 2549 1803 2575 si

1015 2594 1064 2621 hoc
1078 2602 1124 2620 vos
1138 2594 1261 2627 implesse
1275 2593 1376 2624 videro,
1398 2598 1481 2620 totum
1496 2594 1595 2628 recepi,
1609 2594 1716 2628 dignam
1730 2595 1804 2621 laboo

1015 2647 1072 2666 rum
1086 2640 1145 2674 cepi
1160 2638 1321 2666 tnerccdem.
1337 2638 1372 2666 Ut
1391 2639 1469 2673 igitur
1483 2644 1508 2665 et
1520 2646 1570 2666 nos
1582 2639 1698 2666 reddatis
1715 2648 1804 2674 prorn-

1015 2686 1123 2720 ptiores,
1143 2689 1170 2711 et
1181 2691 1228 2710 vos
1248 2684 1323 2710 bona:
1337 2684 1392 2717 spei
1410 2683 1572 2716 efﬁciamini,
1586 2689 1613 2712 et
1627 2685 1755 2718 majorem
1768 2685 1802 2711 ad

1015 2731 1114 2765 reliqua
1125 2729 1248 2757 mandata
1260 2729 1411 2758 facilitatem
1424 2730 1531 2764 paretis,
1545 2729 1627 2756 multo
1638 2729 1706 2757 hanc
1718 2730 1802 2764 legem

1013 2778 1101 2805 studio
1116 2777 1140 2803 in
1155 2775 1249 2802 animis
1262 2775 1356 2802 vestris
1370 2774 1504 2809 reponite,
1525 2779 1551 2802 et
1565 2780 1627 2802 tunc
1640 2775 1801 2802 admonitio-

1016 2824 1056 2851 nis
1071 2823 1208 2850 utilitatem
1224 2821 1322 2849 scietis.
1345 2820 1474 2855 Qnouiam
1491 2826 1513 2848 ct
1531 2828 1640 2847 aureum
1657 2820 1801 2849 vestimen-
