1962 3121
82 151 115 179 81
584 147 631 174 AD
645 143 805 174 POPULUM
825 143 1066 174 ANTIOCHENUM
1098 143 1212 171 llOMlL.
1234 141 1277 168 Vl.
1708 140 1741 167 83

87 217 146 237 tum
163 217 196 236 ex
210 216 238 235 se
251 206 398 243 pulchrum
413 206 516 233 videtur
527 227 534 239 ,
549 205 631 232 multo
647 204 782 240 pulchrius
803 207 892 230 autem

90 255 170 283 nobis
184 254 319 280 videbitur
334 258 431 279 nostro
442 251 658 286 circumpositum
671 249 776 284 corpori
794 255 802 281 ;
817 248 855 276 sic
866 252 894 275 et

91 301 139 328 Dei
153 298 280 327 mandata
293 297 407 333 pulchra
420 297 525 332 quidem
538 300 608 328 sunt,
620 296 700 323 etiam
711 303 771 322 cum
785 293 895 321 laudan-

89 351 153 377 'ur;
174 344 260 371 multo
281 347 373 370 autem
405 342 578 378 pulchriora,
601 349 661 368 cutn
693 344 720 368 et
741 340 892 375 explemur,

92 395 234 426 apparent.
250 389 359 417 Etenim
374 396 446 416 nune
467 388 539 416 brevi
555 387 682 422 temporis
697 391 834 414 momento
852 386 894 413 di-

92 443 135 464 cta
148 441 243 463 nostra
255 435 390 467 laudatis;
405 435 427 461 si
440 441 505 461 vero
519 441 562 461 res
576 433 719 467 impleatis,
731 439 779 466 per
788 438 895 458 omnetn

95 484 178 515 diem,
192 487 219 509 et
234 489 282 516 per
293 488 377 508 omne
388 485 504 514 tempus,
518 485 546 506 et
558 486 608 506 nos
620 484 647 505 et
661 485 709 505 vos
721 478 793 512 ipsos
807 476 900 503 lauda-

944 200 1018 229 bitis.
1034 200 1088 228 Nec
1104 200 1154 227 hoc
1167 204 1355 234 estmagnum,
1369 197 1439 233 quod
1451 198 1562 226 invicem
1579 205 1626 225 nos
1641 196 1733 224 lauda-

947 248 1053 280 bitnus,
1068 246 1114 273 sed
1128 245 1197 281 quod
1214 249 1240 272 et
1256 245 1325 272 Deus
1343 252 1391 271 nos
1411 244 1537 278 suscipiet
1553 252 1558 270 :
1573 250 1621 270 nec
1638 248 1739 269 tantum

947 293 1093 328 suscipiet,
1115 291 1162 319 sed
1177 296 1204 318 et
1226 291 1329 325 magnis
1345 289 1396 316 illis
1417 288 1631 316 remum-rabitur
1652 292 1678 314 et
1698 288 1736 314 in-

949 339 1097 367 eﬂ'abilibus
1109 338 1187 365 donis
1203 346 1210 363 :
1224 344 1282 372 qnte
1298 343 1347 363 nos
1361 342 1454 362 onmes
1474 334 1578 369 assequi
1593 335 1739 368 contingat,

948 385 1032 420 gratia
1047 382 1152 411 Domini
1167 382 1251 409 nostri
1265 381 1327 409 Jesu
1341 380 1459 413 Christi,
1485 386 1532 414 per
1549 387 1627 414 quem
1642 384 1669 406 ct
1681 387 1742 405 cum

950 437 1002 464 quo
1018 428 1088 456 Patri
1112 428 1196 463 gloria
1219 435 1272 454 una
1295 434 1355 454 cum
1379 431 1471 453 sancto
1493 425 1603 459 Spiritu,
1628 433 1698 451 nunc
1717 428 1742 450 ιιι

953 482 1067 510 semper,
1081 479 1107 501 et
1121 474 1147 500 in
1162 474 1260 500 szecula
1272 472 1440 499 smculorum.
1461 471 1556 498 Amen.

98 532 1748 557 ___________.___——-———____________._____

95 598 182 626 ρι’οο
203 596 308 619 υτιιις
331 596 389 617 EST
412 593 662 616 MAGISTRATUUM
684 590 797 618 TIMOR,
820 590 861 611 ET
881 587 1042 610 NARRATIO
1065 586 1194 613 E011UM,’
1210 585 1281 611 QUB
1302 567 1370 605 Ρεῐιί
1385 583 1464 605 νιΑΜ
1484 582 1687 605 ACCIDERUNT
1708 580 1747 601 H5

137 649 191 675 ρυι
213 646 362 668 NUNTIUM
387 644 564 667 SEDITIONIS
585 640 781 664 IMPERATORI
800 638 1008 661 AFFEREBANT
1033 638 1040 657 Ξ

1066 637 1104 657 ET
1126 636 1210 662 QUOD
1225 635 1280 660 QUI
1297 634 1428 655 lNDlGNA
1446 632 1584 653 PATITL‘B
1614 632 1653 652 ET
1667 631 1750 652 GRA—

137 697 205 720 TIAS
227 696 304 718 AGIT
328 695 466 716 PERMIT'I
476 694 548 715 ENTI
572 692 646 719 DEO,
669 691 730 712 PAR
750 690 799 711 SIT
822 689 853 710 El
875 688 930 714 QUI
943 688 1037 709 TALIA
1053 686 1196 708 PROPTER
1209 685 1298 706 DEUM
1317 684 1465 706 PATITUR.
1487 682 1635 703 EXEMPLA
1664 681 1742 702 “CR-

138 748 196 770 SUll
213 748 230 768 Δ
254 745 374 768 τιιωυε
398 738 508 766 Ρυειιις
532 743 571 765 ΕΤ
593 741 736 764 FORNACE
758 738 954 760 BABYLONICA
978 738 985 758 ἶ

1010 737 1049 758 ΕΤ
1071 737 1112 757 DE
1133 734 1343 756 ABSTINENTIA
1365 735 1384 755 Δ
1405 731 1616 755 δυειΑΜΕΝτιε.

750 797 1111 817 κπηη-δ-Ποσπυ-οττπδ

430 882 540 902 Ποιιιιιιι
559 881 595 900 Ἥ.

141 948 165 975 1.
185 945 281 973 Multos
295 944 408 980 quidem
432 941 610 977 impendimus
627 940 847 968 diescltaritatem
858 943 906 963 ve-

105 1001 184 1022 str-ain
201 991 399 1019 consolantes:
415 996 469 1015 non
481 991 620 1022 propterea
637 991 725 1011 tamen
747 985 780 1011 ab
795 983 844 1010 hac
857 982 906 1008 de-

106 1040 231 1066 sisti-mus
242 1036 377 1067 materia;
393 1034 441 1061 sed
452 1033 538 1060 donec
552 1031 665 1058 tristitia:
681 1029 776 1056 vulnus
799 1035 906 1055 reman-

107 1085 179 1115 serit,
202 1081 403 1110 consolationis
430 1079 654 1107 medicamentum
678 1076 855 1110 imponemus.
880 1073 906 1100 Si

107 1131 178 1157 enim
193 1128 318 1163 corporis
330 1127 445 1154 vulnera
458 1132 552 1152 curare
576 1131 628 1150 non
650 1122 775 1149 desinunt
801 1119 907 1152 medici,

106 1175 192 1202 donec
201 1173 336 1201 desivisse
354 1172 477 1198 dolorem
492 1169 624 1196 viderint:
651 1167 734 1194 ntulto
753 1166 837 1200 magis
859 1164 909 1191 hoc

110 1220 240 1247 inanima
261 1218 320 1246 ﬁeri
337 1217 474 1244 convenit.
497 1214 604 1242 Etenim
629 1213 726 1239 anima:
751 1212 845 1238 vnlntts
869 1214 910 1236 est

111 1266 229 1297 tristitia,
260 1269 290 1291 et
310 1265 397 1298 ipsam
423 1262 549 1289 continue
575 1260 679 1286 leuibus
703 1257 793 1284 fovere
820 1255 910 1284 verbis

110 1317 238 1346 oportet:
265 1318 316 1338 nec
337 1311 408 1336 enim
434 1309 468 1335 ita
495 1307 584 1334 carnis
609 1311 739 1332 tumorem
764 1302 909 1330 calidarum

111 1358 180 1385 solet
200 1364 333 1392 aquarum
361 1360 455 1382 natura
479 1353 625 1384 remittere,
652 1355 680 1378 ut
702 1351 797 1377 anima:
817 1353 910 1376 testum

112 1403 312 1430 consolantium
327 1401 403 1435 copia
418 1406 571 1427 sermonum
586 1397 679 1424 sedare
689 1395 837 1423 consuevit.
854 1393 911 1420 Non

113 1448 157 1475 hic
169 1455 239 1483 opus
261 1447 383 1482 spongia,
410 1445 478 1472 sicut
505 1443 626 1475 medicis,
651 1441 698 1468 sed
725 1448 775 1476 pro
800 1439 911 1474 spongia

114 1494 232 1528 linguam
249 1492 444 1519 tractabimus:
459 1497 511 1516 non
527 1489 571 1516 hic
584 1495 652 1522 opus
666 1487 737 1522 igne,
755 1494 808 1521 quo
829 1491 912 1519 aquas

113 1537 373 1569 calefaciamus,scd
388 1544 437 1571 pro
463 1535 524 1570 igne
547 1533 660 1568 Spiritus
684 1532 768 1567 gratia
797 1535 913 1558 utemur.

113 1587 169 1620 Age
185 1585 267 1619 igitur
281 1588 308 1610 et
329 1582 410 1609 hodie
423 1581 476 1608 hoc
492 1581 579 1615 ipsum
597 1578 733 1605 faciamus.
759 1576 814 1603 Nisi
841 1575 912 1602 enim

114 1639 163 1659 nos
177 1630 389 1658 consolationem
401 1627 477 1655 vobis
499 1625 678 1656 attulerimus,
704 1623 774 1650 unde
793 1622 912 1649 solamen

115 1677 221 1705 abunde
249 1676 389 1710 capietis?
412 1674 520 1701 Judices
543 1676 654 1703 terrent,
680 1671 739 1698 ideo
761 1669 914 1696 sacerdotes

115 1722 315 1749 consolentur:
340 1722 511 1754 magistratus
532 1718 683 1748 minantur,
709 1715 769 1743 ideo
795 1714 914 1742 Ecclesia

117 1769 270 1796 conﬁrmet.
281 1767 385 1794 Etenim
399 1766 485 1793 hocin
493 1764 610 1800 parvulis
620 1762 725 1793 evenit;
739 1766 915 1796 pra-crptores

119 1818 231 1846 terrent,
246 1817 274 1840 et
290 1813 443 1843 verberant,
457 1815 484 1837 et
499 1811 676 1844 Iacrymantes
691 1807 724 1835 ad
748 1812 847 1834 tnatres
870 1814 915 1833 re-

117 1862 358 1888 mittunt:matres
368 1865 432 1885 vero
444 1858 504 1883 sintt
527 1855 703 1890 suscipientes
727 1853 868 1880 continent
889 1856 917 1879 et

119 1906 389 1940 circumplectuntur,
403 1908 431 1931 et
445 1903 576 1938 laerymas
599 1901 769 1935 detergentes
789 1899 916 1926 osculan-

121 1959 174 1986 tur,
188 1957 215 1979 et
239 1951 374 1978 dolentetu
391 1950 509 1984 ipsorum
532 1947 647 1974 animam
673 1946 803 1977 relevant,
828 1944 917 1972 verbis

121 1998 324 2033 persuadentes,
336 1995 421 2030 ipsius
433 1995 523 2021 utilem
535 2000 593 2020 esse
602 1996 795 2027 przeceptornm
805 1994 916 2017 metum.

157 2044 356 2079 Magistratuum
371 2042 447 2068 timor
460 2040 539 2066 utilis.
554 2054 589 2059 —
602 2039 731 2071 Quoniam
746 2037 824 2071 igitur
835 2041 862 2062 et
871 2042 918 2062 vos

123 2094 276 2118 terruerunt
290 2089 472 2123 magistratus,
496 2090 524 2113 et
549 2085 643 2112 anxios
670 2083 852 2114 reddiderunt,
868 2082 920 2109 Ec-

122 2136 203 2163 clesia
218 2134 370 2162 communis
385 2133 504 2159 omnium
513 2134 692 2158 maternostra
701 2129 775 2156 sinus
784 2127 917 2163 aperiens,

125 2189 151 2210 ct
163 2182 266 2217 supinis
290 2180 442 2215 suscipiens
463 2179 586 2206 manibus
610 2177 728 2213 quotidie
754 2175 918 2206 consolatur,

124 2231 216 2257 dicens
225 2228 317 2255 utilem
329 2234 389 2254 esse
402 2226 604 2260 magistratuum
616 2223 827 2255 melum,utilem
839 2221 919 2249 etiam

126 2276 186 2302 hinc
200 2273 345 2310 profectam
361 2271 585 2299 consolationem.
609 2269 715 2296 lllorutn
737 2268 807 2294 enim
833 2271 920 2294 metus

128 2330 178 2349 non
203 2322 266 2348 sinit
277 2327 327 2347 nos
340 2323 451 2353 torpore
463 2316 588 2347 dissolvi;
604 2315 681 2350 hujus
692 2319 779 2341 autent
796 2313 920 2340 consola-

129 2370 164 2394 tio
186 2366 236 2393 sub
252 2365 362 2393 tristitia
385 2362 561 2390 succumbere
582 2369 633 2387 non
658 2361 803 2395 permittit:
826 2364 852 2386 ct
876 2367 922 2393 per

129 2419 238 2447 utraque
253 2412 323 2439 Deus
334 2410 449 2437 salutem
466 2412 583 2434 nostram
598 2407 724 2441 disponit.
736 2405 802 2432 Nam
825 2410 851 2432 et
868 2412 924 2431 ma-

128 2462 254 2495 gistratus
272 2459 330 2492 ipse
351 2455 478 2486 armavit,
504 2458 532 2481 nt
558 2453 726 2480 lascivientes
749 2455 923 2478 terreantzet

129 2505 280 2532 sacerdotes
294 2503 352 2536 ipse
368 2500 460 2534 elegit,
489 2503 517 2525 ut
542 2498 664 2525 doleattes
685 2496 879 2524 consolentur:
897 2500 924 2523 et

131 2551 185 2577 htcc
195 2555 308 2583 utraque
325 2551 388 2582 post
398 2545 562 2579 Scripturas,
575 2544 630 2578 ipsa
642 2543 723 2570 eliatn
738 2550 827 2569 rerum
839 2549 922 2575 cxpe-

131 2596 220 2623 rientia
235 2595 317 2621 docet
329 2593 337 2608 ¹
347 2612 354 2618 .
371 2591 400 2618 Si
416 2591 488 2618 enim
501 2597 560 2616 cum
573 2597 626 2615 non
638 2588 763 2615 deessent
784 2589 924 2621 magisu-a-

131 2649 180 2676 tns,
194 2648 218 2669 ct
234 2641 337 2668 milites
352 2639 378 2665 in
389 2637 472 2665 armis
482 2641 579 2672 praesto
588 2640 686 2666 essent,
699 2635 771 2661 furor
781 2641 924 2669 paucorum

131 2690 263 2717 hominum
281 2685 500 2722 promiscuornm
512 2687 538 2710 et
552 2682 713 2709 advenarum
735 2681 806 2709 brevi
821 2685 925 2716 tempo-

130 2739 162 2764 ris,
175 2739 318 2764 momento
335 2737 442 2759 tantttm
452 2729 687 2757 nobisiucendium
699 2729 770 2762 fecit,
785 2733 812 2756 et
826 2733 924 2755 tantam

128 2781 248 2809 excitavit
263 2777 429 2814 procellam,
443 2780 470 2802 et
480 2775 512 2803 de
528 2774 664 2809 naufragio
678 2779 790 2802 cunctos
807 2778 927 2801 metuere

155 2860 162 2877 ¹
179 2859 282 2890 Aliquot
295 2860 355 2881 Mss.
370 2861 377 2879 :
395 2852 545 2884 experientia
557 2851 650 2877 (laniat.

959 870 1106 904 compulit:
1122 869 1144 895 si
1161 868 1363 902 magistratuum
1385 870 1472 892 metus
1495 863 1604 890 omnino
1630 862 1750 888 sublatus

960 916 1068 948 I'uisset,
1083 914 1115 941 ad
1128 913 1190 948 quid
1205 913 1301 940 furoris
1317 912 1359 939 isti
1374 919 1426 938 non
1447 908 1605 937 venissent?
1626 915 1714 935 nonne
1737 916 1750 933 a

961 961 1143 989 fundamentis
1154 960 1223 986 hanc
1234 959 1312 986 nobis
1325 957 1417 985 urbem
1434 956 1607 986 evertissent,
1623 959 1650 982 et
1664 953 1752 980 omnia

960 1006 1163 1038 confundentes,
1182 1005 1254 1040 ipsas
1267 1004 1374 1031 demum
1387 1002 1490 1029 animas
1502 1006 1607 1027 nostras
1621 999 1748 1027 abstulis-

960 1052 1039 1079 sent?
1051 1051 1079 1079 Si
1090 1051 1162 1078 enim
1173 1049 1309 1085 judicialia
1322 1047 1462 1075 sustuleris
1473 1045 1629 1077 tribunalia,"
1641 1051 1749 1071 onmem

960 1098 1022 1125 vita:
1035 1101 1134 1124 nostra:
1148 1095 1270 1122 ordinctn
1281 1092 1422 1120 sustuleris
1435 1099 1442 1117 :
1458 1095 1486 1118 et
1502 1090 1571 1118 sicut
1581 1090 1602 1116 si
1617 1089 1748 1124 guberna-

963 1146 1046 1171 torem
1062 1150 1077 1169 a
1090 1141 1151 1168 navi
1167 1139 1346 1175 separaveris,
1361 1137 1487 1171 scapham
1514 1134 1703 1166 submerseris,
1727 1137 1754 1160 ct

962 1190 983 1215 si
997 1188 1092 1216 ducetn
1104 1187 1137 1214 ab
1152 1186 1272 1214 exercitu
1286 1183 1441 1215 abduxeris,
1453 1182 1557 1208 vinctos
1570 1180 1689 1207 hostibus
1702 1183 1756 1206 tra-

961 1234 1060 1262 dideris
1075 1234 1175 1260 milites
1188 1241 1194 1258 :
1209 1232 1245 1259 ita
1258 1231 1280 1258 si
1292 1230 1463 1265 magistratus
1476 1228 1509 1254 de
1519 1226 1670 1254 civitatibus
1695 1225 1756 1252 abs-

963 1281 1066 1314 tuleris,
1095 1279 1160 1307 l'eris
1181 1276 1410 1306 irrationabilibus
1435 1274 1520 1308 magis
1542 1270 1754 1300 irrationabilem

963 1329 1095 1364 degemus‘
1102 1326 1193 1356 vitam,
1211 1325 1283 1351 inter
1296 1330 1344 1350 nos
1357 1321 1510 1349 mordentes
1523 1323 1551 1346 et
1563 1325 1611 1345 nos
1624 1317 1754 1344 devoran-

965 1380 1014 1407 tes,
1025 1372 1212 1408 pattperiorem
1221 1370 1306 1401 dives,
1323 1367 1499 1395 inﬁrmiorem
1515 1363 1659 1400 potentior,
1677 1369 1754 1388 man-

963 1420 1109 1448 suetiorcm
1125 1417 1263 1444 audacior.
1280 1415 1333 1443 Sed
1350 1414 1445 1441 horttm
1460 1411 1527 1439 nihil
1549 1417 1621 1437 nunc
1642 1413 1684 1435 est
1705 1415 1754 1442 per

966 1466 1011 1493 Dei
1026 1465 1156 1500 gratiam:
1172 1463 1198 1490 in
1213 1461 1344 1497 religione
1359 1459 1431 1487 enim
1454 1458 1575 1485 viventes
1601 1453 1666 1482 nihil
1689 1461 1756 1488 opus

965 1512 1061 1539 horum
1074 1510 1174 1537 habent
1185 1508 1375 1536 correctione:
1399 1503 1474 1531 Iusta
1492 1504 1563 1531 enim
1583 1501 1624 1528 (ea:
1644 1507 1696 1526 non
1721 1502 1757 1524 est

966 1557 1057 1592 posita,
1073 1554 1215 1590 inquit“.
1227 1553 1295 1580 Tim.
1311 1553 1336 1579 ι.
1350 1551 1388 1586 9).
1417 1547 1491 1577 Multi
1516 1554 1582 1575 vero
1605 1545 1638 1573 ad
1661 1543 1756 1571 vitium

965 1591 1128 1637 spectantes,
1144 1600 1195 1627 nisi
1204 1601 1276 1627 hunc
1287 1597 1472 1625 imminentem
1481 1593 1605 1621 timorem
1615 1591 1756 1619 haberent,

967 1647 1077 1676 inﬁnitis
1112 1646 1205 1681 utique
1233 1645 1310 1671 malls
1345 1642 1465 1670 civitates
1493 1639 1671 1673 implessent,
1697 1641 1757 1670 qua:

966 1693 1064 1721 Paulus
1075 1699 1180 1727 quoque
1192 1696 1355 1725 cognoscens
1366 1687 1471 1714 dicebat
1482 1694 1488 1711 :
1508 1683 1567 1712 Non
1578 1683 1644 1710 enim
1658 1685 1692 1708 est
1708 1688 1756 1715 po-

967 1744 1052 1771 testas,
1067 1725 1114 1764 nisi
1125 1725 1204 1764 aSDca
1215 1744 1224 1763 :
1236 1740 1258 1763 et
1273 1743 1329 1770 qnte
1341 1738 1398 1761 sunt
1413 1736 1554 1767 potestates.
1579 1737 1594 1755 a
1608 1727 1661 1754 Deo
1689 1725 1758 1753 ordi-

967 1793 1034 1814 nata:
1045 1785 1206 1819 sunl(Rom.
1225 1783 1267 1810 15.
1284 1782 1321 1817 1).
1335 1780 1410 1814 Quod
1426 1779 1497 1806 enitn
1521 1777 1548 1804 in
1572 1774 1694 1803 domibus
1721 1771 1758 1799 fa-

967 1834 1040 1860 ciunt
1062 1818 1194 1866 lignorum
1219 1827 1440 1862 contignationes,
1465 1824 1517 1851 hoc
1543 1821 1711 1856 magistratus
1733 1818 1760 1844 in

968 1863 1138 1906 civitatibus:
1155 1881 1182 1903 et
1194 1876 1261 1902 sicut
1274 1874 1296 1901 si
1312 1873 1370 1900 illas
1380 1870 1530 1901 sustuleris,
1546 1863 1761 1899 dtssolutiparie—

970 1930 1009 1952 tes
1022 1932 1067 1959 per
1078 1930 1136 1950 sese
1150 1925 1279 1948 corruunt
1294 1928 1300 1946 :
1317 1919 1352 1945 ita
1377 1918 1398 1944 si
1423 1923 1455 1942 ex
1480 1913 1580 1941 mundo
1592 1911 1762 1945 magistratus

971 1971 1047 1998 tollas
1055 1974 1081 1997 et
1093 1969 1186 1995 horum
1202 1971 1312 1998 metum,
1327 1968 1353 1991 et
1366 1963 1460 1990 domus
1472 1965 1498 1988 et
1512 1959 1633 1987 civitates
1647 1961 1674 1983 et
1693 1962 1760 1990 gen-

970 2021 1010 2043 tes
1021 2023 1080 2042 cum
1095 2014 1175 2041 nmlta
1191 2013 1260 2039 inter
1273 2018 1302 2038 se
1313 2009 1418 2037 licentia
1430 2009 1567 2036 corrttcnt,
1586 2002 1693 2030 nemine
1703 2000 1761 2027 exi-

971 2066 1057 2088 stente
1071 2060 1115 2095 qui
1129 2059 1265 2086 contineat
1276 2062 1302 2084 et
1316 2055 1438 2089 repellat,
1454 2058 1482 2080 et
1497 2058 1583 2086 poena.-
1597 2049 1693 2076 timore
1714 2053 1762 2074 eos

971 2107 1112 2142 quiescere
1124 2103 1292 2140 persuadeat.

1007 2137 1191 2179 Ᾱῖηιηιιιᾶνιιηι
1205 2148 1307 2176 utilitas.
1320 2145 1394 2172 -—-Ne
1407 2144 1485 2179 igitur
1495 2141 1643 2172 doleamus,
1664 2137 1764 2169 dilecti,

972 2204 1079 2234 propter
1089 2196 1289 2231 magistratuum
1303 2189 1524 2223 metum;'verum
1543 2191 1571 2214 et
1592 2186 1647 2213 Dco
1665 2183 1765 2220 gratias

973 2232 1082 2280 agamus
1095 2242 1164 2278 quod
1177 2247 1309 2274 torporem
1322 2242 1441 2264 nostrum
1462 2232 1638 2268 corripuerit,
1664 2236 1691 2258 ct
1716 2236 1766 2256 nos

973 2290 1154 2325 diligentiores
1180 2286 1307 2314 effecerit.
1330 2283 1405 2317 Quod
1435 2282 1505 2308 enini
1521 2300 1528 2312 ,
1556 2285 1663 2314 qua-so,
1687 2276 1764 2303 dam-

975 2321 1037 2363 nqu
1049 2335 1146 2362 factum
1158 2338 1197 2360 est
1213 2340 1244 2359 cx
1268 2338 1331 2358 cura
1347 2333 1374 2356 et
1399 2325 1579 2354 sollicitudine
1606 2322 1675 2350 ista?
1695 2321 1765 2356 quod

975 2382 1140 2408 honestiores
1153 2378 1213 2405 facti
1237 2377 1321 2403 simus
1341 2378 1367 2401 et
1386 2369 1596 2400 mansuetiores?
1611 2368 1681 2403 quod
1705 2367 1766 2394 dili-

975 2427 1110 2462 gentiores
1125 2430 1151 2451 et
1164 2423 1321 2451 attentiores
1331 2421 1343 2448 ?
1355 2419 1424 2455 quod
1438 2419 1541 2446 ebrium
1565 2421 1592 2443 et
1616 2413 1767 2442 meretricia

976 2477 1114 2501 canentem
1128 2471 1231 2497 cantica
1256 2467 1394 2496 videamus
1409 2464 1563 2493 neminem?
1577 2461 1648 2496 quod
1669 2459 1767 2494 suppli-

976 2519 1097 2547 cationes
1110 2517 1253 2548 continua',
1269 2520 1295 2542 et
1308 2515 1434 2549 lacrymrc
1447 2515 1475 2539 et
1485 2509 1598 2545 preces?
1614 2507 1684 2543 quod
1697 2508 1767 2534 risus

978 2567 1154 2600 importunus,
1166 2567 1192 2590 et
1205 2561 1291 2596 turpia
1301 2560 1392 2592 verba,
1404 2563 1431 2585 et
1443 2557 1529 2584 omnis
1540 2554 1646 2582 lascivia
1658 2552 1768 2587 expulsa

978 2612 1021 2643 sil,
1034 2616 1060 2637 et
1073 2609 1211 2636 mulierem
1226 2606 1374 2634 tnodestam
1399 2600 1425 2631 et
1439 2603 1549 2631 liberam
1563 2600 1656 2627 civitas
1678 2603 1769 2625 nostra

979 2663 1032 2686 tota
1049 2665 1118 2684 nunc
1128 2654 1263 2682 imitetur?
1279 2656 1388 2688 propter
1398 2651 1456 2677 haec
1466 2647 1560 2676 doles?
1575 2646 1642 2680 Quin
1655 2643 1769 2679 gaudere

980 2707 1087 2740 propter
1100 2702 1157 2729 haec
1169 2705 1195 2727 et
1208 2700 1263 2728 Deo
1273 2687 1373 2734 gratias
1386 2704 1465 2732 agere
1478 2694 1561 2728 magis
1571 2696 1684 2726 oportet,
1699 2687 1769 2724 quod

981 2753 1080 2777 tantam
1093 2747 1230 2775 mollitiem
1248 2751 1391 2780 paucorutn
1406 2742 1508 2768 dierum
1522 2737 1665 2765 formidine
1682 2734 1770 2762 resol-

980 2795 1059 2824 verit.
1074 2794 1132 2822 Non
1144 2800 1222 2827 nego,
1236 2791 1338 2826 inquit;
1355 2788 1401 2816 sed
1424 2787 1446 2814 si
1460 2786 1493 2813 ad
1507 2789 1604 2812 metunt
1617 2789 1699 2816 usque
1710 2787 1770 2806 tan‘

981 2848 1035 2870 tum
1050 2840 1269 2876 periclitaremur,
1295 2836 1359 2864 satis
1373 2839 1493 2862 essemus
1505 2829 1624 2858 utilitatis
1651 2826 1744 2856 luctati
1760 2833 1767 2853 :
