1962 3121
188 137 224 166 83
550 133 576 162 S.
598 132 736 161 JOANNIS
753 131 991 161 CllIlYSOSTOMI
1010 133 1168 162 ARCHIEP.
1188 131 1451 168 CONSTANTINOI’.
1796 130 1831 159 ει

190 200 262 220 nunc
277 197 340 218 vero
355 189 478 217 timemus
494 196 527 216 ne
547 189 658 216 ulterius
669 189 767 216 malum
783 188 926 224 procedat,
954 193 981 217 et

191 239 224 265 de
240 237 340 264 ultimis
353 235 536 270 periclitemur
548 242 652 262 omnes.
663 234 716 262 Sed
731 242 765 261 ne
777 235 902 267 timeatis,
915 235 982 262 I‘au-

193 284 234 311 lus
243 290 289 310 vos
304 281 457 309 consolatur
470 281 564 309 dicens
577 290 583 308 :
601 280 698 308 Fidelis
709 286 744 307 est
765 280 844 314 Deus,
869 281 912 315 qui
933 289 984 307 non

191 330 254 356 sinet
267 335 309 355 vos
322 327 412 354 tetttari
425 328 481 362 plus
492 335 567 362 quam
580 327 692 362 potestis,
717 325 761 353 sed
784 326 857 361 faciet
883 331 906 353 et
928 333 985 353 cum

195 373 330 400 (uitiatione
344 377 500 407 proventum,
515 376 542 398 ul
565 372 665 407 ponitis
677 370 783 404 su/ferre
798 371 836 406 (Ι.
849 370 907 397 Cor.
938 370 982 398 IO.

195 420 248 453 t3).
266 418 327 453 Ipse
339 418 404 445 enim
416 418 490 449 dixit,
507 416 569 444 Non
579 422 602 443 te
615 417 750 447 dimittant,
760 424 837 451 neque
845 421 868 442 te
878 416 985 443 derelin-

194 463 291 499 quam(
306 462 385 490 Uetr.
404 463 447 489 I5.
459 462 489 492 ὗς
510 461 586 488 Deut.
603 461 647 489 3i.
661 461 694 493 ὃς
710 460 767 488 Jos.
784 462 809 488 I.
823 461 860 496 5).
876 462 903 488 Si
916 462 987 488 cuiut

197 509 276 536 rebus
293 509 357 543 ipsis
371 508 502 542 castigare
515 507 606 537 vellet,
622 511 649 532 el.
663 507 792 533 malorum
804 506 968 541 experientia
980 527 987 537 ,

195 563 249 584 non
264 559 302 582 tot
316 554 410 581 diebus
427 560 475 580 nos
487 553 575 580 timori
591 552 762 580 tradidisset:
777 561 837 579 cuttt
852 553 923 579 enim
939 561 988 587 pn-

199 602 257 628 t:ire
282 600 405 629 noluerit.
422 603 519 631 terret;
535 598 660 633 quoniam
688 598 709 624 si
735 598 874 632 puniturus
900 601 990 629 esset,

200 648 281 674 timor
293 651 364 674 esset
379 645 539 680 superfluus,
555 643 697 679 superﬂua:
713 645 802 670 minae.
826 643 902 670 Nunc
928 651 992 670 vero

201 693 348 720 innumeris
363 691 493 718 mortibus
506 691 655 726 graviorem
668 691 747 716 vitam
760 689 945 723 sustinuimus,
956 693 994 716 tot

199 738 295 766 diebus
306 737 468 772 trepidantes
481 741 508 763 et
525 741 679 765 trementes.
701 741 728 762 et
742 736 813 770 ipsas
826 735 934 762 umbras
948 742 993 762 re-

200 783 388 815 formidantes,
403 787 482 816 atque
496 781 578 816 ipsius
589 781 652 808 Cain
664 788 770 816 poenam
787 780 899 812 luentes,
926 783 953 806 et
979 786 995 806 e

203 830 292 857 medio
305 836 399 856 somno
415 836 469 862 pra:
483 829 609 855 continua
624 828 758 853 anxietate
769 826 935 857 exsilientes,
960 825 995 851 ita

204 876 267 903 utsi
281 875 360 903 etiant
377 875 459 902 Deum
485 874 674 904 irritassemtts,
703 880 775 899 nunc
798 876 898 898 tantum
926 870 996 905 passi

206 929 323 957 pmnatn,
349 919 559 948 reddidisscmus
583 918 737 953 propitium.
767 917 821 944 Etsi
844 917 915 944 enim
944 924 997 943 non

206 968 314 1002 dignum
326 971 435 1001 peccato
449 965 608 1000 supplicium
622 964 756 998 dedimus,
775 964 819 991 Dei
834 969 923 991 tatnen
944 962 999 990 cle-

209 1012 317 1040 mentia:
330 1011 436 1038 sufﬁcit.

243 1058 271 1084 2.
294 1057 385 1084 Nuntii
395 1056 524 1084 seditionis
537 1055 700 1082 Amice/teme
712 1055 739 1081 in
751 1055 790 1081 via
802 1062 885 1080 moras
899 1053 1001 1080 trahere

209 1108 342 1138 coguntur.
357 1117 392 1122 —
405 1102 462 1130 Non
477 1106 578 1129 tantum
589 1107 678 1129 autem
692 1107 725 1127 ex
739 1100 798 1132 ltoe,
815 1099 861 1126 sed
875 1099 955 1126 etiam
968 1105 1000 1124 ex

210 1149 271 1175 aliis
296 1148 386 1174 multis
410 1147 545 1175 conﬁdere
568 1151 673 1181 oportet
693 1153 699 1172 :
726 1153 778 1172 non
802 1144 873 1171 enim
898 1143 1001 1170 modica

209 1195 288 1222 nobis
303 1194 378 1221 bona:
391 1194 448 1228 spei
460 1194 568 1228 pignora
581 1193 636 1227 jam
649 1192 718 1219 Deus
731 1190 814 1218 dedit.
831 1190 862 1217 Et
874 1189 944 1224 quod
961 1193 1001 1215 est

210 1241 330 1268 omnintn
346 1241 473 1274 pritttutn,
491 1240 534 1274 qui
549 1239 649 1265 tnalum
662 1238 776 1264 attulere
787 1236 921 1267 nuntium,
941 1235 1002 1260 hinc

212 1285 483 1320 velutalatidigressi,
498 1289 524 1312 et
533 1284 633 1311 duduttt
647 1283 680 1310 ad
692 1287 778 1309 castra
789 1289 818 1309 se
831 1285 1004 1316 perventuros

211 1341 273 1360 esse
292 1335 425 1366 putantes,
452 1331 522 1357 circa
537 1329 652 1357 tnedium
669 1329 757 1355 adhuc
783 1328 833 1354 iter
848 1331 1002 1357 morantur;

213 1384 252 1407 tot
266 1379 401 1406 obstacula
417 1382 444 1404 et
469 1376 655 1411 impedimenta
684 1375 749 1409 ipsis
776 1374 952 1405 acciderunt,
977 1375 1006 1398 et

213 1432 297 1460 equos
311 1423 485 1454 dimittentes,
497 1429 567 1448 nunc
577 1421 697 1448 vehicula
707 1423 788 1454 agunt
799 1427 805 1446 :
818 1418 888 1445 unde
897 1424 1007 1445 necesse

214 1476 256 1498 est
265 1478 313 1497 eos
328 1470 390 1496 illuc
399 1469 499 1496 tardius
512 1472 687 1503 perventuros
695 1474 764 1492 esse.
777 1465 921 1499 Postquam
934 1463 1005 1490 enitn

214 1517 360 1543 antistitem
374 1519 493 1542 nostrutn
507 1517 534 1540 et.
545 1519 714 1540 communem
731 1515 832 1545 patrem
847 1510 917 1536 Deus
944 1508 1007 1534 hinc

214 1561 364 1592 suscitavit,
379 1565 406 1588 et
429 1559 562 1595 persuasit
585 1558 670 1590 abire,
698 1561 723 1583 et
749 1556 824 1582 obire
850 1555 1007 1590 legationem

218 1608 295 1638 hanc,
313 1613 376 1632 mox
395 1605 453 1632 illos
471 1605 542 1631 circa
566 1603 681 1630 medium
705 1601 806 1628 itineris
829 1602 1009 1634 consequutus

216 1656 268 1684 est,
284 1659 318 1678 ne
331 1650 524 1686 praxvenieutes
535 1649 621 1683 ignem
636 1647 841 1677 suceeuderent,
862 1650 888 1672 et
900 1645 925 1670 in
947 1644 1008 1670 reli-

217 1706 298 1733 quum
311 1695 503 1724 correctionem
515 1693 616 1722 doctori
633 1692 752 1720 inutilem
767 1691 918 1722 redderent,
929 1689 1010 1724 regiis

219 1744 329 1770 auribus
344 1741 524 1769 iullanunatis.
537 1739 612 1773 Quod
626 1739 697 1766 enim
713 1745 765 1764 non
781 1737 838 1764 sine
849 1736 904 1763 Deo
912 1735 1010 1762 factum

219 1791 255 1817 sit
274 1790 325 1817 hoc
345 1788 573 1823 impedimentum,
596 1786 658 1813 inde
683 1785 873 1811 manifestum:
889 1782 1012 1809 homines

223 1840 306 1862 totum
331 1839 436 1868 tetnptts
451 1834 476 1860 itt
492 1833 589 1859 talibus
621 1829 878 1866 peregrinationibus
906 1828 1008 1862 impen-

220 1882 331 1912 dentes,
357 1879 450 1907 ethoc
473 1878 589 1905 ofticium
605 1877 742 1908 habentes,
767 1882 850 1909 equos
887 1874 1013 1900 continue

221 1926 326 1961 agendi,
342 1932 412 1952 nunc
423 1925 457 1950 ab
471 1924 525 1958 ipsa
539 1922 702 1957 equitatione
715 1920 821 1948 contriti
835 1918 990 1946 defecerunt
1004 1938 1012 1949 ,

222 1978 250 2001 et
263 1980 321 2008 qua:
342 1978 414 1998 nunc
433 1970 565 2002 accidere,
590 1968 665 1996 Jonle
689 1967 769 1994 rebus
792 1965 925 1993 contraria
946 1964 1013 1990 facta

223 2023 286 2046 sunt
299 2017 391 2052 (Jome
406 2016 443 2051 I).
458 2015 532 2042 Illum
546 2015 616 2041 enim
632 2013 744 2048 urgebat
758 2012 826 2038 Deus
837 2011 911 2037 ahire
922 2009 1015 2036 nolen-

224 2070 288 2096 tem,
303 2063 351 2089 hos
366 2062 484 2089 volentes
496 2061 587 2087 vetuit.
603 2059 625 2086 0
639 2066 736 2085 novum
747 2062 774 2085 et
790 2056 947 2084 admirabile
966 2062 1014 2081 ne—

224 2109 340 2144 gotium!
358 2108 402 2135 ille
411 2106 614 2134 subversionem
629 2104 775 2139 pra-dieare
789 2102 906 2134 nolebat,
921 2106 948 2127 et
977 2101 1016 2127 itt-

225 2155 308 2182 vitnm
318 2161 378 2180 eum
393 2152 519 2180 excitavit
535 2160 540 2177 :
558 2151 584 2177 hi
597 2158 658 2178 cum
670 2149 805 2176 celeritate
815 2147 1015 2179 subtersionem

225 2200 383 2228 annuntiare
398 2198 533 2229 festinant,
551 2201 577 2224 et
589 2197 685 2224 invitos
701 2195 773 2230 ipsos
796 2201 901 2220 rursum
927 2193 1017 2227 prohi-

227 2245 293 2272 buit.
307 2244 364 2278 Qua
377 2243 482 2270 tandem
508 2243 541 2270 de
565 2241 665 2269 causa?
687 2240 818 2273 Quoniam
843 2239 885 2265 hic
909 2238 1016 2272 quidem

228 2290 352 2317 celeritas
366 2289 503 2321 damnum,
517 2289 570 2315 illic
582 2295 644 2314 vero
657 2287 778 2314 celeritas
790 2286 891 2312 lucrum
903 2284 1016 2311 ferebat:

230 2336 290 2363 ideo
301 2340 327 2362 et
342 2334 415 2361 illutn
432 2342 478 2368 per
491 2339 578 2361 cetqu
603 2333 730 2360 festinare
757 2331 827 2364 fecit,
851 2335 878 2358 ct
903 2331 951 2356 ltos
971 2338 1020 2364 per

228 2388 313 2415 equos
327 2379 473 2414 itnpedivit.
504 2379 583 2406 Vides
610 2378 657 2405 Dei
684 2377 861 2412 sapientiam?
888 2383 935 2410 per
960 2382 1019 2409 qua:

229 2426 342 2460 quisque
355 2425 425 2459 quod
441 2424 612 2459 exspectabat.
631 2431 660 2450 se
682 2422 868 2458 expediturum
891 2420 1019 2455 speravit,

231 2481 278 2509 per
294 2473 352 2500 tunc
364 2472 475 2507 quisque
487 2471 628 2506 impeditus
642 2475 692 2498 est.
708 2470 760 2497 Per
773 2469 906 2503 navigium
924 2467 968 2494 ille
990 2474 1020 2493 se

229 2526 374 2547 evasurum
389 2517 498 2552 putavit,
511 2521 537 2543 et
554 2516 686 2550 navigium
711 2515 746 2541 illi
772 2515 904 2541 vinculum
923 2515 1020 2539 factum

236 2570 278 2592 est
291 2574 297 2592 :
312 2565 354 2591 isti
370 2571 418 2598 per
432 2570 515 2597 eqttos
541 2569 624 2596 ocyus
646 2568 675 2588 se
702 2561 890 2594 Imperatorem
916 2558 1022 2584 visuros

231 2613 417 2646 spemvernnt,
433 2613 457 2635 et
473 2608 533 2642 equi
549 2607 654 2634 fuerunt
668 2606 873 2641 impedimento:
890 2605 943 2631 imo
959 2610 1022 2630 vero

233 2666 287 2685 nott
301 2656 373 2690 equi,
389 2655 457 2682 sicut
470 2661 519 2681 nec
533 2654 568 2680 illi
587 2653 728 2687 navigium,
741 2651 787 2678 sed
799 2651 843 2678 Dei
858 2649 1021 2684 providentia

235 2703 331 2736 ubique
345 2700 433 2728 outuia
447 2699 552 2734 propria
566 2699 723 2733 dispensatis
736 2696 875 2731 sapientia.
886 2696 920 2722 Iit
930 2694 1019 2722 consi-

232 2749 298 2776 drrn
307 2746 479 2782 providentia:
488 2745 605 2777 tnodum,
616 2744 748 2778 quomodo
757 2743 883 2770 etterruit
891 2747 917 2769 et
926 2749 1022 2768 conso-

234 2795 302 2822 latus
311 2798 360 2821 est.
370 2792 429 2827 Ipso
440 2792 510 2819 enim
520 2792 562 2819 dic
570 2799 621 2826 quo
629 2790 716 2817 omnia
724 2790 765 2816 illa
775 2794 876 2824 patrata
883 2792 945 2815 sunt
958 2787 1006 2814 faci
1014 2800 1021 2805 -

236 2847 312 2873 liora,
327 2839 397 2873 ipsos
411 2838 518 2873 quidem
531 2837 616 2870 cvirc,
633 2841 767 2870 tamquam
779 2835 866 2862 omnia
883 2841 942 2869 qua:
955 2832 1024 2860 acci-

1036 190 1132 218 derant
1146 190 1301 226 Imperatori
1323 190 1490 217 nuntiaturos
1513 189 1688 225 permittens,
1712 190 1832 217 exeundi

1036 235 1174 263 celeritate
1187 243 1281 263 omnes
1292 235 1452 270 perterruit;
1469 239 1608 270 postquam
1618 243 1682 263 vero
1691 234 1833 268 abierunt,

1036 282 1139 310 etduos
1150 286 1237 309 tresve
1263 281 1320 309 dies
1342 282 1534 314 contrivernnt,
1556 289 1617 309 cum
1642 281 1697 316 jam
1720 281 1834 309 inanem

1038 335 1099 355 esse
1113 328 1240 354 antistitis
1252 328 1335 354 nostri
1351 326 1543 362 profectionem
1558 326 1728 361 putabamus,
1738 330 1837 362 utpote

1040 373 1085 408 qtti
1102 373 1233 407 posterior
1243 378 1314 400 esset
1326 373 1429 400 futurus
1441 381 1448 398 τ
1462 377 1525 399 tunc
1544 378 1645 399 metunt
1658 371 1794 404 dissolvit,
1810 377 1838 398 et

1041 427 1089 445 nos
1101 419 1253 446 consolatus
1266 423 1316 450 est,
1333 418 1401 449 illos,
1421 418 1490 445 sicut
1512 417 1583 449 dixi,
1598 417 1685 444 media
1707 416 1840 444 detinens

1041 465 1093 497 via,
1110 464 1281 498 ofﬁciensque
1293 468 1321 490 ut
1336 464 1352 490 ii
1373 463 1417 498 qui
1431 463 1503 490 illinc
1517 462 1550 489 ad
1564 470 1613 490 nos
1628 462 1839 497 proficisceban-

1043 516 1095 543 tur,
1109 511 1214 538 illorum
1231 517 1278 544 per
1289 510 1357 536 viam
1377 516 1512 536 aerumnas
1532 508 1609 536 nobis
1631 511 1839 538 annuntiarenl,

1044 562 1071 583 ut
1084 564 1226 590 parumper
1241 556 1437 590 respirat-emus
1450 563 1456 580 ε
1471 554 1544 589 quod
1559 559 1587 581 et
1606 554 1703 580 factum
1726 558 1786 585 est,
1814 557 1842 579 et

1044 610 1167 636 magnam
1178 602 1340 628 anxietatum
1356 606 1457 636 partem
1470 600 1654 634 deposuimus.
1669 599 1714 627 llis
1724 598 1840 627 auditis.

1046 649 1140 676 borum
1156 653 1292 674 auctorem
1308 647 1478 674 adoravimus
1491 647 1585 677 Deum.
1599 645 1644 680 qui
1660 651 1733 680 patre
1741 644 1844 679 quovis

1048 695 1201 730 diligentius
1217 701 1311 721 omnes
1323 700 1366 720 res
1376 699 1482 720 nostras
1495 700 1564 720 nunc
1577 691 1719 727 disposuit,
1747 690 1846 718 invisi-

1048 741 1093 770 bili
1113 740 1220 775 quidem
1236 739 1263 767 vi
1283 740 1420 775 improbos
1435 740 1500 767 istos
1512 739 1641 766 cohibens
1655 738 1760 766 nuntios
1770 758 1777 771 ,
1804 741 1836 764 et

1050 791 1152 813 tantum
1178 793 1231 813 non
1259 785 1360 818 dicens,
1377 784 1446 818 Quid
1472 783 1732 819 festinatis‘iquidve
1743 789 1847 818 prope-

1049 834 1113 858 ratis
1126 831 1262 858 civitatem
1277 831 1354 857 talem
1364 831 1521 858 subvertere
1534 829 1672 857 volentes?
1694 837 1756 856 num
1771 829 1846 856 bona

1050 877 1103 912 regi
1117 877 1206 903 nuntia
1214 876 1333 904 alfertis?
1348 876 1452 904 Manete
1462 875 1623 908 istic,donec
1631 882 1737 902 servum
1751 881 1847 901 meum

1051 927 1184 957 tamquatn
1196 921 1327 949 medicum
1338 922 1468 956 optimum
1485 921 1648 956 prtevenire,
1675 924 1702 948 et
1723 924 1848 948 vestrum

1051 972 1212 1003 praevertere
1225 975 1332 994 cursum
1342 967 1446 994 faciam.
1461 966 1488 993 Si
1504 974 1569 993 vero
1591 970 1717 993 nascente
1740 972 1851 999 pmva-

1052 1013 1189 1041 ricationis
1212 1013 1319 1045 ulcere,
1346 1017 1417 1039 tanta
1446 1011 1611 1046 providentia
1638 1010 1759 1038 exhibita
1781 1014 1848 1037 est:

1054 1059 1232 1093 multomagis
1244 1063 1304 1094 post
1326 1058 1540 1090 conversionem,
1568 1061 1628 1091 post
1649 1055 1848 1090 paenitentiam,

1055 1110 1114 1140 post
1135 1109 1237 1132 tantum
1257 1105 1391 1136 timorem,
1409 1108 1470 1138 post
1481 1103 1613 1138 lacryntas
1628 1105 1656 1129 et
1670 1108 1773 1136 preces,
1787 1108 1850 1127 ma-

1053 1151 1138 1186 jorem
1156 1150 1307 1177 libertatem
1318 1157 1525 1184 consequentur.
1539 1148 1623 1175 Jonas
1641 1148 1712 1174 enim
1726 1154 1852 1182 congrue

1057 1196 1214 1231 pellebatur,
1229 1201 1257 1222 ut
1271 1195 1304 1221 ad
1318 1195 1503 1230 penitentiam
1527 1193 1685 1225 induceret;
1711 1200 1758 1220 vos
1782 1199 1852 1219 vero

1055 1244 1108 1276 jam
1121 1242 1279 1269 exhibuistis
1297 1241 1480 1276 pmuitentiam
1504 1245 1530 1266 et
1550 1247 1672 1274 magnam
1689 1238 1851 1266 conversio-

1057 1296 1128 1318 nem,
1145 1287 1258 1322 ideoque
1278 1287 1460 1314 consolatione
1482 1285 1608 1320 deincops
1628 1289 1669 1312 est
1690 1292 1767 1319 opus,
1793 1291 1851 1310 non

1058 1334 1151 1360 nuntio
1167 1334 1253 1360 minas
1269 1332 1380 1359 ferente.
1392 1332 1535 1366 Propterea
1551 1337 1722 1358 comnmnem
1737 1334 1764 1356 et
1786 1329 1854 1356 hinc

1060 1383 1162 1413 patrem
1177 1378 1323 1411 suscitavit,
1340 1382 1367 1406 et
1379 1377 1485 1412 quidem
1500 1384 1560 1404 cum
1574 1376 1657 1403 multa
1674 1380 1766 1403 essettt
1790 1382 1855 1410 qua:

1061 1425 1250 1459 prohiberent;
1267 1424 1289 1450 si
1303 1432 1366 1451 vero
1378 1431 1430 1450 ttou
1447 1423 1612 1458 pepercisset
1625 1423 1633 1437 ί
1648 1421 1726 1448 saluti
1739 1425 1854 1450 nostra,

1061 1479 1113 1497 non
1130 1471 1165 1496 illi
1181 1470 1367 1505 persuasisset,
1385 1469 1430 1495 sed
1440 1473 1466 1495 et
1478 1469 1609 1494 volentem
1625 1467 1700 1494 exire
1711 1466 1854 1493 vetuisset.

1095 1517 1122 1544 3.
1137 1515 1272 1542 Theodosii
1286 1515 1311 1542 in
1325 1514 1447 1541 I’ascltate
1457 1513 1635 1541 clementia.—
1646 1511 1766 1539 Tertium
1776 1509 1857 1545 quid-

1061 1563 1130 1598 piam
1141 1563 1256 1597 suppetil
1266 1561 1416 1593 dicendutn,
1431 1560 1502 1594 quod
1519 1559 1640 1586 ﬁduciam
1655 1557 1731 1585 vobis
1748 1557 1856 1592 pariat,

1063 1615 1181 1644 praesens
1202 1614 1298 1641 nempe
1313 1605 1485 1638 solemnitas,
1510 1611 1588 1639 quam
1603 1607 1631 1631 et
1651 1601 1774 1630 infideles
1799 1601 1858 1628 fere

1063 1661 1155 1681 omnes
1166 1657 1334 1682 reverentur.
1349 1656 1376 1678 et
1387 1651 1430 1678 hic
1441 1651 1496 1684 ipse
1507 1649 1647 1684 religiosus
1659 1647 1807 1682 Imperator
1819 1646 1859 1673 sic

1063 1698 1183 1733 suspexit
1196 1702 1224 1725 et
1239 1696 1390 1728 honoravit,
1416 1700 1444 1722 ut
1457 1702 1551 1721 otuues
1564 1697 1626 1720 ante
1638 1700 1668 1720 se
1681 1700 1741 1719 cum
1757 1691 1859 1726 pietate

1064 1745 1226 1779 imperantes
1237 1743 1411 1778 superaverit.
1429 1741 1538 1768 Talibus
1554 1747 1668 1773 namque
1681 1738 1776 1765 diebus
1795 1745 1859 1764 eunt

1064 1790 1202 1824 epistolam
1221 1788 1252 1816 ad
1267 1787 1444 1816 solemuitatis
1460 1786 1587 1812 [tenorem
1608 1784 1738 1814 misisset,
1762 1789 1860 1809 omnes

1066 1836 1121 1862 fere
1130 1841 1265 1861 careerem
1287 1833 1438 1860 habitantes
1448 1831 1558 1858 dimisit.
1575 1830 1608 1857 Et
1633 1829 1703 1856 hanc
1715 1827 1859 1862 epistolam

1065 1881 1198 1908 admissus
1213 1880 1323 1906 antistes
1338 1882 1429 1905 noster
1444 1884 1534 1904 coram
1549 1875 1710 1909 Imperatore
1726 1873 1813 1907 leget,
1833 1877 1860 1899 et

1067 1925 1232 1960 propriarum
1244 1924 1331 1959 legum
1344 1921 1575 1951 comntonefaciet,
1587 1925 1613 1946 et
1624 1919 1694 1946 d'cet
1706 1918 1738 1945 ad
1753 1918 1841 1952 ipsntn
1853 1925 1859 1942 :

1067 1972 1105 1999 Tn
1118 1972 1232 2006 teipsutn
1246 1971 1398 2002 exhortarc,
1411 1973 1437 1996 et
1453 1968 1489 1996 ttti
1505 1966 1647 1994 recordare
1663 1964 1860 1992 :domesticum

1068 2017 1150 2044 habes
1166 2015 1336 2043 humanitatis
1344 2014 1495 2048 exemplum
1509 2022 1515 2040 :
1527 2013 1626 2048 justam
1639 2009 1745 2038 nolttisti
1758 2009 1861 2036 caulem

1068 2063 1246 2094 contmiltcre,
1263 2066 1290 2088 et
1301 2062 1425 2095 injustam
1444 2064 1549 2094 patrare
1581 2055 1745 2085 sustinebis?
1765 2055 1861 2082 convi.

1069 2114 1128 2135 ctos
1141 2113 1167 2135 et
1181 2108 1373 2134 condetnnatos
1388 2105 1540 2132 festivitatis
1560 2103 1708 2131 reverentia
1724 2100 1862 2132 dIIllISisli,

1069 2160 1096 2181 et
1120 2155 1240 2181 insontes
1255 2153 1372 2186 nihilque
1387 2158 1466 2178 ausos
1483 2147 1673 2177 condemnabis
1685 2168 1692 2179 ,
1714 2146 1863 2181 pnesertim

1070 2198 1239 2227 solemnitate
1261 2196 1414 2233 przesente?
1436 2195 1618 2230 Nequaquam,
1641 2193 1797 2227 Imperator.
1823 2191 1864 2218 'l‘u

1071 2246 1139 2272 hanc
1150 2245 1290 2280 epistolam
1303 2242 1454 2270 civita.ibus
1467 2241 1590 2268 omnibus
1604 2239 1711 2266 tnittens
1720 2257 1727 2269 ,
1754 2237 1865 2264 aiebas:

1072 2291 1177 2319 Utinam
1191 2295 1218 2318 et
1235 2289 1373 2317 defunctos
1397 2287 1557 2314 resuscitare
1575 2292 1690 2319 possem.
1716 2283 1771 2310 IIac
1797 2289 1867 2316 opus

1073 2338 1200 2365 habemus
1214 2336 1388 2367 humanitate,
1414 2334 1454 2360 Itis
1469 2340 1539 2360 nunc
1549 2339 1658 2366 egemus
1669 2330 1757 2357 verbis
1768 2329 1789 2355 ‘.
1807 2329 1866 2356 Non

1073 2388 1125 2410 tant
1140 2383 1226 2410 claros
1237 2381 1298 2408 facit
1311 2388 1388 2415 reges
1407 2379 1497 2406 hostes
1510 2378 1630 2409 vincere,
1650 2383 1728 2410 quant
1745 2374 1867 2401 animum

1073 2434 1098 2456 et
1115 2429 1180 2455 iram
1201 2434 1350 2460 superare:
1371 2424 1424 2451 illic
1449 2423 1520 2450 ettint
1546 2428 1682 2449 armorum
1706 2424 1732 2446 et
1752 2419 1868 2445 militum

1074 2483 1140 2509 opus
1149 2474 1258 2509 geritur,
1270 2472 1311 2499 hic
1321 2479 1383 2498 vero
1392 2475 1464 2497 tuum
1471 2469 1553 2496 solius
1561 2467 1715 2501 simpliciter
1722 2470 1867 2499 tropaeum,

1075 2525 1101 2546 et
1116 2519 1197 2545 habes
1213 2518 1358 2549 neminem,
1370 2516 1413 2551 qui
1431 2520 1516 2542 tecum
1528 2512 1665 2548 sapientia:
1677 2510 1789 2546 gloriam
1805 2517 1868 2544 par-

1077 2567 1164 2592 tiatur.
1187 2563 1322 2598 Superasti
1353 2561 1493 2587 tumultum
1510 2558 1688 2589 barbaricum,
1715 2563 1813 2589 supera
1841 2559 1870 2581 et

1076 2611 1192 2637 animum
1206 2609 1306 2642 regium
1320 2616 1327 2634 :
1341 2607 1443 2634 dIsClllll
1458 2603 1688 2634 omnesinlideles,
1709 2601 1779 2636 quod
1789 2599 1870 2626 Chri-

1076 2656 1109 2682 sti
1126 2656 1204 2682 timor
1215 2661 1321 2680 omnem
1338 2651 1482 2687 potentiam
1497 2649 1632 2676 refrenare
1645 2645 1869 2682 possit.Glori[ica

1079 2701 1218 2727 Dominum
1234 2704 1318 2730 tuum,
1332 2697 1470 2725 conservis
1482 2698 1590 2731 peccata
1601 2692 1748 2723 dimittens,
1761 2695 1790 2717 ut
1811 2690 1869 2724 ipse

1077 2754 1182 2781 qttoqtte
1199 2750 1224 2772 te
1243 2744 1326 2779 magis
1340 2743 1480 2778 glorificet,
1496 2746 1525 2768 ut
1538 2739 1679 2774 benignum
1694 2736 1740 2764 tibi
1755 2741 1780 2763 et
1796 2739 1868 2762 tran-

1110 2804 1118 2819 ι
1138 2802 1187 2831 Alii,
1199 2801 1220 2826 si
1232 2807 1286 2826 uera
1294 2807 1340 2825 non
1351 2798 1515 2831 consuluisset.

1111 2834 1121 2849 '
1138 2827 1196 2858 Alii:
1211 2832 1378 2857 lllorumnww
1392 2830 1514 2855 verborum
1528 2827 1602 2853 locus.
