1962 3121
13 118 44 145 83
541 122 587 150 AD
602 121 768 151 POPULUM
788 119 1040 151 ANTIOCHENUM
1060 123 1178 154 HOMIL.
1198 125 1244 154 VI.
1727 125 1761 154 δι

16 177 134 204 ίισαινιν
150 177 207 204 τοῦ
222 177 377 206 δύνασθαι
399 179 481 214 ὑμᾶς
499 180 685 216 ὑπενεγκεῖν-ζ
700 180 796 212 Αὐτὸς
812 179 866 215 γὰρ

17 219 152 248 εἶπεν·οῠ
166 222 212 256 μή
229 230 270 249 σε
284 223 361 255 ἀνῶ,
374 223 441 250 οὐδ’
457 225 494 252 οὐ
507 224 549 259 μή
566 233 603 251 σε
615 224 812 259 ἐγκαταλίπω.
831 224 862 249 Εἰ

24 267 64 300 τὰρ
73 265 105 291 δι’
117 264 212 300 ἔργων
229 266 362 294 ἐϐούλετο
381 268 499 295 κολάσαι
517 269 564 295 καὶ
579 268 622 295 διὰ
641 269 690 304 τῆς
704 268 801 304 πείρας
814 268 863 293 αὑ-

21 310 68 343 τῆς,
84 309 133 335 οὐκ
151 309 188 336 ἂν
207 311 350 338 τοσούτων
369 312 484 347 ἡμερῶν
507 312 666 347 παρέδωκεν
686 312 759 347 ἡμᾶς
779 311 864 346 φόϐῳ

22 353 133 387 inv-rip
146 354 187 389 μὴ
203 354 339 390 βούληται
350 356 488 388 κολάζειν,
500 356 586 390 φοϐεῖ·
599 356 659 382 ἐπεὶ
673 356 696 382 εἰ
709 354 800 391 μέλλοι
808 353 866 390 [75]

25 397 139 428 πελάζειν.
154 398 296 434 περιττὸς
306 400 322 425 6
332 399 425 433 φόϐος,
437 399 552 435 περιττὴ
564 400 581 435 ἡ
596 399 705 434 ἀπειλή·
719 398 766 425 νῦν
777 398 805 424 δέ
817 406 868 433 μυ·

29 444 76 468 πὶωι
90 442 301 478 χαλεπωτέραν
319 443 445 470 θανάτων
460 443 619 478 ὑπέστημεν
634 442 716 478 ζωὴν,
731 443 758 468 ἐν
771 441 868 468 τοσαύ-

39 495 71 517 ιις
82 486 206 521 ἡμέραις
216 487 371 520 δεδοικότες
381 487 430 514 καὶ
440 487 600 523 τρέμοντες,
613 486 721 517 καὶτὰς
731 485 810 516 σκιὰς
820 484 869 511 αὐ-

42 532 62 562 ὶς
74 531 296 563 ὑποπτεύοντες,
313 532 361 558 καὶ
375 532 425 567 τὴν
439 531 487 558 τοῦ
502 531 572 558 Κάῖν
587 531 705 562 τίνοντες
719 529 807 564 δίκην,
823 529 868 555 καὶ

27 583 49 599 ιι
61 574 139 607 μέσου
159 575 222 601 τῶν
240 575 339 602 ὕπνων
352 575 545 611 ἀναπηδῶντες
559 581 572 595 ι
591 575 645 601 ἀπὸ
662 574 711 609 τῆς
728 571 868 608 διηνεκοῦς

27 617 135 651 ἀγωνίας
149 618 230 645 ὥστε
243 620 268 645 εἰ
280 620 329 646 καὶ
345 619 563 655 παρωργίσαμεν
575 619 620 646 τὸν
634 618 710 650 Θεὸν,
723 616 869 649 ἐξιλεωσά-

25 661 79 695 μεθα
88 661 135 687 νῦν
148 663 298 698 τοσαύτην
313 663 512 698 ὑπομείναντες
526 663 575 698 τὴν
586 662 731 698 τιμωρίαν.
745 659 800 687 Καὶ
814 659 868 694 γὰρ

22 706 41 730 εὶ
55 706 97 731 καὶ
113 705 153 741 μὴ
179 706 238 732 τῶν
261 706 473 742 ἁμαρτημάτων
490 706 569 739 ἀξίαν
582 705 724 741 ἐδώκαμεν
740 707 765 725 ι’
779 705 866 740 δίκην,

80 749 229 783 ἀρκοῦσαν
243 752 278 786 τῇ
296 751 343 777 τοῦ
356 751 424 778 Θεοῦ
439 750 636 786 φιλανθρωπίᾳ.

86 793 144 819 Οὐκ
153 793 288 820 ἐντεῦθεν
294 794 324 820 δὲ
333 794 426 830 μόνον,
434 794 501 821 ἀλλά
508 795 555 820 καὶ
563 793 696 830 ἑτέρωθεν
705 792 868 828 πολλαχόθεν

20 836 122 871 θαρρεῖν
138 838 210 872 χρή·
231 838 294 864 οὐδὲ
305 838 361 874 γὰρ
377 838 457 873 ὀλίγα
471 839 536 873 ἡμῖν
550 838 666 873 ἐνέχυρα
677 837 731 864 τῶν
743 836 869 873 χρηστῶν

19 881 126 907 ἐλπίδων
141 882 250 908 ἔδωκεν
261 883 276 909 6
287 882 356 914 Θεὺς
368 883 431 919 ἡδη.
448 883 502 910 Καὶ
517 883 624 919 πρῶτον
639 883 687 918 μὲν
702 883 830 910 ἁπάντων
844 884 868 910 οἰ

18 925 62 960 τὴν
80 926 208 961 πονηρὰν
226 928 392 962 κομίζοντες
408 928 539 962 ἀγγελίαν
549 948 557 960 ,
575 927 729 961 ἐξελθόντες
743 928 868 955 ἐντεῦθεν

20 969 137 1004 καθάπερ
146 970 223 1002 τινὲς
233 971 388 1007 ὑπόπτεροι
399 972 446 998 καὶ
452 971 535 999 πάλαι
544 971 749 1007 καταλήψεσθαι
759 972 871 1008 προσδο-

20 1015 147 1047 ήςαντες
156 1013 189 1040 τὸ
201 1015 400 1050 στρατόπεδον,
412 1015 484 1042 κατὰ
495 1015 580 1051 μέσην
590 1015 631 1041 ἔτι
641 1015 810 1051 διατρίϐουσι
820 1016 869 1052 τὴν

19 1057 81 1082 υκτ
94 1057 222 1084 τοσαῦτα
235 1058 331 1090 αὐτοῖς
345 1059 498 1094 κωλύματα
511 1059 558 1086 καὶ
568 1059 684 1094 ἐμπόδια
698 1059 793 1093 γέγονε
803 1079 811 1091 ,
823 1061 870 1086 καὶ

20 1101 73 1131 τεὺς
82 1101 189 1133 ἵππους
199 1101 322 1136 ἀφέντες
331 1102 461 1138 ὀχήματα
471 1103 611 1130 ἐλαύνουσι
622 1102 680 1134 νῦν,
692 1102 753 1128 ὅθεν
763 1102 869 1138 ἀνάγκη

21 1144 87 1170 ris;
109 1144 290 1180 βραδυτέραν
312 1146 408 1178 αὐτοῖς
432 1146 558 1181 γενέσθαι
581 1146 629 1181 τὴν
654 1146 743 1172 ἐκεῖσε
768 1145 868 1181 ἄφιξιν.

20 1188 120 1223 Ἐπειδὴ
140 1188 199 1224 γάρ
215 1189 266 1215 τὸν
286 1189 363 1224 ἱερέα
381 1190 429 1216 τὸν
449 1190 582 1226 ἡμέτερον
599 1190 646 1216 καὶ
660 1190 750 1217 κοινὸν
765 1191 870 1226 πατέρα

20 1232 162 1267 ἀπέστησεν
172 1234 187 1259 ὀ
197 1232 268 1265 Θεὸς
280 1233 419 1265 ἐντεῦθεν,
432 1234 480 1260 καὶ
492 1233 600 1260 ἔπεισεν
612 1234 751 1266 ἀπελθεῖν,
763 1235 811 1261 καὶ
821 1236 871 1270 τῆς

21 1276 161 1309 πρεσϐείας
186 1277 403 1312 συνεφάψασθαι
420 1278 523 1314 ταύτης
535 1298 542 1311 ,
559 1278 673 1313 κατέσχε
689 1278 782 1305 λοιπὸν
798 1279 870 1305 ἐκεί-

22 1328 72 1351 νους
93 1320 167 1347 κατά
191 1321 286 1357 μέσην
308 1321 359 1357 τὴν
381 1321 451 1352 ὁδὸν,
476 1322 519 1348 ἵνα
544 1321 580 1358 μὴ
601 1321 754 1356 φθάσαντες
769 1323 800 1349 τὸ
815 1322 871 1358 πῦρ

22 1364 145 1397 ανὲᾷωσι,
168 1365 221 1391 κα)⁸
238 1365 280 1400 τῷ
302 1365 457 1401 διδασκάλῳ
479 1365 570 1392 λοιπὸν
589 1366 718 1401 ἀνόνητον
738 1366 871 1401 ποιήσωσι

22 1408 62 1441 τὴν
74 1408 239 1444 διόρθωσιν.
259 1409 312 1441 τὰς
330 1409 476 1444 βασιλικὰς
491 1411 684 1446 ἐμπρήσαντες
699 1410 793 1442 ἀκοάς.
811 1411 870 1437 Ὀτι

23 1460 66 1487 γιρ
81 1453 133 1479 οὐκ
151 1453 224 1479 ἄνευ
243 1453 314 1480 Θεοῦ
337 1454 369 1480 τὸ
391 1453 506 1490 κώλυμα
527 1454 634 1488 γέγονε,
655 1454 734 1489 δῆλον
751 1454 868 1481 ἐκεῖθεν·

25 1497 172 1532 Ἄνθρωποι
200 1499 251 1525 τὸν
273 1498 383 1526 ἅπαντα
402 1499 498 1535 χρόνον
516 1499 656 1531 τοιαύταις
673 1499 872 1535 συντραφέντες

22 1540 181 1576 ἁτιῆημίαις
193 1562 202 1574 ,
223 1542 273 1570 καὶ
286 1542 367 1570 τοῦτο
384 1543 398 1564 δ
416 1543 497 1579 ἔργον
513 1543 621 1578 ἔχοντες
635 1543 735 1575 ἵππους
748 1543 871 1570 ἐλαύνειν

23 1584 162 1619 ἰιηνεκῶς,
187 1585 240 1612 νῦν
262 1586 309 1613 ὑπ’
332 1587 418 1622 αὐτῆς
445 1587 495 1622 τῆς
517 1586 651 1618 ἱππασίας
683 1586 870 1622 συντριϐέντες

23 1628 189 1665 ὑστέρησαν,
213 1631 264 1656 καὶ
282 1630 396 1665 γέγονεν
419 1631 466 1657 ἀπ’
494 1631 618 1663 ἐναντίας
640 1632 697 1662 τοῖς
725 1630 773 1657 τοῦ
794 1631 872 1658 Ἰωνᾶ

23 1673 161 1708 τ.ράγμασι
177 1673 216 1699 τὰ
230 1673 377 1709 συμϐάντα
389 1674 447 1701 νῦν.
462 1675 579 1701 Ἐκεῖνον
591 1675 641 1710 μὲν
651 1675 707 1710 γὰρ
724 1674 762 1711 μὴ
778 1674 871 1710 βουλό-

24 1725 96 1750 μενον
110 1718 247 1744 ἀπελθεῖν
262 1718 372 1752 ἡπειγε¹
386 1719 497 1750 τούτους
510 1718 537 1745 δέ
549 1718 729 1753 βουλομένους
744 1718 871 1745 ἀπελθεῖν

22 1761 164 1788 ἐκώλυσεν.
185 1761 219 1787 Ὢ
234 1761 332 1788 καινοῦ
344 1762 392 1788 καὶ
406 1761 558 1797 παραδόξου
573 1762 750 1797 πράγματοςί
768 1762 872 1794 ἐκεῖνος

22 1806 67 1830 0:1
78 1804 210 1831 ἐϐούλετο
225 1804 347 1840 κηρῦξαι
364 1806 571 1840 καταστροφὴν,
603 1805 651 1831 καὶ
671 1805 772 1833 ἄκοντα
789 1804 870 1833 αὐτὸν

23 1847 179 1882 ἀνέπησεν·
201 1844 276 1875 οῦτοι
303 1848 373 1883 μετά
397 1848 496 1875 πολλοῦ
519 1848 567 1875 τοῦ
588 1849 687 1883 τάχους
711 1847 871 1874 σπεύδουσιν

23 1890 189 1925 ἀπαγγεῖλαι
218 1892 426 1928 καταστροφὴν,
452 1892 500 1919 καὶ
524 1892 640 1923 ἄκοντας
665 1892 764 1923 αὐτοὺς
792 1890 872 1918 πάλιν

23 1935 103 1961 ἐκὼλυ
110 1944 150 1963 σε.
168 1936 204 1962 Τί
218 1936 339 1972 δήποτες
354 1937 415 1964 Ὅτι
430 1937 547 1964 ἐνταῦθα
563 1937 613 1972 μὲν
629 1936 660 1963 τὸ
669 1936 752 1972 τάχος
763 1935 870 1971 βλάϐος,

25 1980 78 2005 ἰκεί
90 1979 118 2006 δὲ
131 1979 165 2006 τὸ
178 1980 264 2015 τάχος
275 1980 372 2016 κέρδος
382 1980 475 2016 ἔφερε·
488 1980 531 2007 διὰ
543 1980 622 2007 τοῦτο
637 1980 764 2007 κάκεῖνον
777 1979 871 2014 ἤπειξε

23 2023 63 2050 ίιά
78 2023 123 2050 τοῦ
137 2024 253 2060 κήτους,
265 2025 315 2051 καὶ
327 2024 373 2051 διὰ
383 2024 439 2052 τῶν
454 2025 545 2051 ἵππων
557 2024 671 2056 τούτους
685 2023 869 2050 συνεπόδισεν.

29 2067 107 2102 Ὁρᾷς
132 2067 204 2094 θεοῦ
230 2069 344 2102 σοφίαν;
368 2068 413 2095 διὰ
435 2068 489 2095 τῶν
514 2068 685 2104 πραγμάτων
708 2067 809 2098 αὐτῶν,
834 2063 872 2094 ὧν

25 2111 135 2143 ἕκαστος
157 2111 276 2146 ἧλπισεν
300 2111 394 2139 ἀνύειν
412 2112 444 2138 τὸ
467 2112 647 2148 προκείμενον
659 2117 683 2145 ε,
706 2111 752 2138 διὰ
771 2110 872 2138 τούτων

28 2155 258 2190 τινεποδίσθησαν
270 2155 396 2188 ἕκαστος.
415 2156 533 2188 Ἐκεῖνος
547 2156 592 2182 διὰ
605 2155 652 2182 τοῦ
675 2155 767 2183 πλοίου
785 2163 871 2191 προσ-

27 2199 135 2234 εῶκησε
156 2199 324 2235 πτήσεσθαι,
336 2200 384 2226 καὶ
393 2199 423 2226 τὸ
440 2200 530 2226 πλοῖον
548 2199 623 2235 αὑτῷ
639 2199 738 2235 δεσμὸς
753 2199 871 2233 ἐγένετο·

26 2242 68 2268 διὰ
82 2243 135 2269 τῶν
153 2243 247 2270 ἵππων
270 2241 344 2270 οὗτοι
364 2243 568 2279 προσεδόκησαν
590 2243 739 2279 ταχύτερον
757 2243 872 2278 ὄψεσθαι

27 2286 70 2311 τὴν
89 2286 215 2321 βασιλέα,
234 2286 283 2314 καὶ
297 2287 324 2313 οἱ
339 2287 417 2313 ἵπποι
430 2287 574 2322 γεγόνασιν
585 2287 709 2322 κώλυμα·
728 2287 828 2322 μᾶλλον
844 2287 873 2314 δὲ

28 2331 72 2364 οὶχ
87 2331 111 2356 οἱ
127 2331 218 2362 ἵπποι,
234 2331 331 2366 ὥσπερ
347 2329 394 2358 οὖν
415 2331 469 2358 οὐδ’
491 2331 589 2367 ἐκείνῳ
607 2332 638 2358 τὸ
659 2331 759 2364 πλοῖον,
778 2331 836 2358 ἀλλ’
857 2332 873 2367 ἡ

29 2374 138 2408 πρόνοια
152 2374 200 2401 τοῦ
216 2374 285 2401 Θεοῦ
302 2374 442 2410 πανταχοῦ
459 2375 548 2402 πάντα
563 2375 631 2410 μετὰ
646 2375 696 2410 τῆς
714 2375 817 2407 οἰκείας
832 2375 873 2401 οἰ-

30 2419 140 2453 κσνομοῦ
146 2427 179 2445 σα
194 2419 302 2454 σοφίας.
317 2419 373 2446 Καὶ
385 2419 481 2446 σκόπει
493 2419 667 2455 κηδεμονίαν,
680 2419 738 2451 πῶς
751 2419 799 2446 καὶ
811 2419 875 2454 ἐφό-

31 2464 93 2497 ϐησε
106 2465 152 2490 καὶ
167 2464 352 2499 παρεκάλεσε.
370 2464 451 2501 Παρά
468 2465 516 2500 μὲν
527 2464 581 2500 γὰρ
593 2464 679 2500 αὐτὴν
691 2463 740 2499 τὴν
755 2463 874 2499 ἡμέραν,

32 2507 71 2532 Et:
84 2507 116 2533 τὰ
132 2507 281 2543 παράνομα
302 2508 440 2543 ἐτολμήθη
457 2508 545 2534 πάντα
562 2509 662 2541 ἐκεῖνα,
680 2508 758 2542 ἀφεὶς
775 2509 874 2540 αὐτοὺς

33 2550 142 2582 ἐξελθεῖν
156 2551 195 2582 ὡς
209 2551 438 2585 ἀπαγγελοῦντας
453 2551 492 2587 τῷ
509 2551 614 2587 βασιλεῖ
629 2551 663 2578 τὰ
681 2551 874 2588 συμϐεϐηκότα

33 2594 144 2623 ᾶπαντα.
158 2594 198 2630 τῷ
215 2595 294 2630 τάχει
317 2596 368 2631 τῆς
387 2595 478 2627 ἐξόδου
500 2595 604 2627 πάντας
621 2595 764 2631 ἐφόϐησεν·
781 2596 873 2632 ἐπειδὴ

71 2638 196 2673 ἀπῆλθον,
211 2640 259 2666 καὶ
271 2639 319 2666 δύο
329 2640 378 2666 καὶ
388 2641 464 2675 τρεῖς
475 2639 616 2675 ἀνήλωσαν
627 2640 744 2675 ἡμέρας,
758 2641 805 2667 καὶ
818 2639 874 2666 λοι-

36 2681 82 2706 πὸν
97 2683 212 2716 ματαίαν
227 2681 296 2709 εἶναι
316 2682 481 2717 ἐνομίζομεν
498 2683 544 2710 τοῦ
564 2684 659 2719 ἱερέως
675 2684 721 2710 ¹τοῦ
738 2684 872 2720 ἡμετέρου

35 2724 80 2758 τὴν
92 2725 258 2762 ἀποδημίαν,
276 2725 347 2762 [76]
363 2727 402 2758 ὡς
418 2726 569 2762 ὑστερίζειν
582 2727 739 2762 μέλλοντος,
755 2728 815 2753 τότε
826 2727 872 2754 τὸν

64 2811 75 2825 ι
87 2812 124 2845 sic
135 2813 207 2838 Savil.
216 2813 292 2845 Vulg.
305 2814 384 2838 ἀποπ.
400 2813 468 2838 Enn.

65 2845 84 2855 δ’
96 2844 164 2868 Savll.
184 2844 278 2876 ἔδομεν.

63 2875 128 2908 μίλιιί
137 2876 222 2908 χρόνον
233 2879 276 2904 τῆς
288 2878 353 2908 ζωῆς
365 2875 566 2908 αὐτῶ-ιμτοιαῦτα,
578 2877 618 2899 καὶ
628 2876 698 2900 τοῦτο
711 2877 798 2908 μόνοις.
815 2877 872 2901 Mox

40 2906 122 2935 q-zidam
132 2906 206 2936 ἔργον,
220 2911 246 2932 el
255 2906 319 2932 Infra
333 2906 435 2932 τούτους
449 2906 475 2929 δὲ
486 2906 647 2936 ἐπειγομένους
656 2908 697 2931 ἀπ.

64 2937 74 2953 ι
86 2937 136 2962 Sav.
143 2938 394 2971 τὸπροσδοκώμενον,
402 2940 428 2962 εἰ
437 2937 569 2968 εἱείνςῐδεε
579 2938 814 2970 νὶὐειυτὶιιίοτρτεδ.
822 2937 866 2964 En.

921 179 1002 214 φόϐον
1019 181 1129 214 ἐξέλυσε
1146 183 1194 210 καὶ
1213 183 1437 219 παρεμυθήσατο,
1462 183 1582 215 ἐκείνους
1605 191 1645 215 τε,
1666 182 1761 219 ὥσπερ

916 224 995 259 ἔφην,
1009 226 1080 252 κατὰ
1099 226 1186 262 μέσην
1204 226 1348 262 κατασχὼν
1359 227 1409 262 τὴν
1427 226 1496 260 ὁδὸν,
1518 227 1565 254 καὶ
1579 227 1642 259 τοὺς
1655 226 1761 254 ἐκεῖθεν

918 267 1133 304 ἀφικνουμένους
1146 270 1212 305 πρὸς
1225 270 1297 305 ἡμᾶς
1306 270 1350 297 διὰ
1360 271 1409 306 τῆς
1425 270 1509 305 αὐτῆς
1523 270 1582 297 ὀδοῦ
1600 269 1635 297 τὰ
1648 269 1762 297 ἐκείνων

919 309 992 346 πάθη
1006 312 1088 338 πᾶσιν
1102 313 1168 348 ἡμῖν
1184 313 1344 348 ἀναγγεῖλαι
1358 313 1585 349 παρασκευάσας,
1600 314 1645 341 ῖνα
1663 313 1762 350 μικρὸν

918 354 1143 390 ἀναπνεύσωμεν·
1152 357 1221 392 ὅπερ
1230 355 1277 384 οὖν
1292 357 1340 384 καὶ
1349 356 1468 391 ἐγένετο,
1483 357 1531 384 καὶ
1542 357 1609 384 πολὺ
1625 357 1676 392 τῆς
1687 358 1763 392 ἀγω-

918 397 977 429 νίας
999 398 1156 434 ἀπεθέμεθα
1181 399 1274 435 μέρος.
1294 400 1388 428 Ταῦτα
1408 400 1584 432 ἀκούσαντες,
1608 402 1654 428 τὸν
1674 401 1762 428 ταῦτα

919 442 1071 477 ποιήσαντα
1092 445 1336 479 προσεκυνήσαμεν
1358 444 1424 471 θεὸν
1444 444 1482 476 ώς
1503 445 1630 480 πατέρων
1652 446 1762 472 πάντων

919 485 1168 522 φιλοστοργότερον’
1185 488 1232 514 καὶ
1244 487 1291 514 νῦν
1305 488 1339 515 τά
1350 488 1410 514 καθ’
1420 489 1494 524 ἡμᾶς
1504 488 1628 524 διέθηκεν
1643 488 1761 521 ἅπαντα,

919 529 1027 566 ἀοράτῳ
1043 531 1095 557 τινὶ
1111 531 1224 567 δυνάμει
1241 533 1304 563 τοὺς
1333 533 1464 567 πονηροὺς
1485 532 1597 564 τούτους
1618 533 1763 568 κατασχὼν

919 573 1062 608 ἀγγέλους,
1080 575 1127 601 καὶ
1145 576 1285 611 μονονουχὶ
1297 576 1396 610 λέγων·
1413 576 1446 603 Τί
1457 575 1677 609 σπεύδετε;τίδέ
1689 576 1755 602 ἐπείη

919 617 1000 651 γεσθε
1016 617 1092 645 πόλιν
1106 618 1234 654 τοιαύτην
1253 620 1460 652 καταποντίζειν
1481 620 1642 656 μέλλοντες;
1659 620 1696 656 μή
1709 620 1763 657 γὰρ

920 661 1066 695 εὐαγγέλια
1082 662 1210 697 κομίζετε
1231 663 1270 698 τῷ
1289 663 1409 698 βασιλεῖς
1432 664 1536 691 Μένετε
1550 664 1645 695 αὑτοῦ,
1665 663 1718 696 ἕως
1733 660 1764 690 οὗ

919 704 965 731 τὸν
980 703 993 722 ά
1011 704 1164 740 θεράποντα
1178 706 1224 732 τὸν
1236 706 1311 741 ἐμὸν,
1323 706 1450 742 καθάπερ
1465 707 1557 742 ἰατρὸν
1572 707 1693 743 ἄριστον,
1708 715 1764 733 πα-

921 748 1082 784 ρασκευάσω
1096 748 1198 783 φθάσαι
1214 750 1262 776 καί
1271 750 1316 776 τὸν
1329 750 1460 786 ὑμέτερον
1471 750 1691 785 προκαταλαϐεῖν
1700 749 1763 786 δρό-

922 800 981 826 μον.
998 791 1030 818 Εἰ
1044 792 1072 818 δέ
1086 793 1114 818 ἐν
1130 793 1200 828 ἀρχῇ
1220 793 1267 820 τοῦ
1283 794 1333 829 τῆς
1350 794 1523 830 παρανομίας
1536 794 1631 826 ἕλκους
1647 793 1764 829 τοσαύτη

921 834 1035 868 πρόνοια
1056 834 1163 870 γέγονε,
1186 836 1275 872 πολλῷ
1300 836 1400 872 μᾶλλον
1427 837 1497 873 μετὰ
1522 837 1570 873 τὴν
1586 837 1764 873 ἐπιστροφὴν,

922 878 992 912 μετά
1009 878 1058 913 τὴν
1075 879 1229 914 μετάνοιαν,
1245 880 1314 915 μετά
1327 881 1374 907 τὸν
1387 881 1515 908 τοσοῦτον
1531 881 1624 915 φόϐον,
1642 880 1711 916 μετά
1731 881 1764 906 τὰ

920 922 1025 958 δάκρυα
1039 923 1143 955 καὶτὰς
1152 924 1236 959 εὐχὰς
1247 926 1369 958 πλείονος
1380 925 1592 961 ἀπολαυσόμεθα
1602 926 1652 960 τῆς
1662 925 1763 955 ἀδεία;.

927 966 955 993 ’0
971 967 1020 1002 μὲν
1037 967 1091 1002 γὰρ
1107 968 1198 1000 Ἰωνᾶς
1219 969 1330 1001 εἰκότως
1351 969 1541 1004 συνηλαύνετο,
1563 970 1606 996 ἵνα
1625 970 1665 1000 είς
1684 969 1759 1004 μετά-

920 1019 994 1037 νοιαν
1008 1011 1126 1047 ἐμϐάλῃ,
1143 1012 1222 1047 ὑμεῖς
1241 1012 1269 1039 δὲ
1287 1013 1337 1049 ήδη
1358 1013 1407 1049 τὴν
1428 1013 1572 1049 μετάνοιαν
1591 1013 1765 1046 ἐπεδείξασθε

921 1055 968 1081 καὶ
982 1055 1084 1091 πολλὴν
1103 1056 1154 1091 τὴν
1174 1057 1353 1093 ἐπιστροφήν·
1377 1058 1417 1084 διὸ
1438 1058 1485 1085 καί
1507 1057 1707 1093 παρακλήσεως
1725 1056 1766 1083 δεῖ

920 1098 1023 1132 λοιπὸν,
1038 1100 1088 1126 οὐκ
1101 1099 1231 1134 ἀγγελίας
1242 1101 1356 1137 ἀπειλὴν
1368 1101 1493 1137 ἐχούσης.
1509 1101 1558 1128 Διά
1567 1100 1647 1128 τοῦτο
1659 1101 1706 1128 καὶ
1719 1101 1766 1127 τὸν

921 1142 1011 1169 κοινὸν
1029 1143 1156 1170 ἐντεῦθεν
1173 1144 1305 1180 ἀνέστησε
1320 1145 1436 1180 πατέρα,
1455 1145 1544 1172 καίτοι
1561 1144 1666 1171 πολλῶν
1680 1144 1766 1171 όντων

921 1185 975 1212 τῶν
993 1186 1162 1214 κωλυόντων*
1178 1188 1202 1214 εἰ
1217 1187 1246 1214 δὲ
1263 1187 1299 1223 μὴ
1313 1188 1434 1224 ἐφείδετο
1456 1189 1505 1224 τῆς
1524 1194 1535 1208 ⁸
1556 1188 1694 1224 σωτηρίας
1717 1188 1766 1223 τῆς

921 1230 1069 1265 ἡμετέρας,
1086 1231 1137 1257 οὐκ
1153 1231 1187 1257 ἂν
1202 1231 1305 1258 ἐκεῖνον
1318 1231 1438 1265 ἔπεισεν,
1457 1232 1525 1259 ἀλλά
1541 1232 1589 1259 καὶ
1605 1231 1766 1267 βουλόμενον

921 1274 1039 1307 ἐξελθεῖν
1055 1275 1191 1302 ἐκώλυσεν
1207 1276 1249 1304 ἀν.

958 1322 991 1353 γ’.
1011 1320 1085 1354 Ἔχω
1099 1329 1126 1346 τι
1139 1320 1186 1347 καὶ
1211 1320 1302 1356 τρίτον
1318 1322 1405 1348 εἰπεῖν
1422 1321 1572 1357 δυνάμενον
1583 1322 1656 1358 ὑμᾶς
1675 1323 1767 1350 πεῖσαι

922 1362 1043 1399 θαρρεῖν,
1054 1364 1103 1400 τὴν
1115 1365 1255 1400 παροῦσαν
1267 1365 1374 1401 ἑορτὴν,
1387 1365 1420 1401 ἡν
1434 1366 1479 1392 καὶ
1496 1365 1607 1392 ἀπιστοι
1628 1366 1767 1393 αίδοῦνται

923 1407 1015 1442 σχεδὸν
1030 1408 1140 1440 πάντες,
1152 1409 1185 1444 ἡν
1198 1409 1246 1435 καί
1262 1408 1342 1441 αὐτὸς
1355 1410 1369 1436 6
1385 1409 1513 1445 θεοφιλὴς
1535 1410 1662 1445 βασιλεὺς
1678 1410 1767 1442 οὓτως

921 1452 1019 1488 ᾐδέσθη
1038 1453 1085 1479 καὶ
1098 1453 1238 1488 ἐτίμησεν,
1252 1453 1290 1485 ώς
1301 1453 1424 1485 ἅπαντας
1446 1455 1508 1486 τοὺς
1528 1455 1581 1490 πρὸ
1601 1454 1684 1481 αὐτοῦ
1706 1455 1766 1490 μετ’

921 1496 1062 1529 εὐσεϐείας
1089 1498 1279 1532 κρατήσαντας
1306 1497 1508 1533 ὑπερϐαλέσθαι
1540 1498 1685 1533 βασιλέας.
1721 1498 1766 1524 Ἐν

920 1540 1034 1573 ταύταις
1048 1540 1114 1576 γοῦν
1127 1542 1187 1573 ταῖς
1202 1541 1320 1577 ἡμέραις
1340 1542 1450 1577 πέμψας
1473 1542 1616 1577 ἐπιστολὴν
1631 1543 1670 1574 εἰς
1683 1542 1767 1577 τιμὴν

920 1584 970 1619 τῆς
999 1585 1107 1620 ἑορτῆς,
1133 1586 1196 1616 τοὺς
1228 1585 1259 1611 τὸ
1286 1585 1473 1621 δεσμωτήριον
1502 1585 1646 1617 οἰκοῦντας
1672 1586 1766 1621 σχεδὸν

921 1628 1027 1663 ἀφῆκεν
1049 1628 1187 1660 ἅπανταςο
1212 1629 1259 1655 καὶ
1289 1629 1391 1664 ταύτην
1421 1630 1435 1656 ὁ
1468 1630 1557 1665 ἱερεὺς
1586 1630 1600 1656 6
1630 1630 1765 1665 ἡμέτερος

921 1671 1051 1698 εἰσελθὼν
1064 1671 1250 1706 ἀναγνώσεται
1266 1672 1316 1708 τὴν
1331 1672 1476 1708 ἐπιστολὴν
1493 1672 1561 1708 πρὸς
1577 1673 1623 1699 τὸν
1639 1672 1764 1708 βασιλέα,

921 1715 1035 1742 καὶτῶν
1049 1716 1156 1742 οἰκείων
1171 1716 1251 1743 αὑτὸν
1272 1717 1425 1752 ἀναμνήσει
1445 1717 1547 1753 νόμων,
1563 1717 1609 1744 καὶ
1625 1717 1683 1753 ἐρεῖ
1697 1717 1765 1753 πρδς

921 1760 1013 1791 αὐτὸν,
1043 1761 1083 1786 ὅτι
1112 1761 1148 1787 Σὺ
1176 1760 1273 1787 σαυτὸν
1297 1760 1504 1797 παρακάλεσον,
1533 1763 1580 1788 καὶ
1604 1760 1639 1788 τά
1665 1760 1764 1788 σαυτοῦ

923 1803 1061 1839 μέμνησο·
1082 1803 1188 1831 οἴκοθεν
1206 1804 1278 1840 ἔχεις
1294 1804 1323 1830 τὸ
1344 1804 1519 1840 παράδειγμα
1541 1804 1592 1840 τῆς
1612 1804 1765 1840 φιλανθρω-

922 1847 1002 1879 πίας·
1020 1847 1124 1874 δίκαιον
1138 1848 1187 1883 οὐχ
1202 1848 1273 1874 εἵλου
1287 1847 1400 1884 ποιῆσαι
1415 1848 1506 1882 φόνον,
1524 1847 1571 1874 καὶ
1588 1847 1680 1874 ἀδικον
1697 1849 1764 1874 ὑπο-

923 1892 1014 1926 μενεῖς
1043 1891 1231 1926 ἐργάσασθαι;
1262 1891 1325 1923 τοὺς
1354 1891 1552 1927 ἐληλεγμένους
1586 1891 1632 1918 καὶ
1656 1891 1766 1918 καταδι-

921 1934 1073 1967 κασθέντας
1097 1935 1147 1971 τὴν
1175 1935 1271 1971 ἑορτὴν
1301 1935 1436 1968 αἰδεσθεὶς
1464 1935 1591 1971 ἀφῆκας,
1623 1936 1670 1963 καὶ
1701 1936 1766 1968 τοὺς

922 1978 1085 2010 ἀνευθύνους
1103 1979 1150 2005 καὶ
1166 1978 1249 2014 μηδὲν
1270 1979 1472 2015 τετολμηκότας
1496 1981 1682 2015 κατακρινεῖς,
1700 1979 1765 2007 εἰπέ

924 2031 979 2057 μοι,
995 2022 1140 2049 καὶταῦτα
1156 2022 1206 2057 τῆς
1221 2023 1319 2058 ἑορτῆς
1339 2023 1494 2058 παρούσηςς
1515 2023 1667 2058 Μηδαμῶς,
1685 2023 1765 2059 βασι-

922 2066 979 2093 λεῦ.
997 2067 1034 2093 Σὺ
1056 2067 1101 2093 διὰ
1119 2067 1168 2102 τῆς
1189 2066 1333 2102 ἐπιστολῆς
1358 2066 1459 2102 ταύτης
1484 2066 1677 2102 διαλεγόμενος
1703 2069 1765 2100 ταῖς

923 2110 1017 2136 πόλεσι
1039 2110 1139 2142 πάσαις
1154 2110 1246 2144 ἔλεγες
1261 2118 1268 2125 ·
1294 2109 1358 2137 Εἴθε
1386 2119 1431 2146 μοι
1456 2110 1569 2137 δυνατὸν
1585 2108 1619 2146 ἦν
1639 2111 1765 2143 καὶτοὺς

923 2154 1037 2190 νεκροὺς
1052 2155 1204 2189 ἀναστῆσαι
1226 2154 1248 2181 ἲ.
1276 2153 1383 2190 Ταύτης
1405 2154 1521 2189 δεόμεθα
1542 2155 1591 2190 τῆς
1612 2154 1765 2190 φιλανθρω-

924 2200 998 2231 πίας,
1018 2198 1120 2226 τούτων
1134 2198 1249 2234 δεόμεθα
1264 2198 1318 2225 τῶν
1339 2198 1469 2234 ῥημάτων
1490 2198 1547 2226 νῦν.
1568 2199 1624 2234 Οὐχ
1640 2198 1712 2225 οὕτω
1732 2199 1764 2226 τὺ

925 2243 1061 2279 κρατῆσαι
1078 2242 1215 2278 πολεμίων
1229 2242 1372 2278 λαμπροὺς
1392 2244 1464 2269 ποιεῖ
1478 2243 1541 2274 τοὺς
1559 2242 1764 2277 βασιλεύοντας,

924 2287 961 2318 ὡς
981 2287 1011 2313 τὸ
1036 2287 1171 2322 κρατῆσαι
1190 2286 1276 2322 θυμοῦ
1296 2287 1343 2313 καὶ
1364 2287 1462 2322 ὀργῆς·
1485 2288 1543 2313 ἐκεῖ
1562 2286 1612 2322 μὲν
1632 2286 1687 2323 γὰρ
1710 2287 1764 2314 τῶν

924 2331 1014 2358 ὅπλων
1030 2332 1076 2358 καὶ
1091 2331 1145 2358 τῶν
1162 2331 1335 2367 στρατιωτῶν
1352 2331 1383 2357 τὸ
1403 2331 1568 2367 κατόρθωμα
1585 2331 1700 2366 γίνεται,
1718 2332 1763 2358 ἐν-

925 2375 1011 2403 ταῦθα
1029 2376 1057 2403 δέ
1072 2376 1174 2411 γυμνὸν
1187 2376 1233 2402 σόν
1244 2377 1302 2402 ἐστι
1315 2376 1347 2402 τὸ
1358 2375 1497 2411 τρόπαιον,
1515 2376 1562 2402 καὶ
1577 2375 1672 2403 οὐδένα
1691 2375 1764 2411 ἔχεις

925 2419 971 2447 τὸν
986 2419 1164 2456 μεριζόμενον
1189 2419 1257 2455 μετά
1281 2419 1327 2446 σοῦ
1350 2419 1399 2455 τὴν
1420 2419 1469 2455 τῆς
1492 2419 1652 2454 φιλοσοφίας
1671 2419 1761 2453 δόξαν.

931 2464 1101 2500 Ἐκράτησας
1116 2463 1237 2499 πολέμου
1262 2463 1441 2499 βαρϐαρικοῦ,
1458 2463 1594 2499 κράτησον
1614 2464 1661 2490 καὶ
1675 2464 1762 2500 θυμοῦ

927 2508 1065 2544 βασιλικοῦ
1076 2516 1083 2524 ”
1103 2508 1263 2543 μαθέτωσαν
1276 2508 1302 2534 οἰ
1321 2508 1430 2535 ἄπιστοι
1447 2508 1547 2540 πάντες
1560 2508 1601 2536 ὅτι
1615 2509 1629 2535 6
1639 2508 1686 2535 τοῦ
1698 2509 1764 2544 Χρι-

925 2553 990 2580 στοῦ
1003 2553 1085 2587 φόϐος
1095 2553 1185 2580 πᾶσαν
1196 2552 1320 2586 ἐξουσίαν
1329 2553 1441 2580 δύναται
1459 2552 1597 2588 χαλινοῦψ
1615 2553 1672 2589 [77]
1688 2552 1763 2585 δόξα-

926 2598 972 2624 σόν
985 2606 1030 2623 σου
1047 2597 1092 2624 τὸν
1106 2597 1320 2632 Δεσπότην,τοῖς
1331 2597 1481 2628 συνδούλοις
1498 2597 1578 2631 ἀφεὶς
1592 2597 1625 2624 τὰ
1640 2597 1762 2634 ἁμαρτή-

927 2650 1008 2677 ματα.
1024 2641 1068 2667 ἵνα
1083 2641 1130 2668 καί
1141 2641 1223 2672 αὑτός
1239 2649 1269 2667 σε
1282 2640 1382 2677 δοξάσῃ
1395 2640 1536 2676 μειζόνως,
1550 2640 1593 2667 ἵνα
1604 2640 1708 2676 ἥμερόν
1719 2649 1762 2668 σοι

925 2685 995 2712 κατά
1009 2686 1058 2720 τὴν
1073 2685 1121 2720 τῆς
1132 2685 1248 2720 κρίσεως
1265 2684 1370 2720 ἡμέραν
1386 2684 1458 2720 δείξῃ
1475 2684 1505 2710 τὸ
1517 2683 1594 2719 ὄμμα
1609 2684 1657 2711 καὶ
1675 2685 1760 2720 γαλη-

923 2730 978 2762 νὺν,
999 2729 1100 2763 ταύτης
1114 2728 1287 2763 μεμνημένος
1308 2737 1354 2754 σου
1374 2728 1424 2762 τῆς
1441 2727 1654 2763 φιλανθρωπίας.
1667 2728 1761 2756 Ταῦτα

923 2775 970 2801 καὶ
988 2773 1098 2800 πλείονα
1114 2772 1216 2798 τούτων
1230 2773 1296 2807 ἐρεῖ,
1311 2772 1358 2798 καὶ
1376 2772 1482 2803 πάντως
1501 2772 1574 2807 ἡμᾶς
1588 2771 1759 2808 ἐξαιρήσεται

955 2842 1029 2881 HW
1042 2842 1124 2881 ἕνεάν
1134 2842 1212 2880 γάγκ.
1283 2874 1293 2879 -

959 2875 968 2884 '
980 2874 1029 2898 Alii
1042 2875 1061 2898 εἰ
1074 2874 1099 2897 δὲ
1112 2874 1143 2903 μή
1156 2874 1254 2900 ἐκὴὀετο
1267 2874 1315 2900 τῆς.
1734 2901 1739 2905 ⁸

957 2904 966 2939 ξ
980 2904 1056 2929 Savil.
1069 2908 1096 2939 εἰ
1107 2910 1193 2939 magna}
1203 2909 1257 2939 pays
1269 2909 1326 2936 mss:
1338 2904 1393 2933 τοὺς
1402 2903 1543 2931 ἀπελθόντας
1552 2903 1635 2928 avum.
1644 2901 1698 2927 Mox
1708 2902 1750 2926 alli

924 2935 1014 2962 τούτων
1027 2935 1107 2966 καιρὸς
1117 2935 1164 2958 τῶν
1181 2934 1292 2966 ῥημάτων
1301 2934 1350 2957 νῦν.
