1962 3121
58 159 86 188 εδ
532 163 577 190 AD
597 163 753 191 POI‘ULUM
776 164 1018 194 ANTIUCIIENUM
1051 168 1164 196 “03111..
1187 168 1228 196 Vl.
1670 176 1706 205 Βῆ

60 219 157 254 quillunt
175 217 286 245 oenlttnt
300 218 329 245 itt
343 218 439 253 jttdicii
453 219 494 246 die
507 219 654 246 clemenlim
667 224 716 247 tum
731 221 854 248 recorda-

61 270 95 291 tus
106 263 242 290 exhibeat.
262 262 332 291 llzec
353 270 383 291 et
398 264 439 292 his
461 265 532 299 plura
550 265 630 297 dieet,
651 271 677 292 et
692 273 740 293 nos
763 267 796 294 ab
816 267 853 293 ira

60 311 151 346 penitus
163 308 274 344 eripiet.
291 309 356 336 Non
371 315 472 337 tatttttttt
484 315 570 338 autem
584 311 616 337 ad
630 311 783 345 lntperatori
797 320 855 347 per-

60 355 207 383 suadendum
219 355 381 383 maximum
397 364 429 383 ex
444 357 494 383 hoc.
505 357 608 391 jejunio
624 357 704 386 nobis
722 363 762 385 est
776 358 853 385 auxi-

61 405 120 433 lium,
135 400 180 429 sed
201 401 288 428 etiam
305 402 342 428 ad
361 409 439 429 easus
450 410 577 437 generose
592 402 717 429 ferendos
733 412 739 430 :
755 404 853 430 etenim

59 447 258 475 consolationem
271 454 331 473 non
346 448 484 474 tttinimam
491 455 523 474 ex
535 447 585 474 ltoc
596 449 852 482 tentporeeapimus.

61 495 100 520 l'cr
111 491 230 526 singulos
243 491 323 518 enim
341 492 402 519 dies
415 492 579 527 congregari,
598 497 625 520 et
642 493 791 520 divinarum
805 501 853 520 att-

59 540 104 566 ditu
121 538 328 572 Scripturarutn
348 539 412 571 frui,
423 543 450 566 et
470 540 581 566 invicem
596 547 643 566 nos
654 540 809 574 conspicere
827 545 854 567 et

60 584 194 617 lamentari,
208 588 236 610 et
247 591 378 615 orantes.
400 592 431 611 ac
448 585 657 613 benedictionent
674 586 834 620 accipientes
844 607 851 617 ,

59 631 89 656 sic
103 629 207 655 domum
222 629 316 660 abire,
337 629 364 656 id
381 629 482 656 doloris
496 630 640 664 plurimum
656 631 733 657 nobis
755 631 849 658 aufert.

59 674 89 702 Ne
98 674 171 709 igitur
183 681 368 707 corruamus,
381 683 468 709 tteque
491 683 538 702 nos
553 677 624 710 ipsos
642 685 696 710 pra:
718 677 852 704 anxietate

60 720 199 754 prodamus.
218 719 268 746 sed
287 728 451 748 maneamus
461 726 648 755 exspectantes
660 722 728 749 bona
740 742 746 754 ,
770 727 795 749 et
810 723 851 748 di-

62 766 140 792 cendis
153 770 273 791 menti-nt
290 766 473 793 adhibeamus
486 776 491 793 :
502 767 601 794 etenim
613 768 673 794 volo
687 772 714 795 et
727 768 804 796 hodie
819 769 852 796 de

62 813 141 840 mortis
154 817 318 847 contemptu
337 813 435 840 iterum
449 813 581 841 disserere
593 815 612 840 ¹.
624 814 682 841 Dixi
695 815 770 841 vobis
784 815 849 846 lteri,

63 865 103 885 nos
118 862 228 884 mortent
244 858 367 890 timere,
391 867 442 885 non
457 859 563 894 quidem
578 859 640 894 quia
654 859 778 887 terribilis
798 864 849 892 est,

63 904 101 931 sed
113 903 234 938 quoniam
251 911 348 938 neque
361 905 475 932 catlestis
489 905 563 940 regni
582 912 657 931 amor
679 912 729 932 nos
742 913 852 932 Sltcrett-

61 950 101 979 dit.
120 956 201 983 neque
215 949 357 984 gehenttm
371 951 451 977 timor
465 958 514 977 ttos
526 952 664 985 occupavit
677 960 683 978 :
697 957 721 978 et
736 952 768 978 ad
783 952 850 984 lucc,

63 995 172 1029 quoniam
186 995 390 1022 conscientiam
406 1004 458 1023 non
473 996 601 1023 habemus
612 997 717 1024 bonant.
729 997 811 1024 Vultis
825 1002 852 1024 et

61 1047 166 1074 quartam
180 1040 263 1075 huius
278 1042 445 1076 importuna:
456 1042 596 1069 anxietatis
611 1050 718 1069 causam
733 1050 852 1070 comme-

63 1093 159 1117 ttmrem,
175 1093 228 1112 non
240 1087 338 1113 minus
350 1087 533 1121 superioribus
545 1088 654 1114 veram?
669 1087 725 1114 Non
738 1088 852 1116 vivimus

63 1134 83 1159 in
95 1133 233 1166 asperitate
247 1132 421 1161 Christianis
440 1141 572 1168 congrua,
590 1134 636 1160 St'd
657 1134 762 1162 facilem
784 1135 852 1162 Itane

63 1183 83 1206 et
94 1178 198 1204 solutam
213 1183 241 1205 et
254 1179 372 1205 mollem
388 1187 509 1206 amamus
524 1180 602 1206 vitam
619 1189 625 1206 :
639 1180 737 1207 idcirco
757 1181 852 1207 verisi-

62 1224 146 1249 ntilitcr
163 1227 190 1249 et
206 1224 393 1257 pra-sentibus
406 1224 570 1251 oblectamur
585 1225 675 1252 rebus.

95 1267 128 1295 ι-Ϊι
151 1269 330 1295 ntacrmliotte
352 1269 488 1296 rwleslium
508 1269 658 1296 desiderium
682 1271 852 1297 nascitur.—

68 1314 126 1347 Quod
146 1314 167 1341 si
187 1315 281 1349 utique
309 1315 336 1342 itt
355 1315 464 1350 jejnniis
477 1322 502 1343 et
516 1316 760 1350 pernoctationibus
770 1321 797 1344 et
811 1316 852 1344 vi-

65 1365 112 1387 ctus
125 1360 262 1393 tenuitate,
281 1361 356 1388 hanc
369 1362 450 1388 vitam
470 1361 685 1396 transigerentns,
695 1363 853 1396 cupiditates

67 1411 156 1433 nostras
163 1407 345 1441 praecidentes
355 1408 494 1439 absurdas,
507 1409 657 1442 voluptates
666 1415 798 1442 arcentes,
808 1418 853 1437 su-

67 1451 133 1477 dores
146 1452 249 1478 virtutis
263 1454 447 1485 sustinentes,
471 1454 616 1480 secundum
633 1455 743 1481 Paulum
755 1462 852 1489 corpus

68 1497 212 1531 castigantes
224 1498 294 1524 etin
308 1498 464 1525 servitutem
481 1499 630 1533 retligcntes
646 1500 668 1535 (l
684 1499 742 1527 Cor.
757 1500 783 1527 9.
793 1499 850 1534 27).

68 1541 141 1567 carnis
150 1542 351 1575 providentiam
359 1543 392 1570 ad
402 1543 531 1570 des’deria
545 1551 597 1571 non
610 1544 748 1576 facientes,
771 1553 851 1580 angu-

70 1592 124 1612 stam
136 1587 355 1623 eteonfragosant
371 1593 489 1616 tenentes
502 1589 580 1620 viam.
593 1590 645 1616 citn
657 1590 741 1616 futura
751 1598 849 1617 cenen-

70 1631 223 1666 pisceremus,
231 1633 416 1666 przesentiltus
426 1633 530 1660 liberari
541 1635 675 1662 laboribus
685 1635 850 1663 festinantes.

72 1675 100 1702 Et
109 1676 169 1710 quod
180 1685 230 1704 non
243 1678 331 1705 falsus
345 1679 379 1705 sit
393 1686 481 1706 sermo
493 1679 634 1712 noster,ad
649 1681 776 1707 montium
793 1689 852 1708 ver-

75 1722 126 1748 tices
137 1723 255 1754 ascende.
270 1724 418 1751 considera
443 1725 498 1752 illic
515 1730 650 1753 morantes
666 1727 811 1753 monachos
826 1727 851 1754 in

76 1774 147 1800 sacco,
162 1769 186 1795 itt
200 1770 331 1803 vinculis,
348 1771 374 1797 in
389 1770 508 1805 jejuniis,
524 1772 548 1798 in
564 1772 681 1799 tenebris
699 1774 850 1806 conclusos,

75 1818 95 1838 et
107 1821 188 1841 omnes
200 1815 307 1842 videbis
323 1821 437 1843 mortem
452 1822 646 1851 exoptantes,et
662 1826 717 1845 rem
730 1819 852 1846 illantrc-

78 1860 149 1891 tptient
162 1862 339 1895 appellantes.
355 1862 432 1889 Sicut
444 1863 514 1889 enim
526 1863 650 1891 cmstibus
664 1873 782 1900 pugnans
797 1870 852 1892 sta-

77 1905 112 1931 dio
121 1906 186 1934 etire
200 1907 323 1941 festinat,
341 1913 371 1935 ttt
390 1909 543 1936 vulneribus
562 1909 738 1944 liberetut,et
751 1910 852 1938 athleta

76 1955 217 1983 spectatores
224 1960 377 1987 exsurgere
386 1953 589 1987 concupiscit,ut
595 1954 729 1982 laboribus
737 1955 854 1982 absolva-

79 1999 129 2020 IIIr:
143 1996 177 2023 sic
195 2002 221 2025 et
244 1998 294 2033 qui
315 1998 343 2025 in
365 1997 450 2032 rigida
464 2004 490 2025 et
506 2006 600 2032 aspera
614 1999 665 2026 vita
684 2007 744 2026 cum
757 2001 853 2028 virtute

77 2039 136 2072 vivit,
150 2041 222 2069 tinent
237 2043 396 2075 desiderat,
411 2048 439 2070 ut
452 2044 626 2077 prtescntibus
638 2044 765 2079 eripiatur
778 2045 854 2072 labo-

81 2085 146 2116 ribus,
158 2091 182 2114 et
203 2095 254 2122 pro
275 2088 403 2122 repositis
420 2088 506 2115 valeat
525 2089 630 2116 coronis
652 2089 798 2121 conlidere,
819 2091 852 2118 rd

80 2132 225 2165 tranquillum
255 2133 389 2168 navigans
412 2138 530 2168 portuttt,
545 2139 571 2161 et
585 2135 630 2161 illo
645 2137 834 2170 transtnigt-aas
844 2157 851 2169 ,

83 2176 115 2202 ubi
127 2184 218 2206 nonest
233 2179 353 2214 amplius
370 2179 514 2206 timendum
528 2179 703 2215 naufragium.
727 2181 852 2216 Propter-

80 2228 103 2247 ea
124 2222 183 2250 Deus
200 2229 297 2251 natura
314 2224 477 2251 laboriosam
502 2229 529 2251 et
553 2233 660 2258 gravent
681 2226 758 2253 nobis
773 2228 852 2254 vitam

82 2268 171 2299 paravit,
184 2274 210 2296 ut
220 2270 351 2304 praesenti
369 2269 539 2296 tribttlalione
551 2271 690 2304 compulsi,
705 2271 852 2299 futurorum

82 2311 218 2341 desiderium
235 2315 387 2349 capiamus.
404 2315 432 2341 Si
446 2316 515 2342 euint
526 2323 586 2342 Cllln
599 2317 651 2343 sint
665 2322 703 2344 tot
714 2318 812 2351 tristia,
827 2323 854 2346 et

85 2357 355 2392 periculacttintorcs,
382 2364 408 2387 et
430 2368 500 2387 cura:
515 2369 564 2389 nos
593 2362 707 2398 undique
737 2365 852 2392 circuat-

83 2407 163 2435 euntes,
188 2410 240 2432 tant
265 2405 383 2432 libenter
407 2407 529 2440 praesenti
545 2407 715 2435 immoramur
728 2410 804 2442 vine;
830 2411 852 2438 si

84 2446 133 2473 nihil
143 2447 227 2476 lturunt
238 2455 322 2483 esset,
335 2450 586 2484 elabsquctristitia
612 2457 638 2479 et
661 2455 786 2481 utrumuis
800 2460 852 2482 tota

85 2490 135 2518 iuret
152 2495 195 2521 vita
215 2499 325 2528 nostra,
348 2495 454 2530 quando
469 2504 592 2531 umquam
608 2497 694 2525 futura
716 2499 852 2528 desidera-

85 2543 152 2566 rt-ntus
159 2541 168 2565 ζ’

113 2583 176 2613 LSic
188 2592 214 2614 et
225 2587 331 2614 Juda-is
347 2586 416 2613 Deus
430 2587 500 2614 fecit.
518 2588 614 2616 Volens
629 2591 698 2617 enim
714 2596 740 2618 et
755 2592 813 2619 illos
826 2594 851 2620 itt

87 2628 162 2658 reditus
171 2633 346 2667 cupiditatem
355 2632 490 2664 indm-ere,
507 2639 532 2660 et
544 2639 571 2661 ut
579 2635 721 2670 Aigyptum
734 2638 853 2666 odissent

89 2677 225 2711 persuadere,
243 2678 370 2712 perntisit
381 2685 428 2705 eos
450 2679 563 2706 lateritio
578 2688 658 2714 opere
672 2687 697 2708 et
712 2682 767 2710 luto
780 2683 853 2710 labo-

88 2721 224 2757 rare(Ea-ad.
237 2724 264 2750 1.
281 2723 340 2758 Μ),
357 2727 385 2749 ut
395 2723 515 2750 lat-orum
527 2729 553 2751 ct
572 2733 696 2753 arumna-
710 2727 780 2755 illius
797 2737 852 2756 nta-

89 2764 192 2797 gttitudine
204 2769 295 2796 crucia
301 2769 332 2800 ti,
347 2768 380 2794 ad
391 2769 472 2796 Deum
483 2771 643 2798 reversionis
664 2780 744 2799 causa
755 2773 851 2801 elauta-

111 2821 324 2859 ξᾶιοτριπρῃιὶςςὶξ
337 2825 453 2859 multis...
466 2826 508 2859 sed
521 2828 551 2859 de
563 2828 647 2852 mortis
658 2831 791 2859 contemptu
802 2829 856 2855 dis-

91 2855 170 2878 εει-γημας
182 2856 254 2886 (ἀλλὰ
265 2857 323 2886 περὶ
334 2856 465 2887 ὑπεροψίας
478 2857 576 2881 Θανάτου
588 2855 763 2890 διαλεχθῶμενῇ

910 227 977 248 rcttt.
987 222 1014 250 Si
1023 223 1092 250 enim
1102 225 1211 259 egressi,
1221 225 1341 259 quamvis
1350 226 1405 253 ltmc
1414 227 1582 262 accidissent,
1590 229 1699 266 [Egypti

909 268 1002 295 iterum
1013 270 1222 297 ntemineruntct
1233 272 1348 305 pristina:
1357 274 1501 306 servitutis,
1512 279 1537 301 et
1545 275 1578 302 ad
1591 282 1701 310 grate-ut

908 313 1073 347 tyrannidem
1088 314 1175 342 redire
1188 315 1347 343 festinabant
1360 316 1456 351 (Exod.
1473 318 1511 345 i6.
1529 319 1557 354 3)
1571 329 1578 347 :
1593 321 1641 348 nisi
1658 326 1700 348 ta-

909 357 947 384 les
965 358 1076 386 fuixsent
1092 361 1192 394 experti
1213 361 1354 394 barbaros,
1370 362 1476 396 quando
1493 372 1618 399 umquam
1634 366 1700 393 alie-

907 411 968 430 nam
989 403 1122 432 dimittere
1148 410 1246 432 terram
1261 406 1426 434 voluiss-nt?
1446 407 1483 434 Ne
1505 408 1583 443 igitur
1602 415 1628 437 et
1652 419 1704 438 nos

908 453 985 476 terra:
1000 450 1083 482 aflixi,
1096 455 1122 477 et
1138 451 1312 486 prazsetttibus
1326 452 1458 480 inhiantes
1484 458 1645 488 torpeantus.
1675 462 1702 483 et

907 494 1055 522 futurorum
1070 495 1270 527 obliviscamur.
1286 497 1366 524 titant
1381 498 1458 525 nobis
1471 499 1532 526 fecit
1546 500 1616 526 Deus
1627 501 1700 526 labo-

906 537 1014 563 riosam.
1042 537 1099 563 Non
1124 537 1203 572 igitur
1221 539 1288 565 ttltra
1304 547 1382 573 quam
1399 544 1438 566 est
1453 547 1518 574 opus
1542 546 1700 575 praesentem

906 582 986 608 vitam
1013 583 1382 617 amplectantur.Qumnobis
1397 585 1515 612 utilitas?
1540 586 1611 620 quod
1635 595 1700 614 vero

905 627 1112 654 emolumentum
1138 635 1171 654 ex
1194 629 1273 655 nimia
1290 630 1428 663 prmsenlis
1455 631 1514 657 vitte
1537 631 1702 664 cupiditate!

905 671 952 698 Vis
962 672 1065 699 discere
1075 681 1159 707 quare
1166 673 1264 700 bonum
1274 675 1307 701 sit
1317 682 1435 708 prtesens
1446 676 1517 703 vita?
1527 676 1593 710 Quia
1605 677 1700 704 futura:

905 718 982 745 nobis
995 719 1055 745 vita,-
1067 720 1177 746 materia
1193 721 1316 754 efficitur,
1331 725 1358 747 et
1372 723 1476 748 oeca‘io
1487 728 1513 749 et
1527 723 1640 750 stadittttt
1657 729 1699 751 est

907 771 955 798 pro
969 764 1076 792 coronis
1098 765 1153 792 illic
1170 766 1347 800 adipiscendis
1364 775 1369 793 :
1387 768 1456 802 qttod
1473 769 1521 795 nisi
1546 769 1596 796 hoc
1621 770 1698 796 uoltis

905 810 1045 844 praeberet,
1064 810 1210 839 innumeris
1222 812 1349 838 mortibus
1361 818 1431 840 esset
1443 814 1629 842 miserabilior.
1642 815 1697 842 Nisi

905 855 975 882 enim
989 857 1109 884 viventes
1125 857 1180 884 Deo
1193 857 1276 884 simus
1288 858 1420 893 plasituri,
1439 859 1534 887 melius
1549 865 1590 887 est
1612 861 1697 888 obire.

904 900 972 933 Quid
985 902 1054 928 enittt
1069 906 1109 929 est
1123 903 1327 938 amplius?quid
1343 904 1491 938 reliquum?
1506 913 1558 932 non
1572 906 1696 933 eumdem

904 946 987 972 solem
1016 951 1042 974 et
1063 947 1184 974 eamdem
1209 948 1297 974 lttnattt
1320 949 1436 982 quotidie
1462 951 1615 978 cernimus?
1640 959 1693 978 nou

904 991 1024 1017 eamdem
1045 989 1200 1024 ltlemem,ct
1210 1000 1261 1019 non
1275 993 1394 1020 eamdem
1403 995 1535 1022 mstatem?
1544 1003 1596 1022 non
1605 996 1699 1023 eadem

905 1036 1028 1071 negotia?
1044 1037 1111 1069 Quid
1135 1043 1171 1064 est
1190 1038 1258 1072 quod
1271 1039 1340 1073 fuit?
1363 1039 1389 1066 id
1403 1041 1469 1074 quod
1488 1041 1543 1067 erit.
1573 1041 1641 1073 Quid
1661 1046 1698 1067 est

904 1082 970 1116 quod
982 1087 1016 1108 est
1031 1083 1233 1117 fuclum?ipsnm
1243 1085 1310 1119 quod
1324 1084 1437 1118 futurum
1449 1090 1483 1111 est
1498 1085 1607 1121 (Eccles.
1620 1087 1645 1112 1.
1657 1086 1696 1119 9).

904 1127 942 1154 Ne
958 1127 1037 1161 igitur
1058 1128 1148 1154 beatus
1164 1132 1286 1163 puteutus
1301 1130 1428 1164 viventes,
1442 1138 1528 1165 neque
1554 1132 1698 1158 tttnt'ientes

904 1172 1056 1207 lugeamus;
1072 1173 1120 1200 sed
1134 1174 1158 1200 in
1173 1175 1288 1208 peccatis
1306 1175 1476 1208 constitutos,
1497 1176 1555 1203 sive
1569 1176 1697 1206 viventes.

904 1218 961 1245 sive
972 1222 1090 1244 ntortuos
1103 1218 1292 1252 deplorentus;
1310 1219 1335 1245 itt
1349 1219 1452 1253 jttstitia
1463 1228 1527 1247 vero
1540 1220 1698 1255 ubicumque

904 1263 972 1296 sittt,
994 1263 1087 1291 beatos
1102 1264 1293 1292 existimemus.
1309 1265 1348 1292 Tu
1364 1265 1469 1300 quidem
1490 1274 1568 1292 unant
1585 1272 1697 1293 mortem

905 1309 1033 1337 formidas
1048 1314 1075 1337 et
1088 1310 1180 1345 luges;
1197 1314 1225 1337 at.
1240 1310 1336 1338 Paulus
1350 1318 1396 1345 per
1418 1311 1536 1346 singulos
1560 1312 1617 1339 dies
1642 1320 1698 1338 ntu-

904 1355 986 1387 riens,
1001 1363 1052 1382 non
1065 1360 1165 1382 tantum
1182 1363 1234 1382 non
1260 1355 1433 1391 lacryn.abat,
1460 1357 1505 1384 sed
1517 1362 1543 1384 et
1560 1358 1699 1384 lattaltatttr

904 1406 930 1428 et
940 1401 1097 1428 exsultabat.
1114 1401 1219 1428 Utinam
1234 1406 1261 1428 et
1271 1409 1322 1436 ego
1337 1407 1445 1436 propter
1459 1402 1540 1429 Deum
1561 1403 1695 1437 periclita-

903 1455 957 1477 rcr.
973 1447 1068 1481 inquit,
1078 1451 1104 1474 et
1113 1447 1177 1473 ttiltil
1188 1454 1322 1474 curarent.
1337 1447 1390 1474 Sed
1402 1455 1488 1482 neque
1497 1456 1568 1475 nunc
1577 1453 1698 1475 conster-

904 1493 977 1519 neris
990 1501 996 1519 :
1009 1500 1062 1519 non
1086 1492 1157 1519 enint
1183 1496 1283 1519 tantuttt
1307 1492 1350 1527 qui
1365 1497 1472 1527 propter
1495 1493 1576 1520 Deum
1592 1495 1699 1528 patitur,

904 1537 1008 1564 laudent
1024 1543 1158 1569 tueretur;
1170 1537 1216 1564 sed
1229 1539 1308 1573 etqui
1325 1538 1421 1572 injuste
1431 1538 1574 1573 quidquam
1590 1539 1698 1573 patitur,

905 1588 931 1610 et
945 1591 1074 1618 generose
1091 1583 1150 1615 fert,
1164 1588 1190 1610 et
1208 1584 1260 1609 lico
1275 1583 1437 1617 perutittenti
1453 1584 1549 1617 gratias
1562 1585 1616 1618 agit
1626 1605 1632 1616 ,
1644 1585 1697 1611 alio

904 1628 961 1655 lttec
977 1633 1084 1663 propter
1095 1628 1178 1655 Deum
1189 1628 1303 1662 patiente
1319 1637 1369 1654 ttou
1382 1633 1422 1655 est
1433 1628 1553 1655 inferior.
1568 1629 1696 1661 Quoniam

905 1680 931 1701 et
958 1674 1051 1701 beatus
1071 1673 1122 1700 Job
1147 1673 1243 1699 multas
1265 1677 1293 1700 et
1308 1673 1485 1700 intolerabiles
1509 1674 1567 1700 illas
1582 1674 1697 1709 plagasa

904 1719 1011 1746 diabolo
1024 1718 1119 1745 frustra
1135 1723 1161 1744 et
1174 1722 1274 1745 tettterc
1288 1723 1311 1744 (τι
1328 1719 1384 1745 sine
1397 1726 1475 1745 causa
1491 1719 1632 1746 insidiante
1646 1727 1693 1746 ex-

904 1764 989 1798 cepit;
1006 1763 1053 1790 scd
1067 1767 1155 1790 tamen
1173 1770 1215 1797 qui
1228 1763 1297 1789 ttiattt
1312 1771 1441 1797 generose
1454 1764 1521 1796 tulit,
1537 1768 1564 1790 et
1576 1764 1631 1791 Deo
1640 1763 1697 1790 lta-e

906 1808 1067 1843 permittenti
1077 1808 1175 1842 gratias
1186 1808 1248 1842 egit,
1264 1808 1343 1842 integt
1351 1816 1392 1835 ant
1403 1809 1547 1843 reportavit
1557 1816 1695 1836 coronam.

937 1853 1006 1880 Mors
1022 1862 1070 1880 non
1085 1853 1243 1880 linteudm—
1264 1853 1302 1880 Ne
1316 1854 1508 1888 igiturpropter
1521 1859 1632 1881 ntortem
1648 1856 1697 1880 tri—

905 1900 995 1931 steris,
1020 1904 1122 1926 natura:
1137 1900 1207 1926 ettint
1221 1904 1263 1927 est
1279 1908 1286 1926 :
1303 1900 1407 1927 tristare
1423 1905 1530 1934 propter
1542 1904 1678 1934 peccatum
1688 1921 1695 1932 ,

905 1946 1047 1972 voluntatis
1061 1946 1130 1972 ettint
1146 1949 1188 1972 est
1201 1946 1288 1980 culpa.
1302 1946 1329 1973 Si
1349 1954 1412 1973 vero
1431 1951 1538 1981 propter
1556 1947 1695 1974 defunctos

909 1991 1034 2023 tristaris,
1050 1996 1076 2017 ct
1090 1995 1199 2026 propter
1214 1996 1353 2018 nascentes
1366 1991 1426 2018 dole
1442 1999 1448 2017 :
1466 1991 1532 2018 sicut
1553 1992 1623 2019 ettint
1649 1991 1698 2018 hoc

906 2041 947 2064 est
962 2041 1073 2069 natura‘,
1087 2037 1126 2063 sic
1139 2042 1164 2064 el
1180 2037 1253 2063 illud.
1270 2037 1297 2063 Si
1310 2037 1368 2071 quis
1386 2037 1466 2071 igitur
1479 2041 1591 2064 mortem
1610 2037 1696 2063 minc-

907 2087 959 2114 tur,
974 2082 1016 2109 die
1029 2083 1079 2117 ipsi
1092 2082 1246 2109 :lnstitutus
1254 2091 1311 2108 sunt
1320 2090 1335 2109 a
1346 2082 1452 2109 Christo
1463 2090 1514 2109 non
1524 2083 1582 2109 illos
1590 2083 1696 2115 timere,

906 2128 1059 2161 quicorpus
1079 2127 1252 2159 interimunt,
1277 2127 1391 2153 animant
1416 2135 1481 2154 vero
1507 2127 1628 2154 occidere
1652 2135 1698 2155 lic-

906 2177 1006 2206 queunt
1032 2171 1138 2205 (Matth.
1156 2172 1198 2199 i0.
1220 2172 1277 2206 28).
1304 2171 1331 2198 Si
1343 2172 1381 2198 rt-i
1391 2171 1527 2199 familiaris
1539 2173 1697 2207 publicatio-

906 2227 967 2245 nem
995 2219 1119 2251 tnittetttr,
1134 2219 1265 2253 responde
1281 2227 1287 2244 :
1301 2218 1392 2245 Nudus
1406 2219 1470 2245 exivi
1485 2219 1516 2245 dc
1527 2223 1596 2245 utero
1610 2219 1699 2246 matria

906 2271 977 2296 nnw,
1005 2270 1027 2291 et
1049 2264 1133 2290 Nudus
1160 2269 1269 2290 revertar
1288 2264 1348 2290 illuc
1368 2262 1428 2299 (Job
1446 2264 1470 2290 1.
1486 2263 1517 2290 ⁸21
1534 2263 1650 2299 );ΝἱΙιίι
1672 2265 1698 2290 in

906 2309 971 2334 hunc
985 2309 1264 2341 mundumintulimus;
1275 2309 1360 2343 palum
1375 2313 1411 2335 eu
1426 2309 1493 2344 quod
1509 2317 1553 2336 nec
1565 2314 1698 2344 exportant

905 2354 1041 2388 quidquam
1054 2354 1188 2388 poterimus
1209 2354 1245 2388 (ί.
1256 2353 1323 2380 Tim.
1337 2355 1362 2381 ti.
1375 2353 1402 2389 7)
1418 2363 1424 2380 :
1441 2359 1467 2381 et
1480 2354 1501 2381 si
1519 2360 1545 2381 tu
1561 2362 1612 2382 non
1633 2355 1696 2382 alts-

907 2400 1010 2430 tuleris,
1038 2407 1110 2426 mors
1132 2400 1323 2434 supervmticns
1340 2400 1452 2432 auferet,
1467 2405 1492 2426 et
1503 2401 1523 2427 si
1539 2405 1565 2427 tu
1579 2409 1631 2427 nott
1652 2401 1697 2434 ju-

905 2447 1047 2480 gulaveris,
1060 2450 1160 2472 natura:
1171 2446 1212 2472 lex
1226 2445 1306 2472 tinent
1320 2445 1424 2472 afferet.
1437 2445 1504 2472 Nihil
1515 2445 1593 2480 igitur
1604 2453 1696 2473 emunt

906 2492 1056 2524 timeamus,
1069 2500 1128 2526 quae
1143 2492 1220 2518 nubis
1234 2496 1326 2517 natura
1347 2491 1505 2522 afferuntur,
1522 2491 1567 2518 sed
1580 2491 1622 2518 illa
1637 2499 1696 2526 quae

905 2546 937 2564 ex
952 2539 1020 2564 mala
1040 2538 1116 2565 nobis
1135 2538 1292 2572 proveniunt
1305 2537 1439 2563 voluntate
1453 2546 1460 2563 :
1473 2537 1514 2564 illa
1535 2538 1604 2564 cttim
1621 2538 1697 2565 nobis

906 2592 1010 2619 potitant
1023 2584 1127 2618 pariunt
1140 2593 1146 2611 :
1159 2583 1261 2618 ltocqtte
1275 2583 1420 2617 cogitemus
1428 2583 1586 2609 continuent
1595 2583 1626 2609 iis
1637 2591 1695 2616 qua:

906 2631 981 2657 nobis
995 2631 1170 2664 inexspectata
1185 2629 1316 2661 accidunt,
1330 2628 1399 2662 quod
1416 2636 1466 2655 no:t
1481 2629 1695 2663 corrigemusilla

905 2675 1041 2707 dolentes,
1057 2680 1084 2702 et
1096 2675 1187 2702 dolere
1209 2675 1361 2702 desinemus
1375 2682 1382 2700 ι
1399 2679 1425 2700 et
1451 2679 1545 2706 pra:th
1560 2674 1611 2701 Itoc
1630 2675 1695 2702 illud

905 2729 1020 2756 qttoque,
1036 2728 1084 2747 ttos
1095 2721 1116 2747 si
1131 2721 1192 2755 quid
1205 2721 1301 2756 injuste
1315 2720 1339 2746 itt
1357 2721 1479 2753 pnesenti
1503 2721 1617 2754 patimur
1630 2721 1694 2752 vita,

904 2766 985 2793 multa
998 2772 1103 2800 peccata
1123 2765 1277 2793 dissolvere.
1292 2765 1390 2792 Idcirco
1403 2772 1526 2799 magnum
1541 2765 1642 2792 bonum
1656 2771 1695 2792 est

904 2812 947 2838 ltie
962 2812 1035 2838 luere
1048 2816 1166 2846 peccata,
1181 2817 1207 2838 et
1221 2819 1272 2838 non
1284 2810 1337 2838 illic
1349 2818 1355 2836 :
1365 2810 1462 2836 eteniut
1476 2810 1602 2838 divesille
1615 2819 1695 2846 grave

907 2857 1088 2891 nihilreecpit,
1103 2860 1129 2884 et
1144 2861 1282 2891 propterea
1306 2855 1359 2882 illic
1374 2855 1552 2889 torquebatur.
1570 2856 1603 2884 Et
1627 2858 1696 2893 quod
