1962 3121
272 156 304 181 87
638 155 666 183 S.
687 155 825 183 JO.\NNIS
836 155 1071 184 CHRYSOSTOMI
1087 155 1246 184 ARCIIIEP.
1260 157 1524 188 CONSTANTINOP.
1880 163 1912 190 88

272 211 322 237 huc
334 215 404 236 esset
417 210 441 236 in
453 216 531 236 causa
546 217 579 237 ne
590 210 640 236 ulla
657 210 710 237 illic
725 211 856 238 frueretur
866 211 1056 244 consolatione,

270 255 330 282 andi
346 255 408 289 quid
422 255 492 282 tlirat
507 255 639 282 Abraham
656 265 664 283 :
682 255 734 282 Fili
745 277 752 288 ,
771 258 885 291 recepisti
907 257 971 283 bona
994 262 1035 284 tua
1050 265 1060 284 :

270 304 402 334 propterea
409 301 529 328 cruciaris
537 300 612 336 (Luc.
627 302 670 328 Ιϐ.
684 301 742 337 25).
753 302 829 336 Quod
840 308 927 330 autem
940 303 998 329 idco
1007 303 1058 329 La-

270 353 333 372 zaro
348 345 416 372 bona
424 346 483 373 data
496 346 559 379 sint,
568 349 627 381 quia
639 347 682 374 hic
692 355 752 374 cum
766 348 861 375 virtute
871 347 985 375 infinitas
997 356 1058 382 pas-

268 398 314 417 sus
322 395 379 417 erat
389 391 534 424 molestias,
547 392 720 426 patriarcham
731 397 758 420 et
772 393 822 421 hoc
837 394 967 421 dicentem
985 395 1056 421 andi.

268 435 334 462 Cum
349 436 420 463 enim
433 437 543 464 dixisset
555 437 628 464 diviti
646 446 652 464 :
670 438 794 472 Recepisti
806 439 870 465 bona
878 445 920 465 tun
932 447 942 466 :
959 439 1055 471 intulit,

270 480 303 507 Et
316 481 429 508 Lazarus
435 482 511 513 mult,
526 487 550 510 et
562 488 693 518 propterea
704 485 898 511 consolationem
908 486 983 518 capit.
996 485 1056 512 Sic-

268 529 298 552 ut
313 527 384 553 enim
405 526 430 553 in
452 527 547 554 virtute
562 527 682 555 viventes
694 533 720 555 et
735 529 850 555 tribulati
862 529 958 564 duplex
972 538 985 556 a
1003 530 1056 557 Deo

268 571 580 600 habentemolumentum
596 581 603 600 :
616 574 655 601 sic
663 579 688 600 et
702 575 727 601 in
740 575 803 602 vitio
814 575 904 602 vivens
917 580 944 602 et
954 576 1055 603 deliciis

266 617 357 645 fruens
378 618 508 652 duplicem
524 619 632 647 habebit
651 628 767 655 ptenam.
790 621 905 648 Rursum
928 621 988 648 dico
1002 631 1053 650 non

266 661 396 696 fugientes
406 670 534 691 accusans
548 673 554 691 :
566 664 682 691 Animam
695 666 765 693 enim
779 667 936 693 huntilialam
950 676 982 694 ne
995 677 1054 703 per-

268 706 351 734 turbes
360 707 369 741 (
375 707 454 734 Eccli.
463 709 487 735 4.
497 708 534 744 5),
544 709 641 744 inquit;
653 719 704 737 non
714 712 850 745 increpare
861 713 961 745 volens,
969 721 1053 748 aegro-

266 757 324 779 tans
342 754 411 780 enim
427 756 615 783 consolationis
638 756 757 790 indiget:
772 759 820 785 sed
840 759 973 793 corrigere
995 765 1052 787 slu-

265 797 331 824 dens
346 807 353 825 :
368 806 401 824 ne
421 799 478 834 fuga
492 801 604 828 salutem
618 807 735 829 nostram
749 807 884 837 petamus;
901 804 947 831 sed
967 804 1052 840 fugia-

265 849 324 868 mus
332 848 447 876 prccata,
455 848 481 870 rt
490 853 504 871 a
512 845 551 872 via
559 846 624 872 mala
632 847 795 874 recedamus.
805 848 834 875 Si
841 848 897 876 haec
907 849 1061 884 fugerintus.

264 888 369 915 etiamsi
386 890 616 919 interinnumeros
639 893 765 920 fuerimus
779 895 886 928 milites,
905 903 984 923 ncno
1002 884 1065 924 nos.

264 932 361 960 laedere
372 935 481 968 poterit;
495 936 516 963 si
534 936 590 964 hmc
605 945 657 964 non
678 938 832 973 fugerimus,
848 941 897 968 etsi
917 942 950 968 ad
964 942 1048 976 ipsum

263 978 392 1006 montium
404 981 529 1008 verticem
541 982 749 1016 ascenderimns,
766 984 857 1012 hostes
869 990 894 1012 et
905 986 957 1013 illic
970 994 1048 1021 repe-

263 1022 361 1050 riemus
379 1024 594 1053 innumerabiles.
615 1027 771 1056 Recorderis
789 1030 867 1064 igitur
879 1031 974 1058 iterum
989 1032 1048 1058 illo-

262 1076 319 1095 rtun
327 1070 407 1097 trium
415 1079 570 1106 puerorum,
579 1074 622 1108 qui
631 1079 707 1101 erant
716 1075 783 1102 intra
791 1075 934 1109 fornacem,
948 1082 974 1104 et
984 1078 1048 1105 nihil

261 1121 340 1148 grave
355 1115 522 1149 patiebantur
538 1122 583 1145 :et
595 1126 687 1146 eorum
701 1120 745 1154 qui
764 1121 834 1154 ipsos
857 1122 1003 1156 injecerant
1021 1128 1048 1151 et

259 1164 333 1186 extra
355 1160 488 1189 fornacem
504 1165 659 1196 manebant,
674 1170 803 1200 quotquot
822 1167 1045 1203 circumstabant,

261 1213 353 1232 omnes
376 1210 524 1242 consumpti
540 1215 610 1236 sunt.
629 1210 696 1244 Quid
718 1212 768 1240 hoc
793 1213 954 1241 mirabilius?
975 1215 1047 1248 Quos

258 1251 409 1278 continebat
420 1252 494 1286 ignis,
502 1255 614 1281 exsolvit
624 1264 631 1282 :
640 1263 706 1290 quos
715 1264 766 1283 non
775 1259 936 1291 continebat,
944 1262 1044 1295 rapuit:

259 1300 287 1321 ut
304 1295 391 1323 discas
409 1305 460 1325 non
476 1299 572 1331 locum.
587 1301 633 1328 sed
647 1309 749 1329 morum
765 1304 918 1338 qualitatem
935 1306 1044 1334 salutem

258 1346 284 1367 ct
297 1349 400 1376 pmnam
415 1342 532 1371 afferre:
546 1345 685 1373 interiores
706 1347 852 1382 elTugerunl
867 1370 874 1381 ,
899 1351 1045 1379 exteriores

259 1388 467 1423 absumptisnnt.
478 1390 575 1418 Eadem
585 1399 695 1426 corpora
706 1399 731 1420 et
742 1394 782 1421 his
793 1403 851 1429 qum
864 1396 923 1428 illis,
936 1397 982 1424 sed
992 1406 1044 1425 non

258 1433 336 1461 iidem
346 1442 441 1462 sensus
452 1445 458 1462 :
467 1441 604 1470 propterea
613 1445 661 1465 nec
670 1439 769 1466 etcdem
779 1441 922 1474 passiones.
933 1441 1043 1470 Famam

256 1479 326 1506 enim
335 1481 384 1507 etsi
392 1481 560 1516 circumjacet
568 1487 653 1516 extra,
663 1484 785 1512 celeriter
800 1486 966 1514 accenditur:
976 1488 1045 1515 sicut

255 1529 347 1552 contra
358 1533 462 1558 aurum,
475 1527 534 1554 licet
553 1528 623 1555 intns
647 1534 762 1561 maneat.
777 1532 859 1566 magis
872 1532 1042 1567 splendescit.

291 1571 318 1598 5.
334 1571 383 1599 Ubi
399 1580 469 1600 nunc
490 1575 609 1609 suntqui
631 1575 733 1608 dicunt,
749 1575 842 1610 Capiat
856 1578 943 1605 omnia
958 1579 1043 1613 Impe-

257 1621 338 1649 rator,
350 1621 377 1644 et
390 1624 488 1651 corpus
509 1623 628 1646 nostrum
644 1621 687 1647 det
704 1621 832 1648 liberum?
847 1622 914 1655 Quid
934 1624 1042 1651 tandem

255 1661 301 1692 sit,
314 1669 374 1689 esse
388 1669 500 1696 corpore
515 1663 638 1697 liberum,
650 1663 763 1693 discant.
779 1666 838 1693 Non
855 1668 924 1694 enim
945 1669 1026 1696 immn

255 1707 323 1733 nitas
335 1715 350 1734 a
364 1709 493 1742 supplicio
509 1717 607 1744 corpus
629 1711 691 1738 facit
714 1712 836 1745 liberum,
859 1714 905 1741 sed
921 1715 946 1741 in
965 1716 1042 1749 justi-

255 1751 290 1778 tia
305 1753 430 1780 continue
448 1754 544 1781 vivere.
561 1756 658 1783 llorum
680 1758 758 1791 igitur
771 1766 912 1792 puerorum
931 1768 1042 1795 corpora

254 1795 337 1824 libera
347 1803 431 1831 erant,
443 1800 522 1826 etiam
541 1801 639 1828 fornaci
655 1803 749 1830 tradita
767 1812 773 1830 :
792 1806 890 1836 peccati
905 1806 975 1832 cnim
987 1813 1043 1833 ser-

255 1842 363 1869 vitutem
380 1843 434 1878 jam
458 1845 557 1879 pridem
578 1846 764 1881 deposuerant.
786 1849 888 1877 Etenim
909 1851 966 1878 ha-c
986 1853 1042 1880 sola

255 1892 296 1914 est
309 1887 428 1921 libertas,
445 1897 496 1916 non
511 1891 667 1925 supplicium
680 1893 805 1927 ell'ugere,
823 1903 871 1922 nec
884 1902 968 1930 grave
977 1897 1040 1925 nihil

254 1932 318 1965 pati.
333 1932 372 1959 Tn
388 1941 451 1960 vero
462 1934 595 1963 fornacem
611 1938 732 1971 audiens,
750 1940 890 1968 recordare
903 1941 1040 1970 fluviorum

255 1978 322 2012 ignis
336 1978 379 2006 die
403 1979 450 2007 illo
472 1983 620 2009 tremendo.
637 1983 711 2010 Sicut
733 1985 802 2011 enim
818 1985 860 2012 hic
875 1985 923 2013 hos
933 1988 1039 2022 quidem

254 2025 340 2059 rapuit
359 2026 435 2061 ignis,
450 2027 509 2055 illos
525 2034 613 2056 autem
635 2031 763 2058 reveritus
778 2037 819 2058 est
834 2041 839 2059 :
856 2033 894 2060 sic
908 2039 935 2060 et
948 2035 972 2060 in
990 2035 1041 2061 illis

252 2071 304 2098 crit
317 2070 402 2099 “nviis
418 2081 425 2099 :
440 2077 467 2099 et
479 2073 502 2100 si
516 2075 575 2108 quis
586 2070 681 2102 habeat
702 2076 781 2111 ligna,
798 2077 896 2104 foenum
908 2084 935 2106 et
956 2080 1040 2114 stipu-

253 2115 314 2148 lam,
338 2116 360 2143 is
381 2117 467 2152 ignem
491 2120 610 2146 accendit
626 2129 632 2146 :
648 2120 670 2147 si
692 2129 755 2148 voro
776 2123 835 2157 quis
856 2122 934 2150 habet
946 2132 1039 2152 aurum

253 2165 280 2188 et
297 2167 446 2196 argentum,
467 2163 496 2190 lit
510 2165 680 2198 splendidior.
710 2166 782 2194 lianc
804 2168 882 2202 igitur
903 2172 1038 2196 materiam

253 2212 453 2240 congregemns,
464 2213 490 2234 et
501 2210 638 2242 pnesentia
648 2218 775 2244 generose
785 2211 910 2244 feramus,
925 2214 1039 2241 scientes

254 2250 323 2283 quod
338 2251 371 2277 ab
386 2251 428 2278 illa
445 2259 521 2287 pmna
537 2262 654 2288 przesens
666 2263 715 2282 nos
731 2256 863 2284 tribulatio
876 2257 1006 2291 liberavit,
1017 2259 1039 2286 si

255 2293 432 2329 phil050phari
447 2297 571 2330 sciatnus,
583 2303 610 2326 et
625 2299 667 2326 hic
677 2300 800 2327 meliores
809 2301 915 2334 efficiet,
930 2311 978 2330 nec
992 2311 1040 2331 nos

253 2343 365 2371 tantum,
380 2340 425 2366 sed
436 2345 462 2368 et
475 2349 521 2369 eos
535 2349 615 2377 smpe,
634 2345 677 2377 qui
701 2351 750 2372 nos
770 2346 897 2377 cruciant.
912 2347 933 2374 si
947 2348 1038 2382 vigile-

254 2391 331 2416 mus;
346 2389 415 2412 tanta
431 2386 470 2412 vis
485 2392 526 2414 est
546 2387 622 2422 hujus
644 2390 815 2424 philosophia:
838 2392 906 2426 quod
921 2397 947 2419 ct
959 2393 984 2419 iu
1000 2398 1039 2428 ty-

255 2438 339 2457 ranno
362 2435 426 2459 tunc
447 2432 543 2460 factum
562 2439 613 2461 est.
624 2435 764 2470 Postquam
794 2437 864 2464 enim
887 2438 951 2465 vidit
975 2439 1038 2466 nihil

252 2482 332 2508 grave
343 2483 444 2510 passos,
458 2477 517 2504 audi
531 2479 663 2512 quomodo
683 2485 798 2509 mutatus
822 2487 862 2509 est
879 2492 885 2509 :
901 2483 972 2510 Servi
991 2483 1038 2510 Dei

253 2519 378 2553 altissimi,
394 2523 466 2554 exile,
483 2523 576 2558 inquit,
588 2530 611 2551 et
624 2527 711 2553 venite.
727 2528 821 2554 Annon
839 2529 915 2562 paulo
927 2535 987 2557 ante
998 2530 1038 2557 di-

251 2565 341 2598 cebas,
356 2566 388 2592 Et
399 2568 454 2602 quis
465 2574 501 2594 est
518 2569 578 2596 deus
595 2571 635 2605 qui
646 2579 688 2598 vos
700 2580 731 2599 ετ
743 2574 856 2601 manibus
871 2575 931 2602 meis
944 2576 1039 2610 eripere

253 2611 330 2646 possit
339 2611 420 2646 (Dan.
432 2613 457 2640 3.
471 2614 515 2641 93.
529 2615 591 2649 15)?
603 2616 670 2648 Quid
684 2617 780 2645 factum
795 2620 854 2646 est?
868 2620 937 2647 unde
951 2627 1037 2648 mnta-

253 2656 308 2683 tio?
326 2658 442 2685 exterius
463 2659 562 2694 positos
585 2661 739 2696 absumptos
762 2663 858 2696 vidisti,
878 2669 905 2691 et
928 2665 1038 2693 interius

252 2705 352 2729 stantes
374 2704 472 2730 vncas?
497 2704 565 2731 unde
590 2706 635 2733 tibi
655 2707 744 2734 evenit
766 2709 826 2735 talia
844 2709 982 2737 meditari?
995 2710 1038 2736 Vi-

250 2746 313 2773 disti
326 2753 421 2781 quanta
436 2748 490 2783 regi
502 2751 611 2777 mutatio
636 2751 701 2779 facta
723 2753 781 2780 est?
795 2754 900 2788 quando
921 2755 1036 2781 nondum

253 2792 324 2826 ipsos
338 2797 465 2826 tenuerat,
473 2794 682 2830 blasphemabat;
695 2803 830 2833 postquam
842 2807 906 2826 vero
916 2802 941 2826 in
951 2800 1037 2834 ignem

253 2837 326 2871 ipsos
344 2839 466 2874 coniecit,
491 2841 733 2876 philusophabatnr.
761 2844 900 2879 Propterea
923 2850 947 2872 et
970 2846 1037 2873 Deus

1119 211 1237 245 permisit
1251 213 1338 240 omnia
1353 214 1420 247 fieri,
1435 223 1606 252 quotcumque
1620 222 1746 253 tyrannus
1768 219 1867 251 voluit.
1884 227 1910 247 ιιι

1115 255 1309 284 ἀθηιοιιειινεγοι
1321 266 1336 285 a
1349 266 1379 286 se
1396 261 1542 288 custoditos
1565 261 1699 291 oll‘endere
1722 271 1802 298 posse
1820 267 1908 292 nemi-

1114 308 1174 328 nem
1188 310 1194 328 :
1209 310 1235 329 et
1245 303 1314 337 quod
1331 304 1355 330 in
1370 304 1420 332 Job
1435 305 1507 339 fecit,
1529 307 1578 334 hoc
1593 313 1618 335 et
1642 308 1684 336 hic
1702 315 1831 344 Operatus
1855 317 1905 339 est.

1115 345 1218 374 Etenim
1234 347 1286 390 Illic
1302 350 1419 382 permisit
1433 350 1566 378 diabolum
1583 360 1688 381 omnem
1710 362 1785 381 suam
1808 361 1890 390 poten

1113 391 1175 419 tiam
1197 387 1337 421 ostendere
1351 403 1357 421 :
1372 401 1398 421 et
1412 401 1549 431 postquam
1571 405 1663 426 omnes
1679 399 1769 428 hausit
1780 403 1904 437 sagittas,

1111 443 1137 465 et
1152 439 1238 466 tmllus
1250 440 1402 468 insidiarum
1417 442 1510 469 modus
1523 444 1638 478 reliquus
1661 445 1744 473 hctus
1763 452 1816 479 est,
1844 453 1906 475 tunc

1111 492 1126 511 e
1139 485 1224 512 stadio
1242 487 1354 520 pugilem
1375 488 1476 519 eduxit,
1493 494 1519 515 ut
1534 489 1604 517 clara
1618 496 1645 517 et
1660 491 1806 519 indubitata
1829 493 1904 520 lien-t

1111 529 1219 557 victoria
1234 540 1239 556 :
1252 536 1278 558 et
1289 531 1330 558 hic
1341 531 1390 559 hoc
1399 533 1483 566 ipsum
1496 533 1566 561 fecit.
1581 535 1669 562 Voluit
1679 537 1797 570 ipsorum
1808 539 1902 565 urbem

1110 581 1245 608 evertere,
1262 581 1289 604 et
1310 585 1362 604 non
1384 578 1518 612 prohibuit
1534 589 1540 606 :
1555 581 1637 607 Voluit
1650 583 1769 615 captivos
1790 582 1901 617 ducere,

1109 624 1133 645 et
1148 627 1199 646 non
1215 620 1350 655 impedivit
1365 631 1371 648 :
1387 622 1468 649 voluit
1490 623 1580 657 ligare.
1594 626 1725 653 concessit
1740 635 1748 653 :
1764 628 1789 653 in
1813 627 1903 654 furna-

1108 671 1166 691 cem
1181 665 1298 699 injicere,
1311 667 1450 700 permisit:
1466 668 1597 695 flammam
1621 671 1689 697 ultra
1710 672 1818 698 mmlutn
1843 681 1901 698 sm-

1108 709 1232 743 cendere,
1248 715 1275 738 et
1289 711 1338 738 hoc
1352 713 1472 746 permisit
1487 723 1492 739 :
1508 719 1535 741 et
1557 715 1662 748 quando
1683 716 1747 742 nihil
1768 718 1901 751 reliquum

1108 754 1202 788 fuerat,
1216 756 1261 783 sed
1277 764 1382 784 omnem
1403 759 1455 784 vim
1478 767 1552 786 suam
1577 765 1703 795 tyrannus
1725 762 1900 794 exhauserat,

1107 804 1170 827 tunc
1192 808 1265 828 suam
1292 802 1360 830 Deus
1373 804 1495 831 virtutem
1515 805 1704 833 denmnstravit
1719 812 1743 833 et
1757 815 1899 841 puerorum

1107 845 1271 878 patientiam.
1287 847 1364 874 Vides
1385 848 1482 876 idcirco
1507 850 1587 877 Deum
1609 859 1692 885 usque
1705 852 1730 878 in
1749 852 1829 879 linem
1853 854 1899 879 tri-

1105 890 1254 919 bulationes
1267 894 1429 926 permisisse,
1442 899 1469 921 nt
1483 895 1666 923 insidiantibus
1686 902 1712 924 et
1728 898 1898 925 circumven-

1106 939 1190 962 torum
1215 936 1423 972 philosophiam,
1447 944 1473 966 et
1495 949 1569 967 suam
1593 941 1787 970 demonstraret
1810 946 1899 978 provi-

1103 981 1239 1008 dentiam?
1253 982 1318 1015 Qua:
1332 990 1443 1019 utraque
1457 990 1483 1012 et
1497 986 1539 1012 ille
1552 992 1611 1013 tunc
1620 987 1725 1015 discens
1739 989 1872 1016 clamabat
1889 999 1896 1016 :

1104 1025 1174 1053 Servi
1190 1027 1236 1054 Dei
1254 1028 1380 1063 altissimi,
1396 1031 1469 1063 exite,
1486 1037 1508 1057 et
1523 1036 1602 1058 venite
1620 1033 1678 1059 huc.
1693 1034 1732 1060 Tu
1747 1042 1810 1062 vero
1833 1036 1897 1062 inibi

1102 1072 1239 1099 considera
1269 1081 1410 1108 puerorum
1431 1077 1672 1110 magnanimitatem
1688 1087 1696 1104 τ
1711 1088 1799 1114 neque
1822 1081 1896 1108 enim

1102 1122 1163 1143 ante
1177 1125 1267 1144 vocem
1281 1119 1449 1152 cxsilicrunt,
1465 1129 1497 1148 ne
1510 1122 1569 1155 quis
1589 1128 1692 1156 putaret
1715 1125 1787 1158 ipsus
1808 1126 1897 1160 ignem

1103 1162 1221 1190 timuisse
1238 1173 1245 1190 :
1260 1172 1345 1199 neque
1369 1167 1452 1192 vocati
1474 1166 1543 1193 intus
1565 1174 1733 1200 manserunt,
1755 1178 1789 1197 ne
1811 1171 1898 1197 ambi-

1102 1208 1161 1234 tiosi
1176 1215 1235 1235 esse
1248 1213 1274 1236 et
1288 1211 1445 1237 conten'iosi
1459 1211 1621 1239 viderentur.
1639 1213 1780 1249 Postquam
1801 1215 1898 1242 didici-

1101 1253 1145 1284 sti,
1159 1253 1289 1287 ittq‘liutll,
1301 1255 1375 1288 cujus
1391 1263 1482 1282 sumus
1496 1257 1575 1288 servi,
1599 1264 1735 1293 postquam
1751 1260 1893 1287 Dominum

1101 1301 1220 1324 nostrum
1234 1300 1373 1331 agnovisti,
1384 1304 1445 1327 tunc
1455 1302 1568 1333 eximus,
1582 1303 1902 1336 pt':rscntibusomnibus.

1100 1341 1178 1368 futuri
1192 1342 1287 1370 divina:
1312 1345 1435 1377 potentia:
1451 1353 1595 1379 prtecones.
1614 1347 1668 1374 lmo
1690 1356 1753 1375 vero
1776 1358 1830 1375 non
1847 1351 1894 1384 ipsi

1101 1394 1214 1422 tanlunt,
1225 1391 1304 1418 sedet
1315 1391 1397 1418 hostis
1409 1393 1512 1426 propria
1524 1401 1587 1420 voce
1596 1399 1622 1421 et
1633 1395 1718 1429 lingua
1726 1400 1752 1422 et
1763 1403 1812 1430 per
1823 1396 1895 1424 litte-

1100 1442 1142 1460 ras
1155 1435 1277 1462 omnibus
1294 1441 1349 1463 tum
1364 1437 1479 1472 pugilth
1499 1440 1684 1471 constantiam,
1708 1445 1763 1467 tum
1792 1449 1894 1476 agono-

1101 1479 1180 1507 theae
1202 1481 1324 1508 virtutem
1341 1483 1508 1516 prredicabat.
1528 1484 1559 1510 Et
1574 1484 1641 1511 sicut
1656 1492 1794 1519 prascones
1809 1488 1895 1514 athle-

1100 1529 1140 1550 tas
1155 1525 1268 1552 victorcs
1284 1527 1309 1553 in
1325 1527 1412 1554 medio
1425 1528 1528 1554 theatro
1541 1531 1753 1563 pronuntiantes,
1769 1531 1891 1565 ipsorum

1099 1578 1202 1604 quoque
1215 1572 1334 1599 civitates
1347 1573 1446 1604 dicunt,
1461 1573 1504 1600 Ille
1515 1574 1548 1600 de
1559 1575 1602 1600 tali
1616 1575 1721 1602 civitate
1732 1585 1738 1601 ί
1749 1576 1785 1602 ita
1798 1582 1825 1603 ct
1837 1577 1890 1607 hic.

1098 1616 1210 1642 civitatis
1220 1616 1287 1646 loco,
1302 1618 1417 1651 ipsorum
1434 1618 1571 1646 Dominum
1586 1620 1747 1654 praedicavit,
1763 1621 1891 1654 Sedraclt,

1099 1661 1208 1694 Miser/1,
1225 1668 1247 1689 et
1263 1663 1406 1698 Aluit-nugo,
1421 1665 1484 1691 serri
1497 1665 1546 1692 Dei
1557 1666 1682 1699 altissimi,
1695 1668 1797 1700 eritne!
1812 1670 1893 1697 venit:

1098 1707 1157 1732 huc.
1169 1707 1235 1740 Quid
1257 1713 1342 1734 aetum
1366 1713 1416 1741 est,
1439 1710 1508 1743 quod
1534 1711 1604 1744 ipsos
1619 1711 1665 1738 Dei
1684 1721 1777 1740 servos
1792 1715 1892 1741 vocas?

1099 1761 1185 1779 nonne
1209 1754 1244 1779 tni
1264 1759 1340 1780 erant
1361 1755 1513 1782 servi?Scd
1539 1764 1658 1790 regnum,
1683 1759 1777 1792 inquit,
1801 1768 1889 1788 meum

1097 1797 1283 1830 dissolverunt,
1295 1800 1444 1833 superbiant
1457 1808 1542 1827 nteant
1554 1803 1785 1835 conculcaverunt,
1796 1813 1888 1833 verum

1098 1851 1144 1877 per
1155 1851 1236 1878 opera
1260 1853 1335 1871 suum
1359 1845 1573 1874 demonstravere
1594 1849 1742 1876 Dominum.
1757 1850 1786 1877 Si
1803 1851 1890 1878 homi-

1098 1897 1159 1916 num
1175 1889 1285 1917 l‘uisscnt
1300 1892 1379 1924 servi,
1390 1899 1440 1917 non
1451 1893 1601 1926 expavisset
1611 1894 1686 1929 ignis,
1701 1903 1753 1922 non
1762 1898 1890 1924 cessisset

1098 1933 1203 1960 flamma
1218 1943 1224 1961 :
1241 1935 1375 1962 hominum
1389 1937 1459 1963 enim
1473 1945 1566 1965 servos
1584 1943 1705 1966 creatura
1727 1943 1848 1968 revereri
1861 1950 1888 1970 et

1096 1979 1226 2007 honorare
1242 1988 1294 2007 non
1310 1982 1391 2008 novit.
1407 1983 1548 2017 Propterea
1559 1992 1650 2012 rursus
1658 1986 1741 2020 inquit
1755 1996 1760 2013 :
1775 1987 1887 2014 Benedi-

1095 2030 1148 2051 ctus
1157 2025 1225 2052 Deus
1234 2026 1358 2060 Sedraclt,
1367 2027 1393 2053 Μ
1397 2029 1475 2061 isaclt,
1483 2033 1505 2055 et
1514 2029 1648 2065 Abdenago
1657 2030 1738 2065 (Dan.
1746 2033 1773 2060 5.
1783 2033 1839 2068 95).
1848 2034 1887 2061 Tu

1095 2077 1181 2098 autem
1197 2072 1259 2099 mihi
1283 2074 1463 2108 contemplare
1484 2076 1617 2110 quomodo
1633 2077 1745 2112 primum
1762 2087 1888 2107 remune-

1095 2121 1207 2144 ratorem
1232 2119 1356 2152 prmdicat
1371 2130 1377 2147 :
1392 2120 1540 2148 Benedictus
1556 2122 1622 2150 Deus
1636 2124 1679 2158 qui
1689 2125 1756 2151 misit
1766 2127 1886 2161 angelum

1094 2170 1177 2194 suum,
1190 2169 1213 2190 et
1228 2165 1291 2190 eruit
1315 2175 1404 2200 pueros
1418 2175 1477 2194 suos
1488 2167 1593 2204 (ΗΜ).
1608 2169 1663 2197 Hoc
1676 2172 1802 2204 potenlim
1816 2173 1860 2200 Dei
1877 2182 1885 2200 :

1093 2207 1136 2234 dic
1148 2212 1174 2234 et
1195 2209 1353 2237 athletarum
1377 2211 1500 2239 virtutrm
1517 2222 1523 2239 :
1542 2213 1665 2246 Quoniam
1685 2216 1845 2249 conﬁderunt
1859 2217 1885 2244 in

1093 2261 1132 2284 eo,
1146 2258 1169 2280 et
1181 2255 1279 2283 verbum
1295 2257 1359 2291 regis
1376 2257 1578 2290 immutaverunt,
1601 2265 1624 2286 et
1645 2262 1806 2289 tradiderunt
1825 2271 1884 2290 cor-

1094 2306 1156 2331 pora
1169 2307 1224 2332 sua,
1235 2308 1264 2325 ne
1278 2302 1396 2328 servirent
1410 2302 1459 2329 diis
1469 2304 1558 2330 alienis
1570 2303 1674 2340 (lbid.).
1685 2305 1738 2333 Sed
1751 2308 1815 2342 quid
1828 2309 1884 2335 vir—

1095 2344 1141 2369 tuti
1167 2352 1213 2377 par
1236 2352 1296 2372 esse
1316 2348 1421 2380 posset?
1434 2349 1517 2375 Antea
1540 2349 1647 2384 quando
1668 2350 1807 2386 dixerunt,
1829 2353 1885 2379 Diis

1085 2389 1141 2417 ,luis
1155 2398 1203 2416 non
1215 2391 1336 2418 servimus
1351 2391 1404 2426 (Ib.
1419 2400 1445 2420 ν.
1461 2393 1626 2428 l8),furnace
1640 2396 1738 2423 saevius
1751 2405 1883 2425 accensus

1093 2439 1132 2460 est
1149 2444 1154 2460 :
1171 2440 1306 2470 postquam
1324 2445 1388 2464 vero
1405 2445 1452 2472 per
1466 2438 1521 2473 ipsa
1537 2447 1617 2474 opera
1632 2439 1683 2468 hoc
1697 2441 1882 2476 ostenderunt,
1908 2436 1916 2450 γ’

1094 2490 1144 2508 nan
1169 2487 1268 2509 tantum
1289 2492 1341 2510 non
1363 2484 1512 2519 indignatus
1524 2487 1632 2519 est,sed
1654 2487 1770 2515 laudavit
1785 2494 1813 2516 et
1836 2489 1885 2516 ad-

1094 2529 1204 2556 miratus
1219 2536 1271 2563 est,
1283 2531 1352 2565 quod
1368 2531 1417 2558 sibi
1432 2539 1483 2559 ιιοιι
1497 2533 1659 2560 obedissent.
1670 2534 1784 2562 Tantum
1800 2535 1884 2562 virtus

1093 2575 1205 2607 bonum,
1234 2581 1262 2602 nt
1284 2581 1312 2604 et
1334 2577 1405 2611 ipsos
1428 2577 1518 2606 hostes
1541 2578 1638 2606 habent
1660 2580 1836 2610 admiratores
1855 2587 1882 2609 ct

1093 2620 1251 2648 laudatores.
1265 2621 1302 2648 Illi
1320 2628 1510 2657 pugnaverunt,
1522 2629 1723 2658 superaverunt,
1735 2629 1763 2652 et
1776 2625 1834 2660 ipse
1843 2627 1882 2652 vi<

1092 2670 1150 2691 ctus
1163 2666 1259 2699 gratias
1272 2667 1373 2701 agebat,
1387 2667 1456 2702 quod
1470 2676 1520 2695 non
1534 2669 1605 2703 ipsos
1617 2669 1755 2697 terruisset
1766 2669 1880 2697 ﬂammat

1092 2716 1224 2745 aspectus,
1249 2712 1294 2739 sed
1318 2720 1378 2747 spes
1393 2714 1417 2740 in
1434 2715 1572 2741 Domimtm
1593 2716 1728 2742 consolata
1752 2721 1834 2748 esset,
1854 2722 1884 2743 ct

1093 2755 1232 2784 Dominum
1247 2758 1318 2785 orbis
1332 2763 1461 2786 terrarum
1473 2767 1505 2787 ex
1518 2760 1602 2787 tribus
1613 2760 1702 2794 pueris
1716 2765 1812 2794 vocat,
1826 2769 1879 2788 non

1093 2801 1173 2836 ipsius
1186 2803 1324 2837 imperium
1342 2804 1393 2832 line
1407 2805 1460 2832 ullo
1474 2805 1645 2837 concludens,
1656 2806 1701 2833 sed
1715 2806 1787 2840 quod
1796 2806 1882 2833 instar

1092 2848 1163 2875 orbis
1188 2853 1315 2876 terrarum
1332 2850 1404 2884 pueri
1430 2855 1483 2877 tres
1503 2855 1591 2877 essent
1607 2859 1613 2876 :
1631 2855 1769 2887 propterea
1785 2856 1821 2878 tot
1837 2855 1882 2887 ty-
