1962 3121
86 169 118 197 89
554 175 598 202 AD
618 173 778 202 POPULUM
798 174 1041 203 ANTIOCllENUM
1072 174 1186 203 ilOMlL.
1208 175 1251 204 Vl.
1695 177 1728 205 90

85 232 189 260 rannos,
198 233 278 263 reges
292 232 322 255 et
335 229 477 265 principes
486 229 692 265 prmtermittens
713 233 757 265 qui
769 231 818 259 sibi
833 238 883 266 pa-

84 278 197 303 ruerant,
206 277 262 301 tres
277 275 412 309 captivos
425 281 451 304 et
461 283 560 309 servos,
575 276 621 311 qui
630 277 796 312 tyrannidem
809 285 884 304 suam

81 326 307 354 contempserant,
323 321 476 351 admiratus
499 328 548 351 est.
564 324 621 350 Non
637 324 706 351 enim
722 324 886 352 contenden-

78 371 135 396 tes,
160 366 208 393 sed
232 367 465 402 philosophantes
487 369 544 397 haec
568 369 699 404 agebant,
726 377 812 405 neque
837 377 885 404 per

79 412 268 447 arrogantiam,
289 414 340 441 sed
369 423 419 449 per
441 416 594 450 religionem
611 424 617 441 ε
634 423 687 443 non
710 416 884 450 superbiain-

79 457 139 488 nati,
153 458 200 485 sed
215 458 278 486 zelo
295 459 391 494 igniti.
404 461 525 496 Magnum
537 462 635 489 etenim
646 462 744 489 bonum
758 463 784 489 in
799 463 882 490 Deum

77 511 182 538 sperare
199 513 206 530 :
236 505 318 539 quod
331 506 444 541 quidem
455 512 482 534 et
492 507 622 534 barbarus
645 508 842 540 animadvertit,
856 513 884 536 et

77 549 263 576 demonstrans
279 557 332 577 eos
347 551 413 578 inde
425 552 568 580 imminens
582 551 707 587 eﬂ'ugisse
724 553 880 588 periculttm,

78 594 248 629 proclamavit
265 604 273 622 :
290 596 426 629 Quoniam
438 598 597 632 conﬁderunl
609 598 636 625 in
649 607 686 626 eo.

109 641 133 668 6.
150 640 212 668 llaec
227 645 325 668 autem
343 651 418 670 nunc
435 643 504 676 dico,
520 648 547 670 et
561 651 655 671 omnes
672 651 786 678 excerpo
800 644 881 672 histo-

77 687 134 719 rias,
150 687 290 722 inquibus
314 690 482 716 tentationes
504 695 531 717 et
544 698 680 722 :erumnae,
691 696 718 718 et
732 698 823 725 regum
836 691 881 718 ira:

76 737 101 760 et
113 732 214 760 insidia:
227 737 315 765 sunt,
339 740 372 762 ut
384 734 450 761 nihil
467 735 616 769 timeamus,
633 736 683 763 nisi
698 737 881 764 tantummodo

78 779 152 805 Deum
164 779 321 807 offendere.
337 781 447 809 Etenim
460 787 486 809 et
500 787 562 810 tunc
578 783 669 810 fornax
680 790 791 810 accensa
805 788 878 816 erat;

79 825 110 852 illi
121 832 184 852 vero
198 824 272 852 hanc
287 827 406 861 quidem
427 833 655 863 contempserunt,
672 834 810 863 peccatum
833 837 880 857 au~

79 875 124 897 tem
139 870 291 898 timuerunt
308 880 316 898 :
333 877 468 900 noverant
483 874 555 901 enim
576 881 606 901 se
629 874 752 902 incensos
771 875 878 910 quidem

81 916 137 944 nihil
150 923 233 951 grave
254 925 394 952 passuros
415 927 486 952 esse,
507 920 586 955 impie
603 928 667 948 vero
684 926 808 956 agentes,
830 929 878 949 ex-

79 968 154 989 trema
167 962 325 991 subituros.

111 1007 248 1035 Peccatum
270 1010 366 1045 ipsum
386 1010 506 1048 magnum
527 1009 690 1048 supplicium.
704 1029 740 1034 —
755 1013 877 1048 Magnum

78 1054 142 1081 enim
158 1055 329 1089 supplicium
352 1065 483 1092 peccare,
505 1058 585 1086 etiam
605 1059 627 1087 si
641 1067 694 1087 non
716 1061 876 1094 puniamur:

79 1100 138 1127 sicut
148 1106 176 1127 et
194 1102 339 1130 maximus
356 1103 459 1138 honor,
482 1105 596 1132 maxima
618 1106 795 1141 tranquillitas
816 1114 876 1133 cum

78 1146 168 1174 virtute
180 1147 276 1175 vivere
287 1169 295 1181 ,
314 1149 423 1176 etiamsi
440 1150 588 1184 puniamur.
603 1151 714 1179 Peecata
736 1152 806 1179 enim
829 1159 877 1178 nos

79 1191 155 1218 :tDeo
172 1198 318 1226 separant,
338 1194 409 1221 sicut
434 1200 461 1222 et
480 1195 535 1230 ipse
557 1196 641 1224 dicit:
664 1196 756 1223 Nonne
776 1201 877 1231 peccata

79 1243 155 1265 κείνα
172 1245 299 1274 separant
315 1241 384 1267 inter
403 1248 448 1268 vos
461 1246 483 1268 et
502 1250 542 1268 me
564 1241 639 1275 (Isai.
656 1242 701 1270 59.
721 1242 769 1277 2)?
789 1250 876 1278 paenae

79 1290 136 1310 vero
150 1292 198 1310 nos
211 1285 246 1312 ad
261 1285 352 1313 Deum
369 1287 516 1320 perducunt
531 1296 537 1313 :
555 1288 640 1322 inquit
653 1288 735 1319 enim,
750 1287 792 1314 Da
804 1289 876 1316 nobis

80 1337 168 1361 pacem,
192 1331 281 1356 omnia
306 1331 377 1358 enim
396 1332 532 1359 retribuiin
551 1333 621 1360 nobis
634 1333 764 1369 (15115.26.
777 1333 829 1366 l2).
846 1333 874 1361 Si

80 1375 132 1408 quis
145 1375 244 1404 vulnus
261 1377 375 1410 habeat,
392 1378 454 1412 quid
474 1379 569 1406 timere
581 1384 697 1413 oportet,
712 1379 824 1411 sanietn,
841 1386 874 1406 an

80 1420 168 1448 medici
187 1423 362 1450 sectionem?
380 1423 492 1456 ferrum,
509 1432 541 1452 an
563 1425 659 1452 ulceris
672 1425 874 1460 depastionem?

81 1465 211 1494 Peccatum
227 1469 325 1496 sanies
337 1473 381 1496 est
395 1480 401 1496 :
415 1477 493 1504 pcena
509 1470 607 1497 ferrum
618 1470 785 1498 medicinale.
800 1470 875 1498 Sicut

85 1512 153 1546 gitur
161 1513 205 1547 qui
217 1515 326 1541 saniem
341 1515 433 1547 habet,
445 1516 494 1542 etsi
504 1523 557 1543 non
569 1521 683 1550 secetur,
697 1517 766 1544 male
777 1516 872 1545 habet:

84 1564 104 1584 et
119 1566 176 1585 cutn
189 1567 242 1586 non
258 1566 382 1593 secatur,
400 1566 462 1588 tunc
477 1565 518 1588 est
530 1562 556 1588 in
570 1562 715 1596 majoribus
729 1563 824 1589 malis:
839 1563 874 1590 ita

83 1605 122 1637 qui
135 1610 235 1639 peccat,
260 1606 317 1634 etsi
338 1614 393 1633 non
409 1607 544 1641 puniatur,
559 1608 678 1635 onmium
693 1612 734 1634 est
755 1608 874 1635 miserri-

85 1658 155 1677 mus:
174 1655 201 1678 et
217 1656 287 1679 tunc
304 1653 425 1680 maxime
445 1653 536 1686 miser,
561 1661 622 1680 eum
644 1661 696 1680 non
716 1655 836 1689 punitur,
847 1659 875 1682 et

85 1702 155 1729 grave
168 1696 233 1724 nihil
250 1698 366 1731 patitur.
382 1698 416 1724 Et
429 1698 496 1725 sicut
510 1698 603 1733 splene
615 1703 642 1726 et
657 1699 787 1726 intercute
798 1699 873 1726 labo-

86 1745 180 1772 rantes.
191 1749 255 1769 cum
272 1743 344 1778 larga
356 1743 480 1770 fruuntur
491 1751 593 1777 mensa,
608 1748 635 1772 et
647 1743 741 1779 frigida
756 1745 872 1779 potione,

85 1791 108 1813 et
128 1787 248 1816 delicatis
272 1788 425 1824 sapidisque
449 1789 566 1822 ferculis,
586 1795 648 1816 tunc
668 1790 800 1825 praecipue
816 1797 874 1817 om-

88 1832 150 1860 aium
163 1838 223 1861 sunt
246 1834 412 1867 miserrimi,
428 1835 530 1862 deliciis
544 1835 667 1862 morbum
688 1840 834 1870 augentes:
851 1834 874 1862 si

91 1887 144 1906 vero
162 1881 202 1907 siti
225 1885 259 1908 et.
282 1880 353 1908 fame
366 1880 511 1908 secundum
535 1881 698 1908 medicorum
721 1881 792 1915 leges
813 1888 875 1908 cru-

91 1925 191 1959 cientur,
206 1927 329 1961 aliquam
346 1925 440 1954 salutis
453 1934 527 1961 spem
541 1926 641 1954 habent
656 1936 661 1953 :
676 1927 715 1954 sic
735 1931 763 1954 et
778 1927 803 1953 in
823 1925 873 1952 ini-

88 1971 178 2004 quitate
191 1973 330 2005 viventes,
353 1972 374 1999 si
389 1972 531 2006 puniantur
545 1971 663 2007 quidem,
682 1971 778 1999 bonam
799 1979 874 2006 spem

91 2016 192 2050 habent,
219 2017 246 2045 si
268 2026 335 2045 vero
358 2025 418 2045 cum
437 2018 574 2053 iniquitate
595 2019 701 2046 licentia
722 2023 750 2046 et
774 2018 875 2046 deliciis

88 2063 210 2098 fruantur,
238 2065 363 2100 hydrope
381 2065 563 2092 laborantibus
585 2065 663 2092 simul
688 2070 714 2092 et
732 2065 874 2099 crapulan-

93 2108 152 2136 tibus
165 2115 228 2137 sunt
242 2111 327 2137 multo
342 2110 505 2144 miseriores,
521 2116 548 2138 et
572 2116 645 2138 tanto
668 2111 762 2146 magis,
775 2115 875 2146 quanto

91 2162 190 2190 corpore
205 2155 306 2183 melior
319 2161 361 2183 est
373 2157 470 2183 anima.
487 2156 514 2183 Si
530 2157 632 2191 aliquos
648 2157 726 2192 igitur
741 2157 766 2183 in
781 2156 874 2183 iisdem

92 2207 142 2228 esse
154 2203 272 2236 peccatis
287 2201 404 2234 videris,
421 2206 448 2229 et
461 2202 509 2230 hos
522 2202 629 2237 quidem
649 2202 718 2230 fame
738 2203 874 2234 continua,

94 2250 116 2272 et
128 2247 272 2274 innumeris
298 2247 376 2274 malis
398 2247 565 2280 laborantes,
588 2248 638 2275 hos
651 2255 715 2275 vero
737 2248 874 2281 ebriosos,

92 2294 243 2327 gaudentes,
259 2299 287 2321 et
302 2294 472 2330 crapulantes
482 2316 489 2327 ,
510 2303 557 2322 eos
570 2295 614 2330 qui
629 2296 718 2331 gravia
741 2296 876 2330 patiantur

94 2337 213 2367 beatiores
224 2344 299 2375 puta.
315 2340 421 2367 Etenim
435 2340 618 2368 delectationis
632 2341 738 2368 ﬂamma
752 2341 793 2368 his
807 2350 876 2368 :eru-

93 2384 338 2418 tttnisinterciditur,
347 2390 374 2412 et
384 2385 452 2420 apud
463 2385 577 2413 futurum
588 2386 716 2422 judicium
725 2392 752 2414 et
759 2387 876 2415 terribile

95 2428 195 2458 tribunal
208 2431 273 2458 illttd
292 2439 346 2457 non
363 2439 456 2466 parum
471 2432 662 2459 consolationis
677 2433 812 2468 capientes
827 2433 877 2460 mi-

93 2477 230 2511 grant,quia
239 2477 320 2504 multa
328 2482 437 2512 peccata
444 2477 505 2505 vita:
511 2478 719 2513 hujusxrumnis
725 2479 874 2513 expiarunt.

124 2522 245 2550 Adversus
255 2524 406 2558 juramentu
419 2533 463 2559 pro
473 2533 541 2552 more
552 2525 768 2560 [equitatu—Sed
779 2533 876 2552 conso—

95 2566 186 2596 lationis
201 2569 268 2596 satis
281 2579 288 2596 :
302 2570 358 2604 jam
380 2570 456 2597 nobis
470 2571 595 2606 deinceps
609 2576 714 2606 tempus
731 2576 771 2599 est
787 2572 820 2599 ad
835 2572 875 2598 fn-

95 2612 239 2646 giendorum
250 2615 426 2642 monitionem
438 2615 647 2650 juramcntorum
665 2617 835 2650 transeundi,
849 2622 877 2644 et

95 2659 190 2686 tollendi
205 2661 409 2688 excusationem
420 2681 428 2693 ,
443 2669 502 2696 qua:
512 2661 665 2696 jurantibns
679 2670 740 2690 esse
751 2663 858 2690 videtur
866 2683 874 2695 ,

96 2704 204 2739 frigidam
219 2710 246 2732 et
262 2706 397 2734 inutilem.
414 2707 518 2734 Etenim
534 2715 593 2735 eum
613 2708 684 2743 ipsos
702 2716 874 2741 accusamus,

96 2751 150 2778 alios
163 2753 240 2780 nobis
255 2753 326 2780 idem
352 2753 480 2780 facientes
499 2754 645 2789 objiciunt,
659 2758 685 2781 et
699 2754 790 2782 dicunt
806 2762 812 2780 :
829 2753 876 2781 Ille

96 2803 117 2825 et
124 2799 271 2834 illejurant.
287 2799 414 2827 Dicamus
427 2800 504 2835 igitur
514 2800 579 2835 ipsis
591 2810 597 2827 :
611 2800 665 2828 Sed
677 2800 721 2828 ille
732 2800 873 2835 nonjurat,

98 2843 152 2872 lteus
164 2850 254 2873 autem
264 2853 359 2873 eorum
374 2845 421 2881 qui
434 2851 505 2873 recte
515 2851 636 2882 egerunt,
649 2847 874 2882 comparationem

98 2891 151 2918 utter
170 2891 345 2927 iudicandum
368 2891 490 2926 profert:
508 2900 567 2919 nam
583 2896 738 2927 peccatores
759 2899 806 2920 eos
828 2891 872 2926 qui

243 2941 378 2969 PATROL.
403 2940 461 2969 Gtt.
488 2940 594 2969 XLI.\.

941 236 1052 266 peccant
1065 231 1223 259 delictorum
1239 233 1481 262 communicatione
1495 241 1547 261 non
1560 233 1670 268 juvant,
1684 233 1730 267 qui

939 285 1002 304 vero
1017 281 1090 305 recte
1109 278 1217 310 vivunt,
1237 283 1394 314 peccatores
1415 279 1603 307 condemnant.
1624 280 1729 307 Etenim

937 322 983 356 qui
1011 321 1146 350 Christum
1175 331 1229 351 non
1257 323 1427 356 cibaverant,
1452 332 1538 359 neque
1573 328 1730 359 potaverant

938 368 1044 401 (Matth.
1066 368 1110 397 25.
1138 370 1195 405 35),
1216 370 1292 397 multi
1318 375 1395 397 erant
1417 378 1424 397 :
1452 370 1499 398 sed
1525 369 1591 398 nihil
1609 370 1660 398 sibi
1685 370 1727 397 in-

936 414 1022 442 viccm
1052 416 1207 450 profuerunt
1232 425 1238 442 :
1266 416 1334 443 sicut
1358 423 1444 451 neque
1467 416 1584 452 virgines
1610 417 1728 452 quinque

935 459 1019 487 altera
1045 461 1079 488 ab
1111 461 1195 488 altera
1227 461 1307 488 ullam
1339 461 1496 489 invenerunt
1526 462 1651 495 veniam,
1679 462 1725 490 sed

935 514 990 541 pra:
1011 508 1053 540 iis,
1075 508 1119 542 qui
1142 513 1215 536 recte
1236 516 1266 536 se
1281 513 1432 544 gesserunt,
1454 513 1482 536 et
1501 508 1543 535 ha:
1564 513 1592 536 et
1610 509 1646 536 illi
1657 516 1723 536 con-

935 553 1090 581 demnatiet
1104 555 1189 589 puniti
1202 560 1274 582 sunt.
1292 555 1333 582 Ab
1352 555 1401 582 hac
1415 555 1494 590 igitur
1508 554 1600 589 frigida
1615 562 1726 582 excusa-

936 601 1008 627 tione
1017 600 1132 631 liberati,
1145 608 1178 628 ne
1191 601 1280 636 lapsos
1291 600 1476 635 respiciamus,
1493 600 1541 627 sed
1554 605 1626 627 recte
1638 607 1668 627 se
1677 607 1725 635 ge-

935 649 1036 679 rentes,
1053 651 1079 673 et
1093 646 1246 673 Studeamus
1266 645 1404 681 praesentis
1415 645 1509 681 jejunii
1522 650 1724 673 monumentum

933 691 1043 718 referre.
1064 691 1099 718 Et
1116 692 1184 719 sicut
1206 699 1391 726 scepenumero
1411 692 1600 718 vestimentum
1622 690 1723 724 adepti,

932 737 975 764 vel
996 744 1113 770 servum,
1134 738 1176 765 vel
1190 745 1236 765 vas
1252 738 1408 772 pretiosum,
1427 736 1554 771 temporis
1574 735 1724 764 reminisci-

932 790 1008 816 mur,
1023 788 1050 810 et
1064 788 1155 810 mutuo
1170 784 1301 810 dicimus:
1322 782 1433 810 Servum
1454 782 1529 809 illum
1554 782 1600 809 tali
1622 781 1722 809 solem-

932 830 1013 857 nitate
1021 831 1085 862 emi,
1096 831 1283 857 vestimentum
1299 829 1351 857 hoc
1363 830 1406 857 tali
1418 828 1571 864 comparavi
1582 833 1702 863 tempore
1713 837 1720 854 :

931 874 967 901 ita
981 882 1085 910 quoque
1103 876 1126 904 si
1144 876 1230 911 legem
1257 876 1325 903 hanc
1345 875 1559 910 impleverimus,
1581 874 1720 902 dicemus:

931 920 1114 948 Juramentum
1142 921 1191 948 hac
1212 921 1318 949 correxi
1342 921 1567 956 Quadragesima;
1590 920 1720 948 hactenus

930 967 1151 1001 enim-jur‘abam,
1166 971 1194 994 et
1212 967 1268 994 sola
1286 967 1467 994 admonitione
1486 966 1575 993 audita
1586 986 1594 998 ,
1612 969 1722 1000 peccato

930 1012 1054 1040 abstinui.
1068 1013 1120 1040 Sed
1145 1020 1187 1040 res
1209 1017 1251 1040 est
1269 1016 1391 1040 correetu
1411 1011 1527 1039 difﬁcilis
1543 1010 1718 1038 consuetudo.

930 1060 994 1087 Neri
1004 1065 1032 1088 et
1044 1068 1103 1095 ego,
1118 1064 1145 1087 et
1157 1064 1297 1095 propterea
1310 1059 1408 1086 festino
1419 1066 1468 1086 vos
1483 1058 1510 1085 in
1519 1058 1597 1085 aliam
1607 1064 1721 1084 consue-

931 1105 1047 1133 tudinem
1061 1106 1158 1133 bonam
1172 1110 1200 1133 et
1220 1106 1321 1133 lucrttm
1339 1105 1481 1132 habentem
1500 1104 1636 1131 inducere.
1650 1103 1718 1131 Cum

929 1152 1000 1180 enim
1033 1152 1151 1184 dixeris,
1186 1152 1296 1180 difficile
1324 1159 1339 1178 a
1371 1150 1565 1178 consuetudine
1599 1149 1715 1180 desisto,

929 1203 1068 1232 propterea
1098 1198 1229 1225 desistere
1262 1197 1370 1230 labora,
1395 1201 1470 1224 certo
1500 1196 1606 1228 sciens,
1645 1194 1718 1229 quod

928 1243 950 1270 si
973 1243 1019 1270 tibi
1040 1243 1118 1270 aliam
1145 1250 1198 1270 non
1229 1242 1337 1278 jurandi
1367 1241 1587 1269 consuetudinem
1614 1240 1718 1267 indixe-

928 1288 982 1321 ris,
1008 1288 1107 1315 nullius
1130 1288 1229 1316 laboris
1249 1287 1365 1322 amplius
1391 1287 1530 1322 indigebis.
1556 1286 1624 1320 Quid
1646 1285 1718 1313 difﬁ-

926 1334 1014 1367 cilius,
1034 1342 1086 1361 non
1099 1334 1200 1369 jnrare,
1216 1342 1250 1361 an
1264 1341 1312 1369 per
1331 1339 1414 1361 totum
1428 1333 1498 1360 diem
1523 1333 1638 1361 inediam
1664 1332 1718 1367 pati

926 1385 954 1406 et
967 1387 1042 1414 aqua:
1062 1384 1123 1415 potu
1138 1384 1165 1407 et
1182 1380 1254 1407 tenui
1272 1379 1342 1406 victu
1363 1378 1476 1406 siccari?
1487 1377 1596 1406 Certum
1608 1382 1650 1405 est
1667 1377 1718 1405 hoc

927 1425 972 1452 illo
986 1425 1091 1460 gravius
1105 1433 1181 1458 esse;
1195 1425 1242 1453 sed
1260 1429 1347 1452 tamen
1368 1425 1531 1452 consuetudo
1551 1432 1595 1452 res
1609 1428 1652 1452 est
1664 1428 1717 1451 tam

926 1471 1011 1498 facilis
1024 1475 1051 1498 et
1064 1471 1196 1505 expedita,
1210 1476 1240 1499 ut
1254 1471 1412 1499 adveniente
1423 1471 1540 1506 jejunio,
1556 1471 1606 1498 etsi
1621 1471 1718 1499 millies

926 1516 985 1550 quis
997 1516 1169 1549 exhortetur,
1189 1521 1216 1544 et
1232 1521 1309 1551 cogat
1329 1516 1419 1543 vinum
1439 1515 1569 1548 delibare,
1585 1516 1627 1543 vel
1646 1515 1717 1542 aliud

926 1561 987 1596 quid
999 1561 1092 1596 jcjnnii
1108 1562 1165 1596 lege
1179 1569 1230 1589 non
1246 1569 1401 1589 concessum
1414 1566 1531 1596 gustare,
1552 1561 1640 1588 omnia
1659 1561 1718 1595 quis

925 1607 1017 1634 mallet
1031 1607 1094 1641 pati,
1110 1615 1188 1641 qttum
1204 1606 1364 1642 prohibitum
1377 1613 1483 1633 sumere
1503 1606 1696 1633 nutrimentum
1709 1614 1716 1631 :

925 1658 952 1680 et
971 1652 1022 1679 hoc
1034 1661 1093 1680 eum
1106 1660 1157 1679 non
1173 1653 1305 1680 illibenter
1315 1659 1377 1687 erga
1389 1659 1507 1680 mensam
1522 1651 1610 1678 aﬂ'ecti
1621 1651 1716 1682 simus,

926 1703 1014 1725 tamen
1030 1704 1139 1733 propter
1159 1698 1379 1726 consuetudinem
1399 1705 1433 1725 ex
1445 1697 1606 1725 conscientia
1627 1697 1716 1724 omnia

925 1751 1055 1779 generose
1069 1744 1177 1771 ferimus
1189 1743 1341 1771 laborando.
1364 1743 1420 1770 Hoc
1429 1743 1552 1770 nimirum
1561 1747 1588 1770 et
1604 1742 1629 1770 in
1642 1742 1717 1777 jura-

925 1790 1023 1817 mentis
1037 1790 1088 1817 erit
1100 1799 1107 1816 :
1121 1795 1149 1817 et.
1167 1790 1236 1817 sicut
1249 1797 1338 1823 nunc,
1353 1789 1376 1816 si
1394 1789 1453 1824 quis
1474 1790 1554 1816 etiam
1575 1788 1717 1816 maximam

926 1837 1112 1865 necessitatem
1125 1836 1262 1871 imponat,
1274 1843 1415 1871 permanes
1431 1835 1648 1862 consuetudinem
1662 1843 1719 1862 ser-

926 1889 991 1909 vans
1009 1890 1016 1908 :
1032 1881 1071 1909 sic
1090 1886 1118 1909 et
1131 1887 1204 1915 tunc,
1220 1882 1243 1909 si
1262 1882 1321 1917 quis
1339 1882 1419 1908 etiam
1437 1881 1534 1908 millies
1552 1881 1717 1911 exhortetur.

925 1935 939 1954 a
953 1927 1146 1955 consuetudine
1157 1935 1210 1955 non
1221 1927 1343 1954 absistes.

964 1974 991 2000 ’1.
1004 1973 1118 2000 Domum
1140 1973 1219 2008 igitur
1242 1972 1386 2008 profectus,
1402 1972 1526 2000 omnibus
1544 1972 1602 1999 hmc
1623 1972 1717 2000 dome-

926 2020 1000 2047 sticis
1012 2019 1121 2054 loquere
1136 2028 1143 2046 :
1159 2024 1186 2046 et
1199 2020 1268 2046 sicut
1280 2026 1353 2055 stcpe
1363 2018 1438 2046 multi
1452 2026 1488 2046 ex
1503 2023 1579 2054 prato
1591 2018 1719 2046 receden-

927 2069 978 2097 tes,
993 2072 1081 2092 rosam
1097 2064 1140 2092 vel
1161 2064 1255 2091 violam
1277 2064 1318 2091 vel
1337 2064 1487 2099 quempiam
1511 2064 1602 2090 talium
1622 2063 1718 2090 ﬂorum

926 2110 1045 2144 capiunt,
1059 2114 1086 2137 et
1099 2109 1190 2144 digitis
1201 2109 1420 2137 circumferentes
1432 2108 1562 2136 recedunt
1577 2117 1583 2135 :
1598 2108 1642 2135 alii
1655 2115 1718 2135 vero

927 2163 960 2183 ex
971 2155 1096 2183 viridario
1107 2155 1215 2182 domum
1226 2155 1364 2188 abeuntes,
1376 2154 1501 2182 arborum
1512 2162 1602 2181 ramos
1616 2153 1718 2181 fruetus

928 2201 1056 2229 habentes
1082 2206 1219 2235 reportant
1242 2209 1249 2228 :
1276 2200 1321 2227 alii
1348 2207 1454 2227 rursum
1478 2208 1494 2227 a
1520 2199 1600 2227 lautis
1622 2199 1717 2231 cmnis,

927 2254 1027 2274 mensa:
1041 2246 1167 2281 reliquias
1177 2246 1335 2273 necessariis
1349 2245 1403 2272 suis
1418 2244 1554 2272 referunt:
1571 2245 1609 2272 sic
1627 2244 1719 2279 utique

927 2298 955 2321 et
975 2298 1002 2320 tu
1025 2293 1087 2320 hinc
1113 2292 1252 2324 recedens,
1273 2291 1482 2319 admonitionem
1506 2295 1611 2326 reporta
1639 2290 1717 2322 ﬁliis,

929 2340 1015 2372 uxori,
1031 2339 1192 2367 necessariis
1204 2338 1337 2365 omnibus.
1353 2337 1417 2364 Haec
1434 2338 1505 2365 enim
1521 2337 1676 2368 admonitio,
1692 2341 1719 2364 et

928 2391 1014 2421 prato,
1026 2390 1054 2413 et
1074 2385 1211 2418 viridario,
1234 2389 1262 2412 et
1276 2391 1368 2412 mensa
1387 2384 1478 2411 utilior
1499 2388 1559 2412 est:
1580 2384 1621 2411 hm
1639 2392 1719 2411 num-

927 2438 1008 2468 quam
1017 2440 1085 2460 rosae
1095 2435 1273 2464 marcescunt,
1288 2431 1314 2458 hi
1324 2438 1467 2466 numquam
1477 2430 1597 2458 deﬂuunt
1607 2429 1719 2464 fructus,

929 2478 986 2505 hare
999 2485 1141 2512 numquam
1155 2477 1253 2504 fereula
1268 2480 1474 2510 corrumpuntur
1486 2484 1492 2502 ε
1507 2479 1534 2503 et
1544 2483 1581 2503 ex
1596 2475 1648 2502 illis
1662 2476 1721 2510 qui-

929 2525 988 2551 dem
1005 2523 1158 2558 temporalis
1176 2522 1328 2554 delectatio,
1342 2530 1373 2549 ex
1394 2521 1435 2548 his
1447 2529 1511 2549 vero
1526 2521 1650 2548 continua
1666 2521 1719 2547 uti-

930 2569 1004 2601 litas,
1025 2576 1078 2595 non
1097 2572 1198 2594 tantum
1217 2572 1355 2602 postquam
1378 2566 1520 2600 adimplcta
1542 2566 1651 2599 fuerint,
1674 2565 1720 2592 sed

929 2616 1009 2642 etiam
1023 2615 1085 2641 dum
1103 2614 1290 2648 adimplentttr.
1306 2613 1396 2648 Cogita
1416 2614 1487 2640 enim
1509 2613 1586 2647 quale
1606 2617 1657 2644 est,
1677 2619 1719 2638 rc-

931 2660 1009 2695 liquis
1019 2660 1143 2687 omnibus
1156 2659 1262 2686 omissis
1275 2659 1387 2694 publicis
1398 2663 1424 2685 et
1438 2658 1558 2693 privatis,
1575 2657 1609 2685 de
1623 2656 1720 2684 divinis

930 2713 1036 2740 semper
1050 2706 1151 2740 legibus
1170 2705 1317 2737 disserere,
1332 2709 1358 2732 et
1373 2705 1404 2731 ad
1419 2711 1549 2736 mensam,
1565 2709 1591 2730 et
1609 2703 1634 2730 in
1652 2703 1718 2735 foro,

928 2759 956 2780 et
975 2753 1002 2780 in
1014 2753 1074 2780 aliis
1094 2752 1295 2779 conventiculis.
1310 2750 1338 2778 Si
1353 2751 1394 2778 his
1415 2758 1549 2782 vacemus,
1566 2749 1631 2777 nihil
1644 2749 1717 2776 dice-

928 2807 987 2827 mus
1001 2799 1191 2835 periculosum,
1207 2798 1272 2826 nihil
1290 2798 1409 2829 noxium,
1426 2804 1476 2824 nec
1499 2796 1573 2823 lnviti
1595 2795 1718 2831 peccabi-

928 2853 1004 2878 mus;
1019 2845 1067 2872 sed
1079 2849 1106 2872 et
1118 2845 1274 2872 imminente
1285 2843 1389 2871 tristitia
1400 2841 1615 2869 sermocinationi
1632 2840 1716 2867 dehis

929 2895 1063 2925 vacantes,
1076 2891 1190 2917 animam
1205 2890 1318 2917 liberare
1328 2889 1485 2924 poterimus,
1495 2887 1576 2914 missa
1586 2894 1649 2914 cura
1664 2885 1718 2916 illa,

1529 2934 1547 2962 6
