1962 3121
192 168 220 196 9|
555 168 582 196 S.
603 168 743 197 .IO.\NNIS
762 168 1000 198 CIIIIYSOSTOMI
1019 167 1177 196 ARCIIIEP.
1193 167 1460 198 CONSTANTINOI’.
1808 173 1843 201 92

195 234 246 260 qua
268 225 374 252 solliciti
399 229 490 252 mmuo
516 225 736 253 sciscitabamur:
758 225 891 260 Numquid
915 229 989 259 gesta

196 271 342 306 Imperator
357 270 476 297 audivit?
491 278 524 298 an
546 271 665 298 irritatus
687 271 746 298 est?
761 271 823 305 quid
846 278 910 297 vero
927 277 990 297 Sell-

197 317 287 344 tcntiaa
309 317 510 351 pronuntiavit?
533 317 661 352 numquid
684 318 770 352 ipsum
793 318 924 352 quispiam
945 325 992 344 ex-

198 363 436 397 oravit2numquid
450 370 514 390 vero
525 363 592 390 feret
604 363 661 398 ipse
674 367 726 390 tam
738 370 859 398 magnam
870 368 898 390 et
911 370 992 397 popu-

199 409 283 436 losam
302 408 422 436 funditus
443 409 577 436 civitatem
600 409 730 444 perdere?
750 409 813 436 Ilaec
835 408 941 443 quidem
966 413 993 435 et

193 455 283 482 omnia
300 455 362 482 talia
378 455 404 481 in
415 455 499 482 Deum
511 455 694 490 projicientes,
709 455 792 490 ipsius
802 459 904 482 tantum
915 462 992 482 man-

193 501 252 528 data
260 509 402 528 curemus:
415 502 454 528 sic
462 502 533 529 enim
546 505 575 529 et
582 502 625 528 illa
632 502 720 529 omnia
729 502 906 529 dissolvemus
917 510 924 534 ς
934 506 961 528 et
971 501 992 527 si

194 549 235 575 vel
244 548 336 575 decem
344 553 445 575 tantum
455 549 479 575 in
489 549 565 576 nobis
573 553 646 576 recte
653 549 766 583 egerim,
775 548 848 575 brevi
856 548 892 575 illi
901 548 993 575 decem

195 594 287 628 viginti
306 594 384 627 fient;
400 594 491 629 viginti
507 594 696 629 quinquaginta
709 594 914 629 ,quiuquaginta
932 601 995 621 cen-

196 644 262 671 uim,
277 644 382 666 centum
394 640 477 673 mille,
493 640 567 667 mille
579 644 634 667 tota
651 640 753 667 civitas.
767 640 801 666 Et
815 639 884 667 sicut
901 639 994 667 decetn

195 685 316 711 accensis
338 685 453 712 lucernis
467 693 574 712 omnem
590 685 700 712 domum
719 685 820 712 lumine
838 685 916 712 facile
935 685 994 720 quis

198 730 311 764 implere
334 731 431 764 poterit
451 740 458 757 :
479 731 518 758 sic
539 736 566 758 et
589 732 615 758 in
635 730 731 758 ofﬁciis
752 731 948 766 spiritualihus,
972 730 994 758 si

198 774 290 801 decem
305 776 354 802 soli
369 780 442 803 recte
457 776 578 811 egerint,
592 784 683 811 pyram
699 784 747 811 per
762 780 843 803 totam
859 777 994 803 civitatem

199 820 371 848 ineendenms
383 821 525 849 habentem
538 822 637 853 lumen,
648 826 674 849 et
685 822 854 849 securitatem
867 822 944 850 nobis
954 822 995 848 af-

199 866 338 893 ferentem.
353 867 409 893 Non
425 867 497 894 enim
513 868 552 894 sic
568 868 681 894 ﬂamma:
700 872 793 895 natura
810 868 835 895 in
855 869 994 895 materiam

200 914 307 948 delapsa
329 916 412 942 vicina
434 923 541 951 semper
561 917 630 951 ligna
653 917 782 950 incendit,
802 918 870 944 sicut
891 918 996 945 virtutis

198 960 272 987 zelus
294 961 318 987 in
334 968 431 995 paucas
452 962 542 996 lapsus
562 963 681 994 animas,
704 964 804 990 sensim
826 964 996 998 procedendo

197 1013 304 1032 otnnem
323 1007 434 1041 implere
455 1008 589 1035 civitatem
607 1009 715 1042 poterit.
738 1009 801 1036 Date
825 1009 915 1044 itaque
930 1010 994 1036 mihi

198 1056 226 1077 ut
243 1051 276 1077 de
297 1052 373 1078 vobis
386 1052 502 1086 glorier,
517 1058 542 1080 et
559 1054 584 1080 in
601 1055 724 1089 praesenti
740 1056 803 1088 vita,
819 1060 847 1082 et
861 1055 887 1082 in
906 1055 995 1083 futuro

197 1096 250 1126 die,
265 1105 318 1130 quo
335 1097 434 1125 talenta
446 1099 575 1126 habentes
587 1099 688 1127 credita
703 1101 906 1128 introducentur
917 1110 924 1128 :
937 1101 994 1129 suf-

198 1142 289 1168 Iicicus
305 1142 367 1169 mihi
382 1143 503 1171 laborum
520 1152 623 1172 merces
633 1150 719 1173 vestra
734 1147 853 1180 claritas,
867 1153 894 1175 et
909 1148 931 1175 si
945 1155 992 1174 vos

202 1198 263 1216 omn
284 1190 379 1224 pietate
401 1192 521 1219 viventes
545 1192 651 1225 videro,
677 1197 760 1220 totum
781 1194 880 1228 recepi.
903 1194 993 1222 Facile

197 1293 281 1318 ουοῐ)
298 1294 464 1315 ΤΙΠΒΤῙΤΙΑΕ
487 1295 646 1317 AFFECTUS
667 1296 797 1318 TANTUM
816 1297 857 1317 AI)
879 1297 992 1319 PECCA’I

1046 1298 1298 1319 )ESTRUCTIONEM
1320 1299 1370 1320 SIT
1391 1299 1493 1321 UTILIS

1046 224 1124 259 igitur
1136 225 1208 259 quod
1222 229 1248 252 et
1262 225 1317 252 lteri
1332 226 1476 259 admonui,
1491 231 1518 254 et
1530 226 1610 254 hodie
1622 226 1720 260 dicam,
1736 236 1786 256 nec
1802 229 1844 255 ιΙι-

1044 277 1108 297 cens
1118 270 1254 305 quiescam
1270 280 1276 297 :
1290 276 1383 298 contra
1394 272 1514 306 jurantes
1525 271 1651 300 mulctam
1665 273 1842 307 deﬁnientes,

1044 317 1172 344 mulctam
1186 316 1298 349 lucrum,
1317 325 1369 345 non
1385 319 1510 345 damnum
1528 318 1669 346 habentem
1683 328 1689 346 :
1705 327 1842 355 prazpara-

1045 362 1109 389 mini
1123 362 1177 396 jam
1198 367 1332 397 tamquam
1350 363 1427 391 nobis
1441 363 1576 398 profectus
1594 365 1779 399 probationem
1795 366 1846 393 da-

1045 408 1108 435 turi.
1123 408 1246 435 Conabor
1259 409 1357 436 ctenim
1372 409 1441 444 apud
1454 418 1587 444 quemque
1601 415 1717 438 vestrum
1733 412 1842 446 longum

1045 454 1202 488 protrahere
1222 462 1372 482 sermonem
1394 455 1503 482 dimissa
1527 455 1577 483 hac
1598 457 1745 491 concione,
1770 463 1798 484 ut
1816 458 1843 484 in

1046 500 1189 526 verborum
1212 499 1377 535 longitudine
1396 501 1553 529 emendatos
1573 502 1707 530 inveniam
1721 504 1750 529 ‘z
1773 508 1800 531 et
1821 504 1843 531 si

1046 552 1124 579 quem
1135 545 1271 580 jurautem
1286 546 1388 578 videro,
1401 547 1527 574 omnibus
1537 548 1686 575 emendatis
1698 549 1785 583 ipsum
1796 549 1843 576 de-

1046 591 1157 623 claretn,
1173 596 1201 618 ut
1215 592 1394 627 increpantes,
1409 598 1561 628 arguentes,
1575 595 1752 629 corrigentes,
1768 595 1843 623 brevi

1047 636 1134 672 ipsum
1144 638 1212 665 mala
1224 637 1369 665 liberemus
1379 639 1583 666 consuetudine.
1594 639 1687 667 Melius
1693 645 1735 667 est
1743 641 1843 668 etenitn

1046 681 1091 708 hic
1105 682 1295 716 exprobratum
1310 684 1419 718 corrigi,
1436 691 1515 718 quam
1533 684 1578 712 die
1593 685 1636 712 illa
1656 685 1761 720 palam,
1774 694 1845 721 prae-

1046 735 1123 756 sente
1143 734 1199 756 toto
1222 730 1335 763 mundo,
1359 731 1487 758 confundi
1502 736 1582 766 atque
1604 732 1703 766 puniri,
1725 733 1844 767 peccatis

1048 775 1148 802 nostris
1163 775 1213 802 sub
1226 776 1345 803 omnium
1368 782 1477 811 aspectu
1493 777 1628 805 revelatis.
1645 777 1697 806 Sed
1713 778 1801 811 absit,
1815 785 1845 806 ut

1047 822 1187 857 quisquam
1203 830 1236 849 ex
1251 822 1301 850 hac
1325 822 1438 850 honesta
1452 824 1582 851 concione
1595 824 1658 851 talia
1671 824 1774 858 patiens
1788 825 1843 853 illic

1048 873 1183 902 appareat,
1200 876 1291 895 verum
1303 873 1456 896 sanctorum
1471 874 1576 903 patrum
1592 870 1716 904 precibus
1731 876 1840 905 peccata

1047 914 1214 948 corrigentes
1234 915 1339 947 omnia,
1355 915 1520 949 multumque
1536 916 1643 943 virtutis
1662 916 1777 943 fructum
1798 925 1843 944 ex-

1048 959 1181 993 hibentes,
1194 967 1255 986 cum
1267 960 1351 987 multa
1364 960 1426 988 hinc
1439 960 1535 988 ﬁducia
1547 962 1702 996 migremus,
1716 962 1803 997 gratia
1815 967 1842 990 et

1046 1011 1074 1033 et
1086 1006 1250 1041 benignitate
1266 1007 1371 1034 Domini
1390 1007 1475 1035 nostri
1489 1008 1554 1035 Jesu
1567 1008 1685 1042 Christi,
1702 1016 1748 1044 per
1763 1016 1842 1044 quem

1047 1057 1148 1080 etcum
1162 1061 1215 1088 quo
1237 1053 1307 1080 Patri
1326 1054 1411 1089 gloria
1425 1062 1476 1082 una
1495 1063 1555 1082 cum
1579 1060 1672 1083 sancto
1692 1055 1795 1092 Spiritu
1815 1056 1842 1083 in

1049 1099 1145 1126 szecula
1158 1099 1327 1127 sreculorum.
1345 1101 1439 1128 Amen.

1082 1178 1088 1192 '
1107 1176 1178 1202 savii.
1191 1177 1265 1208 addit,
1276 1181 1298 1202 ct
1310 1184 1357 1202 non
1368 1180 1515 1204 emendatos.

1517 1301 1524 1320 :
1549 1300 1589 1321 ET
1612 1300 1712 1322 somn
1734 1301 1841 1330 ILLUD,

237 1343 269 1364 ΙΝ
292 1343 449 1365 PRINCIPIO
471 1344 563 1365 FECIT
585 1345 664 1366 DEUS
685 1346 800 1368 CAELUM
822 1347 862 1367 ΕΤ
883 1347 1026 1375 TERIIAM,
1067 1348 1108 1368 ΕΤ
1141 1348 1226 1374 QUOD
1258 1349 1387 1371 MAXIMA
1423 1349 1665 1374 CONSOLATIONIS
1700 1352 1841 1374 MATERIA

228 1393 422 1416 'CREATIONIS
445 1395 521 1417 APPA
527 1397 625 1418 RATUS

649 1398 656 1417 :
681 1397 720 1418 ET
742 1397 841 1419 summ
857 1399 962 1427 ILLUD,
986 1400 1087 1426 ADAM,
1111 1399 1164 1420 om
1187 1391 1244 1420 es?
1264 1400 1304 1421 ET
1325 1400 1366 1420 ne
1388 1400 1451 1421 NON
1472 1401 1617 1423 scamno
1639 1396 1660 1411 '-

972 1461 1102 1489 eme)

505 1534 613 1554 HOHILIA
633 1535 677 1555 VII.

232 1615 258 1641 ‘l.
280 1614 358 1641 Multa
379 1615 485 1649 quidem
505 1620 532 1642 et
551 1616 584 1643 de
606 1616 697 1644 multis
712 1616 768 1644 heri
785 1618 854 1652 apud
875 1623 991 1646 vestram

197 1659 311 1686 disserui
332 1661 496 1690 charitates:
510 1661 544 1688 de
567 1662 655 1689 multis
678 1670 742 1689 vero
761 1663 783 1689 si
806 1664 895 1690 omnia
917 1664 993 1691 vobis

202 1704 317 1731 retinere
338 1705 407 1732 haud
428 1711 469 1733 est
489 1706 578 1739 facile,
597 1707 660 1734 illud
677 1709 795 1735 omnium
815 1710 932 1736 maxime
946 1717 992 1737 vos

199 1750 352 1776 meminisse
375 1758 439 1785 rogo
451 1772 458 1784 ,
474 1751 543 1785 quod
563 1753 694 1780 tristitiam
717 1754 792 1781 nobis
808 1755 877 1782 Deus
891 1762 943 1782 non
958 1755 993 1782 ob

198 1795 268 1822 aliud
284 1796 406 1823 indiderit
417 1817 424 1830 ,
438 1797 488 1824 nisi
503 1803 611 1833 propter
624 1799 710 1826 solum
727 1805 863 1834 peccatum
876 1821 882 1831 ,
898 1805 925 1827 et
940 1801 991 1828 hoc

203 1848 250 1874 per
264 1842 346 1876 ipsam
363 1850 450 1869 rerum
465 1844 656 1878 experientiam
671 1844 889 1872 tnanifestavcrit.
903 1845 931 1872 In
946 1854 992 1880 pe-

199 1887 336 1914 cuniarum
352 1888 422 1914 enim
439 1889 536 1915 mulcta
549 1910 556 1922 ,
575 1894 601 1916 et
616 1895 718 1922 morte,
735 1895 761 1917 et
773 1891 930 1925 aegritudine
943 1913 950 1924 ,
966 1897 994 1919 et

201 1933 260 1959 aliis
275 1933 350 1960 nobis
364 1933 545 1968 ingruentibus
560 1935 689 1962 molestiis
701 1935 824 1962 dolentes
838 1941 865 1963 et
877 1944 993 1964 mceren-

200 1982 250 2010 tes,
260 1986 311 2005 non
322 1983 422 2006 tantum
433 1980 530 2006 nullam
540 1981 748 2007 consolationem
757 1982 875 2015 capimus
884 2003 890 2013 ,
899 1990 991 2009 verum

199 2029 226 2050 cl
240 2024 375 2051 molestias
388 2032 531 2060 augemus;
552 2026 577 2052 in
600 2026 713 2060 peccatis
734 2033 798 2053 vero
814 2027 836 2053 si
856 2027 993 2055 doleamus

199 2074 227 2096 et
245 2071 448 2104 contristcmur,
461 2072 560 2106 peccati
577 2072 783 2106 magnitudinem
799 2073 952 2104 minuimus.
967 2080 992 2102 et

199 2116 269 2149 quod
285 2121 343 2143 erat
356 2124 478 2151 maguum
490 2138 497 2150 ,
514 2117 650 2143 reddimus
663 2125 790 2151 parvum;
806 2125 876 2152 sa-pe
892 2127 954 2146 vero
967 2125 993 2146 et

198 2162 316 2189 funditus
326 2164 410 2197 ipsum
422 2168 504 2190 totum
516 2163 644 2190 delemus.
656 2163 711 2189 lloc
722 2163 785 2190 mihi
795 2164 900 2192 assidue
908 2173 993 2192 recor-

197 2209 306 2240 damini,
317 2214 345 2236 ut
354 2210 388 2236 ob
398 2213 534 2244 pcecatum
548 2214 647 2235 tantum
659 2209 781 2242 deleatis,
793 2210 890 2236 nullam
904 2215 991 2238 autem

198 2255 232 2279 ob
248 2262 302 2281 rem
316 2259 443 2289 prmterea
457 2258 502 2280 :ct
521 2258 617 2288 prmter
635 2254 686 2281 hoc
704 2254 766 2281 illud
785 2263 889 2290 quoque
901 2276 909 2288 ,
922 2257 991 2291 quod

199 2305 311 2326 mortem
333 2304 360 2326 et
375 2300 507 2326 tristitiam
527 2300 552 2326 in
569 2299 647 2326 vitam
665 2305 781 2327 nostram
798 2305 934 2335 peccatum
951 2303 991 2329 in-

199 2345 307 2377 feri-ns,
329 2345 362 2372 ab
383 2345 425 2371 his
444 2345 573 2372 ambobus
593 2345 709 2372 vicissim
730 2346 879 2373 destruitur
897 2356 903 2374 :
922 2348 991 2382 quod

198 2391 303 2424 quidem
320 2391 405 2425 ipsum
423 2391 588 2418 manifestius
603 2396 629 2418 ct
643 2397 719 2420 antea
739 2392 990 2422 demonstraviuuts.

201 2437 271 2463 Nihil
285 2437 364 2471 igitur
378 2437 416 2463 sic
432 2437 581 2470 timeamus,
598 2442 626 2464 ut.
639 2443 775 2472 peceatum
791 2444 817 2466 et
827 2440 991 2473 pnevarica-

202 2483 312 2509 tionem.
330 2482 367 2509 Ne
382 2483 522 2510 timeamus
533 2491 649 2518 pcenam,
661 2488 688 2511 et
698 2492 803 2518 poenam
815 2485 970 2520 effugiemus
985 2496 990 2513 :

199 2529 266 2555 sicut
277 2533 304 2555 et
316 2533 368 2556 tres
380 2529 415 2556 illi
426 2529 500 2563 pueri
509 2538 561 2557 non
572 2530 715 2557 timuerunt
723 2531 897 2565 fornaccm,e1.
906 2532 993 2559 forna-

198 2582 256 2600 rem
273 2574 421 2609 effugerunt
436 2584 442 2601 :
458 2575 524 2603 tales
537 2584 596 2603 esse
607 2577 684 2604 decet
696 2577 741 2604 Dei
754 2585 855 2605 servos.
880 2578 907 2605 Si
920 2580 991 2605 enim

201 2626 226 2646 tu
243 2621 324 2648 veteri
341 2621 510 2649 Testamento
525 2623 627 2650 educati
640 2643 648 2656 ,
668 2623 773 2658 quando
788 2624 903 2651 nondum
920 2633 992 2652 mors

232 2699 240 2713 ¹
258 2699 360 2733 Titulnm
369 2702 404 2725 sic
415 2701 520 2726 efferunt
528 2705 580 2726 sav.
591 2706 617 2727 et
624 2703 672 2727 duo
681 2703 778 2727 codices
788 2710 793 2727 :
805 2702 917 2733 Ejusdem
927 2710 991 2728 com-

201 2731 339 2765 memoratio
352 2739 433 2756 rerum
448 2733 502 2763 jam
513 2734 551 2765 ob
562 2733 614 2765 ipso
624 2737 694 2758 (unca
714 2731 834 2758 dicturum
845 2740 991 2763 consequen-

202 2763 237 2793 ter
253 2762 336 2796 {quod
347 2762 471 2796 peccando
482 2762 704 2796 solmpfpoﬂquam
725 2768 824 2789 mortem
836 2768 857 2789 el
869 2765 992 2790 tristitimn

205 2792 230 2814 in
243 2792 317 2827 vitam
325 2792 469 2827 introduxit.
484 2800 527 2827 per
538 2792 594 2827 illas
605 2792 670 2827 ipsus
680 2802 767 2820 rursus
778 2796 886 2826 mtfertur
897 2803 905 2826 ;
917 2800 939 2821 et
951 2804 991 2821 su-

202 2828 245 2857 per
257 2822 317 2847 illud
332 2830 341 2848 :
357 2833 367 2847 α
381 2829 406 2848 1η
419 2822 538 2857 principio
549 2826 604 2856 fecit
615 2822 725 2851 ἠείδη..
744 2822 851 2856 terrain;
862 2835 872 2848 ιι
894 2822 917 2851 et
928 2830 990 2857 quod

204 2856 274 2888 Deus,
296 2855 424 2888 uon‘modo
436 2855 596 2887 honoriﬁcam
607 2863 649 2881 nas
661 2861 684 2882 et
696 2855 845 2888 bim/arietis
856 2855 938 2885 nobis.-
948 2858 991 2883 sed

287 2886 421 2918 castigans,
441 2893 508 2918 mque
519 2883 556 2913 ἐϋ
574 2888 665 2919 bonus;
682 2891 704 2913 et
721 2883 758 2914 (ιε’
769 2883 991 2920 ubstirwmiujuru—

1048 1536 1105 1558 erat
1117 1532 1283 1565 mortiﬁcata,
1292 1540 1341 1560 nec
1351 1540 1427 1560 mrem
1439 1537 1521 1567 porta:
1532 1532 1684 1565 confractrc,
1695 1540 1743 1560 nec
1754 1539 1842 1561 vectes

1049 1577 1126 1604 ferrei
1141 1578 1265 1610 contriti,
1282 1584 1334 1605 tam
1351 1585 1506 1613 generosam
1522 1583 1614 1605 contra
1629 1584 1742 1606 mortem
1759 1580 1842 1606 auda-

1047 1623 1115 1650 ciam
1131 1631 1186 1658 prm
1200 1632 1229 1651 se
1243 1625 1326 1651 tulere
1342 1633 1348 1650 :
1362 1632 1440 1657 quam
1458 1631 1506 1651 nos
1521 1624 1675 1651 habebimus
1690 1625 1842 1651 excusatio-

1048 1678 1107 1696 nrm
1121 1691 1128 1703 ,
1145 1676 1189 1697 aut
1210 1679 1288 1706 quam
1310 1671 1414 1698 veniam
1429 1692 1435 1702 ,
1454 1675 1551 1697 tantam
1576 1671 1645 1697 nacti
1667 1671 1778 1706 gratiam
1791 1692 1798 1702 .
1815 1676 1842 1698 et

1047 1724 1132 1751 neque
1147 1725 1224 1751 pares
1239 1717 1291 1744 illis
1306 1717 1411 1744 virtutis
1426 1717 1523 1751 gradus
1537 1725 1606 1744 nunc
1619 1717 1765 1752 assequuti,
1779 1726 1840 1743 eum

1048 1771 1120 1790 mors
1133 1771 1229 1791 nomen
1245 1764 1330 1791 solum
1344 1764 1377 1790 sit
1391 1772 1419 1790 re
1433 1763 1587 1798 privatum?
1602 1763 1670 1789 Nihil
1686 1763 1757 1790 enim
1770 1763 1841 1790 aliud

1048 1818 1120 1837 mors
1134 1816 1184 1843 est,
1200 1819 1279 1845 quam
1293 1818 1412 1843 somnus,
1427 1814 1453 1837 et
1465 1810 1596 1844 migratio,
1611 1815 1637 1837 et
1652 1810 1798 1842 translatio,
1815 1815 1843 1837 et

1047 1857 1152 1891 requies
1162 1877 1168 1888 ,
1182 1861 1209 1884 et
1224 1857 1382 1891 tranquillus
1396 1862 1496 1891 portus,
1513 1861 1539 1884 et
1554 1857 1759 1891 perturbationis
1772 1857 1841 1884 libe-

1048 1901 1115 1928 ratio
1128 1922 1135 1934 ,
1152 1907 1178 1929 et
1191 1909 1207 1928 a
1222 1903 1282 1928 vita:
1296 1902 1367 1929 curis
1381 1902 1575 1929 ahsolutio.Sed
1591 1901 1635 1929 hic
1649 1903 1842 1930 consolationis

1047 1954 1197 1974 sermonem
1221 1948 1355 1975 solvamus
1370 1957 1376 1974 ε
1391 1948 1488 1975 etenim
1504 1948 1623 1982 quintam
1644 1948 1714 1976 diem
1737 1949 1842 1984 agimus

1048 1999 1162 2021 vestram
1178 1995 1346 2022 cansolantes
1357 1994 1562 2027 eharitatem,et
1570 1995 1623 2029 jam
1645 1996 1750 2023 molesti
1766 1996 1840 2023 vide-

1047 2048 1115 2066 mur.
1130 2041 1246 2068 Attentis
1259 2041 1328 2067 enim
1344 2041 1413 2068 dicta
1426 2040 1560 2067 sufﬁciunt
1573 2062 1580 2073 ,
1596 2041 1776 2075 pusillanimis
1791 2051 1841 2069 au-

1048 2091 1100 2112 tem
1112 2107 1118 2117 ,
1133 2086 1237 2113 etiamsi
1259 2087 1337 2113 dictis
1352 2086 1426 2120 plura
1450 2086 1580 2113 addamus
1594 2106 1600 2118 ,
1617 2086 1683 2112 nihil
1698 2086 1840 2121 profuerit.

1047 2130 1164 2165 Tempus
1173 2139 1237 2158 vero
1248 2132 1384 2166 nobisjam
1393 2132 1426 2158 ad
1436 2131 1633 2165 Scripturarum
1644 2140 1675 2158 ex
1681 2132 1840 2166 positionem

1047 2181 1203 2204 Convertere
1224 2177 1371 2204 doctrinam
1390 2186 1395 2203 :
1411 2176 1635 2211 quemadmodum
1651 2177 1721 2204 enim
1737 2178 1759 2205 si
1774 2179 1841 2205 nihil

1047 2222 1079 2249 de
1094 2221 1142 2249 hac
1155 2230 1272 2249 aerumna
1287 2223 1387 2255 loquuti
1403 2229 1532 2255 essemus,
1547 2222 1711 2249 crudelitatis
1723 2228 1750 2250 et
1763 2223 1840 2250 inhu-

1047 2269 1180 2295 tnauitatis
1193 2277 1241 2295 nos
1255 2269 1350 2303 aliquis
1363 2269 1567 2296 condemnasset
1581 2278 1586 2295 :
1599 2269 1637 2296 sic
1651 2270 1673 2296 sl
1687 2277 1793 2304 semper
1806 2271 1841 2298 de

1047 2315 1103 2348 ipsa
1116 2314 1291 2346 disseramus,
1309 2315 1530 2348 posillanimitatis
1541 2315 1601 2349 jure
1616 2322 1664 2342 nos
1678 2315 1840 2343 condemna-

1047 2364 1097 2386 ret.
1120 2359 1203 2386 Corda
1227 2360 1304 2395 igitur
1324 2365 1410 2387 vestra
1432 2360 1485 2387 Deo
1501 2360 1717 2388 commendantes
1730 2382 1736 2393 ,
1752 2362 1796 2396 qui
1813 2363 1836 2390 ir.

1047 2411 1136 2432 tuente
1150 2411 1236 2432 vestra
1255 2407 1324 2440 loqui
1342 2411 1426 2440 potest
1439 2428 1445 2439 ,
1460 2411 1488 2434 et
1503 2414 1609 2433 omnem
1623 2415 1654 2433 ex
1672 2412 1780 2441 pectore
1794 2409 1838 2435 tri-

1047 2451 1144 2477 stitiam
1160 2451 1297 2485 expellere
1310 2474 1316 2485 ,
1333 2457 1487 2479 consuetam
1509 2452 1655 2479 doctrinam
1673 2461 1741 2480 nunc
1760 2455 1838 2480 attin-

1046 2504 1158 2531 gamus,
1180 2498 1295 2524 maxime
1314 2497 1419 2531 quando
1439 2498 1526 2525 omnis
1544 2497 1689 2532 Scriptura:
1707 2499 1840 2533 expositio

1046 2543 1195 2570 exhortatio
1209 2549 1249 2571 est
1264 2548 1291 2572 et
1304 2544 1460 2571 consolatio.
1479 2544 1569 2578 Itaque
1585 2545 1634 2571 etsi
1648 2552 1662 2571 a
1675 2545 1839 2572 consolando

1046 2589 1176 2618 absistere
1190 2591 1326 2624 videmur,
1342 2599 1445 2618 rursum
1460 2598 1508 2626 per
1521 2591 1715 2625 Scripturarutn
1730 2593 1837 2626 exposi-

1047 2637 1145 2663 tionem
1167 2637 1192 2663 in
1213 2638 1333 2664 eamdem
1353 2637 1491 2663 materiam
1512 2637 1658 2664 incidimus.
1677 2637 1752 2670 Quod
1766 2638 1837 2665 enim

1047 2688 1163 2710 tuentctu
1182 2684 1370 2710 adhibentibus
1392 2688 1444 2710 tota
1466 2684 1602 2717 Seriptura
1619 2683 1766 2710 consolatio
1781 2685 1815 2710 sit
1829 2704 1837 2715 ,

1044 2729 1098 2764 jam
1112 2738 1180 2756 nunc
1192 2729 1266 2756 vobis
1278 2730 1363 2764 palam
1375 2730 1478 2756 faciam.
1490 2729 1547 2756 Non
1559 2730 1629 2756 enim
1641 2729 1836 2763 Scriplttrarum

1046 2776 1185 2803 hi~toriam
1200 2776 1368 2807 circumiens,
1386 2776 1513 2810 quosdam
1527 2775 1720 2802 consolatorios
1733 2782 1836 2801 sermo-

1045 2831 1093 2848 nes
1105 2829 1225 2856 qua-rere
1238 2822 1367 2853 conabor;
1383 2821 1428 2848 sed
1443 2826 1471 2849 ut
1483 2822 1640 2856 apertiorem
1653 2820 1836 2856 promissionis

1046 2867 1299 2894 tloxnonstratioueut
1325 2867 1474 2902 prmhcam,
1497 2867 1575 2894 hodie
1599 2867 1695 2894 lectum
1718 2866 1837 2893 tractabo

1046 2916 1140 2941 librum
1158 2923 1163 2940 :
1181 2919 1206 2940 et
1221 2913 1242 2940 si
1254 2913 1316 2940 lib:t
1327 2935 1334 2947 ,
1350 2914 1430 2949 ipsius
1444 2915 1601 2949 principium
1616 2919 1642 2941 et
1654 2913 1813 2947 prooemium
1825 2932 1832 2945 ,
