1962 3121
163 187 200 216 93

161 243 277 271 καθόλου
296 239 512 278 παρακλητικῶν
529 239 737 276 ἀλλοτριοῦσθαι
751 240 848 274 λόγων,
861 240 900 272 είς
919 239 1005 275 μέσον

161 288 290 326 προθεὶς,
307 286 321 314 6
338 286 409 320 λέγω
431 285 537 320 ποιήσω
553 284 682 320 φανερόν.
701 285 733 310 Τί
758 285 817 310 ποτ’
833 282 879 311 οὖν
902 284 959 310 ἐστι
973 283 1004 309 τὺ

161 333 320 370 προοίμιον;
339 331 386 357 Ἐν
407 329 488 365 ἀρχῇ
512 329 657 362 ἐποίησεν
677 329 693 356 ό
714 328 785 362 Θεὸς
801 327 854 355 τὸν
873 327 1003 362 οὐρανὸν

160 378 210 406 καὶ
229 377 286 412 τὴν
305 376 379 411 γῆν·
389 376 408 409 ἠ
424 374 458 401 δὲ
472 374 510 409 γῆ
524 372 564 409 ἦν
580 373 707 407 ἀόρατος
722 371 772 400 καὶ
796 372 1004 399 ἀκατασκεύα-

159 429 245 455 στος,
267 420 317 447 καί
334 419 444 451 σκότος
456 417 556 445 ἐπάνω
567 417 622 452 τῆς
635 416 783 443 ἀϐύσσου.
794 413 866 452 Ἃρα
880 415 917 451 μὴ
930 415 1004 441 δοκεῖ

159 473 231 493 τισιν
243 464 319 500 ὑμῶν
335 462 508 499 παράκλησιν
522 461 594 496 ἔχειν
611 461 731 496 ἀθυμίας
741 460 775 487 τὰ
788 460 940 496 εἰρημένα;
953 459 1003 494 οὺχ

160 509 278 545 inopia;
288 507 412 543 διήγησίς
424 506 482 533 ἐστι
495 506 543 533 καὶ
557 504 740 541 δημιουργίας
753 502 929 536 διδασκαλία;

196 554 229 590 β’.
242 552 374 580 Βούλεσθε
383 549 429 578 οὖν
438 550 564 584 ἐπιδείξω
571 549 620 585 τὴν
630 550 749 584 ἐγκεκρυ
753 558 772 584 μ
776 549 860 584 μένην
876 549 909 584 τῇ
925 548 1002 583 ῥήσει

160 598 244 634 ταύτῃ
259 596 451 633 παράκλησιν;
470 594 639 629 Διανάστητε
656 593 757 625 τοίνυν,
779 593 826 619 καὶ
841 592 911 627 μετά
923 592 1002 627 ἀκρι-

160 643 236 674 ϐείας
249 640 398 677 προσέῃτε
413 639 471 670 τοῖς
487 637 654 673 ῥηθήσεσθαι
676 636 830 672 μέλλουσιν.
845 637 929 663 Ὅταν
948 636 1002 671 γὰρ

161 687 293 723 ἀκούσῃς,
307 686 348 711 ὅτι
367 684 412 711 τὸν
429 682 554 718 οὐρανὸν,
574 682 624 717 τὴν
639 682 702 715 γῆν,
720 681 770 716 τὴν
783 680 938 712 θάλατταν,
957 679 1002 706 τὸν

161 732 241 768 ἀέρα,
255 731 289 758 τά
310 730 404 760 ὓδατα,
425 729 491 759 τοὺς
511 726 630 762 ἀστέρας
651 726 715 758 τοὺς
737 726 861 757 πολλοὺς,
876 724 939 756 τοὺς
955 724 1002 752 δύο

161 776 309 811 φωστῆρας
325 774 388 805 τοὺς
413 771 561 808 μεγάλους,
581 771 616 797 τὰ
633 770 714 805 φυτὰ,
734 769 769 796 τὰ
786 768 950 804 τετράποδα,
967 768 1002 795 τά
1022 807 1024 811 .

161 820 259 857 νηκτὰ,
274 819 308 846 τὰ
322 818 459 854 πετόμενα
474 816 542 849 ζῶα,
558 816 647 843 πάντα
660 814 753 849 ἁπλῶς
768 813 802 840 τὰ
815 813 941 849 ὁρώμενα
957 812 1001 840 διὰ

162 855 192 891 σε
209 864 257 891 καὶ
275 863 324 899 τὴν
350 862 399 898 σὴν
416 861 555 896 σωτηρίαν
577 860 624 887 καὶ
643 860 726 894 τιμὴν
745 858 873 894 ἐποίησεν
887 859 902 885 ὁ
925 857 1000 890 Θεὸς,
1021 855 1022 858 “

159 909 210 944 οὐχ
223 908 318 943 ἱκανὴν
331 907 431 938 εὐθέως
447 905 599 940 λαμϐάνεις
615 903 798 939 παράκλησιν,
810 903 857 930 καὶ
871 903 920 938 τῆς
931 902 1000 936 ἀγά-

161 961 216 988 πης
233 951 279 978 τοῦ
302 950 369 977 Θεοῦ
398 949 530 984 μεγίστην
554 948 620 983 δέχῃ
639 947 743 982 ταύτην
769 946 917 979 ἀπόδειξιν,
934 945 999 972 ὅταν

160 996 307 1031 ἐννοήσῃς.
323 995 365 1022 ὃτι
389 993 516 1020 τοσοῦτον
541 992 590 1018 καὶ
613 991 773 1028 τηλικοῦτον
789 990 891 1025 κόσμον
902 1009 910 1022 ,
927 989 998 1016 οὕτω

161 1040 252 1073 καλὸν,
274 1039 321 1066 καὶ
336 1038 434 1073 μέγαν,
448 1037 496 1063 καὶ
510 1035 669 1072 θαυμαστὸν
680 1035 725 1062 διὰ
740 1035 769 1062 σέ
782 1035 827 1062 τὸν
845 1034 948 1070 βραχὺν
960 1035 1001 1065 εἰς

163 1085 244 1120 μέσον
263 1084 443 1119 παρήγαγεν;
467 1081 551 1107 Ὂταν
574 1079 620 1107 οὖν
635 1079 773 1116 ἀκούσῃς,
790 1079 832 1105 ὅτι
857 1079 909 1105 Ἐν
921 1077 1001 1112 ἀρχῇ

160 1129 305 1162 ἐποίησεν
317 1129 332 1154 ὁ
344 1126 416 1159 Θεὸς
431 1125 483 1152 τὸν
497 1124 628 1159 οὐρανὸν
643 1124 693 1150 καὶ
704 1123 761 1157 τὴν
776 1122 844 1158 γῆν,
861 1122 898 1158 μὴ
909 1122 1001 1153 ἁπλῶς

161 1171 344 1207 παραδράμῃς
367 1170 398 1196 τὸ
417 1169 572 1205 εἰρημένον,
596 1167 655 1194 ἀλλ’
681 1166 779 1194 ἔπελθε
797 1169 831 1203 τῇ
848 1166 952 1202 διανοίᾳ
971 1166 1001 1192 τὸ

161 1216 240 1253 εὖρος
263 1216 313 1251 τῆς
330 1216 392 1251 γῆς,
409 1214 454 1241 καὶ
471 1213 630 1248 ἀναλόγισαι
647 1212 706 1244 πῶς
723 1213 790 1248 ἡμῖν
805 1211 938 1246 πολυτελῆ
954 1211 1001 1238 καὶ

160 1262 259 1297 δαψιλῆ
278 1260 419 1296 τράπεζαν
440 1259 536 1295 ἀνῆκε,
556 1258 603 1284 καὶ
623 1257 724 1294 πολλὴν
742 1256 906 1292 πολλαχόθεν
929 1264 1000 1291 παρ-

161 1307 241 1344 ἐτχεν
263 1306 329 1342 ἡμῖν
354 1303 540 1340 εὐφροσύνην·
566 1301 658 1328 καὶτὸ
682 1301 715 1337 δὴ
745 1301 884 1336 μέγιστον,
905 1300 945 1326 ὅτι
970 1301 1000 1326 ού

162 1351 252 1378 πόνων
270 1348 388 1385 ἀμοιϐὴν
405 1348 522 1379 ἔδωκεν,
547 1346 607 1373 οὐδὲ
626 1345 850 1381 κατορθωμάτων
868 1344 1001 1372 ἀντίδοσιν

160 1395 207 1422 τὸν
222 1394 348 1422 τοσοῦτον
362 1393 409 1419 καὶ
421 1391 579 1427 τηλικοῦτον
600 1391 712 1425 κόσμον,
734 1389 791 1416 ἀλλ’
801 1389 869 1424 όμοΰ
886 1398 915 1415 τε
929 1389 1002 1424 ήαᾶς

162 1437 276 1471 ἔπλασε,
287 1437 334 1464 καὶ
349 1437 383 1472 τῇ
400 1435 524 1472 βασιλεία
542 1434 628 1470 ταύτῃ
646 1435 676 1461 τὸ
688 1435 766 1468 γένος
785 1433 863 1469 ἡμῶν
877 1433 1000 1468 ἐτίμησε.

161 1482 339 1517 Ποιήσωμεν
348 1481 402 1517 γὰρ
411 1479 658 1514 ἄνθρωπον,φησ”ι,
671 1478 734 1505 κατ’
743 1479 844 1505 εἰκόνα
857 1477 1003 1512 ἡμετέραν

164 1526 214 1554 καί
228 1527 292 1553 καθ’
305 1524 458 1560 ὁμοίωσιν.
467 1523 500 1550 Τί
514 1525 583 1555 ἐστι,
598 1523 667 1550 Κατ’
677 1523 779 1549 είκόνα
793 1522 941 1557 ἡμετέραν
952 1522 1002 1549 καί

162 1571 226 1598 καθ’
248 1570 407 1605 όμοίωσιν;
425 1568 481 1603 Τῆς
505 1568 593 1603 ἀρχῆς
618 1567 710 1594 εἰκόνα
731 1567 811 1602 φησι,
833 1566 880 1593 καὶ
907 1566 1002 1602 ὥσπερ

162 1615 249 1646 οὐδεὶς
264 1613 398 1649 ἀνώτερος
409 1611 477 1638 Θεοῦ
492 1612 522 1638 ὲν
533 1610 651 1647 οὐρανῷ,
660 1610 732 1637 οὕτω
744 1610 838 1646 μηδεὶς
852 1610 923 1637 ἔστω
934 1610 1003 1638 ἀνώ-

162 1667 241 1695 τερος
255 1657 401 1693 ἀνθρώπου
418 1657 465 1683 ἐπὶ
495 1656 545 1691 τῆς
568 1656 630 1692 γῆς.
650 1655 707 1682 Ἑνὶ¹
723 1655 772 1690 μὲν
790 1653 835 1682 οὖν
854 1655 941 1690 τούτῳ
955 1656 1003 1682 καὶ

163 1702 264 1738 πρώτῳ
280 1701 422 1737 τετίμηκε,
434 1700 473 1735 τῷ
492 1700 552 1727 κατ’
572 1699 665 1726 εἰκόνα
689 1699 770 1726 αὑτὸν
788 1699 920 1734 ποιῆσαυ
941 1699 1002 1726 δευ-

161 1747 234 1782 τέρῳ
259 1746 288 1772 δὲ
311 1745 350 1781 τῷ
377 1745 414 1781 μὴ
436 1744 526 1771 πόνων
549 1743 666 1780 ἀμοιϐὴν
681 1745 747 1780 ἡμῖν
773 1745 926 1780 παρασχεῖν
951 1743 1001 1779 τὴν

163 1791 268 1827 ἀρχὴν,,
282 1790 351 1818 ἀλλά
375 1789 482 1825 γυμνὴν
492 1790 542 1823 τῆς
557 1786 640 1815 αὐτοῦ
667 1788 872 1824 φιλανθρωπίας
889 1787 1001 1823 ποιῆσαι

162 1835 213 1870 ’τὴν
227 1834 306 1870 χάριν
318 1841 325 1849 '
345 1833 430 1869 τρίτῳ
447 1833 486 1868 τῷ
501 1832 619 1867 φυσικὴν
635 1833 701 1868 ἡμῖν
726 1830 890 1868 χαρίσασθαι
905 1832 1000 1867 αὐτήν.

163 1877 225 1904 Τῶν
235 1878 290 1913 γάρ
300 1876 390 1913 ἀρχῶν
406 1877 434 1903 αἱ
450 1877 499 1911 μὲν
509 1876 562 1902 εἰσὶ
577 1877 701 1910 φυσικαὶ,
715 1877 743 1902 αἱ
755 1876 783 1903 δὲ
795 1876 983 1912 χειροτονηταί
993 1883 999 1889 '

166 1923 281 1957 φυσικαὶ
293 1920 352 1956 μὲν,
368 1920 406 1952 ὡς
419 1921 435 1956 ἡ
448 1920 495 1947 τοῦ
512 1920 618 1952 λέοντος
633 1921 679 1947 ἐπὶ
697 1918 756 1947 τῶν
766 1921 949 1956 τετραπόδων,
965 1921 1002 1952 ώς

167 1965 277 1993 ἐπὶτῶν
291 1963 404 2001 ὀρνίθων
418 1964 435 1999 ἡ
451 1963 499 1991 τοῦ
513 1963 592 1991 ἀετοῦ
604 1973 611 1979 ·
628 1964 816 2000 χειροτονηταὶ
831 1964 859 1991 δὲ
870 1964 908 1996 ὼς
922 1965 938 2000 ὴ
955 1964 1002 1990 τοῦ

133 2005 136 2007 ’
166 2009 300 2046 βασιλέως
322 2007 370 2035 τοῦ
387 2009 448 2035 καθ’
465 2009 550 2044 ἡμᾶς·
565 2004 643 2040 οὗτος
660 2009 715 2044 γάρ
730 2009 790 2044 οὐχὶ¹
806 2007 886 2043 φύσει
907 2010 1004 2044 κρατεῖ

163 2053 219 2080 τῶν
233 2052 387 2089 ὁμοδούλων
397 2061 403 2068 ·
416 2052 457 2079 διὸ
473 2052 521 2078 καὶ
532 2052 682 2079 ἀποϐάλλει
696 2052 826 2084 πολλάκις
841 2051 890 2088 τὴν
901 2053 1000 2089 ἀρχήν.

164 2098 283 2125 Τοιαῦτα
307 2097 361 2134 γὰρ
376 2097 410 2124 τὰ
437 2097 474 2133 μὴ
501 2097 582 2131 φύσει
606 2097 759 2132 προσόντα⁶
776 2097 870 2132 ῥᾳδίαν
895 2097 1002 2133 δέχεται

164 2143 214 2178 τὴν
242 2141 393 2178 μεταϐολὴν
423 2142 472 2168 καὶ
497 2142 545 2176 τὴν
566 2142 755 2177 μετάπτωσιν·
774 2142 788 2167 6
809 2140 839 2168 δέ
858 2141 927 2168 λέων
953 2142 1002 2177 οὐχ

165 2186 261 2217 οὕτως,
277 2186 345 2212 ἀλλά
362 2185 443 2220 φύσει
457 2187 554 2221 κρατεῖ
571 2185 625 2212 τῶν
645 2185 830 2220 τετραπόδων,
847 2185 942 2221 ὥσπερ
956 2184 1001 2212 οὖν

165 2231 214 2257 καὶ
226 2231 280 2257 τῶν
290 2230 404 2268 ὀρνίθων
416 2228 430 2256 ό
446 2231 534 2262 ἀετός.
555 2230 611 2256 Ἀεὶ
630 2229 696 2264 γοῦν
706 2228 745 2265 τῷ
761 2230 833 2264 γένει
847 2230 1000 2265 συγκεκλήι

167 2283 251 2311 ρωται
265 2275 295 2301 τὸ
309 2275 357 2310 τῆς
376 2274 515 2310 βασιλείας
539 2272 622 2307 εἶδος,
641 2274 689 2300 καὶ
706 2273 802 2300 οὐδένα
829 2274 861 2301 ἄν
888 2283 930 2306 τις
953 2275 1001 2301 [δοι

164 2319 259 2345 λέοντά
273 2327 338 2345 ποτε
361 2318 409 2354 τὴν
431 2318 517 2354 ἀρχὴν
540 2318 712 2344 ἀποϐαλόντα
733 2317 845 2352 ταύτην,
867 2315 1002 2353 Τοιαύτην

165 2362 211 2389 καὶ
224 2363 289 2398 ἡμῖν
302 2363 351 2398 τὴν
368 2361 504 2397 βασιλείαν
520 2361 550 2393 ἐξ
563 2363 650 2398 ἀρχῆς
669 2362 683 2388 6
700 2361 765 2393 Θεος
782 2361 937 2397 ἐχαρίσατο,
955 2362 1002 2387 καὶ

165 2407 248 2433 πᾶσιν
273 2406 347 2441 ἡμᾶς
366 2405 519 2441 ἐπέστησεν
544 2415 590 2432 και
607 2403 636 2432 οῦ
660 2405 747 2441 τούτῳ
771 2405 851 2441 μόνον
872 2406 1001 2442 ἐτίμησεν

165 2451 243 2486 ἡμῶν
253 2450 302 2486 τὴν
318 2450 408 2485 φύσιν,
427 2451 494 2476 ἀλλὰ
510 2451 556 2476 καὶ
568 2451 636 2486 αὐτῇ
651 2451 698 2476 τοῦ
711 2450 811 2486 χωρίου
823 2452 856 2486 τῇ
871 2451 1001 2487 προεδρία

165 2495 304 2531 ἐξαίρετον
326 2496 483 2531 οίκητὴριον
509 2495 648 2527 ἀποτάξας
668 2497 734 2530 ἡμῖν
756 2495 802 2522 τὸν
827 2495 1000 2531 παράδεισοι,

166 2538 214 2564 καὶ
229 2538 307 2572 λόγον
319 2538 380 2570 δοὺς
394 2539 442 2565 καὶ
456 2539 544 2575 ψυχὴν
562 2540 695 2567 ἀθάνατον
710 2542 905 2577 χαρισάμενος.

202 2581 260 2618 [87]
282 2581 362 2608 ’Λλλὰ
377 2582 414 2617 μὴ
424 2583 493 2609 εἴπω
507 2584 592 2610 ταῦτα
605 2592 611 2598 ·
625 2584 679 2619 ἐγὼ
688 2586 741 2621 γὰρ
748 2585 882 2620 τοσαύτην
896 2593 1036 2620 περιου--

172 2626 231 2652 τίαν
244 2623 313 2652 εἷναί
330 2635 401 2661 φημι
416 2628 465 2660 τῆς
482 2627 528 2653 τοῦ
549 2627 615 2654 Θεοῦ
632 2629 804 2664 κηδεμονίας,
818 2630 855 2661 ὠς
877 2628 914 2664 μὴ
926 2629 1005 2664 μόνον

169 2670 215 2697 ὀο⁸
224 2666 260 2695 ὧν
270 2669 410 2705 ἐτίμησεν,
421 2670 490 2697 ἀλλὰ
498 2671 544 2697 καὶ
558 2672 604 2705 ἀφ’
619 2668 657 2698 ὧν
668 2672 806 2703 ἐκόλασεν,
820 2673 921 2706 ὁμοίως
932 2674 1006 2707 ἡμᾶς

168 2709 298 2736 ἱύνασθαι
309 2711 358 2745 τὴν
371 2711 525 2747 ἁγαθότητα
543 2714 623 2740 αὑτοῦ
637 2714 772 2741 δεικνύναι
787 2716 834 2741 καὶ
844 2717 894 2751 τὴν
909 2716 1002 2751 φιλαν-

170 2754 304 2789 θρωπίαν.
321 2756 375 2782 Καὶ
393 2755 470 2782 τοῦτο
494 2757 611 2792 μάλιστα
637 2759 746 2785 πάντων
761 2760 833 2795 ὑμᾶς
851 2761 1002 2796 παρακαλῶ

170 2798 241 2833 μετά
254 2799 396 2834 ἀκριϐείας
419 2800 531 2834 εἰδέναι,
548 2801 588 2828 ὅτι
601 2803 615 2828 6
633 2801 698 2835 Θεὸς
718 2803 779 2839 οὐχὶ
801 2804 889 2840 τιμῶν
906 2806 1000 2840 μόνον,

167 2842 226 2869 οὐδὲ
247 2843 411 2878 εὐεργετῶν,
427 2844 494 2871 ἀλλὰ
509 2846 556 2871 καὶ⁴
580 2846 712 2879 κολάζων,
734 2848 780 2874 καὶ
797 2849 1001 2884 τιμωρούμενος

165 2884 265 2919 ὁμοίως
288 2888 362 2914 ἐστὶν
385 2888 504 2922 ἀγαθὸς·
527 2889 578 2915 κᾶν
594 2890 663 2925 πρὸς
687 2891 836 2927 Ἕλληνας,
861 2893 913 2920 κᾶν
933 2894 1002 2930 πρὸς

168 2932 319 2965 αἰρετικοὺς
335 2931 440 2966 ἀγῶνες
457 2934 523 2968 ἡμῖν
545 2934 591 2960 καὶ
616 2935 701 2970 μάχαι
719 2936 847 2963 κινῶνται
867 2939 932 2974 περὶ
952 2939 1001 2974 τῆς

167 2975 214 3001 τοῦ
229 2975 297 3002 Θεοῦ
320 2974 522 3010 φιλανθρωπίας
538 2977 585 3003 καὶ
605 2977 783 3014 ἀγαθότητος,
800 2979 836 3015 μὴ
858 2980 938 3015 μόνον
954 2982 1000 3016 ἀφ’

168 3016 206 3046 ὧν
218 3019 356 3056 ἐτίμησεν,
374 3020 441 3047 ἀλλὰ
455 3021 501 3048 καὶ
517 3021 563 3055 ἀφ’
579 3018 616 3048 ὧν
635 3024 835 3058 ἐτιμωρήσατο,
850 3025 1000 3053 ἐπιδείκνυ-

589 181 616 208 S.
643 180 790 210 JOANNIS
812 179 1058 209 CHRYSOSTOMI
1074 178 1233 208 ARCHIEP.
1253 179 1528 209 CONSTANTINOP.

1877 180 1914 207 94

1063 247 1113 274 μεν
1133 238 1216 265 αὐτοῦ
1239 239 1289 274 τὴν
1310 238 1478 274 ἀγαθότητα.
1496 239 1528 266 Εἰ
1548 239 1601 274 γὰρ
1617 239 1704 275 τιμῶν
1724 239 1808 275 μόνον
1831 239 1912 265 ἐστὶν

1057 277 1170 317 ἀγαθὸς,
1193 282 1316 314 κολάζων
1337 282 1365 309 δὲ
1381 283 1432 309 οὐκ
1457 283 1530 309 ἐστιν
1552 282 1668 317 ὰγαθδς,
1691 283 1721 316 ἐξ
1744 283 1911 318 ἡμισείαςβ

1058 325 1161 361 ἀγαθὸς
1175 326 1209 354 ἂν
1225 327 1269 362 εἴη
1280 336 1287 343 υ
1309 326 1366 354 ἀλλ’
1388 327 1438 353 οὐκ
1456 326 1514 353 ἔστι
1530 327 1627 354 τοῦτο’
1647 328 1684 363 μὴ
1702 327 1820 361 γένοιτο.
1843 326 1912 353 Ἐπὶ

1057 371 1210 407 ἀνθρώπων
1225 371 1274 406 μὲν
1286 371 1341 406 γὰρ
1354 371 1428 402 εἰκὸς
1442 366 1522 397 τοῦτο
1535 371 1705 407 συμϐαίνειν,
1717 371 1812 406 ἐπειδὴ
1825 370 1911 406 θυμῷ

1057 415 1105 441 καὶ
1124 415 1206 442 πάθει
1228 415 1277 446 τὰς
1293 415 1430 450 τιμωρίας
1445 414 1610 449 ἐπάγουσιν-
1628 416 1643 442 6
1657 415 1685 442 δὲ
1710 415 1778 447 Θεὸς
1792 414 1911 450 ἀπαθὴς

1057 458 1112 492 ὢν,
1129 459 1182 486 κάν
1206 460 1337 495 εὐεργετῇ
1348 480 1356 491 ,
1374 459 1425 486 κᾶν
1441 459 1553 495 κολάζῃ.
1569 460 1672 495 ὁμοίως
1688 460 1762 486 ἐστὶν
1786 459 1908 495 ἀγαθὸς.

1056 503 1168 538 καὶτῆς
1195 503 1333 539 βασιλείας
1351 504 1401 530 οὐκ
1424 503 1564 539 ἐλαττονὴ
1592 505 1642 540 τῆς
1665 505 1779 540 γεέννης
1802 503 1908 538 ἀπειλὴ

1055 547 1193 574 δείκνυσιν
1215 547 1299 574 αὐτοῦ
1321 548 1370 583 τὴν
1384 547 1558 584 ἀγαθότητα·
1580 549 1628 576 καὶ
1652 548 1727 582 πῶς;
1745 548 1801 584 ἐγὼ
1819 548 1907 582 λέγω.

1056 592 1088 618 El
1105 592 1142 627 μὴ
1161 592 1274 626 γέενναν
1288 592 1449 628 ἠπείλησεν,
1461 593 1485 618 εί
1501 593 1539 628 μὴ
1550 593 1661 620 κόλασιν
1676 593 1838 628 ἡτοίμασεν,
1854 592 1908 618 οὐκ

1056 636 1089 663 ἂν
1105 636 1199 663 πολλοὶ
1210 636 1261 672 τῆς
1278 636 1418 671 βασιλείας
1433 636 1575 671 ἐπέτυχον.
1589 637 1626 663 Οὐ
1642 637 1696 671 γὰρ
1709 636 1798 669 οὓτως
1815 637 1832 672 ἡ
1848 636 1908 662 τῶν

1055 676 1164 714 ἀγαθῶν
1187 680 1333 716 ὑπόσχεσις
1355 676 1423 719 πρὸς
1436 681 1537 716 ἀρετὴν
1561 681 1718 708 ἐκκαλεῖται
1741 681 1808 712 τοὺς
1833 679 1905 707 πολ·

1054 723 1127 757 λοὺς,
1149 724 1215 760 ὼςὴ
1240 725 1295 751 τῶν
1312 725 1403 752 κακῶν
1430 725 1528 760 ἀπειλὴ
1547 725 1586 760 τῷ
1613 725 1688 762 φόϐῳ
1705 725 1831 758 συνωθεῖ,
1857 724 1906 751 καὶ

1054 768 1205 805 διανίστησι
1218 770 1285 805 πρὸς
1299 769 1347 805 τὴν
1364 769 1413 805 τῆς
1425 769 1513 805 ψυχῆς
1532 770 1700 805 ἐπιμέλειαν.
1715 771 1797 797 Ὥστε
1813 770 1836 796 εί
1857 771 1906 796 καὶ

1054 813 1175 841 ἐναντίον
1186 814 1283 848 γέεννα
1298 815 1332 849 τῇ
1351 813 1476 848 βασιλεία
1491 814 1505 834 b
1525 814 1579 840 τῶν
1593 815 1726 850 οὐρανῶν,
1742 814 1813 841 ἀλλά
1832 814 1904 850 πρὸς

1054 856 1083 883 ἓν
1095 858 1226 893 ἑκάτερον
1238 857 1333 893 βλέπει
1348 857 1434 890 τέλος,
1448 858 1498 894 τὴν
1508 857 1561 885 τῶν
1577 857 1731 895 ἀνθρώπων
1745 858 1903 894 σωτηρίαν·

1054 902 1145 938 ἐκείνη
1160 903 1210 937 μὲν
1219 902 1400 938 ἐπισπωμένη
1412 902 1480 938 πρὸς
1490 902 1601 939 ἑαυτὴν,
1611 903 1682 939 αὕτη
1696 903 1725 931 δὲ
1740 902 1905 930 συνωθυῦσα

1054 946 1122 982 πρὸς
1147 947 1265 982 ἐκείνην,
1283 941 1384 981 καὶτῷ
1409 945 1486 982 φόϐῳ
1505 946 1686 983 διορθουμένη
1709 947 1775 978 τοὺς
1798 946 1901 982 ἀμελέ-

1055 998 1150 1026 στερον
1171 990 1370 1026 διακειμένους.

1090 1034 1231 1068 γ¹.Τοῦτον
1246 1034 1276 1061 δέ
1284 1034 1332 1069 οὐχ
1349 1033 1442 1066 ἁπλῶς
1458 1035 1572 1071 μηκύνω
1579 1035 1624 1062 τὸν
1637 1035 1725 1070 λόγον,
1738 1034 1902 1070 ἀλλ’ὲπειόὴ

1055 1078 1183 1110 πολλάκις
1195 1078 1283 1114 λιμῶν
1299 1080 1346 1106 καὶ
1362 1079 1478 1115 αὐχμῶν
1495 1080 1679 1115 γιγνομένων,
1698 1079 1746 1106 καὶ
1762 1079 1902 1114 πολέμων,

1055 1123 1102 1149 καὶ
1122 1123 1208 1159 ὀργῆς
1234 1123 1375 1160 βασιλικῆς
1394 1124 1605 1159 ἐμπιπτούσης,
1623 1124 1671 1151 καὶ
1695 1124 1800 1159 ἐτέρων
1821 1124 1901 1150 τινῶν

1054 1166 1182 1194 τοιούτων
1198 1167 1338 1203 ἀδοκήτων
1357 1168 1541 1203 πραγμάτων,
1563 1168 1655 1194 πολλοὶ
1671 1169 1735 1200 τοὺς
1750 1167 1902 1203 ἀφελεστέ-

1055 1219 1118 1247 ρους
1135 1211 1293 1244 ἀπατῶντες
1309 1211 1452 1246 λέγουσιν,
1470 1213 1510 1239 ὅτι
1526 1213 1576 1239 οὐκ
1599 1212 1663 1244 ἀξια
1681 1212 1769 1239 ταῦτα
1786 1212 1837 1248 τῆς
1854 1211 1902 1239 τοῦ

1333 1259 1340 1267 ν
1373 1256 1385 1266 τ

1306 1257 1340 1284 [ν’
1357 1257 1403 1284 οὖν
1419 1257 1456 1294 μὴ
1472 1257 1721 1294 παραλογιζώμεθα
1732 1278 1740 1289 ,
1761 1257 1821 1284 ἀλλ’
1839 1257 1901 1283 ἴδω-

1252 1266 1263 1272 _
1292 1258 1303 1267 ν

1054 1255 1122 1295 Θεοῦ
1135 1257 1272 1292 προνοίας.

1056 1309 1106 1335 μεν
1119 1301 1241 1337 ἀκριϐῶς
1253 1321 1261 1333 ,
1288 1302 1330 1328 ὅτι
1345 1303 1396 1328 κᾶν
1420 1301 1499 1337 λιμὸν
1513 1322 1519 1333 ,
1541 1301 1591 1328 κᾶν
1607 1302 1723 1336 πόλεμον
1734 1322 1742 1335 ,
1761 1300 1814 1328 κᾶν
1837 1301 1901 1327 ἄλλο

1054 1345 1143 1372 ὁτιοῦν
1166 1346 1292 1382 ἐπαγάγῃ
1307 1347 1402 1379 δεινὸν,
1435 1347 1489 1373 ἀπὸ
1508 1346 1714 1382 φιλανθρωπίας
1730 1346 1810 1373 τοῦτο
1831 1346 1902 1372 ποιεῖ

1055 1390 1102 1417 καὶ
1119 1390 1220 1425 πολλῆς
1240 1391 1289 1426 τῆς
1313 1390 1476 1426 κηδεμονίας
1490 1411 1497 1421 ,
1524 1391 1702 1426 ἠναγκάσθην
1727 1390 1900 1426 ἐνδιατρῖψαι

1055 1433 1142 1469 τούτῳ
1157 1434 1196 1469 τῷ
1207 1434 1288 1470 λόγῳ.
1308 1434 1384 1461 Ἐπεὶ
1402 1435 1450 1473 καὶ
1464 1435 1487 1460 οί
1506 1435 1625 1470 πατέρες
1636 1455 1642 1464 ,
1659 1435 1682 1460 οί
1699 1434 1820 1470 μάλιστα
1833 1434 1902 1460 πάν-

1054 1486 1108 1504 των
1123 1477 1156 1504 τὰ
1174 1478 1272 1512 ἔκγονα
1291 1478 1432 1512 φιλοῦντες
1445 1499 1452 1511 ,
1470 1479 1518 1505 καὶ
1535 1477 1676 1514 τραπέζης
1691 1478 1816 1514 εἴργουσι
1829 1499 1836 1510 ,
1853 1480 1902 1506 καὶ

1056 1521 1163 1557 πληγὰς
1185 1523 1331 1556 ἐπάγουσι,
1350 1522 1398 1548 καὶ
1425 1523 1522 1558 ἀτιμίᾳ
1550 1522 1710 1555 κολάζουσι,
1731 1524 1778 1550 καὶ
1797 1524 1901 1559 ἑτέροις

1057 1566 1164 1602 μυρίοις
1189 1566 1320 1597 τοιούτοις
1337 1566 1547 1600 ἀσελγαίνοντας
1561 1567 1732 1602 διορθοῦνται
1756 1568 1820 1600 τοὺς
1835 1570 1900 1594 παῖ-

1055 1609 1116 1641 δας·
1142 1610 1199 1636 ἀλλ’
1214 1610 1288 1645 ὅμως
1310 1611 1429 1645 πατέρες
1456 1611 1525 1637 εἰσὶν
1539 1631 1546 1643 ,
1569 1611 1629 1646 οὐχὶ
1652 1611 1789 1646 τιμῶντες
1809 1613 1899 1647 μόνον,

1054 1653 1122 1681 ἀλλὰ
1139 1654 1186 1681 καὶ
1204 1654 1289 1680 ταῦτα
1307 1654 1464 1686 ποιοῦντες,
1481 1655 1528 1681 καὶ
1547 1655 1607 1681 τότε
1626 1655 1744 1690 μάλιστα
1768 1656 1898 1692 πατέρες.

1054 1698 1119 1725 ὅταν
1136 1698 1249 1725 τοιαῦτα
1264 1698 1386 1725 ποιῶσιν.
1408 1699 1439 1725 Εἰ
1453 1698 1482 1725 δὲ
1502 1698 1653 1734 ἄνθρωποι,
1673 1699 1754 1735 θυμῷ
1766 1701 1816 1727 καὶ
1830 1701 1898 1736 ὀργῆ

1056 1741 1185 1774 πολλάκις
1200 1741 1248 1769 τοῦ
1276 1743 1463 1778 συμφέροντος
1480 1743 1680 1778 ἐκφερόμενοι,
1702 1745 1753 1770 οὐκ
1777 1745 1899 1781 ὠμότητι

1055 1788 1102 1813 καὶ
1121 1787 1320 1822 ἀπανθρωπία,
1335 1787 1402 1813 ἀλλὰ
1419 1787 1567 1822 κηδεμονίᾳ
1589 1789 1636 1814 καὶ
1661 1789 1842 1826 φιλοστοργίᾳ
1857 1799 1899 1817 νο‹

1058 1830 1181 1866 μίζονται
1197 1831 1320 1863 κολάζειν
1334 1831 1381 1863 οὓς
1395 1831 1516 1866 φιλοῦσι,
1533 1831 1623 1867 πολλῷ
1648 1833 1748 1868 μᾶλλον
1762 1835 1828 1870 περὶ
1851 1835 1897 1862 τοῦ

1056 1875 1124 1902 Θεοῦ
1138 1875 1209 1902 οὕτω
1231 1875 1382 1902 διακεῖσθαι
1404 1877 1457 1911 χρὴ
1469 1897 1477 1909 ,
1495 1876 1541 1902 τοῦ
1559 1877 1650 1903 πᾶσαν
1667 1879 1806 1914 πατρικὴν
1825 1879 1898 1913 φιλο-

1057 1921 1184 1956 στοργίαν
1197 1920 1404 1953 ὑπερϐαίνοντος
1415 1922 1447 1956 τῇ
1459 1920 1508 1955 τῆς
1519 1921 1621 1952 οἰκείας
1633 1921 1803 1957 ἀγαθότητος
1818 1923 1899 1959 ὑπερ

1057 1965 1132 2000 ϐολῇ.
1144 1964 1198 1991 Καὶ
1216 1964 1259 1991 ἵνα
1278 1964 1314 2000 μὴ
1332 1965 1457 2000 νομίσῃς,
1477 1966 1518 1992 ὅτι
1532 1966 1684 2000 στοχασμός
1699 1967 1758 1993 ἐστι
1774 1967 1810 1994 τά
1826 1970 1899 2004 εἰρη-

1058 2009 1136 2044 μένα.
1151 2010 1216 2045 φέρε
1230 2009 1273 2035 ἐπ’
1288 2009 1373 2045 αὐτὴν
1386 2009 1435 2044 τὴν
1455 2009 1567 2045 Γραφὴν
1580 2010 1626 2036 τὸν
1643 2010 1722 2045 λόγον
1735 2011 1897 2047 ἀγάγωμεν.

1063 2053 1171 2089 Ἐπειδὴ
1185 2053 1240 2089 γὰρ
1257 2054 1386 2089 ἠπατήθη
1403 2055 1449 2080 καὶ
1465 2054 1648 2090 παρελογίσθη
1664 2055 1739 2091 παρὰ
1754 2057 1801 2083 τοῦ
1817 2066 1899 2094 πονη-

1057 2097 1104 2133 ροῦ
1122 2098 1248 2133 δαίμονος
1262 2098 1276 2123 ὀ
1291 2098 1435 2136 ἅνθρωπος
1447 2119 1454 2130 ,
1474 2097 1574 2133 ἴδωμεν
1590 2099 1648 2130 πῶς
1662 2100 1803 2135 ἁμαρτίαν
1824 2102 1899 2138 αὐτῷ

1055 2141 1183 2177 τοιαύτην
1200 2141 1350 2178 ἁμαρτόντι
1367 2142 1428 2168 τότε
1445 2142 1581 2178 ἐχρήσατο
1599 2144 1613 2169 6
1636 2143 1712 2175 Θεός.
1727 2142 1802 2181 ’Δρα
1828 2147 1899 2181 ἠφά-

1055 2194 1128 2212 νισεν
1152 2186 1233 2212 αὑτὸν
1259 2186 1415 2219 παντελῶς;
1434 2187 1522 2213 καίτοι
1544 2196 1576 2221 γε
1593 2189 1607 2214 6
1628 2188 1676 2214 τοῦ
1692 2189 1796 2216 δικαίου
1820 2191 1898 2226 λόγος

1055 2229 1134 2260 τοῦτο
1150 2231 1249 2266 ἀπῄτει
1265 2237 1288 2263 ο,
1305 2231 1350 2257 τὸν
1362 2231 1439 2257 οὐδὲν
1454 2231 1503 2266 μὲν
1521 2231 1577 2268 [88]
1597 2233 1700 2267 ἀγαθὸν
1721 2234 1898 2270 ἐπιδειξάμε-

1055 2282 1119 2306 νον,
1146 2273 1280 2310 τοσαύτης
1297 2275 1326 2301 δὲ
1347 2275 1542 2302 ἀπολαύσαντα
1562 2276 1612 2311 τῆς
1636 2278 1760 2311 εὐνοίας,
1787 2276 1849 2306 εἶτα
1865 2281 1897 2307 ἐκ

1055 2319 1206 2354 προοιμίων
1218 2319 1469 2355 ἀποσκιρτήσαντα,
1488 2320 1602 2356 ἀρθῆναι
1623 2322 1655 2348 ἐκ
1677 2322 1723 2349 τοῦ
1751 2323 1837 2358 μέσου
1851 2325 1897 2352 καὶ

1055 2363 1238 2398 ἀφανισθῆναι
1262 2364 1365 2390 τέλεον.
1393 2364 1462 2390 Ἀλλ’
1479 2365 1529 2391 οὐκ
1552 2365 1661 2401 ἐποίησε
1689 2366 1770 2393 τοῦτο
1790 2369 1804 2394 ὁ
1819 2368 1896 2401 Θεὸς,

1054 2407 1114 2433 οὐδὲ
1138 2407 1299 2441 ἐϐδελύξατο
1321 2408 1368 2434 καὶ
1384 2408 1547 2444 ἀπεστράφη
1571 2409 1616 2436 τὸν
1642 2410 1730 2443 οὕτως
1751 2411 1897 2447 ἀγνώμονα

1055 2451 1119 2486 περὶ
1136 2451 1179 2478 τὴν
1196 2451 1342 2487 εὐεργέτην
1357 2452 1511 2487 γενόμενον,
1526 2453 1583 2480 ἀλλ’
1597 2453 1705 2490 ἔρχεται
1717 2456 1786 2490 πρὸς
1804 2457 1894 2490 αὑτὸν,

1055 2494 1179 2531 καθάπερ
1203 2495 1270 2530 πρὸς
1289 2496 1429 2531 ἄρρωστον
1453 2498 1554 2532 ἰατρός.
1579 2498 1634 2524 Καὶ
1651 2499 1687 2535 μὴ
1713 2501 1896 2538 παραδράμῃς

1055 2539 1147 2571 ἁπλῶς
1160 2540 1191 2566 τὸ
1204 2540 1348 2576 εἰρημένον
1359 2561 1365 2571 ,
1382 2541 1506 2575 ἁγαπητὲ
1517 2561 1523 2572 ,
1538 2542 1595 2568 ἀλλ’
1614 2543 1740 2579 ἐννόησον
1756 2545 1851 2580 ἡλίκον
1866 2547 1895 2573 τὺ

1056 2584 1123 2619 μήτε
1148 2584 1262 2618 ἄγγελον
1279 2584 1403 2627 πέμψαι,
1425 2586 1492 2624 μήτε
1508 2587 1697 2621 ἀρχάγγελον,
1722 2589 1792 2623 μήτε
1817 2590 1894 2617 ἄλλον

1053 2628 1114 2655 τινὰ
1127 2628 1181 2655 τῶν
1196 2628 1344 2655 συνδούλων
1365 2629 1418 2655 τῶν
1434 2630 1548 2662 ἐκείνου,
1564 2631 1622 2657 ἀλλ’
1638 2631 1720 2658 αὐτὸν
1735 2633 1781 2659 τὸν
1794 2635 1893 2661 Δεσπό-

1055 2680 1104 2708 την
1117 2673 1268 2708 καταϐῆναι
1283 2672 1351 2708 πρὸς
1369 2672 1414 2699 τὸν
1434 2675 1683 2709 παραπεπτωκότα,
1702 2678 1750 2703 καὶ
1769 2677 1894 2713 κείμενον

1054 2716 1217 2752 ἀναστῆσαι,
1232 2717 1280 2743 καὶ
1295 2716 1374 2752 μόνον
1401 2717 1468 2753 πρὸς
1482 2718 1561 2753 μόνον
1575 2739 1581 2750 ,
1597 2719 1724 2755 καθάπερ
1740 2721 1817 2755 φίλον
1828 2723 1894 2757 πρὸς

1055 2760 1130 2794 φίλον
1145 2761 1237 2793 κακῶς
1252 2762 1417 2797 πράττοντα.
1438 2762 1485 2788 καὶ
1499 2763 1528 2788 ἐν
1546 2762 1628 2798 πολλῇ
1643 2766 1817 2792 καταστάντα
1832 2767 1892 2794 δυσ-

1053 2805 1155 2841 ημερίᾳ
1171 2806 1382 2840 παραγενέσθαι.
1399 2807 1458 2833 Ὅτι
1475 2807 1530 2842 γάρ
1544 2806 1623 2833 τοῦτο
1647 2808 1678 2833 ἐκ
1694 2808 1797 2844 πολλῆς
1817 2810 1893 2845 κηδε-

1056 2849 1150 2883 μονίας
1164 2850 1286 2884 ἐποίησε,
1296 2851 1342 2876 καὶ
1355 2851 1423 2878 αὐτὰ
1434 2851 1468 2877 τὰ
1481 2851 1602 2886 ῥήματα,
1616 2850 1634 2878 ἃ
1647 2852 1716 2886 πρὸς
1728 2854 1810 2880 αὑτὸν
1821 2852 1890 2887 εἷπε,

1054 2893 1188 2921 δείκνυσιν
1202 2895 1284 2922 αὐτοῦ
1299 2895 1347 2930 τὴν
1362 2895 1465 2930 ἄφατον
1485 2897 1685 2932 φιλοστοργίαν.
1702 2898 1757 2924 Καὶ
1778 2899 1806 2925 τί
1823 2899 1890 2933 λέγω

1085 2955 1098 2988 ξ
1110 2955 1184 2988 Savil.
1197 2959 1223 2980 et
1234 2956 1332 2986 quidam
1344 2962 1401 2981 mss.
1413 2958 1520 2985 κολάζων
1531 2958 1557 2982 δὲ
1569 2958 1657 2986 οὐκέτι,
1669 2958 1693 2985 ἐξ
1701 2959 1819 2988 ἡμισείας.

1085 2985 1099 3022 ξι
1111 2987 1186 3010 Sm'il.
1202 2990 1229 3011 et
1242 2988 1339 3017 quidam
1357 2994 1414 3012 mss.
1427 2991 1468 3016 τῆς
1482 2990 1610 3019 βασιλείας.
1629 2989 1683 3013 Mox
1701 2985 1776 3013 iidem
1793 2985 1851 3022 πρὸς
1863 2989 1886 3014 ει

1055 3017 1152 3046 ἑκάστη.

1086 3049 1096 3062 '
1111 3048 1184 3072 Sani].
1197 3051 1223 3072 cl
1236 3048 1334 3075 quidam
1344 3056 1393 3073 mss
1415 3049 1518 3074 ἀπαιτεῖ.
