1962 3121
78 182 109 209 93
533 171 582 207 ἲΑἰ)
601 172 762 207 POPULUM
781 176 1027 206 ANTlOCllENUM
1059 177 1174 206 HOMIL.
1197 179 1250 208 γη.
1682 183 1715 211 'J’i

76 237 140 274 quod
155 232 271 264 maxime
291 235 403 264 videtur
422 243 507 271 neque
521 234 709 277 consolationis
727 233 868 269 vestigium

75 279 266 314 demonstrare,
281 283 332 310 sed
348 291 366 310 ει
381 281 564 310 consolatoriis
579 281 684 316 penitus
698 280 787 308 verbis
801 279 869 307 alie-

75 329 135 358 num‘
144 324 204 357 esse
214 349 222 360 ,
236 329 264 355 in
282 329 405 356 medimn
421 327 584 364 proponens,
599 327 670 363 quod
682 327 743 355 dico
757 326 870 354 manife-

73 382 136 403 stum
159 370 278 402 faciam}
293 375 376 408 Quod
389 372 494 402 tandem
510 379 551 401 est
571 374 622 400 hoc
641 373 821 409 prooemium?
836 372 869 400 In

66 421 187 457 principio
202 421 264 456 fecit
280 414 355 448 Dm
369 420 458 448 (telum
474 425 497 447 et
512 425 603 447 terram
616 427 625 446 :
640 425 707 447 terra
719 425 801 446 autem
816 424 869 446 erat

72 462 194 492 invisibilis
207 470 231 492 et
245 465 422 500 incomposita
431 487 439 498 ,
453 470 477 492 et
489 465 594 492 tenebrae
606 469 676 492 erant
688 473 764 500 super
777 465 869 500 faciem

71 511 145 547 abyssi
158 507 237 547 (σενι.
254 512 281 538 ί.
299 512 328 540 1.
345 511 385 547 2).
400 512 532 548 Numquid
547 512 604 540 haec
616 513 748 547 aliquibus
763 520 777 540 e
791 512 867 541 vobis

70 559 186 586 videntur
198 557 322 586 tristitia
336 555 546 587 consolationem
557 559 675 587 habere?
688 567 776 587 nonne
789 560 870 587 histo-

70 605 110 632 ria:
123 603 241 632 narratio
255 610 299 632 est
310 626 318 637 ,
334 610 363 633 et
375 605 408 633 de
421 606 555 634 creatione
568 606 708 633 doctrina?

99 651 124 678 Ξ.
136 645 226 679 Vultis
249 651 339 686 igitur
360 652 540 680 demonstrem
553 653 761 681 consolationem
776 648 867 682 in'hac

70 697 178 724 dictione
197 697 414 725 absconditam?
428 697 566 733 Exsurgite
580 699 674 734 igitur,
690 705 716 727 et
731 707 790 727 cum
803 701 866 728 dili-

68 743 146 778 gentia
157 742 295 772 advertite
307 753 370 780 qum
377 745 488 772 dicenda
502 750 571 772 sum.
583 745 649 773 Cum
658 746 728 773 enim
739 746 865 780 audieris,

69 783 129 824 quod
151 790 249 817 omium
263 791 275 823 ,‘
285 796 390 818 terram
402 812 409 823 ,
425 788 497 818 mare
509 812 516 824 ,
531 799 621 818 aerem
632 813 639 825 ,
654 799 736 827 aquas
750 813 758 825 ,
774 793 866 821 Stellas

70 834 167 868 niultas,
182 828 405 863 duo'lt'uninaria
417 840 523 872 magna,
539 837 652 871 plantas,
668 837 863 872 quadrupedes,

70 882 176 909 na‘tatilia
198 886 227 910 et
243 876 368 909 volatilia
391 879 514 909 animalia
526 903 534 915 ,
550 880 693 918 omniaque
706 884 866 918 generaliter

70 935 120 962 qua:
130 921 267 957 videntbr.‘
277 924 392 962 pr’opter
404 933 430 955 te
441 922 564 962 tuamque
577 928 689 956 salutem
698 934 725 956 et
736 929 864 957 honorem

71 973 132 1000 Deus
144 973 293 1006 creaverit,
311 981 403 1000 nonne
419 981 540 1008 magnam
555 974 628 1008 capis
643 974 863 1008 consolationem,

68 1025 91 1048 ct
107 1020 249 1047 maximam
277 1020 434 1047 dilectionis
457 1017 502 1047 Dei
525 1020 779 1048 demonstrationem
795 1021 864 1050 hanc

67 1067 179 1102 suscipis,
191 1063 254 1094 cuin
269 1066 444 1103 cogitaveris,
457 1067 526 1102 quod
540 1071 640 1094 tantum
653 1073 680 1095 et
694 1068 773 1096 talem
787 1077 864 1096 mun-

67 1112 121 1139 dum
135 1133 143 1144 ,
164 1111 218 1138 tam
235 1106 395 1146 pulchrmn
414 1110 449 1139 'et
478 1120 602 1147 magnum
628 1117 656 1139 et
679 1109 862 1141 admirabilem

68 1154 166 1192 propter
178 1163 205 1185 te
219 1156 354 1195 pusillum
370 1159 396 1186 in
407 1155 524 1186 'medium
539 1159 773 1193 protulerit?Cum
785 1160 864 1195 igitur

67 1204 184 1237 audieris,
200 1200 235 1231 Ῑη
253 1200 386 1240 principio
406 1206 464 1239 fecit
485 1204 554 1231 Deus
568 1205 658 1232 carlum
671 1210 693 1232 et
707 1210 798 1232 terram
807 1226 815 1237 ,
829 1213 864 1234 ne

66 1250 214 1285 simpliciter
228 1249 337 1277 dictum
353 1243 542 1285 praitercurras
554 1271 561 1282 ,
573 1250 619 1278 sed
638 1255 716 1277 terra:
731 1251 864 1286 magnitu-

66 1295 145 1322 dinem
161 1300 253 1322 mentc
271 1291 403 1330 percurre
413 1316 420 1327 ,
434 1300 461 1322 et
473 1300 565 1330 reputa
581 1303 660 1330 quam
673 1296 771 1322 lautam
786 1297 863 1324 nobis

66 1346 89 1367 et
99 1341 212 1376 opimam
227 1341 359 1375 produxit
370 1348 499 1372 mensam,
514 1345 540 1367 ct
554 1341 663 1367 multam
676 1342 773 1375 passim
785 1342 861 1369 nobis

65 1387 264 1415 delectationem
284 1386 399 1422 przebuit
408 1396 416 1414 :
425 1392 450 1413 et
460 1387 528 1422 quod
540 1387 645 1422 quidem
657 1393 698 1415 est
706 1389 861 1422 maximum,

67 1434 89 1460 in
101 1433 234 1461 nullorum
248 1433 376 1461 laborum
391 1434 593 1461 retributionem
606 1434 688 1467 dedit,
703 1443 752 1463 nec
766 1436 791 1463 in
806 1444 863 1463 me-

66 1480 169 1506 ritorum
196 1478 344 1514 prtemium
371 1484 472 1505 tantum
497 1483 525 1506 et
552 1479 631 1507 talem
656 1481 799 1514 mundum;
815 1472 861 1509 sed

67 1526 155 1559 pariter
167 1532 217 1553 nos
231 1525 325 1558 ﬁnxit,
337 1530 365 1552 et
379 1525 431 1552 hoc
443 1533 525 1560 regno
539 1534 623 1561 genus
638 1531 758 1554 nostrum
775 1527 860 1555 hono-

67 1573 147 1600 ravit:
164 1572 251 1608 inquit
270 1573 344 1600 enim
357 1594 365 1606 ,
383 1571 520 1599 Faciamus
540 1572 666 1611 hominem
680 1573 714 1599 ad
726 1567 861 1608 imaginem

65 1627 86 1646 et
99 1618 305 1648 similitudinem
322 1627 444 1648 nostram
456 1620 531 1656 (Gen.
545 1621 571 1648 1.
588 1620 645 1656 26).
660 1620 731 1654 Quid
744 1625 797 1654 est,
818 1621 860 1646 Ad

66 1667 198 1701 imaginem
206 1673 231 1693 σι
239 1667 451 1694 similitudinem
464 1673 581 1694 nostram
591 1667 782 1703 ?Principatus
793 1667 862 1694 ima-

68 1709 145 1741 ginem
159 1709 236 1741 dixit,
252 1714 283 1736 ut
293 1710 363 1736 sicut
378 1709 464 1736 nullus
479 1709 505 1735 in
516 1709 581 1736 cmlo
596 1713 636 1736 est
652 1709 706 1736 Deo
719 1712 857 1745 superior,

69 1755 102 1781 sic
112 1763 188 1789 super
199 1751 302 1782 terrain
313 1755 402 1782 nullus
413 1755 446 1782 sit
456 1752 565 1782 homine
576 1756 706 1790 superior.
717 1755 776 1783 Uno
787 1757 858 1783 enim

66 1799 112 1836 hoc
123 1805 147 1827 ct
159 1801 247 1835 primo
263 1800 416 1833 honoravit,
428 1800 498 1835 quod
509 1800 541 1827 ad
555 1800 696 1835 imaginem
710 1808 784 1828 suam
797 1809 857 1829 eum

69 1845 169 1873 fecerit:
181 1845 306 1874 secundo
316 1867 323 1878 ,
339 1846 412 1881 quod
428 1855 479 1873 non
492 1846 613 1873 laborum
629 1847 766 1881 przcmium
782 1848 858 1874 nobis

69 1892 196 1926 imperium
211 1893 372 1928 przebuerit,
384 1891 430 1919 sed
441 1893 525 1919 solam
544 1892 693 1920 exhibuerit
710 1893 858 1928 benignita-

70 1938 99 1966 tis
110 1948 161 1966 sua:
174 1940 292 1975 gratiam
309 1948 315 1966 :
333 1939 412 1966 tertio
433 1943 522 1966 autem
545 1939 616 1973 quod
640 1939 759 1967 naturale
781 1939 858 1967 nobis

69 1985 124 2012 illud
142 1986 273 2022 elargitus
294 1985 340 2012 sit.
355 1985 466 2020 Imperia
484 1984 555 2012 enim
576 1988 622 2011 aut
636 1985 765 2012 naturalia
779 1989 855 2018 sunt,

69 2037 107 2058 aut
116 2032 244 2060 electione
260 2032 347 2063 ﬁunt;
363 2031 490 2058 naturalia
510 2036 588 2063 sunt,
607 2035 634 2057 ut
647 2031 730 2057 leonis
745 2029 771 2057 in
790 2039 856 2066 qua-

69 2077 198 2112 drupedes,
211 2084 240 2105 et
255 2078 282 2105 in
299 2085 363 2105 aves
376 2076 471 2112 aquila:
481 2085 488 2109 ;
500 2076 630 2104 electione
643 2076 717 2110 ﬁunt,
729 2077 796 2103 sicut
810 2084 858 2103 no-

71 2123 111 2150 s'.ri
127 2123 311 2160 Imperatoris.
328 2123 375 2150 llic
388 2123 459 2150 enim
480 2130 533 2149 non
547 2127 638 2149 natura
653 2123 789 2150 conservis
806 2122 857 2149 im-

71 2174 142 2202 perat,
155 2170 218 2198 ideo
232 2177 305 2204 szepe
321 2168 460 2204 imperium
475 2167 583 2195 amittit.
600 2167 672 2195 Talia
688 2168 759 2195 enim
775 2172 837 2195 sunt
848 2189 856 2200 ,

71 2222 120 2249 qua:
131 2223 179 2242 non
197 2220 302 2242 natura:
316 2214 447 2242 inluerent
458 2234 466 2247 ,
482 2219 508 2241 ut
522 2213 598 2241 facile
613 2213 754 2240 admittant
769 2220 857 2241 muta-

71 2259 167 2288 tionem.
192 2253 229 2288 λι
253 2268 306 2287 non
331 2261 366 2287 ita
393 2259 433 2287 leo
446 2259 512 2293 ,sed
532 2263 626 2286 natura
643 2259 858 2294 quadrupedibus

71 2306 233 2339 dominatur,
249 2306 319 2333 sicut
338 2305 429 2333 itidem
454 2310 480 2333 et
501 2304 610 2332 alitibus
631 2304 730 2339 aquila.
746 2304 858 2339 Semper

72 2351 141 2386 igitur
160 2361 225 2380 cum
250 2359 351 2387 genere
365 2351 505 2386 cnnjuncta
527 2355 569 2379 est
583 2351 657 2385 regni
672 2350 777 2385 species
788 2371 796 2384 ,
809 2358 858 2378 nec

71 2397 142 2424 ullum
156 2399 219 2433 quis
234 2397 308 2425 videt
327 2397 432 2424 leonem
453 2404 577 2431 umquam
600 2396 671 2423 lumc
690 2396 856 2436 amittentem

73 2443 250 2479 principatum.
264 2443 331 2470 Tale
355 2442 431 2470 nobis
452 2443 592 2477 imperium
609 2441 678 2469 Deus
692 2449 707 2468 a
729 2442 858 2477 principio

73 2488 170 2524 largitus
185 2494 238 2521 est,
253 2495 280 2517 ct
294 2497 343 2516 nos
356 2488 479 2516 omnibus
494 2488 638 2523 praeposuit
652 2497 658 2515 :
674 2495 724 2515 nec
737 2487 788 2515 hoc
800 2487 858 2515 solo

75 2542 183 2564 naturam
199 2541 320 2564 nostram
336 2535 480 2568 decoravit,
496 2535 543 2562 sed
556 2540 583 2562 et
593 2534 649 2569 ipsa
664 2534 716 2561 loci
729 2538 859 2569 praestan-

74 2582 265 2618 tia,egregium
286 2582 365 2609 nobis
387 2581 565 2608 habitaculum
587 2580 731 2614 designans
750 2579 857 2615 paradi-

74 2635 133 2662 sum,
145 2633 172 2656 et
186 2629 318 2656 rationem
330 2627 407 2660 dans,
421 2632 448 2654 et
460 2626 575 2654 animam
590 2625 706 2661 largiens
718 2625 858 2653 immorta-

75 2672 127 2699 lem.

107 2717 166 2745 Deus
184 2728 235 2746 non
250 2723 349 2745 tantum
368 2727 424 2745 cum
438 2717 560 2754 benefacit
572 2738 580 2750 ,
595 2717 640 2745 sed
651 2717 726 2744 etiam
744 2725 800 2743 cum
814 2725 858 2743 ca-

78 2764 241 2799 ingutJonu;
262 2770 310 2792 est.
323 2763 423 2792 —Sed
447 2772 499 2791 non
521 2763 579 2791 haec
601 2762 687 2790 dicam
701 2771 707 2790 :
721 2769 771 2797 ego
785 2763 858 2790 enim

78 2815 161 2839 tantam
182 2811 232 2839 Dei
251 2810 403 2839 dilectionis
418 2809 685 2846 superabundantiam
704 2816 764 2836 esse
778 2807 837 2836 dico
848 2829 856 2842 ,

79 2863 155 2886 utnon
171 2863 276 2886 tantum
299 2865 334 2885 ex
354 2857 386 2886 iis
409 2858 503 2893 quibus
527 2864 575 2884 nos
597 2855 756 2889 honoravit,
771 2855 816 2883 sed
831 2858 859 2883 et

78 2903 157 2939 quibus
183 2904 347 2940 castigavit,
371 2903 491 2932 similiter
517 2903 650 2938 possimus
675 2903 858 2931 demonstrare

928 233 1011 268 ipsius
1032 234 1177 262 bonitatem
1202 241 1229 263 et
1250 236 1447 272 benignitatem.
1466 238 1499 266 Et
1526 238 1576 266 hoc
1602 240 1717 268 maxime

925 280 1044 308 omnium
1068 288 1115 308 vos
1136 288 1197 309 cum
1219 282 1357 318 diligentia
1377 285 1546 314 considerare
1571 286 1715 319 cohortor.

926 325 1007 366 Dequ
1032 334 1085 368 non
1109 331 1209 355 tantum
1236 336 1297 356 cum
1317 329 1429 357 honorat
1451 336 1478 358 et
1499 331 1647 366 benefacit,
1668 333 1714 360 sed
1739 359 1746 368 η,

924 376 950 397 et
964 363 1024 398 cum
1037 363 1148 407 castigat
1160 378 1186 400 et
1200 374 1284 409 punit,
1295 375 1418 402 similiter
1427 383 1488 404 esse
1498 377 1594 405 bonum
1605 387 1612 405 :
1623 363 1649 405 et
1658 378 1715 406 sive
1734 366 1742 376 ε

923 422 1015 444 contra
1028 418 1150 453 gentiles,
1160 419 1218 447 sive
1228 425 1320 448 contra
1332 421 1471 450 lnereticos
1486 424 1562 451 nobis
1569 426 1714 452 certamina

924 467 1088 495 moveantur,
1104 468 1131 491 et
1145 465 1285 506 pugnzelde
1300 465 1347 494 Dei
1361 467 1531 503 benignitate,
1544 477 1596 496 non
1611 474 1714 498 tantum

923 516 954 534 ex
966 508 1061 543 quibus
1073 517 1120 537 nos
1134 510 1342 550 ltonoravit,‘sed
1353 517 1379 540 et
1392 521 1424 541 ex
1434 515 1529 548 quibus
1539 522 1588 549 nos
1600 517 1713 550 punivit,

923 553 1006 588 ipsius
1019 555 1163 584 bonitatem
1178 557 1430 587 demonstrabimus.
1447 561 1475 588 Si
1489 562 1560 589 enim
1577 562 1713 592 honorum

924 605 1023 628 tantum
1038 601 1124 630 bonus
1138 608 1219 637 esset,
1231 605 1344 639 puniens
1357 614 1421 634 vero
1434 615 1487 635 non
1500 613 1580 642 esset,
1593 617 1628 637 ex
1640 610 1715 638 dimi-

910 644 965 675 ‘dio
979 642 1064 676 bonus
1075 655 1161 683 esset;
1176 651 1221 678 sed
1236 659 1289 679 non
1305 652 1338 679 ita
1354 659 1395 680 est
1406 675 1413 686 ,
1427 654 1505 682 absit.
1521 655 1549 682 ln
1565 655 1714 686 hominibus

920 695 1027 729 quidem
1044 696 1093 723 hoc
1106 697 1213 724 evenire
1230 699 1372 726 verisimile
1392 705 1431 727 est
1443 722 1449 734 ,
1461 703 1585 736 quoniam
1597 711 1656 731 cum
1670 705 1713 732 fu-

921 748 982 767 rore
1002 746 1029 768 et
1048 749 1080 769 ex
1100 743 1195 783 aﬁ'ectu
1208 751 1299 778 poenas
1315 745 1448 779 inferunt;
1465 747 1535 775 Deus
1549 755 1636 776 autem
1651 758 1712 778 cum

921 786 1000 814 nullis
1012 788 1045 814 sit
1058 788 1194 817 allectibus
1204 790 1344 822 obnoxius,
1359 792 1415 820 sive
1429 793 1585 828 benefaciat,
1597 795 1652 823 sive
1663 804 1713 831 pu-

920 832 975 859 niat
986 853 994 864 ,
1009 833 1131 861 similiter
1143 839 1184 862 est
1199 834 1284 863 bonus
1297 845 1302 863 :
1318 844 1367 864 nec
1382 846 1462 873 regno
1476 840 1563 867 minus
1584 841 1713 876 gelicnna:

919 879 1091 905 eomminatio
1106 879 1188 914 ipsius
1202 881 1346 909 bonitatem
1358 883 1524 912 demonstrat
1538 894 1544 912 :
1559 889 1588 913 et
1599 894 1651 921 quo
1664 895 1712 922 pa-

919 929 963 963 cto
976 924 1002 951 id
1014 924 1068 957 ﬁat,
1083 932 1133 960 ego
1145 925 1242 953 dicam.
1256 927 1310 954 Nisi
1324 928 1471 963 gehennam
1483 931 1597 959 minatus
1609 933 1710 966 fuisset,

919 970 969 997 nisi
991 978 1096 1005 poenam
1113 978 1304 1006 praeparasset,
1320 982 1372 1001 nou
1391 976 1466 1002 multi
1482 984 1591 1011 regnum
1606 970 1712 1014 assequi

908 1014 1078 1049 potuissent.
1092 1017 1149 1044 Non
1163 1018 1234 1046 enim
1248 1019 1282 1046 ita
1296 1019 1427 1048 bonorum
1449 1024 1591 1057 promissio
1611 1026 1643 1052 ad
1660 1027 1713 1053 vir-

919 1066 1000 1089 tutem
1024 1063 1121 1091 multos
1140 1070 1250 1098 evocat,
1267 1070 1296 1093 ut
1317 1067 1447 1095 malorum
1464 1069 1602 1103 intentatio
1617 1072 1712 1100 timore

918 1107 1070 1142 compellit,
1086 1113 1112 1135 et
1137 1109 1169 1136 ad
1191 1111 1286 1137 anima:
1310 1119 1401 1139 curam
1425 1114 1531 1141 excitat.
1548 1108 1637 1150 Itaque
1661 1118 1711 1145 etsi

917 1153 1043 1181 caelorum
1057 1162 1139 1189 regno
1147 1155 1266 1190 gelicnna
1277 1158 1408 1185 contraria
1422 1163 1472 1192 est,
1483 1160 1516 1186 ad
1528 1168 1607 1188 unum
1623 1151 1711 1191 tamen

917 1199 995 1227 ambo
1011 1201 1090 1227 ﬁnem
1106 1202 1261 1239 respiciunt,
1277 1202 1414 1231 hominum
1429 1206 1541 1234 salutem
1557 1208 1638 1246 :illud
1652 1210 1710 1244 qui-

917 1245 976 1272 dem
990 1246 1023 1273 ad
1038 1255 1067 1274 se
1082 1247 1211 1280 alliciens,
1228 1248 1285 1275 haec
1300 1254 1389 1290 autem
1405 1250 1438 1277 ad
1452 1251 1517 1278 illud
1528 1254 1709 1289 compellens,

917 1298 943 1319 et
956 1294 1160 1328 negligentiores
1176 1295 1271 1322 timore
1286 1299 1432 1332 corrigens.

952 1338 978 1365 5.
995 1339 1070 1365 Hunc
1083 1344 1171 1366 autem
1186 1347 1238 1366 non
1253 1340 1385 1368 incassmn
1404 1350 1554 1371 sermonem
1571 1347 1708 1380 protraho;

915 1384 962 1411 sed
976 1386 1100 1419 quoniam
1115 1393 1186 1420 smpe
1196 1385 1265 1414 fame
1280 1391 1306 1414 et
1320 1388 1482 1416 siccitatibus
1494 1391 1670 1425 venientibus,
1682 1399 1709 1421 et

916 1431 990 1458 bellis
1001 1452 1007 1463 ,
1024 1436 1050 1458 et
1064 1431 1101 1458 ira
1116 1432 1186 1467 regia
1203 1433 1319 1472 irruente
1331 1455 1338 1467 ,
1351 1440 1377 1462 et
1391 1435 1450 1463 aliis
1470 1436 1616 1465 istiusmodi
1632 1439 1709 1467 inex-

909 1472 1041 1511 'spectatis
1053 1477 1142 1517 rebus,
1157 1478 1231 1506 multi
1246 1479 1423 1514 simpliciores
1437 1481 1573 1517 decipiunt
1584 1483 1706 1517 dicendo,

906 1530 967 1565 [non
979 1523 1059 1565 digna
1077 1514 1133 1562 lucc
1154 1516 1214 1552 esse
1235 1524 1281 1566 Dei
1297 1526 1479 1566 providentia.
1493 1514 1532 1555 Ne
1544 1529 1624 1564 igitur
1637 1514 1708 1558 deci;

915 1568 1032 1602 piamur,
1044 1563 1094 1596 sed
1115 1574 1193 1612 certo,
1211 1563 1344 1604 sciamus,
1360 1573 1431 1607 quod
1450 1573 1508 1611 sive
1530 1563 1636 1609 famem,
1651 1577 1708 1612 sive

915 1612 1023 1646 bellum,
1035 1615 1091 1642 sive
1106 1615 1177 1655 aliud
1190 1610 1376 1654 quodcumque
1389 1619 1531 1647 molestum
1543 1621 1659 1655 inducat,
1674 1610 1707 1650 ex

914 1658 1076 1694 benignitate
1089 1665 1116 1687 et
1131 1654 1211 1688 multa
1227 1661 1369 1691 dilectione
1382 1655 1434 1692 hoc
1448 1665 1560 1699 eiﬁciat,
1572 1665 1634 1694 huic
1646 1654 1704 1695 ser-

914 1705 986 1731 moni
1000 1710 1107 1733 coactus
1121 1714 1179 1734 sum
1196 1699 1342 1735 immorari.
1357 1709 1423 1737 Nam
1444 1715 1471 1737 et
1484 1716 1572 1746 patres
1586 1714 1706 1741 omnium

914 1751 1028 1779 maxime
1042 1752 1109 1779 ﬁlios
1123 1758 1243 1781 amantes
1257 1759 1283 1781 et
1294 1763 1386 1783 mensa
1400 1757 1553 1792 prohibent,
1565 1763 1591 1786 et
1601 1758 1704 1794 ﬂagella

912 1794 1043 1831 inﬂigunt,
1055 1801 1080 1824 et
1091 1796 1208 1825 afﬁciunt
1217 1799 1370 1834 ignominia,
1380 1805 1407 1828 et
1420 1801 1479 1829 aliis
1489 1803 1599 1840 inﬁnitis
1611 1805 1706 1833 talibus

913 1841 1079 1869 lascivientes
1093 1849 1191 1884 pueros
1204 1844 1340 1880 corrigunt
1353 1855 1358 1871 :
1371 1846 1418 1873 sed
1429 1851 1517 1875 tamen
1531 1853 1619 1883 patres
1632 1856 1705 1884 sunt,

913 1894 964 1914 non
981 1891 1081 1914 tantum
1097 1881 1158 1915 dum
1174 1888 1324 1924 honorant,
1340 1891 1386 1918 sed
1400 1896 1427 1919 et
1437 1892 1499 1919 dum
1515 1881 1572 1921 haec
1587 1881 1704 1929 faciunt,

911 1938 938 1960 et
962 1938 1025 1961 tunc
1044 1934 1159 1962 maxime
1175 1940 1280 1970 patres,
1296 1944 1356 1964 cum
1370 1935 1427 1965 haec
1439 1938 1547 1966 faciunt.
1564 1939 1591 1966 Si
1617 1947 1705 1968 autem

906 1980 1043 2019 homines,
1052 1981 1096 2016 qui
1106 1982 1194 2011 l'urore
1209 1987 1233 2010 et
1250 1982 1287 2010 ira
1299 1990 1369 2018 saepe
1382 1984 1415 2011 ab
1428 1984 1483 2012 utili
1494 1985 1636 2019 declinant,
1651 1995 1705 2015 non

911 2026 1067 2066 crudelitate
1081 2032 1107 2066 et
1122 2027 1323 2061 inhumanitate,
1335 2029 1483 2057 sedcuraet
1491 2029 1705 2067 charitate,quos

911 2076 1020 2105 ainant,
1037 2073 1130 2107 punire
1153 2078 1301 2108 putantur:
1318 2075 1401 2102 multo
1426 2076 1509 2111 magis
1534 2076 1568 2103 de
1592 2077 1648 2105 Deo
1666 2077 1705 2105 sic

911 2119 1011 2147 sentire
1025 2124 1141 2154 oportet,
1153 2121 1197 2155 qui
1210 2119 1336 2148 bonitatis
1351 2129 1405 2149 sua:
1418 2122 1524 2150 cumulo
1533 2131 1640 2151 omnem
1654 2132 1704 2152 cx-

911 2165 982 2192 eedit
996 2167 1308 2200 paternamcharitatem.
1317 2168 1350 2195 Et
1359 2175 1392 2195 ne
1406 2168 1501 2203 credas
1513 2169 1568 2197 haec
1578 2178 1627 2206 per
1640 2178 1705 2199 con-

908 2211 1038 2246 jecturam
1051 2219 1111 2240 esse
1123 2211 1203 2251 dicta,
1219 2220 1267 2248 agc
1279 2213 1311 2239 ad
1327 2213 1409 2248 ipsam
1422 2213 1585 2250 Scripturam
1598 2224 1704 2244 sermo-

911 2265 945 2285 ne
955 2263 1129 2286 revertamur.
1139 2253 1280 2294 Postquam
1295 2260 1364 2286 enim
1381 2259 1460 2288 homo
1469 2261 1503 2288 ab
1515 2262 1636 2297 improbo
1650 2263 1706 2292 da:-

911 2311 990 2332 mone
1010 2304 1138 2340 deceptus
1158 2310 1186 2333 et
1206 2305 1315 2332 allectus
1337 2311 1393 2338 est,
1410 2306 1547 2334 videamus
1569 2310 1704 2343 quomodo

911 2350 997 2385 ipsum
1012 2351 1063 2378 tale
1076 2355 1214 2386 operatum
1228 2351 1327 2378 crimen
1343 2350 1412 2378 Deus
1426 2353 1557 2380 tractavit.
1571 2352 1704 2388 Numquid

911 2397 997 2432 ipsum
1016 2397 1125 2424 omnino
1140 2396 1270 2431 perdidit?
1281 2402 1306 2424 et
1319 2397 1425 2432 quidem
1444 2398 1554 2432 justitiaa
1574 2400 1640 2426 ratio
1654 2400 1705 2428 hoc

911 2444 1052 2479 exigebat,
1063 2444 1128 2471 nihil
1149 2443 1255 2478 quidem
1274 2444 1336 2471 boni
1354 2449 1491 2479 operatum
1505 2466 1513 2477 ,
1528 2450 1626 2480 tantam
1641 2455 1709 2474 vero

912 2491 1124 2518 benevolentiam
1146 2495 1336 2524 assequutum,
1349 2499 1411 2518 mox
1430 2500 1445 2518 a
1462 2492 1615 2527 primordiis
1627 2495 1706 2521 lasci-

912 2536 1028 2563 vientem
1043 2535 1077 2563 de
1099 2536 1186 2563 medio
1199 2535 1272 2569 tolli,
1286 2540 1312 2563 et
1326 2535 1444 2564 funditus
1457 2537 1550 2565 deleri.
1574 2538 1627 2566 Sed
1650 2547 1706 2568 non

912 2583 974 2611 fecit
988 2582 1040 2610 hoc
1053 2583 1132 2615 Deus,
1149 2590 1198 2610 nec
1212 2582 1379 2610 abominatus
1393 2588 1444 2616 est,
1459 2591 1508 2612 nec
1520 2592 1581 2611 eum
1595 2593 1706 2613 aversa-

912 2634 955 2656 tus
967 2649 974 2662 ,
990 2619 1035 2664 qui
1050 2636 1080 2656 se
1096 2620 1149 2656 tam
1162 2629 1295 2664 ingratum
1311 2629 1336 2656 in
1352 2629 1550 2658 benefactorem
1562 2631 1684 2659 exhibui:
1697 2651 1706 2663 .

912 2676 958 2703 sed
980 2676 1014 2704 ad
1033 2676 1119 2715 ipsum
1133 2675 1223 2709 venit,
1237 2676 1306 2704 sicut
1326 2676 1360 2703 ad
1383 2681 1512 2712 aegrotum
1528 2677 1656 2706 medicus.
1671 2678 1706 2706 Et

912 2723 968 2750 noli
981 2724 1125 2750 oscitanter
1136 2722 1237 2750 dictum
1252 2727 1468 2759 praetercurrere,
1477 2723 1648 2757 charissime,
1658 2724 1705 2752 sed

912 2770 998 2805 cogita
1011 2769 1089 2806 quale
1104 2773 1156 2803 est,
1171 2776 1220 2796 nec
1231 2769 1366 2804 angelum,
1382 2777 1431 2798 nec
1446 2770 1643 2805 archangelum,
1655 2779 1705 2799 nec

913 2816 995 2843 ullum
1007 2815 1088 2843 alium
1100 2815 1170 2842 illius
1179 2822 1370 2843 conservorum
1382 2815 1496 2848 misisse,
1507 2815 1553 2843 sed
1563 2821 1703 2850 Ipsummet

912 2863 1054 2890 Dominum
1074 2862 1108 2890 ad
1120 2862 1267 2897 collapsum
1282 2861 1469 2895 descendisse,
1478 2862 1611 2897 jaceutem
1635 2864 1703 2892 rele-

916 2918 1002 2946 vasse,
1017 2916 1043 2939 ct
1057 2911 1143 2939 solum
1157 2909 1190 2938 ad
1202 2909 1286 2938 soluunt
1298 2914 1432 2945 tamquam
1446 2909 1478 2936 ad
1494 2909 1607 2937 amicum
1622 2909 1703 2937 intor-
