1962 3121
248 151 282 178 95
616 147 644 175 8.
665 145 800 174 JOANNIS
817 141 1047 173 CHRYSOSTOMI
1066 139 1224 168 ARCHIEP.
1243 139 1508 168 CONSTANTINOP.
1853 137 1892 164 96

250 211 368 235 tunatum
389 210 417 233 et
433 205 459 232 in
471 211 565 240 magna
583 203 756 231 constitutum
770 200 929 229 adversitate
942 205 1032 226 acces-

249 249 326 277 sisse.
337 247 412 281 Quod
426 247 498 274 enim
511 254 544 274 ex
555 246 636 272 multa
647 241 1034 274 lioccharitatefecerit,etipsa

250 294 340 325 verba.
351 301 410 328 qua:
421 292 454 319 ad
466 292 550 326 ipsum
561 290 637 323 dixit,
651 290 732 324 ipsius
745 287 904 316 ineffabilem
917 293 1034 312 amorem

249 340 441 367 demonstrant.
453 337 487 364 Et
496 336 559 371 quid
566 343 632 370 opus
644 339 694 367 est,
710 339 739 361 ut
749 333 837 361 omnia
848 331 927 360 verba
937 329 1036 358 dicam?

249 386 333 420 prima
361 383 480 420 profecto
493 382 573 409 dictio
587 381 675 408 statim
696 379 777 415 ipsius
794 385 912 405 amorem
923 376 1036 404 demon-

248 430 352 458 stravit.
367 429 424 456 Non
440 428 510 456 enim
526 427 611 460 dixit,
626 426 694 453 sicut
707 433 754 460 par
765 428 824 452 erat
837 423 958 457 injuriam
974 427 1036 456 pas-

247 483 307 502 sum
321 475 409 502 dicere
422 483 428 500 :
440 473 462 500 0
475 473 604 500 scelerate
614 476 640 498 et
651 470 850 502 scelestissime,
862 468 906 495 tali
920 475 977 494 mea
991 466 1037 493 be-

249 519 399 548 nevolentia
424 518 522 553 potitus
535 537 541 549 ,
553 522 627 544 tanto
642 516 782 543 decoratus
802 521 901 549 regno,
915 512 1037 540 omnibus

248 565 418 594 terrestribus
428 564 499 591 nullo
513 569 557 590 tuo
565 563 659 590 merito
670 561 840 596 praenubilus,
852 564 878 587 et
890 566 955 586 mea:
967 565 1038 585 cura:

250 612 358 646 pignora
373 618 420 645 per
433 617 513 644 opera
525 613 552 636 et
565 616 655 635 veram
669 606 841 642 providentia:
856 604 1037 639 probationem

248 652 407 691 assequtitus
418 676 425 688 ,
437 654 586 689 improbum
605 653 754 680 daemonem
768 657 795 679 ct
810 650 964 686 pestiferum
986 654 1037 676 tua:

251 701 345 728 salutis
358 700 492 727 inimicum
506 720 513 731 ,
528 698 640 725 Domino
661 703 688 725 et
711 702 798 724 tutore
809 717 817 730 ,
832 697 872 724 cui
893 695 1018 723 crederes
1030 715 1037 726 ,

249 747 397 781 digniorem
418 744 532 772 duxisti?
545 744 608 779 quid
623 744 668 771 ille
682 743 732 770 tale
748 747 790 770 tua
803 750 882 769 causa
897 741 1037 776 praestitit,

249 793 328 826 quale
340 799 390 826 ego
403 791 414 818 ?
429 798 516 818 nonne
530 791 622 817 cmlum
642 794 750 824 propter
761 793 786 816 te
800 788 904 815 creavi?
918 793 1014 814 terram
1029 808 1037 819 ,

250 845 334 870 mare,
349 838 443 869 solem,
457 837 557 867 lunam,
572 840 599 862 et
613 835 702 862 stellas
716 834 827 861 omnes?
841 841 892 860 non
909 833 979 860 enim
993 832 1038 859 ulli

250 883 336 918 angeli
355 882 434 917 hujus
447 886 575 908 creatura:
598 880 764 915 indigebant,
781 879 828 907 sed
844 882 952 914 propter
967 882 992 905 te
1012 881 1040 905 et

251 929 369 964 requiem
386 934 455 955 tuam
469 949 476 961 ,
490 927 569 954 talem
583 931 611 954 et
630 932 729 953 tantum
745 926 794 953 feci
810 925 935 952 mundum
949 934 954 952 :
970 929 997 952 et
1011 929 1039 951 tu

251 975 321 1003 nuda
336 975 431 1007 verba,
448 979 473 1001 et
484 974 687 1008 promissionem
703 972 796 999 falsam
809 992 815 1003 ,
831 976 858 999 et
871 971 1039 1006 pollicitatio-

251 1030 312 1050 nem
328 1020 420 1049 fraude
435 1020 550 1055 plenam,
563 1019 658 1047 collata
672 1018 798 1052 operibus
812 1018 876 1053 ipsis
890 1017 1041 1045 beneficen-

249 1070 286 1096 tia
299 1073 325 1096 et
335 1067 510 1103 providentia,
525 1066 575 1093 fide
588 1065 734 1100 digniorem
748 1072 807 1092 esse
822 1069 905 1098 ratus,
917 1070 942 1091 te
953 1063 1039 1099 ipsum

250 1114 287 1142 illi
301 1113 444 1146 tradidisti,
459 1120 583 1147 measque
594 1112 665 1146 leges
677 1111 854 1139 conculcasti?

285 1159 333 1186 Dei
351 1168 410 1194 erga
424 1159 532 1194 primum
549 1159 674 1185 hominem
688 1157 829 1184 clementia.
844 1171 879 1176 â€”
893 1156 956 1183 Haec
968 1155 1039 1183 enim

251 1210 277 1234 et
288 1205 329 1233 his
340 1205 413 1240 plura
430 1205 523 1231 lmsum
536 1211 583 1238 par
594 1207 650 1230 erat
660 1202 748 1230 dicere
761 1211 766 1228 :
779 1201 826 1229 sed
840 1209 893 1228 non
909 1202 944 1228 ita
959 1201 1038 1233 Deus,

250 1259 344 1278 verum
355 1250 464 1278 omnino
475 1253 578 1276 contra.
593 1249 612 1275 A
628 1248 711 1283 prima
723 1247 793 1275 enim
806 1255 870 1274 voce
883 1246 968 1281 ipsum
984 1251 1040 1273 sta-

252 1296 300 1323 tim
314 1296 400 1322 ercxit
410 1315 418 1327 ,
430 1302 462 1322 ac
479 1294 626 1328 iacentem,
642 1297 720 1328 atque
736 1293 871 1320 timentem
885 1297 912 1319 et
926 1296 1040 1319 tremen-

252 1348 304 1370 tem
319 1341 453 1369 conlidere
467 1340 540 1373 fecit,
556 1340 629 1375 prior
643 1346 703 1366 cum
719 1346 817 1366 vocans
831 1338 886 1372 ipse
900 1347 905 1365 :
921 1338 1040 1373 quinimo

252 1395 305 1414 non
326 1391 427 1414 tantum
451 1386 521 1419 prior
533 1391 631 1412 vocans
643 1404 652 1418 ,
665 1384 711 1411 sed
729 1384 809 1411 etiam
833 1391 865 1410 ex
890 1390 939 1410 suo
953 1383 1039 1418 ipsum

252 1433 359 1460 nomine
369 1431 515 1466 appellans,
527 1435 554 1458 et
563 1430 655 1458 dicens
669 1438 675 1456 :
687 1429 768 1456 Adam
779 1429 820 1456 ubi
832 1437 858 1456 es
869 1428 944 1464 (Gen.
958 1429 985 1455 5.
998 1427 1041 1462 9)?

252 1486 369 1506 amorem
379 1485 466 1510 suum,
478 1482 504 1504 et
515 1477 622 1503 multam
635 1475 705 1503 circa
716 1476 801 1510 ipsum
811 1481 902 1503 curam
914 1474 1039 1501 ostendit.

255 1523 310 1552 lam
325 1523 394 1550 enim
409 1530 502 1549 omnes
523 1522 608 1549 nostis
631 1520 683 1548 hoc
705 1528 764 1548 esse
779 1520 902 1556 legitimae
916 1520 1040 1547 amicitia:

252 1569 388 1597 indicium.
403 1569 448 1596 Sic
461 1567 549 1595 facere
563 1571 759 1595 consueverunt
772 1567 816 1602 qui
830 1572 948 1594 mortuos
964 1573 1041 1594 revo-

251 1620 332 1648 cant,
356 1614 507 1649 frequenter
526 1614 644 1648 ipsorum
665 1613 773 1640 nomina
796 1617 956 1640 versantes:
973 1612 1041 1639 sicut

251 1662 368 1689 vicissim
389 1660 435 1695 qui
453 1660 514 1687 odio
527 1659 626 1687 habent
637 1680 644 1691 ,
658 1664 685 1686 et
702 1659 809 1686 inimice
828 1666 888 1694 erga
903 1659 1039 1694 quospiam

251 1707 338 1735 allecti
353 1711 431 1739 sunt,
445 1713 493 1732 nec
507 1706 612 1732 nomina
625 1712 716 1732 eorum
729 1705 773 1740 qui
788 1711 820 1732 se
832 1705 935 1738 laasere,
952 1704 1041 1731 ferunt

256 1759 476 1780 commemorare.
497 1751 559 1778 ldeo
579 1751 642 1778 Saitl
665 1751 762 1778 nullam
786 1750 893 1785 quidem
917 1750 1039 1785 injnriam

254 1806 346 1833 passus
358 1818 366 1831 ,
378 1797 475 1825 multas
484 1804 548 1824 vero
561 1801 588 1824 ct
602 1804 711 1832 magnas
725 1796 836 1830 injurias
848 1796 874 1823 in
889 1796 970 1823 David
984 1803 1041 1822 ma-

252 1844 385 1875 chinatus,
400 1847 537 1878 postquam
553 1842 638 1876 ipsum
654 1841 826 1868 aversabatur
838 1845 865 1868 et
875 1841 978 1874 oderat,
990 1848 1040 1868 nec

252 1889 323 1916 illius
341 1888 546 1924 appellationem
568 1894 778 1914 commemorare
806 1886 972 1919 sustinebat,
993 1885 1040 1913 sed

251 1933 454 1961 considentibus
468 1933 592 1960 omnibus
607 1937 747 1967 postquam
762 1940 816 1959 non
831 1933 938 1959 venisse
951 1931 1016 1959 vidit
1030 1953 1038 1965 ,

251 1980 315 2014 quid
335 1980 434 2014 inquit?
448 1978 506 2006 Non
528 1978 611 2009 dixit,
625 1978 670 2005 ubi
688 1982 729 2006 est
748 1977 925 2010 David?sed,
943 1977 992 2004 Ubi
1004 1982 1040 2004 est

253 2025 321 2058 ï¬lius
335 2024 454 2057 Iesseâ€œ.
471 2024 761 2060 Ilt'q.2(),2â€˜l)"apatre
777 2024 866 2060 ipsum
883 2030 991 2050 vocans.
1007 2022 1041 2050 Et

251 2071 347 2098 iterum
360 2070 442 2098 Iudici
456 2071 488 2097 de
502 2070 608 2098 Christo
621 2071 689 2097 idem
701 2069 816 2097 faciunt:
831 2070 954 2105 quoniatn
969 2070 1040 2096 enim

253 2117 338 2151 ipsum
350 2116 541 2143 aversabantur
551 2121 577 2143 cl
590 2118 710 2148 oderant,
725 2124 778 2142 non
791 2115 926 2148 dixerunt,
940 2115 988 2143 Ubi
1000 2120 1040 2142 est

253 2161 385 2190 Cill'islllS.
401 2161 458 2191 sed,
477 2161 526 2188 Ubi
539 2167 573 2188 est
589 2161 631 2188 ille
645 2160 732 2197 (Joan.
748 2161 773 2187 7.
789 2161 854 2196 H)?

288 2207 314 2234 4.
331 2207 382 2234 Sed
400 2207 468 2233 Deus
483 2213 508 2234 et
533 2207 559 2234 in
579 2208 628 2234 hoc
643 2207 826 2233 demonstrare
845 2207 954 2239 volens,
969 2207 1040 2242 quod

255 2260 302 2278 nec
319 2258 453 2287 peccatum
468 2260 586 2279 amorem
605 2253 780 2284 exstinxerit,
797 2260 846 2279 nec
865 2252 1040 2279 inobedientia

253 2306 327 2324 suam
344 2298 369 2324 in
384 2298 468 2332 ipsum
485 2298 696 2325 benevolentiam
717 2297 870 2330 sustulerit,
887 2298 933 2324 sed
955 2297 1042 2325 adhuc

254 2347 390 2378 provideat
403 2347 429 2370 et
441 2350 529 2369 curam
542 2348 615 2376 gerat
629 2343 704 2377 lapsi,
720 2343 803 2377 inquit
818 2351 825 2370 Î¹
842 2343 922 2369 Adam
936 2343 979 2369 ubi
993 2351 1018 2369 es
1030 2343 1042 2368 3â€™

254 2395 307 2414 non
323 2394 445 2422 ignorans
459 2387 502 2413 tibi
515 2387 632 2421 degeret,
647 2387 693 2414 sed
709 2387 833 2422 quoniatn
847 2388 879 2415 iis
890 2388 934 2422 qui
948 2395 1041 2422 pecca-

253 2437 348 2460 verunt
363 2440 393 2458 os
406 2436 544 2458 consutam
557 2437 613 2464 est,
628 2438 737 2466 peccato
757 2434 870 2468 linguam
885 2438 1021 2460 avertente
1033 2453 1039 2462 ,

253 2481 281 2504 et
295 2477 455 2504 conscientia
470 2477 552 2511 ipsam
567 2478 720 2510 cohibente,
736 2479 885 2514 stupidique
898 2480 935 2505 illi
957 2486 1042 2505 rema-

254 2527 327 2554 nent,
343 2523 448 2550 silentio
462 2527 596 2557 tamquam
609 2524 723 2558 quodam
739 2525 841 2551 vinculo
856 2525 973 2552 coerciti.
989 2524 1041 2551 Voâ€”

255 2568 312 2595 lens
328 2569 415 2602 itaque
434 2569 503 2595 Deus
530 2568 615 2603 ipsum
641 2569 674 2597 ad
699 2570 820 2598 ï¬duciam
843 2577 869 2598 et
893 2571 1040 2599 libertatem

255 2613 379 2648 loquendi
390 2614 534 2648 provocare
546 2635 554 2646 ,
569 2620 596 2642 et
606 2615 632 2642 in
646 2623 738 2643 eorum
750 2624 809 2651 qua:
822 2617 964 2644 admiserat
978 2626 1041 2652 pur-

254 2660 386 2694 gationem
403 2659 527 2687 inducere
544 2681 550 2692 ,
564 2665 591 2687 ut
604 2661 692 2696 aliqua
707 2661 839 2689 frueretur
852 2662 939 2694 venia,
955 2663 1040 2697 ipsum

256 2704 329 2739 prior
354 2704 410 2739 ipse
432 2705 550 2738 vocavit,
567 2706 706 2733 anxietatis
734 2707 846 2735 multum
867 2699 1042 2742 appellatione

256 2750 376 2778 recidens
388 2772 396 2784 ,
410 2755 437 2778 et
449 2751 584 2786 expellens
598 2753 730 2784 timorem.
747 2761 830 2788 osque
843 2755 964 2782 vocando
978 2763 1041 2790 ape-

257 2796 337 2824 riens.
349 2796 462 2832 Ideoque
469 2798 583 2830 dicebat,
593 2799 672 2825 Adam
682 2799 722 2826 ubi
732 2800 775 2826 es?
784 2800 851 2827 Alibi
861 2805 885 2828 te
894 2802 996 2836 reliqui,
1007 2802 1044 2828 in-

256 2843 322 2877 quit,
331 2847 357 2870 et
367 2843 427 2871 alibi
437 2851 506 2872 nunc
513 2844 619 2872 invenio
628 2853 634 2871 :
642 2845 732 2881 reliqui
743 2850 768 2872 te
777 2846 802 2873 in
814 2847 904 2874 fiducia
915 2853 939 2874 et
947 2848 1041 2883 gloria,

1088 204 1159 223 nunc
1173 201 1262 223 autem
1275 196 1379 223 invenio
1392 196 1418 222 in
1432 195 1588 223 confusione
1601 200 1628 223 et
1646 195 1761 223 sdentio.
1775 194 1810 222 Et
1824 201 1892 221 con-

1087 243 1176 270 sidera
1195 249 1287 270 curam
1311 241 1358 269 Dei
1374 250 1381 269 :
1397 249 1453 269 non
1471 241 1554 269 Evam
1576 242 1697 274 vocavit,
1711 249 1764 269 non
1779 240 1892 268 vocavit

1088 293 1239 324 serpentem
1251 309 1258 320 ,
1275 288 1321 316 sed
1344 289 1389 324 qui
1403 288 1521 315 omnium
1543 288 1677 316 levissime
1701 291 1862 322 peccaverat
1879 307 1888 319 ,

1089 333 1159 361 hunc
1180 333 1213 361 ad
1229 333 1358 368 judicium
1380 333 1494 368 primum
1512 332 1640 365 accersit,
1657 337 1685 359 ut
1708 332 1742 359 ab
1765 339 1799 360 eo
1814 331 1891 358 inci-

1088 380 1163 414 piens
1176 400 1184 411 ,
1200 380 1244 414 qui
1264 379 1351 414 aliqua
1365 383 1469 414 poterat
1483 378 1559 406 venia
1574 378 1662 413 potiri,
1678 378 1757 405 etiam
1781 377 1808 404 in
1824 384 1891 404 eam

1089 434 1148 461 qua:
1163 426 1275 453 multum
1291 430 1456 460 peccaverat,
1473 425 1606 452 mitiorem
1628 424 1694 452 ferat
1709 424 1889 451 sententiam.

1092 472 1126 499 Et
1138 471 1241 507 judices
1254 472 1360 507 quidem
1373 478 1518 499 conservos
1530 478 1604 503 suos,
1617 474 1645 497 et
1658 470 1776 504 ejusdem
1792 477 1890 497 secum

1091 523 1192 544 natura:
1208 517 1363 552 parlicipcs,
1383 524 1432 552 per
1448 516 1549 551 seipsos
1563 515 1707 543 examinari
1729 523 1781 542 non
1801 515 1892 542 susti-

1090 567 1170 596 nent,
1185 563 1232 590 sed
1250 562 1432 590 ministrorum
1445 561 1596 597 quempiam
1618 561 1666 588 sibi
1682 560 1798 588 medium
1823 568 1890 595 pro-

1090 612 1239 641 ponentes,
1254 607 1473 642 interrogationes
1494 606 1567 633 illum
1585 614 1647 633 suas
1668 605 1702 632 ad
1724 613 1797 633 reum
1822 613 1891 640 pro-

1090 655 1158 682 ferre
1168 655 1262 689 jubent
1274 675 1281 687 ,
1295 659 1323 682 et
1334 662 1380 689 per
1395 654 1480 688 ipsum
1501 660 1674 688 qumcumque
1688 653 1781 685 velint,
1792 652 1891 679 dicunt

1090 707 1117 728 et
1135 700 1264 732 audiunt,
1279 699 1342 727 dum
1366 706 1426 726 reos
1440 699 1592 726 examinant
1606 707 1612 729 ;
1628 698 1697 725 Deus
1720 704 1808 725 autem
1824 705 1891 724 me-

1091 745 1193 773 diatore
1209 745 1282 772 nullo
1295 744 1328 772 ad
1346 744 1480 772 hominem
1495 751 1562 778 opus
1576 743 1684 777 habuit,
1701 743 1747 770 sed
1767 743 1825 778 ipse
1841 750 1891 777 per

1090 792 1205 826 scipsutn
1219 791 1339 825 judicat,
1354 795 1381 818 et
1402 790 1568 817 consolatur.
1584 789 1638 816 Nec
1659 789 1708 817 hoc
1729 794 1831 816 tantum
1845 794 1891 816 est

1091 836 1247 864 admirabile
1259 857 1266 868 ,
1288 836 1336 863 sed
1349 836 1429 863 etiam
1441 835 1513 870 quod
1527 836 1668 862 commissa
1682 835 1806 870 corrigat.
1835 834 1886 862 lu-

1091 882 1164 909 dices
1175 883 1245 909 enim
1258 889 1319 909 cum
1340 882 1456 908 latrones
1477 881 1596 915 ceperint
1608 885 1635 908 et
1653 881 1815 916 sacrilegos,
1830 887 1887 907 non

1090 927 1223 962 quomodo
1249 927 1320 962 ipsos
1341 926 1454 954 reddant
1473 926 1597 953 meliores
1620 926 1812 959 considerant,
1837 926 1888 953 sed

1091 972 1225 1007 quomodo
1238 973 1272 1000 ab
1295 972 1359 1007 ipsis
1379 976 1546 1007 peccatorum
1561 979 1653 1007 pwnas
1667 972 1790 1006 exigant;
1815 971 1891 999 Deus

1090 1023 1178 1045 autem
1193 1023 1298 1050 contra,
1313 1025 1372 1044 cuin
1386 1019 1500 1052 aliquem
1515 1017 1616 1052 ceperit
1631 1023 1795 1052 peccatorem
1806 1038 1813 1049 ,
1831 1024 1886 1043 non

1091 1062 1243 1090 considerat
1254 1063 1387 1098 quomodo
1402 1068 1488 1089 sumat
1503 1061 1675 1097 supplicium,
1688 1061 1735 1089 sed
1751 1061 1890 1097 quomodo

1091 1110 1177 1144 ipsum
1190 1109 1324 1144 corrigat,
1338 1113 1364 1136 et
1373 1108 1510 1136 meliorem
1534 1108 1611 1136 faciat
1624 1113 1652 1136 et
1665 1108 1691 1135 in
1706 1107 1826 1135 futurum
1848 1109 1889 1135 in-

1091 1156 1303 1191 expugnabilem.
1319 1156 1408 1190 ltaque
1421 1160 1448 1182 et
1464 1154 1547 1190 judex
1563 1155 1662 1190 pariter
1672 1175 1680 1188 ,
1695 1159 1723 1182 et
1742 1154 1866 1181 medicus
1879 1175 1889 1186 ,

1091 1207 1118 1230 et
1132 1202 1258 1237 magister
1271 1206 1312 1229 est
1327 1202 1396 1229 Deus
1408 1210 1415 1228 :
1426 1202 1524 1229 etenitn
1540 1205 1674 1236 tamquam
1686 1201 1766 1236 judex
1778 1201 1886 1228 exami-

1092 1253 1147 1279 nat.
1164 1252 1191 1276 et
1204 1253 1338 1283 tamquam
1360 1247 1480 1276 medicus
1496 1247 1624 1282 corrigit,
1639 1252 1666 1274 et
1678 1252 1811 1282 tamquam
1829 1254 1888 1273 ma-

1091 1294 1173 1328 gister
1186 1293 1274 1326 docet,
1290 1294 1478 1328 pra-.varicatos
1492 1293 1517 1319 in
1531 1300 1637 1320 omnem
1655 1292 1822 1326 disciplinain
1844 1292 1887 1318 in-

1091 1339 1202 1367 ducens.
1219 1339 1246 1366 Si
1267 1347 1330 1366 vero
1347 1347 1428 1366 unum
1447 1343 1474 1366 ct
1488 1339 1568 1366 breve
1589 1338 1699 1365 verbum
1714 1341 1814 1364 tantam
1840 1337 1889 1364 Dei

1091 1393 1183 1413 curam
1198 1385 1400 1419 demonstravit,
1411 1385 1474 1421 quid
1489 1386 1511 1412 si
1531 1390 1612 1412 totam
1627 1385 1700 1412 vobis
1722 1385 1797 1412 litem
1811 1385 1888 1419 legeâ€”

1093 1439 1196 1464 remus,
1209 1436 1237 1458 et
1251 1431 1352 1466 integra
1364 1431 1559 1466 explicaremus
1573 1435 1744 1458 monumenta
1757 1431 1768 1456 ?
1789 1430 1889 1457 Cernis

1092 1476 1226 1510 quomodo
1243 1481 1295 1502 tota
1309 1476 1445 1510 Scriptura
1460 1476 1606 1503 consolatio
1619 1480 1660 1503 est
1674 1481 1700 1502 et
1713 1475 1865 1502 exhortatio
1875 1476 1888 1502 ?

1092 1522 1126 1550 Et
1138 1522 1188 1549 hoc
1200 1522 1307 1557 quidem
1321 1529 1439 1557 congruo
1459 1528 1577 1556 tempore
1591 1522 1710 1548 dicemus
1726 1530 1733 1548 :
1747 1526 1810 1548 ante
1830 1520 1888 1548 hare

1091 1573 1180 1595 autem
1196 1569 1374 1595 necessarium
1389 1573 1429 1596 est
1443 1567 1533 1595 dicere
1545 1588 1553 1600 ,
1567 1567 1672 1602 quando
1686 1567 1754 1594 liber
1767 1567 1810 1594 hic
1826 1566 1887 1594 edi-

1093 1620 1135 1642 tus
1159 1615 1228 1642 fuit:
1246 1623 1297 1643 non
1321 1616 1392 1642 enim
1416 1615 1442 1642 in
1463 1615 1610 1650 principio,
1634 1622 1687 1641 non
1710 1614 1801 1641 statim
1826 1619 1888 1648 post

1093 1661 1176 1688 Adam
1200 1661 1257 1687 ba:c
1279 1661 1376 1695 scripta
1391 1665 1473 1693 sunt,
1488 1660 1534 1687 sed
1548 1663 1606 1694 post
1620 1660 1717 1686 multas
1731 1659 1885 1694 generatio-

1093 1714 1140 1734 nes
1155 1715 1161 1732 :
1175 1711 1202 1733 et
1218 1713 1307 1740 opera:
1326 1706 1437 1740 pretium
1451 1709 1490 1733 est
1501 1713 1638 1740 qua-rere,
1655 1712 1704 1732 cur
1716 1709 1776 1739 post
1789 1704 1887 1731 multas

1093 1752 1296 1788 generationes,
1317 1755 1344 1777 et
1371 1759 1418 1778 cur
1437 1751 1543 1778 tandem
1567 1751 1665 1778 Judmis
1687 1751 1845 1782 dumtaxat,
1859 1755 1887 1776 et

1093 1806 1146 1825 non
1159 1798 1281 1824 omnibus
1304 1797 1476 1824 hominibus?
1497 1805 1544 1824 cnr
1563 1796 1690 1824 Hebraica
1714 1797 1802 1831 lingua
1814 1817 1822 1828 ,
1839 1804 1887 1823 cur

1093 1844 1119 1871 in
1135 1844 1240 1871 deserto
1255 1844 1317 1870 Sina
1331 1844 1342 1869 ?
1355 1843 1445 1878 Neque
1458 1844 1528 1870 enim
1543 1843 1699 1878 simpliciter
1713 1843 1801 1870 locum
1814 1845 1885 1877 Apoâ€”

1093 1890 1177 1916 stolus
1193 1889 1381 1923 prmtcrcnrrit,
1395 1889 1443 1916 sed
1455 1889 1517 1916 etin
1534 1890 1583 1915 hoc
1596 1896 1718 1923 magnam
1730 1888 1809 1915 nobis
1822 1896 1886 1915 con-

1094 1935 1290 1968 templationem
1305 1934 1482 1965 demonstrat,
1495 1935 1533 1961 sic
1544 1934 1654 1970 diceps:
1672 1933 1734 1960 Ha'c
1749 1935 1816 1960 enim
1835 1934 1887 1960 duo

1093 1979 1414 2013 Testatnentasunt,ununt
1428 1988 1443 2005 a
1462 1985 1546 2006 monte
1566 1980 1629 2006 Sina
1644 1980 1671 2006 iu
1684 1980 1829 2006 servitutem
1840 1987 1886 2014 ge-

1093 2033 1184 2052 nerant
1199 2025 1276 2062 (Gal.
1289 2026 1316 2052 4.
1329 2025 1386 2061 24).

1130 2073 1156 2099 5.
1171 2070 1296 2097 Consueta
1305 2071 1339 2097 ad
1348 2072 1492 2106 juramenta
1506 2071 1606 2097 vitanda
1618 2071 1809 2098 exhortatio.â€”-
1817 2071 1887 2105 Quin

1093 2121 1121 2143 et
1134 2116 1183 2143 alia
1205 2117 1278 2151 plura
1292 2125 1411 2152 qurerere
1432 2118 1610 2144 necessarium
1633 2123 1724 2151 esset;
1746 2117 1794 2144 sed
1809 2118 1888 2145 video

1095 2167 1198 2196 tempus
1212 2163 1288 2189 nobis
1310 2171 1361 2190 non
1376 2164 1528 2198 permittere
1542 2168 1569 2190 ut
1582 2172 1733 2191 sermonem
1750 2169 1824 2191 tanto
1838 2171 1886 2199 pe-

1094 2207 1153 2242 lago
1167 2214 1363 2235 committamus
1375 2218 1381 2235 :
1398 2209 1457 2236 ideo
1469 2209 1509 2236 liis
1526 2209 1552 2236 in
1567 2218 1710 2244 congruum
1724 2215 1829 2244 tempus
1843 2210 1885 2237 di-

1095 2253 1164 2286 latis,
1179 2254 1273 2280 iterum
1288 2254 1321 2281 de
1333 2255 1439 2290 jurandi
1452 2255 1610 2283 abstinentia
1623 2257 1697 2283 vobis
1711 2257 1887 2290 disseremus,

1093 2304 1119 2326 et
1133 2299 1287 2333 rogabimus
1295 2302 1621 2335 charitatemvcstram,ut
1633 2303 1717 2329 multo
1735 2303 1808 2330 circa
1821 2303 1888 2329 lianc

1094 2353 1150 2372 rem
1177 2346 1266 2374 studio
1287 2352 1384 2374 ulatur.
1399 2347 1538 2380 Quomodo
1552 2348 1622 2374 enirn
1647 2356 1699 2374 non
1721 2348 1866 2375 absurdum
1879 2369 1887 2380 ,

1093 2398 1201 2420 servum
1223 2393 1328 2428 quidem
1351 2401 1403 2419 non
1422 2393 1518 2420 audere
1538 2394 1674 2420 dominum
1691 2395 1848 2421 nominatim
1863 2400 1889 2422 ct

1095 2437 1154 2466 sine
1177 2439 1284 2466 honoris
1307 2439 1460 2473 prmfationc
1480 2441 1630 2474 appellare,
1645 2442 1800 2475 angelorum
1826 2450 1889 2468 vero

1095 2483 1237 2511 Dominum
1253 2488 1352 2511 temere
1374 2489 1400 2510 ct
1421 2485 1591 2520 contetnplim
1608 2485 1705 2520 ubique
1725 2486 1848 2520 jactare?
1863 2493 1889 2513 et

1096 2529 1119 2556 si
1131 2529 1299 2563 Evangelium
1312 2530 1417 2564 quidem
1433 2537 1529 2565 capere
1541 2536 1662 2564 oporteat
1677 2531 1800 2558 manibus
1817 2532 1888 2565 lotis,

1096 2579 1123 2602 et
1135 2582 1194 2601 cum
1210 2575 1291 2601 multa
1310 2576 1458 2602 reverentia
1477 2581 1503 2603 et
1521 2576 1648 2611 religione
1670 2583 1788 2604 tremens
1806 2581 1834 2604 et
1857 2578 1888 2604 ti-

1097 2628 1172 2647 mens
1184 2621 1283 2653 sumis,
1302 2621 1436 2656 Evangelii
1451 2630 1515 2650 vero
1531 2623 1670 2650 Dominum
1685 2629 1786 2651 temere
1801 2625 1889 2660 lingua

1097 2666 1194 2699 passim
1209 2667 1322 2693 versas?
1337 2667 1382 2694 Vis
1405 2668 1508 2695 discere
1528 2668 1662 2702 quomodo
1683 2669 1770 2703 ipsum
1796 2670 1887 2704 appel-

1097 2711 1152 2738 lant
1171 2719 1291 2746 superna:
1304 2712 1421 2740 Virtutes
1431 2733 1440 2746 ,
1451 2721 1511 2741 cum
1525 2718 1624 2748 quanto
1637 2718 1754 2742 tremore
1764 2735 1771 2747 ,
1788 2721 1886 2750 quanto

1097 2756 1207 2784 horrore
1220 2777 1227 2788 ,
1240 2762 1336 2791 quanta
1355 2758 1555 2786 admiratione?
1574 2759 1630 2786 Vidi
1646 2759 1784 2786 Dominum
1804 2760 1888 2787 sedm-

1096 2808 1155 2835 tem,
1173 2803 1266 2838 inquit,
1279 2803 1306 2830 in
1321 2804 1412 2832 throno
1423 2806 1476 2832 alto
1490 2810 1513 2832 et
1525 2805 1636 2839 elevato,
1652 2811 1676 2833 et
1691 2806 1829 2841 Seraphim
1841 2812 1887 2834 sm.

1097 2849 1156 2877 bant
1171 2851 1236 2876 circa
1259 2850 1350 2885 ipsum,
1364 2856 1386 2877 ct
1403 2851 1545 2879 (laniabant
1559 2853 1623 2879 alter
1635 2852 1669 2879 ad
1681 2853 1798 2886 alterum,
1815 2858 1838 2880 et
1851 2854 1884 2880 di-
