1962 3121
172 146 207 174 9Ἲ
627 148 674 175 AD
693 148 853 178 POPIJLUM
865 151 971 180 sANTlC

1027 153 1122 183 ENUM
1151 155 1271 185 llOldtlL.
1293 158 1359 187 Vlll.
1790 170 1825 199 98

173 201 260 228 reboat
285 209 294 228 :
321 201 458 237 Sanctus,
484 209 605 239 sanctus,
628 207 880 238 sanctusabominls
895 209 976 240 ,Deus

172 246 289 273 Sabaoth
299 248 394 284 :pleua
410 251 495 278 omnis
511 256 578 279 terra
591 253 674 288 gloria
690 255 745 289 ejus
762 255 848 291 (Ioui.
862 256 889 283 6.
906 256 974 290 1-5).

163 293 270 329 ενίιιίςιί
281 301 342 321 cum
354 301 457 330 quanto
474 297 569 325 timore
578 319 587 332 ,
599 305 698 334 quanto
711 300 823 329 horrore
836 303 976 330 nominant

175 346 235 365 eum
250 339 432 374 gloriﬁcantes
447 348 475 370 et
497 343 635 373 laudantes
645 346 657 372 Ἰ
667 346 707 373 Tu
727 355 790 374 vero
811 348 839 375 in
851 349 976 383 precibus

172 384 281 418 quidem
297 390 325 414 et
337 389 578 422 supplicationibus
591 399 650 418 cum
664 393 748 420 multo
762 396 870 425 invocas
888 396 974 430 ipsum

164 422 295 464 torpore,
309 434 418 468 quando
432 435 590 464 horrescere
604 439 754 472 oportebat,
769 443 797 467 et
809 441 934 476 vigilare,
949 446 976 470 et

173 476 296 504 sobrium
325 486 407 506 esse:
425 480 451 507 in
468 481 583 515 jnrando
607 492 690 519 vero,
706 493 766 514 cum
794 495 843 515 neo
865 489 975 517 omnino

172 520 311 550 adducere
335 524 494 554 admirabile
517 535 613 556 nomen
639 531 798 565 oportebat,
815 535 887 561 varia
901 543 975 569 qum-

172 566 235 595 dam
248 574 277 596 et
290 569 343 597 alia
354 578 436 606 super
448 573 501 600 alia
513 576 650 603 connectis
662 577 824 610 juramenta.
845 580 876 607 Et
887 581 975 615 qualis

171 614 269 647 venia,
283 623 345 650 qua:
365 624 429 644 vero
451 618 528 646 nobis
547 621 598 648 erit
619 623 773 657 excusatio,
795 625 858 652 licet
878 626 976 655 millies

172 661 398 690 c0nsuetudinem
424 663 582 698 objiciamus
599 667 610 688 ’
637 667 739 696 Dicitur
766 670 836 704 quod
865 672 973 706 quidam

173 710 349 734 externorum
365 714 502 737 oratorum
517 710 554 746 (α)
574 719 628 746 pra:
641 714 754 748 quadam
769 716 850 743 stulta
861 725 976 745 consue-

175 751 268 778 tudine
281 752 422 781 dexterum
436 756 526 783 eundo
551 757 690 786 humerum
709 760 817 789 assidue
832 764 970 796 movebat.

173 797 220 823 sed
242 803 333 825 tamen
357 801 579 830 consuetudinem
603 804 685 838 vicit,
710 810 737 833 et
758 807 862 841 gladios
880 814 974 837 acutos

171 843 309 878 utrimque
321 845 441 873 humeris
456 847 591 882 imposuit,
609 855 636 876 ut
648 851 765 880 vulneris
779 854 974 886 timoremem-

172 888 249 915 hrum
261 889 353 925 inepte
367 898 397 919 se
415 900 525 921 movens
544 896 708 930 corrigeret:
726 897 778 926 hoc
790 904 816 926 et
831 904 858 926 tu
878 901 974 936 [iugum

172 932 267 966 facias,
285 940 313 962 et
329 936 380 971 ipsi
396 945 446 972 pro
458 939 546 974 gladio
563 940 659 969 divina:
681 951 767 977 paenae
787 932 975 976 timoremim—

173 987 257 1014 pone,
272 986 301 1009 et
323 983 437 1011 omnino
460 987 607 1020 superabis.
625 988 791 1024 Impossibile
813 993 902 1025 enim,
921 994 973 1021 im-

173 1028 316 1062 possibile,
341 1029 452 1065 inquam
465 1052 472 1063 ,
494 1038 534 1060 est
559 1034 719 1066 meditantes
733 1042 761 1064 et
782 1038 921 1067 studentes
946 1046 974 1069 et

171 1080 235 1106 opus
257 1073 309 1102 hoc
335 1075 469 1110 facientes
493 1086 618 1114 umquam
645 1083 777 1116 superari.
800 1084 874 1112 Dicta
902 1095 972 1114 nunc

170 1118 280 1146 laudatis
290 1140 298 1152 ,
316 1121 366 1148 sed
382 1129 446 1150 cum
462 1125 575 1152 correcti
586 1126 703 1160 fueritis,
716 1129 801 1164 magis
814 1130 974 1169 laudabitis,

194 1209 230 1241 (α)
246 1211 448 1238 Demosthenes.

153 1309 199 1330 ΔΙ)
219 1309 400 1334 νιιιτυἸ-Ειιι
425 1313 699 1350 ΕΧΠΟΙῙΤΔΤΙρδ-ΕΤ
719 1316 752 1350 ll!
774 1317 869 1350 ":LUD
889 1319 1029 1350 GENESIS,

621 1345 710 1385 (Gen.
734 1347 764 1377 3.
786 1348 831 1386 8),

484 1487 594 1509 IIOIILIA
613 1489 668 1509 Vl".

189 1545 215 1572 ι.
232 1544 366 1574 Audistis
381 1554 481 1582 nuper,
496 1548 632 1583 quomodo
645 1550 733 1578 omnis
746 1550 884 1586 Scriptura
903 1560 971 1581 con—

153 1590 323 1621 solationem
348 1592 447 1620 atterat
462 1598 489 1621 et
502 1593 687 1630 refrigerium,
710 1596 774 1626 licet
788 1597 915 1626 historica
936 1600 972 1627 sit

157 1637 290 1668 narratio.
308 1638 420 1665 Etenim
435 1639 499 1666 illud
513 1651 518 1668 :
530 1639 565 1667 In
575 1641 704 1676 principia
723 1642 782 1677 fecit
794 1642 864 1671 Deut
881 1645 972 1672 calum

159 1687 184 1708 et
205 1688 303 1713 terram
327 1683 417 1719 (Gen.
433 1685 460 1712 l.
475 1685 487 1712 l
500 1685 523 1721 ),
543 1686 663 1721 historia:
681 1689 813 1723 expositio
834 1694 909 1718 erat:
924 1692 971 1719 sed

164 1727 367 1756 demonstravit
390 1731 478 1758 oratio
500 1737 527 1758 et
551 1732 633 1760 multa
657 1733 763 1768 plenam
788 1736 972 1764 consolatione

164 1773 311 1803 dictionem
326 1783 390 1805 esse
407 1785 414 1803 :
430 1777 508 1811 quale
523 1783 573 1812 est,
587 1779 657 1814 quod
669 1779 800 1815 duplicent
813 1781 883 1809 Deus
893 1791 971 1810 men-

166 1828 223 1847 sam
236 1820 351 1854 fecerit,
367 1826 469 1850 terram
483 1829 510 1851 et
525 1832 600 1852 mare
614 1825 692 1853 simul
708 1834 810 1861 ponens
825 1837 832 1854 :
848 1832 875 1856 et
889 1828 969 1857 lumi-

169 1866 239 1893 naria
254 1868 376 1902 gemina,
393 1869 478 1896 solem
492 1874 519 1898 et
528 1869 617 1898 lunam
634 1878 749 1906 superne
763 1873 912 1901 accendens
925 1883 932 1901 :
944 1878 971 1902 et

169 1911 282 1947 duplicis
302 1921 400 1941 cursus
420 1919 542 1951 tempus,
558 1915 630 1944 diem
653 1922 681 1950 et
704 1923 808 1946 nectent
825 1924 968 1954 operatus:

172 1958 244 1985 illum
257 1960 366 1994 quidem
384 1960 410 1987 in
426 1962 623 1996 operationem,
642 1963 710 1991 hanc
723 1964 748 1990 in
762 1965 891 1999 requiem.

207 2005 297 2033 Noctis
320 2006 475 2034 utilitas.—
488 2007 546 2035 Non
567 2008 638 2036 enim
662 2009 751 2037 minus
772 2011 948 2043 ministerium
961 2032 969 2045 ,

171 2059 248 2086 quam
264 2052 322 2081 dies
338 2054 417 2082 nobis
438 2062 490 2081 nox
509 2054 602 2089 atlert;
623 2056 671 2083 sed
695 2056 763 2084 sicut
783 2057 810 2085 in
831 2058 971 2086 arboribus

173 2097 242 2130 dixi,
256 2099 328 2134 quod
343 2099 487 2128 fructuosis
504 2101 677 2130 infructuosa:
696 2104 818 2131 aemulam
834 2105 971 2140 prazbeant

173 2144 323 2179 utilitatem,
340 2146 469 2174 iacientes
483 2155 518 2175 ne
529 2155 657 2183 cogamur
669 2149 702 2176 ad
717 2150 828 2178 :editicia
839 2151 970 2180 domesti-

174 2196 217 2217 cas
231 2190 342 2218 arbores
353 2192 484 2227 attingere
495 2201 504 2220 :
514 2198 540 2220 et
550 2194 738 2223 mansuefactis
747 2196 906 2228 animalibus
916 2205 968 2227 non

173 2238 302 2265 minorem
317 2239 396 2266 nobis
410 2239 552 2268 utilitatem
573 2242 713 2277 sylvastria
731 2247 758 2271 et
779 2243 889 2272 immitia
902 2245 970 2274 atl'e-

173 2287 243 2314 runt,
259 2291 320 2317 qua:
335 2284 433 2312 timore
446 2285 487 2312 sui
502 2294 552 2314 nos
565 2287 591 2314 in
605 2288 685 2319 urbes
700 2290 880 2324 compellunt,
904 2291 969 2319 red-

171 2327 236 2355 dunt
257 2329 411 2362 cautiores,
434 2334 462 2357 et
483 2339 532 2359 nos
556 2337 648 2361 tnutuo
672 2335 874 2370 constringunt,
889 2341 969 2372 atque

172 2372 266 2402 borum
279 2375 388 2410 quidem
401 2382 528 2404 exercent
544 2379 680 2410 virtutem.
696 2380 802 2409 illorum
817 2390 881 2410 vero
893 2391 967 2411 mor-

172 2419 219 2447 bos
235 2421 364 2456 solvunt;
386 2423 468 2451 multa
484 2425 554 2452 enim
569 2434 602 2453 ex
617 2427 650 2456 iis
664 2428 856 2458 medicamenta
870 2431 969 2459 medici

171 2467 332 2501 conﬁciunt;
355 2469 458 2505 antiqui
487 2470 550 2499 item
579 2479 629 2499 nos
653 2474 758 2508 peccati
784 2482 966 2505 commonent.

171 2512 235 2540 Cum
249 2513 322 2541 enim
335 2514 448 2542 audiero
458 2537 466 2548 ,
483 2515 569 2544 Timor
582 2522 662 2545 uerter
681 2519 727 2546 erit
740 2528 816 2555 super
828 2530 914 2551 omnes
926 2523 969 2550 be-

172 2559 230 2585 stia:
245 2564 319 2587 terra
327 2558 407 2596 (Gen.
419 2561 446 2589 9.
456 2561 495 2598 2),
508 2567 536 2590 et
549 2568 640 2598 postea
652 2564 780 2593 honorem
795 2566 864 2595 hunc
877 2569 968 2596 subla-

173 2609 224 2631 tum
248 2605 363 2640 videro,
384 2608 486 2642 peccati
511 2609 681 2644 reminiscar,
703 2611 774 2646 quod
795 2617 823 2641 et
844 2613 967 2642 timorem

174 2650 254 2677 nostri
269 2650 404 2683 dissolvit.
419 2657 447 2679 et
460 2653 637 2691 principatum
659 2655 811 2690 imminuit,
826 2663 853 2686 et
867 2659 968 2687 eiticiar

172 2695 263 2722 melior
274 2700 303 2723 et
315 2697 484 2731 prudentior,
498 2698 625 2727 damnum
637 2709 670 2728 ex
685 2707 796 2736 peccato
810 2703 888 2734 nobis
903 2705 964 2733 illa-

172 2743 223 2766 tum
237 2741 445 2777 contemplatus.
466 2742 542 2772 Sicut
562 2745 643 2780 igitur
654 2765 662 2779 ,
676 2746 747 2781 quod
761 2751 788 2774 et
801 2752 878 2778 antea
893 2749 948 2777 dixi
959 2771 967 2785 ,

170 2784 201 2812 ad
215 2786 295 2813 vitam
312 2786 392 2814 nobis
404 2789 494 2815 omnia
506 2790 649 2818 conferunt
660 2792 718 2820 haec
731 2800 791 2828 qua:
805 2794 875 2821 dicta
886 2800 966 2831 sunt,

171 2836 195 2858 ct
209 2832 261 2860 alia
276 2832 320 2861 bis
335 2833 429 2868 plura,
439 2842 498 2870 quae
512 2837 557 2871 qui
569 2836 633 2864 fecit
646 2837 717 2866 Deus
729 2859 737 2872 ,
752 2839 810 2874 ipse
821 2841 895 2868 novit
909 2851 915 2868 :
931 2843 966 2870 ita

169 2878 275 2912 quidem
300 2883 332 2907 et
355 2886 410 2908 nox
436 2887 489 2908 non
509 2881 658 2917 minorem,
678 2891 757 2920 quam
781 2884 839 2913 dies
853 2905 862 2920 ,
889 2894 966 2915 usum

1030 219 1083 239 non
1096 217 1198 242 tantum
1214 223 1263 243 nos
1272 238 1280 250 ,
1291 217 1338 245 sed
1351 223 1378 245 et
1391 227 1439 247 vos
1453 221 1524 256 ipsos
1535 243 1541 254 ,
1551 228 1578 251 et
1593 232 1653 252 cum
1668 227 1770 261 majore
1782 239 1825 257 νη-

1029 256 1130 291 luptate
1139 260 1252 288 audietis
1265 270 1324 296 quas
1338 263 1461 293 dicentur
1470 285 1482 300 ,η
1491 273 1517 296 et
1529 277 1591 297 cum
1603 279 1667 306 pura
1682 276 1824 304 conscien-

1030 303 1064 330 tia
1081 304 1162 332 Deum
1175 306 1342 343 invocabitis,
1359 312 1403 345 qui
1417 317 1518 341 tantum
1532 316 1577 343 tibi
1594 303 1687 352 parcit,
1700 325 1728 347 ut
1741 321 1822 355 dicat,

1030 348 1121 384 Neque
1138 360 1183 386 per
1194 359 1270 389 caput
1283 360 1352 382 tuum
1359 357 1461 391 jurabia
1472 359 1578 396 (Matt/1.
1633 348 1702 400 56$;
1717 371 1744 393 tu

1028 396 1068 423 sic
1083 397 1167 432 ipsum
1180 401 1331 429 contemnis
1341 423 1348 436 ,
1363 408 1390 430 ut
1408 409 1434 431 et
1449 413 1498 440 per
1515 407 1596 442 ipsius
1610 410 1722 444 gloriam
1735 414 1821 448 jures.

1028 441 1062 468 Et
1075 443 1137 477 quid
1152 444 1246 472 i'aciam
1260 468 1268 480 ,
1287 447 1389 483 inquiet
1410 451 1505 486 aliquis
1518 441 1532 484 ,ί
1541 441 1669 483 adversus
1688 441 1754 493 eos',
1778 441 1822 496 qui

1027 490 1214 518 necessitatem
1248 492 1397 522 inducunt?
1427 496 1537 531 Qualem
1574 490 1822 537 necessitatum-0

1028 532 1131 561 homo?
1149 535 1256 565 Discant
1278 546 1371 568 omnes
1393 546 1419 569 te
1441 544 1530 571 omnia
1553 546 1632 574 malle
1658 549 1726 582 pati,
1741 558 1822 585 quam

1028 578 1075 606 Dei
1086 579 1170 615 legem
1180 585 1339 618 transgredi,
1348 591 1376 613 et
1388 587 1421 614 ab
1433 588 1568 617 inferenda
1584 578 1742 623 necessitate
1750 578 1824 625 desi-

1027 628 1107 652 stent.
1123 626 1198 659 Quod
1208 630 1278 656 enim
1295 639 1347 658 non
1360 633 1543 666 juramentum
1554 637 1723 674 fide‘dignum
1735 642 1823 670 homi-

1016 678 1088 697 nem
1104 671 1196 707 faciat,
1209 675 1258 702 sed
1281 677 1342 704 vitae
1357 680 1553 715 testimonium,
1569 688 1597 711 et
1611 688 1823 717 conversationis

1027 715 1164 751 integritas
1174 739 1182 752 ,
1195 724 1222 747 et.
1235 729 1312 749 mens
1327 723 1394 751 bona
1405 746 1413 758 ,
1428 734 1500 762 smpe
1514 730 1589 756 multi
1601 730 1721 765 iurantes
1734 734 1823 762 disru-

1027 762 1064 796 pti
1088 769 1168 798 sunt,
1182 770 1210 793 et
1230 774 1283 794 non
1308 776 1572 807 persuaserunt;-alii
1593 784 1659 804 vero
1673 785 1822 808 annuentcs

1027 812 1145 842 tantum,
1167 812 1253 840 multo
1273 814 1370 848 juratis
1393 817 1446 845 fide
1469 819 1604 855 digniores
1630 831 1822 858 apparuerunt.

1026 854 1090 882 llaec
1106 856 1184 891 igitur
1206 860 1296 887 omnia
1317 862 1432 891 scientes
1442 885 1449 897 ,
1464 870 1496 892 et.
1505 874 1610 900 poenam
1629 870 1781 904 jurantibus
1795 878 1823 900 et

1028 901 1206 935 pejerantibus
1232 911 1357 935 statutam
1385 915 1447 938 ante
1472 913 1564 941 oculos
1590 923 1743 951 ponentes,
1767 920 1822 946 im-

1028 947 1109 980 proba
1125 952 1318 980 consuetudine
1329 954 1499 990 absistamus,
1512 963 1540 986 ut
1554 960 1616 988 hinc
1631 967 1657 989 et
1671 963 1703 990 ad
1720 963 1822 999 reliqua

1025 993 1180 1026 gradientes
1195 997 1301 1026 virtutis
1315 1007 1407 1035 opera,
1421 1010 1617 1040 consequamur
1628 1007 1696 1036 bona
1713 1009 1800 1038 futura
1813 1021 1820 1039 :

1026 1045 1086 1071 quin
1101 1047 1149 1066 nos
1165 1048 1259 1070 omnes
1276 1047 1380 1081 assequi
1400 1047 1494 1083 detur,
1508 1052 1592 1086 gratia
1610 1058 1638 1081 et
1659 1054 1821 1090 benignitate

1025 1083 1129 1113 Domini
1149 1089 1232 1116 nostri
1250 1089 1314 1117 Jesu
1334 1092 1450 1127 Christi,
1465 1103 1514 1130 per
1532 1105 1611 1132 quem
1635 1105 1662 1127 et
1683 1108 1744 1128 cum
1766 1111 1820 1138 quo

1028 1128 1047 1138 η
1066 1134 1071 1138 .
1091 1131 1096 1136 .
1285 1136 1298 1138 ς

1466 1128 1472 1130 _
1541 1128 1549 1132 _
1769 1128 1817 1138 τ.-

1019 1128 1098 1159 εΡίΙΙ-Γί
1120 1139 1171 1160 una
1194 1141 1253 1161 cum
1281 1136 1383 1171 Spiritu
1409 1147 1502 1169 sancto
1526 1143 1629 1177 gloria,
1657 1146 1797 1181 imperium
1812 1169 1820 1181 ,

1025 1173 1213 1210 honor,nunc
1234 1185 1261 1208 et
1285 1190 1407 1219 semper,
1422 1191 1449 1213 et
1473 1188 1499 1215 in
1526 1191 1623 1218 smcula
1649 1194 1819 1223 saeculorum.

1024 1222 1120 1250 Amen.

1042 1324 1277 1350 DEAHBULABAT
1298 1331 1378 1354 DEUS
1400 1333 1433 1356 ΙΝ
1456 1335 1592 1359 MERIDIE
1614 1339 1646 1361 IN
1668 1341 1822 1367 PARADISO

858 1359 899 1381 ΕΤ
921 1360 962 1383 DE
984 1362 1154 1388 FUGIENDIS
1170 1367 1378 1393 JURAMENTIS.

1027 1489 1112 1524 atl‘ert,
1127 1499 1187 1520 cum
1202 1493 1323 1523 laborum
1337 1497 1373 1525 sit
1387 1500 1502 1534 requies,
1520 1508 1546 1529 et
1561 1505 1715 1533 morborum
1735 1509 1819 1536 medi-

1023 1534 1094 1562 cina.
1115 1537 1193 1572 Smpe
1214 1540 1285 1567 enim
1310 1543 1403 1571 medici
1425 1547 1506 1574 multa
1529 1551 1641 1584 operati,
1664 1557 1692 1579 et
1713 1553 1815 1582 infinita

1024 1582 1200 1612 medicamina
1215 1586 1310 1620 moliti,
1325 1596 1340 1615 a
1354 1590 1447 1618 morbo
1461 1599 1560 1627 aegrum
1575 1595 1688 1624 liberare
1705 1606 1757 1625 non
1772 1607 1819 1634 p0-

1025 1633 1151 1663 tuerunt;
1175 1640 1284 1661 somnus
1306 1641 1395 1664 autem
1420 1644 1516 1673 sponte
1541 1641 1696 1677 adveniens,
1712 1633 1819 1675 omnem

1024 1675 1103 1703 solvit
1116 1678 1299 1712 aegritudinem
1309 1702 1317 1714 ,
1333 1687 1361 1710 et
1380 1683 1490 1712 intinitis
1504 1686 1556 1714 illis
1571 1675 1705 1718 laboribus
1721 1691 1818 1720 libera-

1024 1722 1079 1750 vit:
1095 1731 1144 1751 nec
1156 1726 1256 1754 morbis
1276 1731 1376 1756 tantum
1393 1733 1512 1766 corporis
1523 1753 1531 1766 ,
1547 1734 1593 1762 sed
1608 1740 1634 1763 et
1648 1738 1743 1765 anima:
1763 1747 1819 1767 nox

1024 1772 1065 1795 est
1079 1770 1222 1805 medicina,
1234 1773 1356 1802 dolentes
1366 1777 1469 1805 animas
1482 1780 1587 1807 sedans.
1600 1781 1676 1817 Saepe
1686 1785 1818 1820 quispiam

1024 1820 1164 1851 postquam
1177 1818 1259 1846 tilium
1273 1822 1378 1855 amisit,
1395 1824 1542 1854 innumeris
1562 1828 1600 1856 illi
1622 1832 1819 1860 consolationes

1024 1861 1203 1897 offerentibus,
1220 1873 1235 1892 a
1249 1865 1354 1895 ﬂetibus
1365 1873 1392 1896 et
1402 1871 1500 1905 gemitu
1511 1872 1639 1903 desistere
1651 1884 1704 1904 non
1718 1878 1817 1912 valuit;

1025 1911 1103 1935 nocte
1117 1916 1180 1936 vero
1191 1913 1409 1948 superveniente,
1422 1918 1509 1944 somni
1521 1920 1601 1946 cessit
1614 1921 1726 1956 imperio
1737 1931 1818 1958 supe-

1024 1958 1098 1982 ratus
1110 1976 1116 1987 ,
1133 1956 1274 1991 palpebras
1286 1959 1319 1986 ad
1337 1968 1460 1990 somnum
1476 1966 1638 2000 composuit,
1655 1972 1683 1995 et.
1696 1971 1817 2005 exiguam

1024 2001 1173 2036 quampiam
1188 2003 1344 2033 diurnorum
1359 2007 1431 2042 cepit
1451 2009 1581 2037 malorum
1595 2013 1816 2042 consolationem.
1834 2021 1837 2025 ί

1024 2045 1081 2080 Age
1091 2054 1154 2074 vero
1164 2047 1219 2082 jam
1233 2050 1266 2076 ad
1278 2052 1416 2079 materiam
1429 2061 1521 2081 eamus
1535 2056 1604 2084 unde
1616 2060 1745 2092 processit
1758 2068 1820 2087 ora-

1025 2092 1070 2119 tio.
1083 2092 1148 2121 Nam
1160 2095 1243 2129 probe
1254 2098 1314 2124 novi
1326 2106 1373 2125 vos
1386 2099 1448 2127 huic
1461 2109 1553 2129 omnes
1563 2103 1676 2138 inhiare,
1688 2111 1715 2133 et
1725 2115 1820 2141 quem-

1025 2147 1077 2175 que
1101 2141 1207 2170 discere
1229 2149 1356 2178 exoptare
1382 2154 1433 2180 qua
1454 2147 1488 2175 de
1510 2156 1590 2177 causa
1611 2158 1664 2178 non
1687 2151 1721 2179 ab
1743 2153 1823 2180 initio

1023 2186 1112 2214 editus
1124 2188 1159 2214 sit
1173 2188 1216 2215 hic
1228 2188 1297 2217 liber
1311 2199 1318 2217 :
1333 2192 1380 2219 sed
1396 2200 1482 2228 neque
1494 2202 1565 2222 nunc
1579 2198 1752 2231 expositionis
1765 2199 1821 2226 ltu-

1020 2233 1065 2268 jus
1086 2242 1146 2262 esse
1169 2240 1274 2271 tempus
1295 2238 1382 2266 video.
1397 2240 1466 2274 Quid
1487 2241 1521 2269 ita
1545 2243 1724 2273 tandemiAd
1738 2246 1820 2274 linem

1024 2280 1101 2309 nobis
1116 2281 1174 2309 haec
1187 2282 1293 2310 devenit
1308 2285 1469 2319 hebdomas,
1486 2292 1513 2314 et
1533 2290 1672 2317 materiam
1688 2292 1823 2327 attingere

1024 2333 1133 2361 metuo,
1152 2329 1251 2357 deinde
1274 2331 1362 2359 statim
1389 2333 1584 2369 expositionem
1609 2337 1816 2374 intercepturos.

1022 2373 1111 2403 Multis
1136 2376 1206 2402 enim
1230 2376 1325 2405 diebus
1346 2386 1413 2413 opus
1438 2379 1519 2408 habet
1539 2381 1590 2410 hoc
1612 2373 1796 2418 argumentum
1812 2407 1819 2419 ,

1022 2420 1133 2456 ejusque
1158 2423 1257 2450 mentio
1282 2424 1436 2459 frequenter
1461 2426 1581 2455 habenda
1605 2430 1691 2457 :ideo
1710 2439 1821 2459 rursum

1022 2466 1108 2500 ipsum
1130 2467 1293 2496 ditl‘eramus.
1307 2469 1359 2497 Sed
1373 2479 1408 2498 ne
1420 2480 1491 2508 aegre
1509 2473 1600 2501 feratis
1610 2496 1618 2509 ,
1634 2483 1694 2503 cum
1715 2476 1820 2505 foenore

1022 2512 1097 2540 vobis
1111 2514 1220 2541 omnino
1233 2514 1351 2543 debitum
1365 2517 1507 2546 reddemus
1520 2529 1526 2546 :
1541 2520 1580 2548 sic
1593 2521 1664 2548 enim
1680 2527 1706 2550 et
1721 2524 1798 2551 nobis
1810 2526 1817 2540 ¹

1021 2559 1065 2593 qui
1087 2560 1263 2594 persolvimus
1276 2563 1401 2598 expedit:
1416 2572 1487 2592 nunc
1512 2573 1600 2594 autem
1620 2568 1727 2596 interim
1743 2570 1816 2597 dicc-

1023 2612 1082 2631 mus
1095 2605 1164 2639 quod
1175 2607 1231 2634 heri
1244 2607 1365 2636 relictum
1379 2609 1437 2637 fuit.
1447 2610 1514 2645 Quid
1524 2617 1612 2640 autem
1625 2613 1680 2641 heri
1694 2615 1818 2642 relictum

1021 2649 1089 2678 fuit?
1105 2650 1296 2686 Deambulabat,
1313 2654 1408 2690 inquit,
1424 2655 1492 2684 Deus
1506 2658 1532 2684 in
1545 2660 1664 2694 paradiso
1675 2659 1702 2687 in
1713 2662 1816 2690 meridie

1022 2694 1098 2730 (Gen.
1111 2697 1137 2724 5.
1153 2697 1191 2733 8).
1204 2697 1272 2732 Quid
1287 2699 1336 2733 ais,
1351 2699 1537 2730 Deambulabat
1551 2703 1640 2732 Dem?
1649 2705 1707 2733 Non
1724 2706 1815 2734 deam-

1020 2741 1148 2770 bulabat:
1165 2745 1299 2779 quomodo
1323 2746 1394 2774 enim
1420 2747 1517 2783 ubique
1540 2757 1660 2785 prmsens
1678 2756 1706 2779 et
1726 2754 1816 2780 omnia

1019 2789 1150 2824 implens?
1165 2793 1213 2820 sed
1235 2794 1260 2821 in
1283 2795 1367 2822 Adam
1386 2796 1467 2824 talem
1479 2805 1586 2825 sensum
1601 2799 1704 2833 posuit,
1723 2805 1751 2827 ut
1769 2808 1814 2828 se-

1021 2835 1107 2870 ipsum
1120 2839 1282 2873 corriperet,
1299 2848 1332 2868 ne
1345 2841 1490 2870 dissolutus
1502 2848 1590 2876 esset,
1607 2849 1635 2872 ut
1648 2844 1772 2881 fugiendo
1787 2851 1813 2873 et

1054 2895 1061 2910 ¹
1081 2897 1104 2919 tn
1117 2899 1168 2920 sav.
1182 2895 1232 2928 leg.
1248 2905 1254 2922 :
1269 2900 1296 2923 Et
1305 2897 1369 2923 vobis
1380 2902 1403 2924 et
1414 2898 1488 2924 nobis.
