1962 3121
217 155 251 183 99
568 153 596 181 S.
616 153 755 182 JOANNIS
773 153 1008 183 CHRYSOSTOMI
1029 155 1186 186 ARClllEP.
1207 157 1474 190 CONSTANTINOP.

216 212 321 240 latendo
335 212 450 246 aliquam
461 211 639 239 excusationis
653 217 753 246 partem
767 211 952 246 prietcnderet,
964 212 1005 239 vel

215 263 277 285 ante
300 258 354 292 ipsa
377 257 467 284 verba.
489 256 563 284 Sicut
586 258 629 292 qui
655 260 680 284 in
705 257 833 292 judicium
860 257 1008 284 adducendi

215 309 286 335 sunt,
301 303 504 330 commissorum
522 311 613 337 poenas
623 303 744 336 subituri,
761 303 885 338 squalidi,
897 304 1008 330 sorden-

215 354 272 382 tes,
292 349 400 380 triSIes,
414 348 559 384 contempti
571 348 752 382 jndieantibus
771 353 913 384 apparent,
932 354 959 375 ut
972 357 1004 376 ex

215 395 303 429 habitu
318 394 389 429 ipsos
404 394 437 421 ad
453 394 644 421 humanitatem
664 398 691 420 et
703 394 807 421 veniam
819 398 847 421 et
858 394 1007 421 misericor-

212 439 283 466 diam
299 440 407 467 trahant
421 449 427 468 :
443 440 480 467 sic
493 444 521 467 et
534 440 560 467 in
576 440 660 466 Adam
681 439 779 467 factum
794 445 846 467 est.
862 441 1008 474 Oportebat

213 486 283 513 enim
307 487 450 514 demissum
474 487 500 514 in
523 487 651 519 judicium
678 486 728 514 hoc
753 487 840 518 trahi;
869 492 1006 520 propterea

216 533 346 568 praevenit
367 533 452 567 ipsum
469 533 537 559 Deus
548 553 554 565 ,
570 537 598 559 et
610 532 745 566 corripuit.
763 533 814 560 Sed
829 532 898 567 quod
913 533 1007 567 aliquis

215 579 398 607 deambularet
420 579 522 606 sensit:
538 579 607 606 unde
620 586 684 606 vero
704 580 828 613 cogitavit
846 579 916 614 quod
938 579 1007 606 Deus

214 626 415 654 deambularet?
426 625 498 653 Talis
512 629 553 653 est
568 626 734 660 peccantium
750 625 932 652 consuetudo:
950 633 1007 652 om-

213 673 255 699 nia
270 677 391 706 suspecta
406 671 513 703 habent,
531 672 639 698 umbras
651 675 776 700 tremunt.
789 678 895 697 onmem
909 670 1005 704 strepi-

199 726 268 744 -'.ttm
284 719 386 748 timent,
400 724 531 752 quemque
545 721 637 751 putattt
651 721 742 743 contra
758 724 787 743 se
798 716 898 743 venire.
910 716 1005 743 Multos

215 764 293 799 igitur
304 771 374 798 saepe
384 763 528 797 conspicati
539 763 571 789 ad
584 763 653 789 aliud
667 763 841 789 ministerium
856 767 1003 795 currentes,

213 810 246 836 ad
260 817 289 836 se
304 809 395 836 venire
410 810 593 843 cogitaverunt
606 814 758 843 peccatores
772 818 778 835 :
794 813 821 835 et
832 809 890 835 aliis
900 809 952 835 alia
966 809 1005 836 in-

213 861 253 883 ter
264 863 294 882 se
306 855 511 887 disserentibus,
528 855 629 889 peccati
645 855 694 882 sibi
710 855 774 890 ipsis
790 855 890 883 conscii
911 860 1005 891 putant

211 901 270 928 illos
284 900 318 927 de
330 907 359 934 se
372 901 554 928 sermocinari.

243 942 270 969 2.
292 943 364 970 Talis
375 944 446 970 enim
460 951 504 971 res
517 949 654 978 peceatum
669 950 710 972 est
721 965 728 978 ,
752 946 826 974 nutio
846 950 935 981 prodit
957 955 1003 974 ar-

208 992 305 1021 gnente
317 1009 325 1020 ,
339 989 412 1016 nullo
426 988 591 1017 condemnat
607 995 749 1018 accusante
762 1011 770 1023 ,
791 992 915 1026 pavidum
942 993 1005 1020 facit

209 1038 236 1060 et
260 1034 381 1062 timidum
403 1040 569 1070 peceatorem
583 1056 591 1069 ,
614 1036 683 1063 sicut
704 1037 806 1072 justitia
830 1039 1002 1066 contrarium.

209 1079 280 1106 Audi
294 1080 373 1115 igitur
386 1081 521 1116 quomodo
535 1087 561 1109 et
577 1082 655 1118 hujus
669 1091 794 1117 pavorem
809 1105 816 1114 .
837 1089 863 1110 et
883 1085 953 1111 illius
972 1085 1005 1111 li—

207 1121 339 1148 bertatem
357 1124 497 1158 Scriptura
509 1126 677 1161 designavit:
689 1127 769 1163 Fugit
782 1128 879 1164 impius
897 1130 1003 1156 nemine

205 1174 374 1202 persequente
391 1168 484 1203 (I’rov.
504 1170 549 1198 28.
567 1172 606 1206 l),
625 1173 723 1208 inquit.
746 1173 888 1207 Quomodo
907 1184 1000 1210 perse-

204 1217 302 1246 quente
316 1214 422 1241 nemine
438 1215 526 1250 fugit?
546 1217 619 1244 lntus
633 1218 710 1245 habet
725 1225 847 1254 agentem
863 1223 1002 1250 conscien-

205 1257 249 1284 tia:
274 1264 457 1287 accusatorem
471 1281 478 1294 ,
504 1266 531 1288 et
555 1262 626 1290 hunc
649 1264 746 1299 ubique
768 1266 921 1294 circmnfert
944 1277 950 1295 :
974 1274 1001 1296 et

204 1303 274 1330 sicut
287 1304 404 1339 Seipsum
420 1314 472 1333 non
487 1312 575 1341 potest
587 1309 679 1343 fugere
692 1329 700 1340 ,
712 1311 750 1337 sic
767 1319 814 1338 nec
828 1320 888 1339 eutn
902 1314 946 1348 qtti
962 1314 1001 1340 in-

205 1353 247 1375 tus
261 1349 346 1384 ipsum
362 1351 443 1385 agitat
457 1361 463 1383 ;
481 1353 526 1380 sed
542 1362 708 1390 quocumque
721 1357 798 1384 abeat
812 1378 819 1389 ,
836 1358 852 1385 ll
863 1360 998 1394 igellatur,

205 1398 233 1421 et
246 1395 341 1422 vulnus
357 1396 437 1424 habet
457 1397 661 1427 immedicabile.
685 1402 719 1428 At
739 1410 791 1430 non
815 1404 875 1431 talis
892 1405 998 1440 justus;

205 1440 251 1467 sed
265 1441 350 1475 qualis
363 1463 371 1475 ,
387 1443 447 1470 attdi
465 1453 472 1470 :
486 1443 577 1472 Justus
592 1450 719 1480 tamquam
734 1447 787 1477 leo.
803 1449 886 1484 inquit
899 1472 905 1483 ,
919 1453 1000 1486 con/i-

207 1487 244 1513 dit
258 1486 345 1523 (Ibid.
364 1491 381 1521 ).
397 1489 470 1517 Talis
482 1496 539 1518 erat
555 1492 643 1520 llelias
658 1502 664 1520 :
684 1494 749 1521 vidit
769 1496 848 1530 igitur
863 1505 951 1531 regem
965 1499 999 1526 ad

203 1540 233 1559 se
247 1534 398 1562 venientem
416 1544 423 1562 :
437 1541 464 1563 et
477 1537 583 1570 dicente
598 1538 643 1566 illo
657 1559 664 1569 .
681 1539 714 1566 Ut
735 1541 797 1575 quid
819 1544 937 1576 pervertis
956 1543 1000 1571 Is-

204 1579 258 1605 rael
271 1579 284 1606 ἵ
299 1579 359 1606 Νοη
373 1588 419 1616 ego
433 1587 544 1616 perverta
559 1583 643 1611 Israel
653 1605 659 1617 ,
674 1585 776 1619 inquit,
792 1588 836 1613 sed
858 1593 885 1614 tu
905 1593 929 1616 et
949 1590 996 1617 do-

202 1633 257 1653 mus
275 1628 354 1662 patris
369 1629 406 1655 tui
423 1629 433 1665 (
447 1630 472 1657 5.
488 1630 552 1665 Reg.
568 1631 611 1658 l8.
631 1632 674 1658 l7.
692 1632 724 1659 18
735 1635 757 1668 ).
775 1633 843 1661 Vere
860 1635 947 1670 justus
969 1641 998 1664 ut

201 1672 243 1699 leo
257 1674 367 1701 confidit
382 1683 389 1702 :
405 1675 473 1702 sicut
494 1678 563 1704 enim
587 1678 628 1705 leo
653 1678 677 1705 in
699 1687 789 1714 regem
815 1685 946 1716 tamquam
968 1683 995 1710 in

201 1718 278 1745 vilem
291 1719 416 1747 catellum
428 1721 594 1754 insurrexit;
608 1724 712 1751 tametsi
726 1733 866 1760 purpuram
881 1727 995 1756 habebat

199 1763 244 1791 ille
256 1785 263 1797 ,
278 1765 325 1792 sed
341 1765 384 1793 hic
398 1767 513 1794 melotcn
529 1767 660 1801 habebat,
677 1770 862 1799 indumentum
880 1781 993 1808 purpura

199 1809 242 1835 illa
260 1811 446 1838 venerabilius.

235 1855 344 1884 Etiswu:
368 1858 463 1893 duplex
493 1859 567 1887 Elius
592 1863 729 1888 secundum
763 1863 992 1899 interpretationem

197 1901 378 1938 C/trysostomi.
400 1920 437 1925 —
461 1906 580 1942 Purpura
610 1909 680 1935 enim
709 1910 753 1937 illa
784 1911 880 1939 famem
910 1921 991 1948 pepe-

197 1948 231 1974 rit
259 1957 384 1984 gravem;
417 1952 514 1980 melote
543 1958 630 1981 autem
662 1955 718 1982 lucc
742 1957 905 1985 calamitates
934 1959 989 1986 dis-

165 2008 168 2010 »
195 1995 296 2028 cussit,
319 1996 376 2024 huic
396 1997 539 2026 Jordanem
555 2000 663 2033 divisit;
686 2002 742 2030 Iure
761 2003 884 2032 Elisalum
905 2005 990 2040 dupli-

192 2047 250 2068 cem
268 2041 351 2069 Eliam
367 2043 428 2071 fecit
443 2044 452 2079 (
466 2045 492 2072 4.
510 2044 572 2081 Reg.
588 2047 615 2073 2.
629 2046 654 2072 8.
667 2047 706 2082 9).
718 2048 740 2075 Ο
759 2055 858 2083 quanta
880 2058 988 2079 sancto-

193 2095 250 2113 rum
268 2088 368 2116 virtus!
385 2098 436 2117 non
453 2091 508 2118 sola
525 2092 642 2126 ipsorum
658 2094 737 2120 verba
753 2100 780 2121 et
792 2103 903 2131 corpora
916 2118 923 2129 ,
939 2099 986 2126 sed

192 2137 218 2158 et
234 2133 287 2166 ipsa
305 2134 456 2162 indumenta
468 2142 596 2164 creatura:
607 2139 679 2165 omni
691 2146 817 2175 perpetuo
832 2148 892 2169 sunt
904 2151 985 2172 vene-

191 2178 293 2204 rabilia.
309 2179 392 2214 Hujus
406 2182 503 2209 melote
518 2182 661 2210 Iordanem
676 2185 764 2212 divisit
779 2195 785 2213 :
802 2188 982 2217 calceamenta

192 2223 270 2250 trium
293 2233 434 2258 puerorum
460 2227 547 2262 ignem
570 2230 814 2259 conculcaverunt:
839 2233 928 2261 Elisazi
951 2235 983 2262 li-

190 2275 271 2301 gnum
286 2269 294 2284 ί
320 2278 402 2305 aquas
429 2274 550 2306 mutavit,
574 2280 601 2302 et
625 2281 654 2302 ut
673 2277 770 2303 ferrmn
793 2278 818 2304 in
842 2281 983 2314 superﬁcie

189 2320 325 2348 portarent
337 2317 424 2345 effecit
437 2327 443 2344 :
458 2319 537 2347 Musis
552 2321 627 2355 virga
641 2330 713 2350 mare
729 2323 848 2351 Rubrum
869 2325 957 2353 divisit
970 2348 977 2360 ,

189 2366 290 2394 petram
313 2363 412 2391 scidit:
436 2365 510 2392 Pauli
533 2368 688 2396 vestimenta
710 2369 850 2405 languores
872 2374 981 2408 expule-

186 2411 250 2434 runt
264 2416 270 2433 :
285 2408 375 2436 umbra
390 2409 460 2437 Petri
478 2416 590 2439 mortetn
610 2413 718 2448 fugavit.

218 2452 361 2489 Martyrum
369 2456 455 2491 favilla
462 2457 590 2485 dtemonas
598 2460 904 2494 emollit—Sanctorum
913 2471 978 2491 mar-

184 2504 270 2534 tyrum
279 2500 365 2529 favilla
373 2502 501 2537 malignos
507 2505 614 2539 expellit
620 2505 762 2534 daemonas.
768 2508 908 2543 Propterea
916 2519 975 2538 eum

183 2545 276 2573 fiducia
285 2547 373 2574 omnia
382 2547 496 2581 faciunt,
515 2550 583 2576 sicut
592 2555 618 2577 et
635 2551 720 2578 Elias:
733 2561 784 2579 non
793 2555 864 2581 enim
873 2561 976 2589 specta-

181 2591 227 2618 bat
236 2592 368 2626 diadema,
382 2598 409 2621 et
417 2596 578 2623 exteriorem
589 2597 658 2631 regis
665 2598 833 2632 splendorem
845 2609 851 2633 ;
861 2601 906 2627 sed
916 2602 958 2628 ani
967 2616 975 2622 -

180 2645 250 2664 mam
257 2645 414 2673 pannosam,
423 2641 600 2676 squalentem,
608 2643 752 2676 sordidam,
761 2647 863 2673 etomni
874 2655 920 2674 reo
930 2649 974 2674 mi-

178 2683 263 2711 serius
277 2684 398 2712 affectam
412 2687 557 2721 respiciens
569 2709 576 2720 ,
591 2693 618 2715 et
631 2688 718 2724 ipsum
744 2690 815 2718 intus
837 2693 970 2726 captivum

181 2735 246 2761 esse,
258 2737 289 2757 ac
297 2730 419 2758 vitiorum
428 2739 545 2767 servum,
555 2733 638 2769 ipsius
656 2735 830 2769 principatum
850 2742 972 2765 contem-

178 2774 244 2810 psit:
256 2777 354 2804 etenim
369 2781 503 2814 tamquam
513 2779 538 2806 in
548 2786 637 2814 scena,
648 2780 694 2807 sed
708 2788 759 2808 non
771 2781 797 2810 in
807 2783 917 2811 veritate
929 2792 972 2812 rc-

208 2841 267 2880 Lsie
286 2843 357 2880 Savil.
381 2848 407 2869 et
418 2852 504 2871 omnes
522 2853 588 2877 pene
611 2850 662 2880 Mss.
675 2847 758 2880 Morel.
771 2855 778 2873 :
792 2853 864 2880 Ligna
876 2851 968 2877 Elim.

177 2871 237 2898 Infra
246 2872 293 2900 duo
304 2878 355 2900 uss.
370 2871 557 2902 :sancturum'et
573 2878 669 2910 egregie
686 2871 965 2914 victoruniﬂiitiii'ii/‘i-iihi:

1809 173 1856 201 100

1061 223 1121 250 gem
1127 215 1177 244 sibi
1185 222 1295 245 cernere
1303 220 1516 257 videbatur.Qu:c
1525 226 1594 253 enim
1603 228 1744 258 exterioris
1750 231 1857 266 opulen-

1062 263 1104 291 tize
1113 265 1121 280 ¹
1137 265 1245 299 utilitas,
1255 275 1315 295 cum
1328 269 1397 296 intus
1408 275 1448 296 est
1462 275 1532 298 tanta
1543 275 1702 307 pauperies?
1718 263 1779 311 quae
1793 285 1856 304 vero

1061 312 1224 344 paupertatis
1240 321 1306 340 noxa
1319 333 1327 346 ,
1341 322 1401 341 cum
1423 316 1493 342 intus
1511 323 1590 345 tanta:
1604 321 1729 354 reposita:
1741 327 1804 349 sunt
1817 323 1854 350 di-

1061 356 1130 383 vitia;
1141 357 1153 383 ?
1163 357 1234 385 Talis
1245 364 1303 385 erat
1315 360 1358 387 leo
1369 365 1394 387 et
1405 361 1496 389 beatus
1507 363 1623 391 Paulus:
1636 373 1772 394 carcerem
1785 370 1854 397 enim

1061 401 1195 436 ingressus
1205 424 1211 435 ,
1221 404 1280 431 solo
1291 405 1408 433 clamore
1418 408 1506 435 omnia
1521 408 1689 438 fundamenta
1703 415 1852 448 concussit,

1060 446 1165 474 vincula
1180 449 1246 476 rosit
1261 449 1270 483 (
1283 450 1339 477 Act.
1356 451 1399 478 l6.
1413 452 1449 480 26
1461 452 1483 488 ),
1497 461 1549 481 non
1569 455 1692 484 dentibus
1703 479 1710 490 ,
1727 459 1775 486 sed
1792 446 1853 487 ver;

1060 492 1100 519 his
1112 502 1118 519 :
1132 499 1270 528 propterea
1287 505 1338 522 non
1354 497 1443 525 leunes
1457 499 1532 527 insos
1548 505 1668 535 tantum,
1685 504 1731 530 sed
1747 509 1772 531 et
1784 506 1852 532 ali-nl

1059 538 1121 572 quid
1136 539 1256 567 leonibus
1272 542 1357 577 majus
1377 549 1482 578 oportet
1502 547 1646 581 appellare.
1666 549 1720 576 Leo
1735 551 1807 578 enim
1827 559 1852 579 tn

1059 585 1123 612 relia
1137 594 1209 620 saepe
1219 588 1306 622 lapsus
1315 590 1418 624 capitur
1429 612 1436 623 ,
1453 594 1539 620 sancti
1553 602 1616 621 vero
1638 604 1697 622 eum
1717 597 1830 631 ligantur
1842 620 1849 631 ,

1060 629 1120 657 hinc
1135 630 1259 660 fortiores
1280 633 1366 661 finiit:
1385 636 1453 664 sicut
1471 643 1497 665 et
1520 639 1562 666 hic
1583 640 1676 668 beatus
1696 643 1722 669 in
1744 651 1852 672 carcere

1059 679 1120 703 tunc
1133 676 1196 704 fecit
1206 699 1213 711 ,
1229 679 1335 707 solvens
1349 683 1513 716 compeditos
1525 705 1532 716 ,
1547 687 1661 719 parietes
1676 690 1830 717 concutiens
1840 711 1849 724 ,

1057 723 1173 749 carceris
1185 724 1321 752 custodem
1336 726 1446 761 alligans
1461 734 1487 755 et
1501 729 1606 764 pictatis
1626 732 1709 759 verbo
1729 734 1848 767 capiens.

1057 766 1111 794 Leo
1125 768 1222 796 clamat
1234 789 1242 803 ,
1259 775 1284 798 et
1299 779 1392 800 omnes
1405 773 1502 801 bestias
1515 775 1603 810 fugat;
1617 784 1725 806 sanctus
1734 780 1830 806 clamat
1840 802 1848 813 ,

1056 819 1082 840 ct
1094 813 1230 842 dtemones
1243 817 1358 852 undique
1373 816 1492 853 expetit.
1507 820 1604 849 Leonis
1616 831 1690 851 arma
1703 847 1709 853 .
1724 825 1848 860 jubartun

1056 859 1169 894 horror,
1198 863 1324 897 unguium
1346 872 1458 898 mucro,
1479 871 1506 893 et
1526 867 1620 896 dentes
1640 872 1711 898 acuti
1737 881 1744 899 :
1774 880 1847 900 artua

1052 905 1117 940 justi
1130 927 1137 939 ,
1154 907 1321 944 philosophia
1332 930 1339 943 ,
1355 913 1529 946 temperantia
1544 935 1551 947 ,
1568 916 1694 949 patientia
1707 939 1714 950 ,
1731 927 1849 953 prmsen-

1057 955 1120 977 tium
1136 958 1304 987 contemptus
1313 955 1441 981 omnium.
1456 956 1517 982 llzcc
1527 965 1602 984 arma
1615 959 1735 993 quisquis
1749 960 1849 996 habet,

1056 1004 1107 1022 non
1124 996 1246 1026 homines
1262 1004 1363 1027 tantum
1380 1001 1516 1036 improbos
1529 1024 1536 1036 ,
1553 1004 1599 1031 sed
1614 1010 1641 1032 ct
1663 1006 1733 1040 ipsas
1754 1007 1849 1035 adver-

1055 1043 1139 1070 sarias
1155 1048 1299 1078 potestates
1319 1047 1462 1075 deridebit.
1488 1048 1572 1077 Stude
1591 1050 1689 1085 igitur,
1710 1060 1735 1079 ο.
1750 1053 1848 1088 homo,

1054 1090 1201 1117 secundum
1219 1092 1301 1120 Deum
1320 1094 1407 1121 vivere
1421 1115 1428 1127 ,
1449 1099 1477 1122 et
1496 1104 1576 1123 nemo
1589 1101 1616 1124 te
1630 1105 1754 1133 umquam
1769 1107 1848 1134 supe-

1054 1136 1139 1169 rabit;
1156 1137 1203 1164 sed
1218 1139 1298 1166 etiam
1314 1140 1335 1167 si
1350 1141 1468 1168 omnium
1484 1142 1629 1170 vilissimus
1643 1151 1703 1171 esse
1717 1145 1846 1180 videaris,

1054 1183 1172 1210 omnium
1187 1185 1241 1211 eris
1256 1187 1478 1220 potentissimus;
1494 1189 1562 1216 sicut
1578 1197 1599 1216 s-
1622 1190 1702 1217 animi
1724 1191 1845 1220 virtutem

1053 1230 1205 1264 neglexeris
1216 1253 1223 1263 ,
1237 1233 1317 1260 etiam
1333 1234 1356 1260 si
1368 1235 1486 1262 omnium
1503 1236 1540 1262 sis
1556 1237 1756 1270 potentissimus
1770 1259 1776 1268 .
1792 1246 1852 1266 om-

1053 1275 1132 1302 nibus
1153 1276 1342 1305 insidiantibus
1359 1279 1412 1306 eris
1432 1280 1509 1308 facile
1528 1283 1721 1317 expugnabilis.
1742 1284 1775 1310 Et
1800 1284 1844 1311 Itnt

1051 1322 1157 1356 quidem
1169 1323 1238 1351 dicta
1251 1325 1500 1354 demonstraverunt
1510 1329 1631 1362 exempla
1644 1337 1651 1360 ;
1663 1337 1684 1355 St
1695 1330 1735 1356 vis
1746 1335 1844 1363 autem,

1051 1372 1077 1394 et
1094 1377 1142 1402 per
1156 1376 1237 1403 opera
1253 1375 1279 1398 te
1292 1371 1390 1399 docere
1402 1373 1521 1400 conabor
1532 1395 1539 1406 ,
1556 1375 1608 1401 vim
1621 1375 1753 1409 justorum
1770 1376 1844 1404 inex-

1052 1415 1244 1450 pugnabilem,
1271 1422 1299 1444 et
1323 1418 1428 1446 facilem
1458 1426 1627 1454 peccatorum
1653 1422 1834 1456 captivitatem

1050 1458 1119 1486 Audi
1134 1460 1212 1495 igitur
1221 1463 1356 1497 quomodo
1371 1464 1428 1492 lucc
1444 1465 1522 1492 ambo
1532 1465 1665 1500 l‘ropheta
1680 1467 1823 1495 insinuavit
1835 1483 1850 1500 :-

1053 1504 1114 1532 Non
1133 1506 1170 1533 sic
1190 1507 1262 1542 impii
1273 1529 1280 1541 ,
1304 1517 1353 1535 non
1365 1509 1400 1536 sic
1412 1531 1419 1542 ,
1441 1510 1484 1536 sed
1505 1515 1631 1545 tamquam
1653 1512 1752 1547 pulvis,
1773 1523 1846 1547 quem

1050 1552 1151 1588 projieit
1163 1559 1249 1581 ventus
1260 1563 1276 1581 a
1289 1555 1354 1590 [acie
1366 1561 1438 1583 teme
1453 1557 1462 1592 (
1478 1556 1550 1584 I’sal.
1567 1558 1592 1584 1.
1608 1558 1656 1594 4).
1679 1560 1754 1587 Sicut
1773 1562 1844 1588 enim

1047 1596 1095 1624 ille
1113 1603 1253 1626 ventorum
1270 1600 1419 1628 incursibus
1434 1601 1509 1629 facile
1524 1603 1704 1637 projiciendus
1721 1607 1840 1641 proposi-

1048 1646 1091 1670 tus
1104 1647 1163 1670 est:
1178 1645 1216 1672 sic
1231 1649 1259 1672 et
1274 1650 1397 1680 peccator
1412 1647 1446 1674 ab
1460 1648 1532 1674 omni
1549 1650 1694 1677 tentatione
1709 1651 1844 1679 subverti-

1048 1693 1099 1716 tur.
1116 1689 1183 1717 Cum
1196 1691 1266 1718 enim
1283 1691 1340 1726 ipse
1352 1692 1404 1720 sibi
1425 1699 1574 1729 repugnet,
1596 1701 1621 1722 et
1640 1696 1710 1724 hanc
1728 1705 1842 1733 pugnam

1046 1737 1144 1772 passim
1160 1737 1349 1772 circumferat;
1370 1747 1430 1774 qua:
1446 1740 1494 1774 ipsi
1508 1748 1568 1775 spes
1583 1743 1676 1769 salutis
1690 1745 1763 1770 dottii
1780 1752 1842 1778 pro-

1045 1783 1101 1810 dito
1114 1805 1121 1815 ,
1139 1788 1167 1812 et
1184 1785 1338 1812 continuum
1354 1785 1458 1814 hostem
1474 1788 1664 1816 Conscientiam
1679 1797 1769 1816 secum
1787 1796 1841 1817 Ira-

1045 1829 1141 1857 henti?
1160 1830 1212 1858 Sed
1228 1839 1279 1858 non
1296 1831 1354 1859 talis
1364 1832 1462 1867 justus.
1474 1833 1566 1866 Qualis
1578 1842 1641 1868 ergo
1651 1835 1663 1861 ἲ
1673 1836 1741 1862 Audi
1754 1837 1839 1870 ipsum

1039 1874 1200 1910 l’rophetam
1224 1877 1357 1905 dicentem
1382 1888 1389 1905 :
1413 1878 1464 1912 Qui
1489 1880 1620 1914 conﬁdunt
1650 1881 1675 1907 in
1711 1881 1838 1916 Domino,

1043 1921 1115 1947 Sicut
1135 1930 1207 1949 mons
1231 1923 1294 1950 Sion
1317 1923 1410 1960 (Psal.
1433 1925 1514 1960 125).
1540 1926 1606 1959 Quid
1633 1927 1748 1954 tamdem
1774 1934 1814 1955 est
1829 1949 1837 1961 ,

1041 1966 1105 1992 eicut
1117 1975 1187 1994 mons
1198 1967 1276 1994 Sion?
1286 1968 1345 1995 Non
1356 1971 1549 1997 commovebitur
1559 1971 1586 1998 in
1597 1977 1718 1998 aeternum
1731 1972 1837 2009 (Ibid),

1042 2014 1135 2050 inquit.
1159 2015 1338 2051 Quaecumque
1364 2018 1434 2044 enim
1457 2018 1609 2046 adhibueris
1638 2019 1838 2048 machinamen-

1041 2065 1086 2094 ta,
1117 2069 1290 2096 qnmcumqtte
1316 2063 1474 2097 jaculaveris
1505 2065 1554 2092 tela
1590 2071 1707 2093 montem
1743 2067 1837 2094 demo—

1039 2107 1081 2133 liri
1100 2108 1210 2140 \‘olens,
1228 2108 1300 2136 illttm
1322 2109 1428 2143 quidem
1449 2118 1591 2145 numquam
1615 2113 1754 2146 supet'abis
1770 2122 1775 2138 :
1790 2114 1834 2148 qui

1039 2153 1112 2180 enim
1139 2154 1262 2188 poteris?
1287 2155 1498 2182 machinamenta
1526 2164 1588 2183 vero
1613 2158 1700 2184 solves
1723 2160 1833 2193 omnia,

1037 2198 1116 2226 etiam
1134 2204 1204 2226 tuam
1215 2199 1338 2228 destrucs
1349 2201 1541 2229 fortitudinem.
1554 2203 1625 2230 Talis
1635 2208 1676 2230 est
1689 2209 1715 2231 et
1727 2205 1833 2239 justus:

1036 2251 1210 2279 qumcumque
1231 2245 1343 2273 vulnera
1365 2247 1521 2282 exceperit,
1549 2248 1606 2282 ipse
1626 2249 1732 2282 quidem
1753 2258 1833 2285 grave

1036 2290 1134 2324 patitur
1152 2291 1238 2325 nihil,
1264 2292 1311 2319 scd
1332 2293 1515 2320 insidiantium
1536 2295 1588 2320 vim
1617 2295 1759 2328 dissolvit,
1784 2305 1832 2324 nec

1035 2344 1099 2363 vero
1113 2337 1264 2364 mortalium
1279 2337 1359 2365 modo
1371 2360 1378 2370 ,
1393 2339 1439 2365 sed
1463 2340 1581 2374 ipsorum
1603 2348 1708 2375 quoque
1728 2341 1832 2368 daemo-

1033 2390 1106 2409 num.
1124 2383 1227 2410 Audisti
1243 2392 1357 2419 namque
1373 2386 1470 2420 sarpius
1482 2407 1489 2417 ,
1508 2390 1573 2421 quot
1588 2387 1712 2414 diabolus
1728 2389 1830 2415 machi-

1032 2433 1156 2455 namcnta
1170 2429 1220 2456 Job
1231 2430 1402 2464 adhibuerit,
1414 2439 1463 2458 nec
1475 2432 1560 2458 solum
1574 2437 1660 2459 tamen
1671 2433 1743 2460 ilium
1756 2441 1832 2460 mon-

1033 2479 1086 2501 tem
1107 2483 1160 2502 non
1185 2477 1394 2511 conquassavit,
1415 2478 1460 2505 sed
1480 2483 1506 2505 et
1529 2484 1671 2506 enervatus
1696 2481 1830 2515 recessit,

1030 2521 1133 2555 sagittis
1148 2522 1212 2556 ipsis
1224 2523 1367 2550 confractis
1377 2545 1384 2556 ,
1400 2528 1427 2551 et
1447 2525 1667 2552 machinamentis
1691 2526 1830 2554 inutilibus

1029 2575 1062 2595 cx
1077 2567 1122 2594 illo
1135 2568 1236 2596 inflictu
1251 2569 1370 2596 redditis.

1065 2613 1091 2640 '5.
1113 2613 1176 2640 llaec
1190 2614 1277 2649 itaque
1291 2615 1422 2648 scientes,
1444 2616 1526 2642 vitam
1544 2624 1668 2644 curemus
1683 2622 1802 2645 nostram
1820 2628 1826 2634 -

1028 2666 1115 2693 neque
1128 2659 1197 2687 circa
1214 2661 1337 2694 pecunias
1354 2661 1508 2688 studeamus
1522 2683 1529 2695 ,
1545 2670 1603 2696 quae
1619 2669 1731 2697 pereunt
1753 2673 1759 2690 :
1781 2672 1814 2692 ne

1026 2712 1079 2739 que
1091 2706 1161 2732 circa
1177 2706 1287 2739 gloriam
1302 2727 1309 2739 ,
1324 2714 1383 2742 qua:
1396 2708 1573 2742 exstinguitur
1588 2717 1595 2736 :
1612 2717 1664 2736 non
1676 2710 1746 2737 circa
1761 2718 1824 2737 eor-

1026 2757 1076 2785 pus
1087 2770 1093 2782 ,
1109 2750 1180 2785 quod
1200 2751 1316 2779 senescit
1327 2772 1335 2785 ,
1352 2760 1404 2779 non
1427 2753 1496 2780 circa
1512 2753 1748 2788 pulchritudinem,
1764 2764 1824 2790 qua:

1026 2796 1185 2831 marcescit,
1210 2805 1264 2825 non
1292 2798 1362 2825 circa
1384 2798 1512 2832 delicias,
1535 2807 1595 2834 quze
1611 2800 1746 2833 defluunt;
1772 2802 1818 2829 sed

1055 2885 1062 2900 ¹
1075 2885 1109 2909 sic
1120 2884 1190 2910 sat-il.
1205 2889 1230 2910 ct
1241 2886 1344 2911 maxima
1360 2893 1416 2919 pars
1426 2891 1481 2913 Mss.
1495 2892 1574 2914 recte.
1585 2890 1677 2922 Μαι-ειη
1685 2890 1789 2917 det-on}.
