1962 3121
128 160 188 188 «101

135 225 187 252 την
204 216 514 252 παντὶθεραπεύσωμεν
530 218 633 253 τρόπῳ.
659 217 775 253 Σώματα
792 219 841 253 μὲν
856 218 967 253 γὰρ’θε-

139 260 272 296 ραπεῦσαι
287 260 448 296 νενοσηκότα
463 261 493 287 οὑ
511 261 592 287 παντὶ
607 261 708 296 ῥᾴδιον,
726 262 813 296 ψυχὴν
837 262 864 288 δὲ
876 263 968 297 ἀρρω-

138 304 251 330 στοῦσαν
269 303 392 331 ιάσασθαι
408 305 498 340 ῥᾴδιον
516 305 592 330 πᾶσι·
614 306 666 331 καί
677 306 694 340 ἡ
710 305 759 338 μὲν
775 305 822 331 τοῦ
845 305 969 340 σώματος

131 347 276 383 ’ἀρρωστία
291 348 338 374 καὶ
353 348 507 383 φαρμάκων
521 348 616 381 δεῖται,
632 349 677 375 καὶ
696 349 827 384 ἀργυρίου
843 349 911 384 πρὸς
925 348 968 375 θε-

137 391 261 425 ραπείαν
278 391 333 426 ήδὲ
343 392 392 427 τῆς
403 391 493 427 ψυχῆς
506 392 641 427 θεραπεία
651 392 750 424 εὕωνος
764 393 811 419 καὶ
822 393 967 424 ἀδάπανος·

127 434 183 460 -καὶ
197 434 246 470 τῆς
261 435 311 470 μὲν
327 435 427 470 σαρκὸς
444 437 460 470 ὴ
473 435 553 470 φύσις
567 436 636 471 μετά
648 435 745 462 πολλοῦ
757 436 804 462 τοῦ
818 436 899 462 πόνου
915 436 970 462 τῶν

136 477 315 512 ἐνοχλούντων
328 479 526 506 ἀπαλλάττεται
537 479 713 515 τραυμάτων·
726 481 772 506 καὶ
783 480 837 515 γὰρ
850 479 970 515 σιδήριον

135 523 284 556 ἐπαγαγεῖν
294 523 442 556 ἀναγκαῖον
456 523 595 555 πολλάκις,
609 524 656 550 καὶ
666 524 752 560 πικρά
768 524 910 559 φάρμακα·
924 525 970 550 ἐπὶ

135 566 163 592 δὲ
174 567 225 601 τῆς
239 566 330 602 ψυχῆς
345 568 421 595 οὐδὲν
439 568 561 594 τοιοῦτόν
579 569 664 599 ἐστιν,
684 568 742 595 ἀλλ’
761 569 841 605 ἀρκεῖ
857 568 969 604 θελῆσαι

130 609 183 636 ’καὶ
197 610 359 646 βουληθῆναι
371 612 460 647 μόνον,
471 613 518 639 καὶ
530 612 618 639 πάντα
629 611 817 648 κατώρθωται.
831 612 885 639 Καὶ
892 612 970 638 τοῦτο

134 654 183 688 τῆς
203 653 250 680 τοῦ
265 654 333 681 Θεοῦ
351 656 477 692 προνοίας
499 656 578 692 ἔργον
599 656 721 691 γέγονεν·
740 657 833 692 ἐπειδὴ
848 657 901 692 γάρ
916 657 969 683 ἀπὺ

136 697 185 731 μὲν
202 699 251 733 τῆς
269 698 316 725 τοῦ
332 699 457 734 σώματος
471 700 626 735 ἀρρωστίας
642 700 673 726 ού
693 699 776 735 πολλὴ
795 700 892 734 γένοιτ’
906 699 938 726 ἂν
952 700 968 735 ή

134 740 219 776 βλάϐη
235 741 297 774 (κᾶν
307 742 361 778 γὰρ
379 742 416 778 μὴ
430 744 598 779 νοσήσωμεν,
610 743 732 770 ἐπελθὼν
746 744 760 770 ὁ
775 744 889 775 θάνατος
904 744 969 770 αὐτὸ

127 783 229 819 ,φθερεῖ
246 785 293 811 καὶ
309 785 455 812 καταλύσει
473 786 604 820 πάντως),
616 786 646 812 τὸ
659 786 687 813 δὲ
699 787 753 813 πᾶν
767 787 796 813 ἐν
806 788 838 822 τῇ
853 787 902 822 τῆς
918 786 969 822 ψυ-

127 827 182 862 χῆς
198 828 294 863 ήμῶνι
316 829 395 865 ὑγεία
410 831 509 861 κεῖται,
527 829 573 856 τοῦ
589 830 681 865 πολλῷ
696 831 906 866 χρησιμωτέρου
921 831 968 858 καὶ

127 871 342 908 ἀναγκαιοτέραν
362 873 455 909 ῥᾳδίαν
475 873 586 909 ἐποίησε
598 874 644 900 καὶ
659 874 797 901 ἀδάπανον
807 874 855 900 καὶ
865 873 967 901 ἀνώδυ-

131 923 176 941 νον
190 915 238 951 τὴν
253 916 410 952 θεραπείαν.
424 917 491 944 Τίνα
502 915 550 944 οὖν
561 917 658 952 ἕξομεν
671 917 830 952 ἀπολογίαν,
849 917 928 944 ποίαν
940 918 968 944 δὲ

131 960 307 996 συγγνώμην,
321 962 385 988 ὅταν
399 961 525 996 σώματος
541 962 590 996 μὲν
607 962 759 994 νοσοῦντος,
774 962 838 990 ἔνθα
855 963 902 990 καὶ
917 963 967 999 ἀρ-

130 1003 225 1040 γύριόν
238 1005 296 1031 ἐστι
313 1006 487 1037 καταϐαλεῖν,
504 1007 552 1033 καὶ
567 1007 677 1043 ἰατροὺς
698 1007 899 1042 παρακαλέσαι,
919 1008 966 1033 καὶ

130 1047 226 1084 ὀδύνην
242 1049 387 1084 ὑπομεῖναι
402 1050 513 1085 πολλὴν,
525 1051 659 1086 τοσαύτην
673 1051 814 1086 ποιώμεθα
825 1050 883 1086 [95]
900 1051 966 1086 πρό-

129 1100 213 1124 νοιαν,
227 1092 274 1119 καὶ
283 1093 369 1120 ταῦτα
376 1093 406 1120 οὐ
415 1094 515 1129 πολλῆς
525 1095 591 1130 ἡμῖν
600 1095 613 1114 δ
623 1095 672 1130 τῆς
681 1094 782 1130 βλάϐης
793 1095 847 1121 ἀπὸ
856 1095 904 1130 τῆς
915 1095 965 1130 ἀρ-

129 1136 248 1170 ρωστίας
266 1137 412 1173 γινομένης
432 1138 549 1173 ἐκείνης·
573 1139 662 1174 ψυχῆς
687 1139 716 1166 δὲ
737 1139 964 1174 καταφρονῶμεν,

127 1179 275 1207 καὶταῦτα
292 1182 361 1216 μήτε
378 1181 510 1217 ἀργύριον
530 1182 710 1209 καταϐάλλειν
727 1182 880 1218 μέλλοντες,
897 1183 965 1218 μήτε

127 1223 237 1259 ἐτέρους
247 1224 402 1260 διενοχλεῖν,
416 1227 485 1261 μήτε
504 1226 599 1258 ὀδύνας
611 1226 786 1262 ὑφίστασθαι,
800 1227 868 1253 ἀλλὰ
880 1227 965 1262 χωρὶς

126 1267 229 1294 τούτων
243 1268 372 1296 ἁπάντων
383 1269 428 1295 διὰ
437 1269 484 1296 τοῦ
493 1270 658 1306 προελέσθαι
675 1270 722 1297 καὶ
736 1270 900 1306 βουληθῆναι
914 1270 963 1306 μό-

126 1319 182 1344 νον,
199 1312 290 1338 πᾶααν
302 1312 386 1348 αὐτῆς
404 1313 547 1348 δυνάμενοι
564 1313 729 1348 ποιήσασθαι
744 1313 793 1349 τὴν
808 1313 961 1349 διόρθωσιν,

127 1355 174 1382 καὶ
191 1356 312 1391 ἀκριϐῶς
332 1357 443 1390 εἰδότες,
457 1358 496 1390 ὠς
515 1359 540 1384 εί
563 1358 600 1393 μὴ
619 1357 699 1384 τοῦτο
721 1358 894 1394 ποιήσαιμεν,
913 1358 963 1393 τὴν

126 1400 246 1435 ἐσχάτην
261 1401 471 1437 ὑποπησόμεθα
481 1402 569 1438 δίκην,
583 1403 630 1428 καὶ
643 1402 692 1434 τὰς
702 1402 906 1438 ἀπαραιτήτους
918 1410 964 1428 κο-

126 1445 220 1477 λάσεις
232 1446 280 1472 καὶ
289 1447 440 1482 τιμωρίαςς
453 1447 520 1473 Εἰπέ
531 1447 585 1482 γάρ
599 1455 655 1482 μοι,
669 1447 696 1473 εῐ
703 1455 745 1478 τις
755 1446 889 1482 ὑπέσχετο
900 1454 964 1473 παι-

125 1489 218 1516 δεῦσαί
233 1498 262 1516 σε
279 1490 377 1526 τέχνην
394 1490 519 1526 ἰατρικὴν
536 1492 564 1517 ἐν
582 1490 697 1526 βραχείᾳ
710 1490 807 1526 καιροῦ
826 1491 895 1526 ῥοπῇ
909 1499 963 1525 χω-

127 1532 170 1566 ρὶς
180 1533 313 1568 ἀργυρίου
325 1534 372 1560 καὶ
386 1534 478 1566 πόνου,
493 1535 543 1561 οὑκ
556 1534 588 1561 ἂν
600 1534 748 1570 εὐεργέτην
759 1534 901 1570 ἐνόμισας;
913 1534 963 1560 οὑκ

126 1576 160 1602 ἂν
176 1577 310 1610 κατεδέξω
323 1577 370 1604 καὶ
386 1578 497 1613 ποιῆσαι
512 1579 559 1604 καὶ¹
576 1577 673 1604 παθεῖν
690 1578 798 1605 ἅπαντα
817 1577 889 1613 ἅπερ
903 1577 962 1604 ἐκέι

126 1619 221 1647 λευσεν
236 1622 250 1647 ὁ
265 1621 352 1648 ταῦτα
366 1621 613 1656 ἐπαγγειλάμενος;
640 1622 705 1648 Ἰδοὺ
718 1621 766 1648 νῦν
778 1621 865 1654 ἔξεστι
877 1623 962 1658 χωρὶς

126 1663 214 1690 πόνων
228 1665 289 1700 οὑχὶ
305 1665 448 1701 σωμάτων,
467 1666 535 1692 ἀλλὰ
553 1666 607 1692 τῶν
625 1666 675 1701 τῆς
693 1666 782 1702 ψυχῆς
797 1666 962 1701 τραυμάτων

125 1708 160 1734 τὰ
176 1708 309 1744 φάρμακα
324 1710 425 1743 εὑρεῖν,
446 1710 493 1736 καὶ
511 1711 595 1746 χωρὶς
611 1710 706 1745 όδύνης
722 1710 794 1742 τινὸς
809 1711 849 1741 είς
869 1710 961 1744 ὑγείαν

124 1752 209 1788 αὐτὴν
219 1754 414 1788 ἐπαναγαγεῖν.
431 1754 476 1789 Μὴ
486 1755 576 1780 τοίνυν
589 1755 744 1790 ἀμελῶμεν.
756 1754 824 1781 Ποία
836 1754 889 1789 γὰρ
902 1753 961 1781 ὀδύ-

126 1805 170 1831 νη,
185 1797 246 1823 εἰπέ
263 1806 319 1832 μοι,
333 1798 417 1834 ὀργὴν
431 1799 540 1833 ἀφεῖναι
553 1798 592 1834 τῷ
603 1798 784 1834 λελυπηκότι;
804 1799 898 1834 ὐδύνη
911 1798 960 1833 μὲν

125 1838 172 1867 οὖν
185 1841 244 1868 ἐστι
256 1841 287 1867 τὸ
301 1843 489 1877 μνησικακεῖν,
509 1843 556 1869 καὶ
571 1843 607 1877 μὴ
622 1842 864 1870 καταλλάττεσθαι.
883 1845 961 1875 Ποῖος

126 1884 206 1916 πόνος
215 1884 346 1918 εὔξασθαι
358 1886 404 1912 καὶ
416 1887 526 1922 αἰτῆσαι
545 1886 630 1922 μυρία
643 1887 733 1920 ἀγαθά
746 1886 821 1922 παρά
834 1886 880 1913 τοῦ
895 1895 961 1922 προ-

125 1928 218 1964 θύμως
235 1929 352 1961 διδόντος
363 1929 446 1961 Θεοῦ;
459 1932 534 1962 ποῖος
545 1930 625 1962 πόνος
644 1931 681 1965 μὴ
697 1930 790 1962 κακῶς
808 1931 894 1957 εἰπεῖν
909 1939 961 1965 μη-

123 1972 201 2008 δένα;
218 1972 281 1999 ποία
292 1973 419 2000 δυσκολία
428 1974 616 2009 ἀπαλλαγῆναι
627 1973 722 2008 φθόνου
735 1975 781 2000 καὶ
793 1973 958 2009 βασκανίας;

126 2017 202 2048 ποῖος
218 2016 317 2052 μόχθος
328 2017 439 2053 ἀγαπᾷν
454 2017 499 2043 τὸν
512 2017 639 2053 πλησίον;
657 2018 721 2044 ποία
737 2017 908 2053 ταλαιπωρία
922 2017 960 2054 μὴ

125 2059 292 2095 φθέγγεσθαι
315 2061 415 2097 αἰσχρά
439 2062 560 2098 ῥήματα,
589 2061 656 2097 μηδέ
674 2061 863 2096 λοιδορεῖσθαι,
893 2062 960 2096 μηδὲ

125 2104 260 2146 ὑϐρίζειμ
272 2106 348 2136 ποῖος
359 2107 480 2141 κάματος
495 2105 532 2141 μὴ
546 2105 675 2141 ὀμνύναι;
689 2105 769 2132 πάλιν
783 2105 836 2141 γὰρ
850 2106 898 2132 ἐπὶ
910 2105 960 2140 τὴν

124 2148 211 2183 αὐτὴν
224 2148 281 2182 ἥξω
296 2149 464 2184 παραίνεσιν.
484 2149 567 2181 Πόνος
584 2150 632 2184 μέν
647 2147 694 2176 οὖν
711 2149 838 2184 μέγιστος
852 2149 881 2175 τὸ
896 2149 960 2184 ὀμό-

127 2200 182 2218 σαι·
205 2192 334 2224 πολλάκις
354 2193 417 2226 γοῦν
438 2194 491 2220 ὑπὸ
510 2193 598 2228 θυμοῦ
614 2194 661 2220 καὶ
678 2193 762 2229 ὀργῆς
784 2193 959 2228 κατεχόμενοι

124 2234 316 2272 διωμοσάμεθα
329 2237 462 2272 μηδέποτε
470 2237 674 2264 διαλλάττεσθαι
684 2243 695 2257 ε
706 2239 761 2269 τοῖς
768 2237 959 2272 λελυπηκόσιν,

126 2276 184 2306 εἶτα
198 2279 247 2314 τῆς
261 2281 345 2316 ὀργῆς
360 2281 530 2316 σϐεσθείσης,
546 2282 592 2308 καὶ
604 2281 652 2308 τοῦ
669 2281 755 2316 θυμοῦ
768 2281 959 2316 χαλασθέντος,

126 2322 304 2358 βουληθέντες
324 2324 538 2360 καταλλαγῆναι,
558 2325 605 2352 καὶ
625 2325 677 2352 ὑπὸ
691 2325 742 2360 τῆς
759 2325 881 2360 ἀνάγκης
896 2333 960 2351 κατ-

125 2367 249 2402 εχόμενοι
263 2367 318 2394 τῶν
329 2368 429 2402 ὅρκων,
446 2369 605 2404 ήλγήσαμεν
619 2369 693 2395 ὥσπε
698 2377 713 2404 ρ
725 2369 778 2395 τινὶ
789 2369 881 2402 παγίδι
897 2377 961 2395 κατ-

126 2410 258 2446 εχόμενοι,
271 2412 317 2438 καὶ
329 2412 438 2447 δεσμοῖς
451 2412 558 2443 ἀλύτοις
570 2413 764 2447 συνδεδεμένοι.
784 2413 872 2448 Ὅπερ
888 2413 934 2440 καὶ
945 2414 960 2440 ό

128 2454 247 2487 διάϐολος
264 2454 351 2487 εἰδὼς,
370 2456 416 2482 καὶ
431 2455 554 2490 ἀκριϐῶς
567 2456 747 2492 ἐπιστάμενος
761 2457 802 2483 ὃτι
817 2456 874 2492 πῦρ
885 2457 958 2484 ἐστιν

125 2499 140 2524 ό
153 2498 248 2534 θυμὸς,
265 2500 311 2526 καὶ
327 2499 425 2535 ῥᾳδίως
442 2500 595 2532 σϐέννυται,
611 2501 658 2527 καὶ
671 2500 718 2527 τοῦ
734 2500 820 2534 θυμοῦ
835 2500 961 2527 σϐεσθέν-

127 2548 180 2571 τος,
202 2541 356 2576 καταλλαγὴ
375 2541 480 2575 γίνεται
500 2542 546 2568 καὶ
566 2542 651 2576 φιλία,
675 2542 834 2578 βουλόμενος
852 2543 883 2569 τὸ
904 2543 960 2578 πῦρ

125 2580 203 2607 τοῦτο
221 2582 310 2617 μένειν
327 2582 468 2614 ἄσϐεστον,
483 2582 558 2618 δρκῳ
570 2582 699 2614 πολλάκις
710 2584 784 2618 ἡμᾶς
799 2583 957 2619 κατέδησεν,

126 2620 180 2655 ἶνα,
197 2622 249 2648 κᾶν
260 2623 276 2658 ή
292 2622 360 2658 ὀργὴ
374 2623 453 2658 λήξῃ.
469 2624 486 2660 ἡ
499 2624 605 2660 ἀνάγκη
616 2623 662 2651 τοῦ
675 2625 757 2660 ὅρκου
775 2624 892 2659 μένουσα
903 2625 954 2652 δια-

156 2700 170 2735 ς
183 2700 258 2735 ξονῇί.
271 2704 298 2726 et
307 2703 405 2735 quide
418 2710 475 2727 mss.
488 2703 552 2735 ἡμῖν,
566 2703 652 2728 Morel.
664 2708 691 2729 el
699 2704 740 2728 alii
754 2705 832 2735 ἡμῶν.

154 2728 172 2765 13
183 2731 257 2765 δεινῇ.
270 2737 296 2757 ει
305 2728 347 2758 a'lii
357 2734 384 2757 οὐ
395 2728 571 2765 μεγάληξῆμῖν.

157 2762 171 2778 ο
181 2762 217 2788 ιιι
226 2762 312 2788 Morel.
324 2768 351 2789 el
358 2762 434 2790 Sai‘ill
445 2762 563 2796 κατίοι
572 2765 670 2791 videtur
681 2773 686 2790 :
697 2765 792 2796 aliquot
801 2767 885 2790 autem
896 2772 955 2790 mss.

561 159 589 188 S.
609 160 752 188 JOANNIS
769 156 1014 189 CHRYSOS’IWMI
1027 154 1204 188 ‘A‘RCHIEPJ
1217 156 1486 189 CONSTANTINOP.

1808 158 1859 185 1θί

1022 219 1092 254 τηρῇ
1106 218 1156 253 τὴν
1170 218 1260 253 πυρὰν
1279 219 1307 244 ὲν
1324 218 1401 253 ἡμῖν,
1417 217 1465 244 καὶ
1481 214 1552 244 δυοῖν
1565 217 1680 252 θάτερον
1696 214 1857 251 γένηται,’ἢ

1023 261 1239 295 καταλλαγέντες
1256 261 1474 296 ἐπιορκήσωμεν,
1491 260 1507 295 ἢ
1524 260 1561 295 μὴ
1572 259 1788 294 καταλλαγέντες
1801 259 1858 289 τοῖς

1022 306 1071 341 τῆς
1090 305 1273 341 μνησικακίας
1293 305 1440 340 ἐπιτιμίοις
1462 303 1631 336 ὑπευθύνους
1640 304 1762 334 ἑαυτοὺς
1773 311 1859 328 κατα-

1021 350 1177 384 στήσωμεν.

1053 393 1084 421 δ’,
1095 393 1186 419 Ταῦτα
1200 390 1245 419 οὖν
1257 392 1357 423 είδότες
1372 391 1516 427 φεύγωμεν
1528 391 1590 422 τοὺς
1597 391 1705 426 ὅρκους,
1717 391 1765 417 καὶ
1777 389 1858 425 μελε-

1019 436 1091 463 τάτω
1111 436 1141 462 τὸ
1160 437 1247 471 στόμα
1261 436 1340 471 ήμῶν
1352 435 1442 469 λέγειν
1462 435 1590 470 συνεχῶς·
1607 434 1789 461 Πίστευσον·
1811 434 1859 460 καὶ

1019 479 1183 507 ἔσταιτοῦτο
1195 481 1285 515 πάσης
1297 479 1440 511 εὐλαϐείας
1451 479 1578 510 ὑπόθεσις
1590 479 1671 514 hy.le
1679 478 1792 504 Γλῶττα
1803 477 1857 512 γὰρ

1019 524 1192 551 παιδευθεῖσα
1209 523 1288 550 τοῦτο
1304 524 1394 558 λέγειν
1412 523 1442 550 τὺ
1460 524 1488 549 ἓν
1501 523 1514 543 ἀ
1530 523 1615 558 ῥῆμα,
1630 523 1790 558 αἰσχύνεται
1809 522 1857 548 καὶ

1018 567 1133 604 ἐρυθριᾷ
1150 568 1260 603 ῥήματα
1273 566 1426 602 ἐξενεγκεῖν
1440 567 1542 603 αἰσχρά
1554 567 1601 593 καὶ
1616 566 1714 594 ἄτοπα*
1735 566 1788 592 κᾶν
1803 565 1857 592 ἀπὸ

1020 611 1163 647 συνηθείας
1176 611 1299 648 προαχθῇ
1316 619 1392 643 ποτε,
1410 611 1525 642 πολλοὺς
1540 611 1638 645 ἔχουσα
1654 611 1717 642 τοὺς
1732 610 1855 645 κατηγό-

1021 663 1082 691 ρους
1099 655 1323 690 ἁνασταλὴσεται.
1343 655 1426 681 Ὅταν
1439 655 1493 690 γάρ
1508 663 1548 686 τις
1566 654 1609 690 ἴδῃ
1623 654 1670 681 τὸν
1684 654 1721 689 μὴ
1735 653 1856 689 ὀμνύντα

1018 699 1118 734 αἰσχρά
1135 699 1328 734 φθεγγόμενον,
1346 698 1532 734 ἐπεμϐήσεται
1549 698 1646 734 ῥαδίως
1658 697 1731 732 αὐτῷ
1746 697 1794 724 καὶ
1808 705 1856 722 κα-

1017 743 1207 777 ταγελάσεται,
1221 743 1269 770 καὶ
1288 741 1426 778 κωμῳδῶν
1448 743 1515 778 ἐρεῖ·
1529 742 1565 768 Σὺ
1584 743 1598 769 ό
1613 741 1654 774 τὸ,
1671 742 1854 773 Πίστευσον,
1904 778 1906 780 _

1018 787 1065 814 ἐπὶ
1080 788 1146 814 πᾶσι
1165 787 1262 821 λέγων,
1281 787 1330 813 οὑκ
1345 787 1428 822 ἀνέχῃ
1446 787 1527 821 ὅρκον
1546 785 1687 821 προέσθαι,
1702 785 1750 812 καὶ
1767 785 1857 820 ῥήμα-

1019 840 1062 858 σιν
1075 832 1200 867 αἰσχροῖς
1219 830 1412 866 καταισχύνεις
1429 839 1476 856 σου
1492 830 1542 866 τὴν
1555 829 1695 864 γλῶτταν;
1712 829 1794 855 Ὥστε
1809 828 1856 854 καὶ

1017 876 1140 906 ἄκοντες,
1154 875 1206 901 ὑπὸ
1218 874 1273 901 τῶν
1288 874 1431 911 παρόντων
1445 874 1678 909 συνελαυνόμενοι,
1693 873 1763 908 πρὸς
1777 872 1856 898 εὑλά-

1019 920 1095 946 εειαν
1110 919 1290 954 ἐπανήξομεν.
1306 919 1338 945 Τί
1349 917 1406 951 οὖν,
1423 919 1471 946 ἐὰν
1489 919 1608 953 ἀνάγκη,
1625 918 1718 953 φησὶν,
1737 916 1854 952 όμόσαιί

1019 964 1106 989 Ὅπου
1121 962 1204 998 νόμου
1226 962 1381 998 παράϐασις
1402 962 1459 999 [96]
1481 964 1565 993 ἐστιν,
1581 963 1630 989 οὐκ
1645 961 1718 988 ἐστιν
1734 961 1854 996 ἀνάγκη.

1016 1008 1072 1034 Καὶ
1084 1007 1206 1038 δυνατὸν,
1224 1007 1304 1042 φησὶ,
1326 1006 1441 1046 καθόλου
1458 1007 1496 1042 μὴ
1515 1006 1647 1042 όμνὺναι;
1667 1006 1700 1032 Τί
1718 1005 1827 1039 λέγειςς
1841 1006 1856 1031 ό

1016 1051 1082 1083 Θεὸς
1092 1051 1229 1083 ἐκέλευσε,
1242 1052 1288 1078 καὶ
1302 1051 1405 1087 τολμᾷς
1419 1051 1557 1086 ἐρωτῆσαι
1571 1052 1595 1077 εί
1610 1050 1723 1078 δυνατὸν
1736 1049 1855 1084 φυλάξαι

1015 1096 1061 1122 τὸν
1072 1096 1169 1131 νόμον;
1187 1095 1331 1122 Ἀδύνατον
1349 1095 1399 1131 μὲν
1412 1093 1459 1122 οὖν
1472 1096 1502 1122 τὸ
1517 1095 1555 1130 μὴ
1573 1095 1699 1129 φυλάξαι’
1716 1093 1856 1121 καὶτοῦτο

1015 1139 1069 1166 ἀπὸ
1086 1140 1140 1166 τῶν
1156 1140 1298 1175 παρόντων
1311 1140 1384 1174 ὑμᾶς
1399 1140 1493 1166 πεῖσαι
1511 1139 1653 1174 βούλομαι,
1669 1139 1710 1166 ὅτι
1726 1138 1757 1164 οὐ
1771 1138 1803 1164 τὸ
1817 1138 1854 1173 μὴ

1015 1183 1140 1218 ὀμνύναι.
1158 1183 1226 1210 ἀλλά
1238 1184 1269 1210 τὸ
1282 1183 1398 1218 ὀμνύναι
1414 1183 1556 1210 ἀδύνατον.
1577 1183 1645 1209 Ἰδοὺ
1661 1182 1727 1217 γοῦν
1741 1182 1854 1217 χρυσίου

1015 1227 1214 1263 ἐκελεύσθησαν
1233 1228 1397 1262 εἰσενεγκεῖν
1409 1229 1434 1255 οί
1451 1228 1502 1264 τὴν
1517 1228 1594 1254 πόλιν
1609 1228 1746 1259 οἰκοῦντες
1758 1227 1854 1254 δοκοῦν

1014 1272 1064 1308 τὴν
1071 1272 1125 1298 τῶν
1133 1272 1238 1299 πολλῶν
1248 1272 1423 1308 ὑπερϐαίνειν
1435 1273 1560 1308 δύναμιν,
1569 1273 1626 1304 καὶ,
1640 1272 1669 1299 τὺ
1679 1273 1760 1299 πλέον
1767 1273 1854 1298 εἰσενο

1015 1316 1138 1350 ήνεκται,
1152 1316 1266 1342 καὶτῶν
1282 1316 1470 1343 ἀπαιτούντων
1485 1317 1558 1343 ἐστιν
1571 1317 1686 1343 ἀκοῦσαι
1706 1317 1850 1350 λεγόντων·

1016 1360 1048 1386 Τί
1062 1359 1179 1394 μέλλεις,
1197 1359 1322 1395 ἄνθρωπε
1333 1369 1340 1392 ;
1351 1360 1378 1386 τί
1391 1360 1420 1386 δὲ
1435 1360 1542 1396 ἡμέραν
1551 1359 1580 1393 ἐξ
1595 1359 1701 1394 ἡμέρας
1714 1358 1852 1394 ἀναϐάλλῃ

1015 1404 1103 1438 ήμᾶς;
1121 1403 1158 1439 μὴ
1175 1403 1231 1438 γὰρ
1245 1403 1358 1430 δυνατὸν
1373 1404 1520 1438 ὲκφυγεῖνς
1540 1403 1670 1438 βασιλέως
1691 1403 1773 1438 νόμος
1795 1403 1852 1428 ἐστὶ

1016 1446 1171 1482 μελλήσεως
1185 1447 1235 1474 οὐκ
1255 1447 1426 1482 ἀνεχόμενος.
1444 1447 1476 1473 Τί
1497 1447 1598 1481 λέγεις,
1621 1447 1682 1474 εἰπέ
1703 1455 1763 1481 μοις
1780 1446 1851 1482 βασι·

1013 1488 1076 1520 λεὺς
1102 1489 1230 1516 ἐκέλευσε
1253 1491 1382 1525 χρήματα
1405 1490 1581 1524 εἰσενεγκεῖν,
1603 1492 1651 1517 καὶ
1668 1490 1799 1518 ἀδύνατον
1815 1491 1852 1526 μὴ

1014 1533 1187 1567 εἰσενεγκεῖν·
1208 1534 1221 1559 ό
1241 1533 1306 1564 Θεὸς
1323 1533 1450 1560 ἐκέλευσε
1468 1534 1579 1568 φεύγειν
1595 1534 1658 1566 τοὺς
1678 1534 1786 1569 ὅρκους,
1806 1535 1852 1560 καὶ

1014 1577 1104 1610 λέγεις
1121 1577 1162 1604 δτι
1179 1577 1308 1604 ἀδύνατον
1324 1578 1437 1612 φεύγειν
1453 1578 1516 1610 τοὺς
1536 1579 1650 1614 δρκους;
1670 1579 1774 1614 ’Ἑκτην
1798 1579 1852 1614 ἔχω

1012 1621 1115 1657 ταύτην
1125 1622 1234 1657 ἡμέραν
1247 1622 1310 1657 περὶ
1324 1622 1426 1656 ταύτης
1439 1623 1503 1657 ὑμῖν
1516 1622 1655 1659 παραινῶν
1667 1623 1716 1657 τῆς
1729 1623 1849 1657 ἐντολῆς⁵

1013 1665 1104 1692 λοιπὸν
1117 1666 1181 1700 ὑμῖν
1196 1665 1380 1698 συντάξασθαι
1395 1666 1524 1701 βούλομαι
1542 1667 1580 1698 ὡς
1595 1667 1792 1702 ἀφιστάμενος.
1808 1668 1851 1694 ἵνα

1012 1709 1208 1744 ἀσφαλίζησοε.
1234 1710 1291 1736 Οὐκ
1314 1710 1353 1736 ἔτι
1371 1710 1504 1745 ἀπολογία
1529 1719 1571 1742 τις
1594 1711 1658 1746 ὑμῖν
1683 1711 1770 1740 ἕσται,
1792 1712 1851 1738 οὐδὲ

1014 1752 1173 1788 συγγνώμη’
1193 1753 1310 1789 μάλιστα
1328 1754 1376 1789 μὲν
1391 1754 1445 1790 γὰρ
1464 1755 1488 1780 εἰ
1507 1755 1554 1780 καὶ
1571 1754 1653 1790 μηδὲν
1667 1754 1772 1789 εἴρητο,
1786 1756 1850 1789 παρ’

1013 1796 1090 1831 ὑμῶν
1108 1796 1197 1822 αὐτῶν
1212 1797 1264 1823 ἔδει
1278 1797 1458 1833 διορθωθῆναι
1472 1797 1561 1824 τοῦτο’
1582 1798 1642 1824 οὑδὲ
1657 1797 1711 1833 γὰρ
1729 1798 1851 1825 ποικίλον

1012 1841 1096 1869 ἐστὶν,
1118 1840 1179 1866 οὺδέ
1196 1840 1297 1875 πολλῆς
1311 1841 1438 1876 δεόμενον
1454 1841 1636 1877 κατασκευῆς.
1659 1842 1743 1869 Ὅταν
1759 1842 1788 1868 δὲ
1803 1843 1849 1868 καὶ

1011 1883 1146 1918 τοσαύτης
1160 1881 1209 1918 ἦτε
1230 1884 1418 1919 παραινέσεως
1435 1886 1481 1912 καὶ
1498 1885 1653 1921 συμϐουλῆς
1670 1885 1852 1913 ἀπολελαυκό-

1010 1936 1068 1966 τες,
1081 1927 1142 1954 τίνα
1160 1928 1307 1962 ἀπολογίαν
1324 1930 1410 1955 εἰπεῖν
1426 1930 1500 1961 ἕξετε
1520 1930 1725 1964 ἐγκαλούμενοι,
1744 1931 1792 1956 καὶ
1805 1930 1850 1956 ἐπὶ

1011 1971 1058 1998 τοῦ
1073 1971 1194 2006 βήματος
1209 1972 1325 2004 ἑστῶτες
1337 1973 1384 1999 τοῦ
1397 1974 1522 2009 φοϐεροῦ,
1534 1974 1580 2000 καὶ
1591 1974 1704 2006 εὐθύνας
1719 1974 1850 2000 ἀπαιτού-

1014 2023 1090 2050 μενοι
1103 2016 1154 2050 τῆς
1175 2017 1348 2051 παρανομίας
1365 2017 1484 2051 ταύτης;
1499 2018 1556 2044 Οὐκ
1576 2018 1648 2044 ἐστιν
1667 2018 1797 2053 οὐδεμίαν
1811 2019 1850 2045 εἱ-

1011 2061 1072 2086 πεῖν
1081 2060 1239 2094 ἀπολογίαν.
1253 2061 1310 2087 ἀλλ’
1319 2061 1437 2096 ἀνάγκη,
1449 2062 1465 2097 ἦ
1477 2062 1701 2098 κατορθώσαντας
1709 2062 1849 2093 ἀπελθεῖν,

1011 2102 1028 2138 ἢ
1048 2103 1085 2138 μὴ
1104 2103 1331 2140 κατορθώσαντας
1344 2105 1518 2137 κολάζεσθαι,
1534 2106 1580 2132 καὶ
1593 2106 1642 2141 τὴν
1654 2106 1772 2141 ἐσχάτην
1785 2106 1850 2132 ὑπο-

1012 2146 1104 2181 μένειν
1114 2146 1200 2182 δίκην.
1216 2147 1308 2174 Ταῦτα
1321 2147 1368 2175 οὖν
1381 2150 1556 2184 ἐννοήσαντες
1567 2149 1676 2176 ᾶπαντα
1687 2156 1710 2180 ε,
1723 2150 1772 2176 καὶ
1781 2150 1850 2185 μετά

1011 2190 1111 2226 πολλῆς
1133 2191 1259 2219 ἐντεῦθεν
1281 2193 1510 2229 ἀναχωρήσαντες
1533 2195 1584 2230 τῆς
1600 2195 1750 2230 φροντίδος,
1772 2195 1849 2231 ἀλλήο

1011 2234 1074 2266 λους
1088 2236 1310 2271 παρακελεύεσθε
1326 2238 1361 2264 τὰ
1376 2239 1406 2264 ὲν
1421 2239 1566 2270 τοσαύταις
1582 2240 1700 2275 ἡμέραις
1715 2241 1849 2276 εἰρημένα

1013 2278 1087 2318 μετά
1097 2279 1187 2314 πάσης
1200 2280 1318 2315 τηρῆσαι
1337 2281 1387 2316 τῆς
1402 2282 1528 2317 φυλακῆς
1543 2284 1589 2309 ἐπὶ
1602 2283 1652 2318 τῆς
1665 2284 1785 2316 διανοίας
1799 2285 1849 2319 τῆς

1013 2319 1157 2355 ὑμετέρας,
1171 2321 1215 2348 ἶνα
1225 2323 1270 2348 καὶ
1281 2322 1359 2358 ήμῶν
1371 2323 1509 2358 σιγώντων
1520 2325 1652 2360 ἀλλήλους
1662 2326 1848 2358 παιδεύοντες,

1010 2363 1225 2399 οἰκοδομοῦντες,
1243 2366 1480 2401 παρακαλοῦντες,
1495 2367 1597 2404 πολλὴν
1613 2369 1786 2404 ἐπιδείξησθε
1800 2370 1848 2405 τὴν

1010 2407 1141 2439 ἐπίδοσιν,
1156 2409 1202 2434 καὶ
1217 2410 1279 2441 τοὺς
1296 2409 1406 2442 λοιποὺς
1422 2410 1546 2444 ἅπαντας
1558 2412 1788 2448 ἐκπληρώσαντες
1803 2414 1848 2440 νό‹

1012 2459 1090 2486 μους,
1105 2452 1279 2488 ἀπολαύσητε
1299 2454 1354 2481 τῶν
1374 2455 1491 2482 αἰωνίων
1514 2456 1664 2490 στεφάνων,
1687 2453 1725 2484 ὧν
1745 2457 1848 2492 γένοιτο

1012 2495 1116 2527 πάντας
1135 2497 1209 2531 ἡμᾶς
1232 2498 1383 2532 ἐπιτυχεῖν,
1406 2499 1499 2535 χάριτι
1523 2501 1570 2527 καὶ
1595 2500 1785 2538 φιλανθρωπίᾳ
1800 2502 1846 2529 τοῦ

1011 2539 1114 2574 Κυρίου
1127 2540 1205 2575 ἡμῶν
1224 2541 1311 2577 Ἰησοῦ
1329 2543 1460 2578 Χριστοῦ,
1475 2544 1509 2570 δι’
1523 2542 1553 2572 οὗ
1566 2545 1613 2571 καὶ
1626 2545 1685 2580 μεθ’
1696 2543 1726 2573 οὗ
1738 2545 1776 2580 τῷ
1789 2547 1845 2572 Ha-

1011 2583 1057 2618 τρὶ
1073 2583 1090 2618 ἡ
1106 2583 1171 2617 δόξα
1192 2583 1251 2620 ἅμα
1269 2585 1308 2620 τῷ
1331 2586 1402 2623 ἀγίῳ
1421 2587 1570 2623 Πνεύματι,
1597 2589 1637 2620 είς
1661 2590 1724 2622 τοὺς
1745 2589 1846 2622 αἰῶνας

1011 2626 1065 2652 τῶν
1084 2626 1200 2655 αίὼνων.
1223 2629 1320 2664 Ἀμήν.

1012 2705 1164 2733 διαλέξεσθαι.

1043 2736 1186 2776 ξ’Ἑνρςεεεῑ
1195 2738 1219 2762 ἰη
1225 2738 1371 2774 quihusdam
1379 2747 1437 2766 mss.
1444 2740 1509 2767 lnii‘a
1515 2742 1571 2768 ειν.
1578 2743 1624 2768 ὑπὸ
1630 2744 1710 2773 tumo.
1719 2751 1759 2776 πρ.
1767 2743 1844 2768 πάλιν.

1045 2767 1240 2797 θΑΙΙὶάπαντεςξ
1284 2769 1288 2774 ’
1523 2767 1527 2768 7
1567 2767 1570 2768 ν
1668 2776 1671 2781 ’
