1962 3121
164 177 208 205 l0l
638 179 683 208 AD
701 178 1124 208 l'ODllLUi’tlnAN’l'IOCHENUM
1155 178 1270 207 IIOMIL.
1291 178 1354 207 Vill.

163 242 234 263 circa
247 235 368 262 animam
383 243 493 264 omnem
511 244 602 264 curam
622 237 807 272 impendamus
819 258 827 270 ,
847 241 874 264 et
894 236 964 264 hanc

163 280 235 308 omni
247 280 330 309 modo
341 283 618 318 curemus..Corpora
632 284 730 319 quippe
738 283 897 318 languentia
908 290 963 311 non
978 301 980 310 ι

163 326 289 354 omnibus
300 328 494 362 curarefacile
504 333 545 362 est
557 349 564 361 ,
580 329 696 362 animam
711 336 776 356 vero
795 328 963 360 laborantem

163 376 205 398 est
217 371 318 411 cuique
329 372 459 401 medicari
472 373 646 407 facillimum;
662 378 689 406 et
703 374 836 408 corporis.
853 374 963 409 quidem

164 417 267 442 curatio
279 437 287 449 ,
301 421 329 444 et
342 417 553 449 medicaminum
561 423 589 446 et
603 419 707 454 argenti
729 419 831 454 indiget
841 440 848 452 ,
867 419 963 447 anima:

165 469 228 488 vero
242 461 320 488 facile
336 463 463 497 parabilis
475 468 501 491 et
517 464 652 498 impendio
671 471 766 492 carens
785 473 791 491 :
805 465 894 492 carnis
912 472 962 492 na—

167 511 222 534 tura
238 509 322 535 multo
334 517 395 535 cum
411 509 502 536 labore
516 510 549 537 ab
564 509 750 537 infestantibus
764 510 892 537 liberatur
903 510 961 537 vul-

167 555 276 589 neribus
293 564 301 583 :
318 556 417 590 etenim
434 556 535 587 ferrum
546 564 620 591 ,smpe
637 561 664 584 et
683 564 775 590 amara
786 556 968 587 medicamina.

167 601 295 629 adbibere
310 603 492 631 necessarium
509 608 566 636 est;
587 603 614 630 in
636 603 722 637 anima
745 610 811 632 vero
833 602 898 630 nihil
922 607 963 630 est

168 648 219 674 tale
233 667 241 680 ,
256 648 305 675 sed
322 653 425 677 tantum
443 649 508 676 velle
521 654 548 676 et
568 657 666 684 cupere
687 649 805 682 sufﬁcit,
824 653 853 676 et
873 649 962 676 omnia

167 698 287 720 correcta
312 698 384 720 sunt.
407 694 442 721 Et
463 695 513 721 hoc
534 694 584 722 fuit
605 702 672 729 opus
697 694 745 723 Dei
767 694 960 729 providentiam

167 739 292 772 quoniam
312 739 388 772 enim
411 747 443 766 ex
466 740 586 777 corporis
603 741 756 768 infirmitate
777 748 828 768 non
850 740 963 768 multmn

168 785 223 812 fieri
239 790 429 812 nocumeutnm
448 790 534 820 potest.
547 795 553 813 :
574 794 634 813 nam
647 787 727 818 etiam
743 787 765 814 si
781 794 835 814 non
849 791 962 822 aegrote-

168 838 245 864 mus,
263 839 336 859 mors
351 832 542 866 superveniens
560 832 646 867 ipsum
668 836 839 866 corrumpet,
858 838 885 859 et
904 839 962 859 om-

169 878 230 905 nino
243 877 394 905 dissolvet:
411 882 495 905 totum
516 886 581 905 vero
599 878 676 906 nobis
701 878 727 905 in
748 878 829 905 animi
849 878 963 905 sanitate

168 925 300 954 situm‘est
316 933 322 950 :
345 924 429 951 multo
444 925 556 951 utilioris
571 929 598 952 et
610 924 693 959 magis
707 923 866 952 necessariae
880 924 963 959 partis

169 970 331 997 curationem
346 970 408 997 fecit
420 970 564 999 facilemret
579 970 713 1005 impendio
724 975 751 997 ct
761 970 854 997 dolore
867 977 973 1003 caren-_

168 1020 229 1043 tem.
254 1015 340 1054 Quam
363 1016 443 1051 igitur
460 1016 659 1044 excusationem
687 1016 865 1044 habebimus?
882 1024 962 1051 quam

167 1067 252 1095 autem
266 1063 371 1091 veniam
386 1083 394 1096 ,
407 1070 468 1091 cum
484 1063 603 1099 corporis
617 1063 724 1099 quidem
737 1083 746 1095 ,
762 1063 805 1090 ubi
819 1067 958 1098 argentum

170 1112 291 1142 erogatur
304 1128 313 1141 ,
336 1113 364 1135 et
384 1108 480 1136 medici
501 1114 694 1142 accersuntur,
717 1112 743 1135 et
765 1107 865 1135 multus
887 1107 975 1135 dolor.

169 1153 313 1180 sustinetur
325 1174 333 1186 ,
350 1158 451 1181 tantam
472 1162 597 1189 geramus
616 1161 706 1181 curam
719 1173 727 1186 ,
748 1154 881 1188 praecipue
903 1161 964 1181 cum

169 1207 220 1226 non
233 1206 360 1234 magnum
375 1200 411 1229 sit
426 1199 503 1227 nobis
517 1199 643 1231 damnum
654 1207 687 1226 ex
699 1199 772 1226 illius
786 1198 942 1234 aegritudine
955 1207 963 1232 ;

168 1244 282 1275 animam
296 1252 361 1272 vero
374 1249 578 1272 contemnamus
590 1265 599 1278 ,
613 1249 642 1272 et
659 1244 711 1281 hoc
724 1251 785 1271 cum
801 1251 851 1272 nec
869 1251 965 1279 argen-

170 1296 221 1318 tum
235 1298 366 1326 erogare,
383 1299 432 1319 uec
453 1291 521 1318 alios
543 1290 699 1326 perturbare
711 1311 719 1324 ,
744 1298 833 1324 neque
846 1289 959 1317 dolores

170 1337 298 1364 sustinere
312 1337 461 1369 debeamus
473 1346 480 1369 ;
495 1337 542 1364 sed
557 1336 658 1372 absque
671 1336 712 1363 his
726 1336 964 1371 omnibuspropo:

170 1384 218 1409 sito
233 1382 319 1409 solum
335 1387 363 1409 et
383 1383 520 1409 voluntate
540 1389 646 1409 omnem
668 1381 751 1416 ipsius
770 1381 964 1409 correctionem

169 1427 253 1456 facere
269 1429 405 1463 possimus
419 1437 430 1460 ε,
441 1433 475 1460 et
486 1429 586 1463 optime
607 1428 724 1455 sciamus
742 1435 792 1455 nos
806 1447 814 1461 ,
839 1427 893 1463 nisi
914 1426 964 1455 hoc

171 1475 310 1502 ‘ecerimus
324 1496 333 1508 ,
349 1479 496 1503 extremam
512 1474 648 1502 subituros
662 1481 766 1509 poenam
778 1495 786 1506 ,
805 1478 833 1501 et
853 1473 965 1506 inevita:

176 1520 228 1546 ...ia
243 1524 378 1547 tormenta
392 1524 473 1555 atque
488 1519 640 1554 supplicia?
655 1519 701 1546 Dic
714 1526 829 1554 namque
843 1519 906 1546 mibi
919 1538 928 1552 ,
942 1519 963 1546 si

169 1566 224 1602 quis
237 1570 323 1593 artem
336 1566 476 1594 mediciute
491 1566 565 1593 brevi
577 1565 705 1600 temporis
718 1569 854 1595 momento
863 1565 964 1599 absque

168 1617 276 1646 argento
291 1616 317 1639 et
331 1612 424 1639 labore
437 1619 468 1639 se
488 1611 630 1639 docturum
655 1616 681 1638 te
699 1610 869 1646 polliceretur
880 1631 888 1643 ,
910 1618 964 1638 non

169 1659 251 1692 ipsum
267 1662 376 1693 putares
399 1657 618 1685 benefactorem?
639 1664 729 1684 nonne
750 1656 856 1684 subires
874 1656 964 1684 omnia

169 1704 253 1731 facere
267 1708 295 1731 et
308 1704 362 1738 pati
376 1725 384 1736 ,
399 1710 574 1738 qumcumque
590 1703 648 1729 lucc
669 1702 799 1737 pollicens
817 1701 964 1737 jussisset?

170 1749 235 1776 Ecce
253 1756 325 1775 nunc
344 1748 403 1775 sine
421 1748 556 1775 laboribus
578 1748 658 1779 licet,
679 1740 733 1774 non
752 1746 873 1782 corporis
885 1767 894 1780 ,
916 1747 964 1774 sed

169 1794 263 1820 anima:
278 1794 419 1821 vulnerum
444 1794 563 1821 invenire
583 1793 699 1820 remedia
712 1814 720 1827 ,
741 1798 768 1820 et
784 1801 843 1829 eam
862 1793 964 1828 absque

168 1839 260 1867 dolore
275 1840 330 1866 ullo
343 1839 377 1867 ad
395 1840 537 1867 sanitatem
554 1835 682 1867 reducere
697 1847 704 1866 :
726 1847 760 1867 ue
782 1839 862 1874 igitur
881 1839 964 1874 negli-

168 1892 270 1919 gamus.
286 1885 352 1918 Quis
365 1885 437 1912 enim
453 1906 460 1917 ,
482 1885 526 1912 dic
548 1885 633 1918 Inibi,
659 1884 755 1916 dolor,
777 1885 842 1911 iram
864 1884 964 1912 contri-

168 1931 246 1958 stauti
260 1932 399 1959 remittere
413 1932 424 1960 7
439 1931 522 1959 Dolor
543 1932 649 1967 quidem
673 1936 714 1959 est
739 1932 848 1966 injurias
870 1931 963 1959 memi~

170 1977 238 2004 uisse
252 1998 259 2009 ,
277 1981 305 2004 et
318 1985 371 2004 non
383 1977 530 2004 conciliari.
545 1977 610 2011 Quis
625 1977 701 2004 labor
715 1984 793 2004 orare
803 1998 810 2009 ,
826 1981 852 2004 et
871 1984 887 2003 a
908 1977 963 2004 Deo

171 2028 290 2058 prompte
300 2024 439 2058 praebente
449 2044 455 2055 ,
469 2023 608 2050 innumera
623 2024 692 2050 bona
704 2023 812 2058 petere?
821 2023 879 2058 quis
890 2022 964 2049 labor

169 2069 310 2097 detrahere
326 2071 425 2097 nemini
438 2071 449 2097 ’ἶ
461 2079 520 2104 qua:
530 2070 671 2105 difficultas
682 2071 716 2097 ab
730 2071 828 2098 invidia
841 2075 868 2097 et
880 2071 963 2098 livore

170 2116 294 2143 liberari?
317 2124 378 2151 qua:
413 2116 534 2144 molestia
570 2117 720 2151 proximum
746 2116 878 2152 diligere?
903 2124 962 2152 qua:

170 2170 286 2191 :crumua
311 2171 364 2190 non
382 2163 469 2197 turpia
492 2163 572 2190 verba
599 2163 669 2198 loqui
684 2183 692 2196 ,
714 2170 767 2190 non
792 2162 960 2195 convicium,

171 2217 220 2235 non
235 2208 359 2243 injuriam
374 2202 495 2236 iul'erre'?
507 2217 565 2243 qme
579 2208 697 2243 fatigatio
710 2216 761 2235 non
774 2207 888 2242 jurare?
902 2215 962 2235 rur-

172 2261 226 2281 sum
240 2254 311 2281 euim
326 2253 359 2281 ad
375 2254 497 2281 eamdem
510 2254 650 2281 deveniam
664 2254 884 2281 admonitionem.
906 2253 962 2280 lmo

172 2300 244 2327 labor
265 2299 400 2327 maximus
416 2299 528 2334 jurare;
553 2300 651 2334 saepius
670 2300 742 2327 enim
765 2300 805 2327 ira
823 2304 851 2327 et
874 2299 962 2328 furore

171 2345 268 2373 detenti
282 2367 289 2379 ,
305 2353 354 2373 nos
369 2345 549 2372 infestantinm
563 2346 678 2381 cuipiam
700 2353 753 2372 non
776 2345 964 2373 reconciliatu-

171 2399 213 2418 ros
223 2392 373 2426 juravimus
385 2412 393 2425 ,
407 2395 499 2426 postea
513 2391 551 2419 ira
565 2392 695 2419 exstincta
709 2397 736 2418 et
748 2391 838 2420 furore
851 2391 942 2420 sedato
953 2413 960 2425 ,

171 2437 337 2464 reconciliari
365 2437 506 2471 volentes,
527 2441 554 2464 et
569 2438 781 2473 juramentorum
804 2438 963 2466 necessitate

169 2482 273 2510 coerciti
286 2503 294 2513 .
307 2482 444 2510 doluimus
458 2487 592 2518 tamquam
616 2483 710 2518 laqueo
731 2483 845 2519 quodam
860 2484 962 2512 detenti

167 2533 193 2554 et
206 2528 320 2555 vinculis
336 2528 524 2555 insolubilibus
538 2528 644 2556 irrctiti.
656 2529 731 2562 Quod
744 2534 770 2556 et
781 2529 902 2557 diabolus
913 2536 963 2556 uo-

166 2575 220 2607 vit,
237 2579 263 2602 et
276 2575 340 2609 quia
357 2574 436 2608 plane
450 2575 522 2601 novit
535 2575 601 2601 imm
624 2583 683 2603 esse
705 2575 814 2610 ignem,
836 2581 863 2603 et
885 2575 963 2602 facile

166 2621 297 2655 exstingui
310 2641 318 2652 ,
334 2624 363 2647 et
376 2619 507 2647 exstincta
522 2620 560 2647 ira
575 2621 819 2648 reconciliationem
833 2626 860 2648 et
874 2621 964 2649 amici-

166 2664 226 2691 tiam
251 2664 351 2698 sequi,
375 2663 487 2698 cupicus
516 2664 603 2699 ignem
629 2664 699 2691 hunc
721 2665 962 2700 inexstinguibilem

165 2718 271 2738 manere
283 2731 291 2744 ,
306 2710 466 2746 juramento
481 2718 529 2737 nos
543 2711 639 2746 smpius
654 2711 767 2739 irretivit
780 2733 786 2744 ,
801 2717 830 2739 ut
842 2717 869 2740 et
887 2713 910 2740 si
923 2713 963 2741 ira

161 2756 309 2790 desiverit,
330 2755 480 2792 juramenti
494 2757 639 2786 necessitas
654 2765 765 2787 manens
776 2778 783 2792 ,
798 2758 921 2786 ardorem
935 2759 962 2786 in

1759 176 1808 202 lii!

1017 236 1094 263 nobis
1106 239 1248 263 conservet
1259 256 1265 267 .
1280 240 1307 262 et
1319 235 1432 262 duorum
1446 234 1492 261 fiat.
1506 234 1617 260 alterum
1630 251 1638 266 ,
1651 231 1694 259 vel
1712 239 1808 259 recou—

1015 280 1097 308 ciliati
1116 280 1286 315 pejeremus,,
1312 280 1355 306 vel
1377 287 1430 307 non
1453 278 1636 310 reconciliati,
1653 277 1707 304 odii
1723 278 1808 312 culpae

1019 331 1126 353 uosmet
1137 333 1199 353 reos
1211 325 1415 353 constituamus.

1051 372 1078 399 4.
1100 371 1208 400 Moralt's
1224 371 1372 398 exhortatio
1393 370 1428 397 ad
1452 370 1598 405 jar-amenta
1616 368 1746 397 ,vt‘tanda.
1772 382 1806 388 —-

1018 419 1082 445 llmc
1105 418 1184 452 igitur
1208 418 1343 449 scientes.
1367 416 1517 451 jnramenta
1541 415 1671 450 fugiamus
1691 419 1718 442 ct
1742 415 1806 441 assi-

1018 463 1069 490 due
1093 463 1235 490 meditetur
1256 470 1287 490 os
1309 466 1428 489 nostrum
1455 461 1564 493 dicere,
1587 459 1687 486 Crede:
1710 463 1738 486 et
1758 459 1810 486 hoc

1014 510 1065 536 orit
1101 509 1178 536 nobis
1211 508 1293 535 totius
1326 507 1432 542 pietatis
1472 510 1666 541 argumentum.
1708 504 1808 540 Lingua

1015 555 1085 582 enim
1110 555 1218 582 verbum
1249 554 1299 581 hoc
1320 561 1401 580 unum
1416 554 1424 569 ²
1447 553 1537 580 dicere
1558 552 1645 584 docta,
1668 551 1808 578 confundi.

1015 605 1058 628 tur
1086 605 1113 628 et
1144 600 1280 628 erubescit
1304 600 1390 635 turpia
1426 604 1452 626 et
1485 597 1600 625 absurda
1634 597 1715 624 verba
1745 605 1808 631 pro-

1015 647 1085 674 ferre
1100 656 1106 674 :
1121 651 1148 674 et
1160 647 1183 674 si
1196 654 1301 674 rursum
1315 654 1329 673 a
1342 645 1534 673 consuetudine
1552 644 1706 671 retrahatur
1719 663 1726 674 .
1741 643 1807 670 mul-

1015 696 1057 718 tos
1078 691 1179 718 habens
1199 695 1367 718 accusatores
1387 690 1556 724 corripietur.
1576 691 1641 716 Cum
1656 689 1728 716 enim
1747 689 1807 723 quis

1016 737 1212 771 nonjurantem
1226 737 1312 771 turpia
1333 736 1431 763 viderit
1443 735 1524 762 verba
1544 734 1722 770 proferentem
1736 753 1744 767 ,
1769 733 1810 760 iu-

1017 781 1126 809 sultabit
1141 781 1218 809 facile
1230 802 1237 814 ,
1252 782 1384 809 deridebit
1398 802 1406 815 ,
1427 785 1455 808 et
1471 788 1584 816 carpens
1605 780 1676 808 dicet
1692 789 1699 807 :
1712 780 1752 807 Tn
1764 779 1809 815 qui

1016 827 1042 855 iu
1057 828 1182 855 omnibus
1195 828 1261 855 dicis
1275 848 1282 861 ,
1297 827 1376 855 Crede
1386 849 1393 861 ,
1413 827 1592 862 jurameutum
1614 826 1736 861 proferre
1755 833 1812 852 non-

1015 873 1136 905 audens,
1153 874 1288 908 quomodo
1310 873 1431 908 turpibus
1451 873 1565 907 linguam
1589 876 1659 899 tuam
1680 872 1811 899 sermoni-

1016 919 1065 946 bus
1080 920 1268 947 contamiuas?
1282 920 1371 954 Itaque
1383 924 1409 946 et
1430 919 1503 946 inviti
1519 926 1534 945 a
1548 918 1723 952 prmseutibus
1736 925 1811 944 cmu-

1016 966 1103 1000 pulsi,
1120 966 1152 993 ad
1167 967 1291 1000 pietatem
1303 966 1457 993 redibimus.
1471 964 1540 997 Quid
1560 964 1640 999 igitur
1660 964 1683 991 si
1701 963 1808 998 juraudi

1018 1011 1164 1039 necessitas
1176 1012 1232 1038 sit?
1247 1012 1332 1046 inquit
1344 1011 1448 1046 aliquis.
1463 1010 1511 1038 Ubi
1523 1014 1564 1037 est
1576 1010 1641 1045 legis
1655 1010 1810 1044 praevarica-

1019 1056 1056 1083 tio
1069 1077 1077 1090 ,
1089 1064 1142 1084 non
1158 1061 1198 1084 est
1210 1057 1366 1084 necessitas.
1383 1056 1417 1083 Et
1432 1055 1558 1091 possibile
1572 1059 1613 1082 est
1627 1055 1732 1090 penitus
1745 1075 1753 1086 ,
1767 1054 1810 1081 in-

1018 1102 1095 1137 quit,
1110 1110 1162 1130 non
1172 1102 1367 1138 jurare'lQuid
1387 1102 1447 1129 ais?
1470 1101 1541 1128 Deus
1561 1101 1661 1136 jussit,
1686 1105 1713 1127 et
1729 1100 1811 1127 audes

1019 1147 1204 1182 interrogare,
1244 1155 1277 1174 an
1310 1147 1395 1182 legem
1426 1147 1560 1174 custodire
1593 1147 1627 1173 sit
1659 1146 1810 1181 possibile?

1019 1193 1077 1221 Imo
1104 1193 1268 1228 impossibile
1291 1201 1343 1220 uou
1367 1193 1522 1225 custodire,
1548 1197 1575 1219 et
1598 1191 1650 1218 hoc
1675 1199 1722 1226 per
1743 1198 1811 1225 prue-

1018 1240 1104 1267 sentia
1127 1239 1203 1267 vobis
1227 1239 1391 1274 persuadere
1423 1238 1485 1265 volo
1514 1238 1585 1273 quod
1620 1244 1672 1265 non
1711 1237 1812 1271 impos-

1019 1285 1097 1313 sibile
1119 1285 1155 1313 sit
1178 1292 1231 1312 non
1251 1285 1343 1318 jurare
1355 1305 1362 1317 ,
1388 1284 1434 1312 sed
1457 1283 1558 1318 jurare.
1574 1283 1642 1310 Ecce
1658 1282 1729 1309 enim
1742 1281 1811 1316 jussi

1017 1336 1079 1358 sunt
1093 1331 1186 1358 urbem
1202 1330 1361 1363 habitantes,
1375 1329 1444 1366 quod
1458 1329 1599 1357 multorum
1611 1329 1682 1356 vires
1691 1328 1808 1356 excede-

1018 1384 1047 1403 re
1060 1376 1175 1406 videtur.
1188 1384 1282 1404 aurum
1294 1383 1415 1411 erogare,
1430 1381 1457 1403 et
1477 1375 1563 1409 major
1574 1382 1636 1409 pars
1644 1374 1698 1408 jam
1713 1374 1809 1401 collata

1017 1427 1070 1455 est,
1084 1427 1165 1458 atque
1188 1427 1328 1450 exactores
1352 1422 1446 1450 audire
1472 1422 1553 1454 licet,
1579 1421 1722 1448 dicentes:
1743 1420 1810 1453 Quid

1016 1469 1108 1497 tardas
1121 1469 1219 1497 homo?
1233 1469 1296 1504 quid
1314 1477 1380 1497 vero
1395 1476 1444 1496 nos
1460 1468 1494 1495 de
1507 1467 1551 1495 die
1564 1467 1590 1494 in
1607 1467 1677 1494 diem
1700 1466 1811 1494 dilfers?

1020 1523 1072 1543 non
1086 1516 1156 1543 enim
1170 1515 1286 1551 effugere
1302 1519 1377 1550 potes
1392 1524 1398 1542 :
1414 1515 1455 1542 lex
1481 1513 1652 1549 Imperatoris
1676 1517 1727 1546 est,
1750 1521 1810 1548 qua:

1020 1569 1121 1589 moram
1140 1569 1192 1589 non
1220 1561 1329 1596 patitur.
1348 1561 1416 1595 Quid
1437 1567 1528 1595 qua‘so
1554 1559 1640 1587 dicis?
1664 1559 1811 1593 Imperator

1015 1607 1096 1642 jussit
1106 1607 1232 1642 pecunias
1247 1606 1325 1641 pendi
1335 1611 1379 1639 ,ct
1390 1610 1418 1632 ut
1433 1613 1485 1632 non
1501 1604 1612 1639 pendas,
1627 1604 1682 1631 lieri
1693 1612 1745 1631 non
1760 1612 1810 1638 po-

1016 1656 1085 1684 test;
1102 1652 1172 1680 Deus
1195 1652 1345 1687 iuramenta
1374 1651 1465 1686 fugere
1481 1650 1570 1686 jussit,
1599 1654 1626 1677 et
1646 1649 1724 1682 dicis,
1749 1649 1807 1677 Non

1016 1705 1158 1733 possumus
1171 1698 1263 1733 fugere
1274 1696 1445 1732 juramenta?
1458 1696 1554 1724 Sextus
1570 1695 1613 1723 hic
1625 1695 1683 1722 dies
1691 1695 1810 1730 estquod

1018 1742 1052 1770 de
1066 1743 1117 1770 hoc
1127 1750 1174 1769 vos
1189 1748 1322 1778 praecepto
1332 1742 1464 1770 admoneo
1479 1749 1486 1767 :
1505 1741 1531 1768 in
1542 1740 1658 1767 futurum
1673 1740 1809 1767 vobiscum

1018 1788 1115 1823 pacisci
1135 1788 1206 1819 volo,
1224 1793 1358 1823 tamquam
1372 1787 1520 1820 desisteus,
1547 1792 1577 1813 ut
1602 1786 1730 1813 caveatis.
1751 1785 1809 1812 Non

1015 1833 1128 1868 amplius
1139 1833 1214 1861 vobis
1223 1833 1274 1860 erit
1284 1832 1419 1860 excusatio
1427 1839 1513 1866 neque
1523 1831 1609 1864 venia,
1621 1831 1739 1858 maxime
1749 1838 1810 1857 cum

1016 1878 1121 1905 etiamsi
1131 1886 1145 1905 a
1159 1878 1236 1906 nobis
1243 1878 1342 1906 dictum
1352 1877 1445 1905 fuisset
1457 1877 1521 1904 nihil
1535 1898 1542 1910 ,
1556 1884 1571 1904 a
1586 1876 1663 1904 vobis
1676 1876 1741 1910 ipsis
1757 1876 1809 1904 hoc

1018 1924 1116 1959 corrigi
1139 1923 1261 1952 debuerit
1283 1931 1355 1951 :uec
1378 1923 1448 1951 enim
1471 1923 1571 1950 varium
1598 1925 1652 1954 est,
1676 1927 1702 1950 et
1728 1923 1809 1949 multa

1017 1969 1213 2004 prmparatione
1227 1968 1357 2004 indigens.
1381 1969 1447 1996 Cum
1471 1975 1536 1995 vero
1549 1972 1648 1995 tantum
1662 1968 1721 1995 sitis
1741 1968 1810 1995 nacti

1017 2013 1206 2041 admonitionis
1216 2018 1243 2041 et
1255 2014 1370 2047 consilii,
1383 2021 1462 2048 quam
1472 2013 1602 2040 habebitis
1610 2013 1809 2040 excusationem

1016 2059 1144 2092 accusati,
1157 2067 1205 2093 pro
1215 2059 1341 2086 tribunali
1352 2058 1487 2093 constituti
1497 2057 1644 2090 tremendo,
1653 2065 1713 2085 cum
1721 2065 1808 2092 ptume

1017 2104 1243 2138 prmvaricatieois
1270 2104 1349 2139 hujus
1376 2112 1390 2130 a
1414 2103 1489 2131 vobis
1515 2104 1654 2138 exigentur
1670 2103 1682 2131 7
1701 2103 1805 2131 Nullam

1017 2149 1112 2176 aﬂ‘erre
1133 2149 1222 2177 licebit
1245 2149 1444 2177 excusationem
1459 2169 1467 2179 .
1488 2149 1535 2176 Sed
1560 2156 1672 2176 necesse
1695 2148 1746 2175 erit
1766 2149 1809 2176 vel

1016 2195 1172 2223 emendatos
1185 2195 1269 2227 abire,
1286 2196 1328 2222 vel
1344 2203 1396 2222 non
1410 2194 1565 2222 emendatos
1573 2195 1670 2230 puniri,
1679 2199 1706 2222 et
1718 2200 1808 2222 extre~

1017 2249 1089 2268 mum
1111 2241 1201 2268 subire
1223 2241 1391 2275 supplicium.
1412 2240 1474 2267 llaec
1490 2240 1568 2275 igitur
1581 2240 1668 2268 omnia
1690 2240 1809 2275 cogitan-

1016 2291 1058 2313 tes
1069 2288 1091 2319 ²,
1106 2294 1166 2314 cum
1179 2287 1259 2314 multa
1273 2287 1334 2314 hinc
1351 2295 1413 2315 cura
1425 2287 1552 2321 digressi,
1573 2294 1632 2322 qua:
1658 2291 1696 2314 tot
1714 2287 1808 2315 diebus

1016 2332 1085 2359 dicta
1096 2337 1158 2361 sunt
1170 2333 1242 2359 omni
1254 2333 1373 2360 custodia
1388 2333 1414 2360 in
1433 2336 1524 2360 mente
1539 2336 1626 2359 vestra
1647 2340 1808 2360 conservare

1017 2378 1087 2406 inter
1098 2385 1146 2406 vos
1160 2379 1339 2406 exhortamiui
1354 2387 1360 2405 ε
1377 2386 1430 2414 quo
1450 2379 1492 2406 vel
1511 2379 1589 2406 nobis
1603 2379 1753 2407 tacentibus
1766 2380 1808 2406 al-

1017 2429 1059 2453 ter
1070 2426 1182 2453 alterum
1196 2425 1323 2453 docentes
1332 2446 1339 2457 ,
1355 2425 1527 2458 mdificantes,
1542 2425 1730 2459 exhortantes,
1740 2425 1809 2452 mul-

1018 2475 1073 2498 tum
1086 2471 1274 2499 demonstretis
1288 2471 1445 2506 profectum,
1460 2476 1488 2498 et
1501 2478 1595 2498 omnes
1608 2471 1724 2506 reliquas
1736 2471 1809 2506 leges

1018 2518 1168 2554 implentes,
1185 2518 1294 2546 aeternis
1316 2518 1440 2545 fruamiui
1460 2518 1661 2553 coroniszquas
1673 2517 1811 2552 contingat

1019 2573 1068 2593 nos
1082 2573 1176 2592 omnes
1189 2565 1304 2600 assequi,
1320 2566 1403 2600 gratia
1415 2568 1443 2592 et
1454 2564 1616 2599 benignitate
1641 2564 1745 2591 Domini
1760 2571 1810 2591 uo-

1018 2611 1067 2639 stri
1078 2608 1140 2638 Jesn
1154 2611 1262 2644 Christi,
1284 2619 1332 2646 per
1345 2619 1425 2646 quem
1439 2615 1466 2638 et
1485 2618 1546 2638 cum
1563 2618 1615 2645 quo
1636 2609 1706 2637 Patri
1724 2609 1808 2645 gloria

1020 2657 1150 2693 simulque
1158 2657 1376 2692 sancloSpiritui,
1387 2657 1413 2684 in
1430 2657 1525 2683 smcula
1537 2655 1807 2683 s:eculoruiu.Amer..

1049 2733 1057 2748 '
1070 2737 1129 2764 vox,
1141 2740 1213 2758 unum
1224 2733 1296 2758 deest
1307 2734 1331 2757 in
1340 2732 1482 2764 quibusdam
1494 2736 1546 2757 Mss.

1047 2764 1058 2780 ¹
1070 2763 1130 2790 Alii:
1143 2769 1200 2790 ch
1209 2764 1281 2796 igitur
1292 2763 1372 2789 omitas
1384 2770 1401 2788 ε.
1410 2763 1518 2795 git/nites.
