1962 3121
157 156 206 184 103

540 153 568 181 S.
589 152 727 181 JOANNIS
739 151 974 182 CHRYSOSTOMI
995 154 1152 184 ARCHIEP.
1171 152 1438 184 CONSTANTINOP.

1740 156 1793 185 1M

155 267 316 290 ιΑυυΑτιο
337 267 447 289 EORUM
468 267 523 294 QUI
543 268 680 290 JUBANDI
701 268 968 290 CONSUETUDINEM
989 267 1215 289 υειιοευειιΑΝΤ
1230 269 1238 289 ε
1255 269 1295 289 ΕΤ
1316 268 1401 295 QUOD
1422 268 1510 291 NEMO
1543 269 1791 291 ευγεκετιτιοκν

197 318 313 339 ΤΕΝΕΙΠ
335 318 449 344 DEBET,
471 318 513 339 NE
534 317 611 338 POST
631 318 854 339 REFECTIONEM
875 316 1000 338 DIVINOS
1021 317 1053 338 ιΝ
1075 317 1222 339 ΕρειΕειΔ
1243 318 1407 340 δειιΜοΝΕε
1426 319 1547 340 ΔΠΒῙΔΤ
1562 303 1692 346 ε’ρῠΑιιες
1715 321 1791 343 POS'I"

196 368 330 390 MULTUM
351 367 475 389 TEMPUS
498 367 617 389 Βινιιυῑ
639 368 719 389 SUNT
742 367 889 388 TRADITE
911 366 1093 388 SCRIPTUBE
1109 368 1117 388 ἔ
1134 367 1175 388 ΕΤ
1196 367 1229 388 ΙΝ
1250 368 1355 396 ιιιυι),
1372 367 1451 390 ρίΕιι
1465 368 1635 391 ΕΝΔΒΒΔΝΤ
1648 370 1790 392 θιοιιιλιιι

196 418 250 440 net
266 408 376 449 (Psal.
401 408 449 442 18,
471 409 511 448 2)
529 419 536 438 :
551 417 653 439 meum
669 416 841 439 NATUBALIS
855 416 932 437 nssc

988 415 1041 437 TlO
1057 417 1065 436 ἔ
1083 416 1122 437 ET
1137 417 1170 438 IN
1191 417 1277 445 FINE,
1301 418 1342 438 DE
1363 417 1426 439 NON
1447 418 1604 440 JUBANDO.

856 481 1063 514 mm

469 557 576 577 HOMILIA
596 558 631 576 IX.

193 611 216 637 ί.
239 610 272 636 Ει
286 615 370 643 nuper
384 607 416 634 ad
431 614 479 634 vos
492 628 498 638 ,
513 613 540 634 et
560 615 630 634 nunc
644 607 678 634 ad
699 615 746 634 vos
759 607 838 634 verba
852 607 919 634 facio
935 616 942 633 :

157 658 254 683 utinam
272 662 335 682 vero
352 658 378 681 et
395 661 502 688 semper
512 653 663 686 vobiscum,
679 652 732 679 imo
743 654 830 687 potius
840 660 945 688 semper

156 701 291 728 vobiscum
305 721 312 733 ,
327 699 377 727 etsi
393 706 445 726 non
459 698 579 733 corporis
593 699 732 733 praesentia
741 699 848 730 ,saltem
856 698 944 725 chari-

155 750 216 774 tatis
229 747 254 774 vi
271 756 278 773 :
292 753 341 773 nec
353 745 424 772 enim
439 745 503 771 mihi
518 748 560 772 est
576 744 627 771 alia
644 744 697 772 vita
708 765 715 777 ,
733 744 783 771 nisi
799 751 845 771 vos
859 748 886 771 et
903 751 945 771 sa-

157 792 218 819 lutis
232 798 326 819 vestra:
336 799 409 819 cura.
424 791 498 818 Sicut
508 791 578 818 enim
589 791 700 818 colonus
710 790 775 818 nihil
787 790 856 818 aliud
869 795 945 818 curat

156 843 253 873 praeter
266 837 366 865 semina
378 841 406 864 et
423 841 526 871 segetes
538 856 545 868 ,
561 841 589 863 et
600 840 679 862 nauta
694 836 779 863 undas
791 842 817 863 et
831 841 922 870 portus
936 845 942 863 :

156 885 195 911 sic
206 889 233 911 et
249 884 293 918 qui
307 883 433 918 loquitur,
448 882 583 909 auditores
597 887 681 915 curat,
695 886 723 909 et
735 882 839 909 illorum
855 882 943 917 profe-

155 936 237 963 ctum,
249 930 316 957 sicut
328 934 355 956 et
366 937 416 964 ego
430 936 499 956 nunc
510 930 529 954 ¹.
542 928 604 956 Ideo
614 933 642 956 et
652 936 745 956 omnes
757 937 805 956 vos
816 929 842 956 in
856 935 944 957 mente

155 983 212 1002 mea
227 974 399 1008 circumfero,
415 983 464 1002 nec
476 982 540 1002 vero
554 974 597 1002 hic
617 979 716 1002 tantum
729 996 737 1008 ,
752 975 799 1003 sed
821 981 847 1003 et
861 976 942 1003 domi.

155 1021 210 1048 Etsi
226 1021 296 1048 enim
315 1020 412 1047 multus
432 1026 473 1047 est
492 1021 616 1055 populus,
631 1025 657 1048 et
677 1021 765 1048 brevis
782 1022 871 1050 cordis
890 1024 943 1050 mei

155 1074 288 1098 mensura,
301 1066 347 1093 sed
358 1066 408 1093 lata
420 1072 460 1094 est
467 1066 627 1099 charitas,et
636 1067 659 1093 Ν
662 1077 694 1096 an
701 1069 727 1095 in
736 1067 806 1094 nobis
814 1069 944 1104 angustia-

154 1114 215 1140 nn'ni
229 1113 267 1148 (2.
281 1112 339 1140 Cor.
354 1113 379 1140 6.
396 1113 439 1147 l2)
453 1122 459 1140 :
472 1114 608 1148 sequentia
623 1121 686 1141 vero
699 1122 752 1140 non
765 1114 877 1147 addam;
894 1123 942 1142 ne-

155 1166 206 1193 que
221 1158 291 1185 enim
311 1165 359 1184 nos
374 1158 442 1192 apud
458 1165 504 1185 vos
518 1159 710 1193 angustiatnnr.
732 1158 806 1186 Unde
821 1160 869 1187 hoc
884 1167 942 1187 ma-

154 1205 295 1232 nifestum?
308 1204 372 1232 Novi
388 1205 484 1232 multos
499 1205 655 1238 referentes,
668 1205 818 1232 Mandatum
832 1205 942 1234 fecimus

154 1250 225 1284 leges
239 1250 370 1277 nobismet
383 1254 510 1284 ponentes
525 1251 545 1282 ‘,
561 1255 586 1277 et
599 1250 751 1284 jurantibus
766 1259 858 1286 pcenas
873 1251 940 1280 defi-

153 1296 266 1328 nientes,
277 1300 304 1323 et
313 1296 396 1330 legem
408 1296 660 1331 transgredientibus
670 1304 773 1332 poenam
784 1298 938 1332 inferentes,

153 1349 257 1376 pmnam
274 1341 347 1369 vobis
366 1349 519 1376 congruam,
538 1341 607 1376 quod
624 1347 665 1370 est
678 1344 941 1372 moxinm-elinritatis

154 1387 288 1413 indicium.
301 1386 357 1413 Non
369 1387 438 1414 enim
450 1396 491 1414 me
502 1387 583 1422 pudet
595 1388 656 1415 talia
667 1393 804 1424 satagere:
815 1391 940 1425 qu0niam

153 1432 178 1458 in
193 1434 243 1459 hoc
254 1433 412 1459 curiositatis
426 1433 490 1459 nihil
511 1438 550 1460 est
562 1454 568 1465 ,
584 1433 631 1461 sed
643 1435 814 1469 providentiae
830 1436 886 1463 luec
899 1441 941 1464 est

151 1476 309 1505 sollicitudo.
324 1478 351 1505 Si
368 1478 438 1505 enim
460 1478 564 1506 medico
583 1487 634 1505 non
656 1485 697 1507 est
715 1481 884 1515 opprobrium
905 1482 940 1510 de

151 1528 251 1557 :egroto
261 1524 399 1556 sciscitari,
410 1531 497 1557 neque
508 1525 689 1552 nobiserimen
696 1525 728 1552 de
738 1533 824 1553 Vestra
835 1535 939 1563 semper

152 1570 285 1604 inquirere
299 1570 394 1598 salute.
417 1571 461 1597 Sic
474 1571 543 1598 enim
559 1572 650 1598 moniti
665 1572 727 1606 quid
742 1573 818 1600 vobis
832 1574 937 1608 quidem

149 1615 299 1650 expeditum
313 1617 355 1648 sit,
369 1616 430 1649 quid
443 1623 506 1642 vero
518 1616 647 1648 relictum,
659 1625 773 1652 congrua
786 1626 846 1645 cuin
857 1619 938 1647 disci-

148 1661 218 1696 plina
234 1661 333 1696 reliqua
347 1661 488 1689 all‘eremus
503 1662 630 1689 remedia.

184 1706 317 1733 Auditora
330 1715 346 1733 a
356 1707 508 1742 juramentis
522 1707 570 1734 cito
584 1707 718 1735 emendati.
731 1724 766 1729 -—
781 1709 843 1738 "me
857 1710 936 1746 igitur

148 1752 254 1779 curiose
267 1753 373 1779 scrutati
388 1753 557 1787 cognovimus
572 1774 579 1786 ,
593 1759 619 1781 et
638 1754 690 1782 Deo
703 1755 801 1790 gratias
814 1757 916 1791 egimus
926 1777 934 1790 ,

147 1798 217 1832 quod
230 1805 282 1825 non
297 1798 324 1825 in
340 1799 420 1833 petris
432 1799 620 1827 seminavimus
632 1820 639 1831 ,
655 1808 704 1827 nec
718 1801 743 1828 in
755 1801 845 1836 spinas
860 1803 934 1830 misi-

149 1852 207 1871 mus
219 1844 330 1878 semina,
342 1852 428 1880 neque
441 1845 523 1872 multo
537 1850 656 1881 tempore
667 1847 799 1882 multaque
810 1848 935 1877 dilatione

147 1888 305 1924 indiguimus
317 1909 325 1923 ,
343 1894 372 1916 ut
386 1895 488 1925 Segetes
502 1895 671 1919 meteremus.
691 1893 831 1927 Propterea
845 1902 891 1921 vos
907 1895 932 1922 in

145 1935 225 1962 corde
238 1942 298 1963 meo
308 1936 413 1962 assidue
426 1943 499 1970 gero,
511 1942 647 1971 propterea
661 1945 714 1965 non
726 1939 811 1966 sentio
821 1939 933 1967 docendi

145 1979 261 2007 laborem
271 2000 279 2013 ,
294 1980 442 2007 auditorum
456 1981 530 2008 luero
544 1982 685 2010 revelatus.
702 1983 764 2011 lla‘c
777 1985 846 2011 enim
860 1993 931 2012 mer-

144 2032 190 2052 ces
207 2031 256 2051 nos
270 2032 394 2059 reparare
409 2030 495 2060 potest
510 2031 538 2054 et
555 2027 673 2054 relevare
686 2033 712 2055 et
726 2029 825 2056 alacres
841 2037 931 2064 prom-

144 2075 254 2105 ptosque
267 2071 353 2098 facere
364 2070 396 2098 ad
410 2079 514 2098 omnem
528 2080 575 2106 pro
585 2073 660 2100 vobis
671 2073 789 2102 laborem
800 2076 932 2103 sustinen-

143 2117 217 2144 dum.
241 2117 371 2150 Quoniam
395 2117 474 2153 igitur
497 2118 577 2145 multa
596 2126 643 2145 vos
661 2120 728 2154 grati
751 2121 832 2148 animi
856 2122 929 2157 signa

143 2162 262 2195 dedistis,
279 2170 326 2197 age
336 2163 390 2197 jam
405 2167 432 2190 et
444 2171 492 2190 nos
506 2163 622 2191 debitum
635 2173 784 2199 erogemus,
798 2167 867 2201 quod
883 2176 930 2194 nu-

144 2216 189 2242 per
207 2209 413 2241 promiseramus
432 2218 438 2235 :
456 2209 517 2236 licet
532 2218 585 2236 non
599 2211 701 2237 videam
715 2217 859 2246 przesentes
869 2221 929 2241 esse

142 2254 201 2280 illos
209 2262 311 2286 omnes,
320 2254 375 2288 qui,
383 2262 442 2282 cum
452 2255 653 2289 promissionem
663 2255 722 2288 feci,
732 2257 783 2284 huc
791 2264 927 2286 venerant.

141 2300 205 2333 Quae
219 2300 323 2326 tandem
337 2300 424 2335 itaque
437 2302 535 2329 cabsa?
546 2302 606 2336 quid
620 2302 690 2337 ipsos
703 2312 716 2330 ει
731 2309 820 2331 nostra
834 2307 929 2340 repulit

141 2346 250 2372 mensa?
265 2345 315 2378 Qui
329 2347 494 2382 corporalem
509 2347 594 2382 attigit
608 2356 726 2376 mensam
743 2370 750 2381 ,
768 2355 795 2377 ut
808 2350 927 2385 videtur,

141 2392 276 2427 indignum
288 2400 348 2420 esse
362 2394 472 2428 putavit,
487 2399 546 2429 post
559 2396 678 2430 corporis
689 2397 879 2424 nutrimentum
893 2398 925 2425 ad

141 2439 289 2466 divinorum
308 2440 469 2467 auditionem
489 2440 653 2474 eloquiorum
674 2443 773 2470 venire.
798 2443 850 2471 Sed
874 2451 926 2471 non

139 2491 212 2512 recte
223 2486 248 2511 in
259 2485 308 2512 hoc
323 2485 440 2512 sentiunt
452 2495 458 2512 :
471 2493 556 2520 neque
567 2487 647 2519 enim,
659 2487 680 2514 si
693 2487 743 2515 hoc
753 2494 822 2516 esset
833 2489 928 2517 absur-

139 2531 211 2564 dnrn,
224 2532 320 2558 multos
334 2537 360 2559 et
373 2532 465 2566 longos
478 2532 650 2566 impendisset
661 2541 796 2562 sermones
807 2536 926 2564 Christus

139 2581 198 2605 post
219 2577 288 2603 illam
308 2577 446 2612 mysticam
470 2585 573 2604 caenam
589 2587 595 2603 :
611 2586 663 2605 non
682 2580 772 2615 utique
785 2581 807 2608 si
822 2581 874 2609 hoc
887 2582 926 2609 in-

138 2630 282 2656 congruum
297 2627 379 2654 esset,
396 2623 492 2650 refecta
507 2624 604 2658 saepius
618 2625 644 2652 in
659 2626 765 2653 deserto
780 2628 926 2655 multitudi-

139 2675 171 2694 ne
181 2668 260 2694 etiam
271 2675 408 2694 sermones
419 2668 482 2701 ipsis
493 2673 552 2703 post
564 2677 681 2697 mensam
693 2672 923 2700 communicasset.

137 2713 164 2740 Si
174 2714 245 2741 enim
257 2713 295 2740 fas
307 2714 453 2749 estaliquid
465 2715 543 2741 etiam
556 2720 650 2750 praeter
660 2716 810 2752 opinionem
822 2719 922 2754 dicere,

136 2762 199 2786 tunc
218 2759 334 2794 profecto
354 2759 520 2787 utilissimum
541 2766 582 2789 est
600 2761 696 2790 divinis
709 2762 823 2799 eloquiis
844 2771 922 2793 aures

166 2826 177 2871 ί
195 2824 287 2861 Aliquot
296 2830 349 2852 Mss.
364 2827 444 2853 :sicut
458 2828 565 2865 igitur_et
576 2836 628 2861 ego.

192 2857 289 2871 nun-da...
302 2865 308 2870 -
325 2863 403 2871 1...“...-
415 2859 482 2871 ..ι-ι..-
493 2860 592 2871 3....Α--.,.
606 2867 628 2871 ..ι

192 2857 290 2885 Quidam
301 2865 308 2882 :
322 2863 404 2890 Legem
415 2857 482 2885 nobis
493 2857 724 2890 inviceni'ponentcs.

1001 550 1212 578 accommodare.
1226 549 1291 578 Cum
1302 550 1372 577 enim
1385 550 1430 577 tibi
1442 550 1616 584 persuaseris,
1631 554 1691 585 post
1701 549 1789 577 cibum

997 602 1025 625 et
1038 601 1129 632 potum
1143 601 1170 624 et
1183 597 1216 623 ad
1230 597 1350 632 synaxim
1364 596 1505 624 convenire
1518 603 1627 624 necesse
1639 603 1714 630 esse,
1729 603 1789 623 om"

997 644 1060 670 nino
1079 643 1120 670 vel
1137 643 1233 670 invitus
1251 642 1360 669 multam
1379 649 1456 677 geres
1471 641 1622 668 sobrietatis
1635 648 1727 668 curam
1738 662 1746 674 ,
1763 645 1790 668 et

998 698 1085 725 neque
1100 690 1125 717 in
1141 690 1295 717 ebrietatem
1308 697 1396 724 neque
1410 690 1436 716 in
1453 688 1587 722 crapulam
1603 695 1727 722 umquam
1740 687 1789 714 dc-

997 736 1102 763 duceris
1116 744 1123 762 :
1136 743 1200 762 cura
1220 735 1290 762 enim
1312 739 1340 761 et
1360 733 1522 768 exspectatio
1542 734 1569 760 in
1589 733 1700 761 ecclesia
1723 740 1788 760 con-

998 782 1121 810 veniendi
1138 790 1196 810 cum
1215 781 1325 809 honesta
1345 788 1469 808 mensura
1489 780 1576 808 cibum
1590 784 1617 807 et
1631 784 1722 814 potum
1742 786 1787 806 su-

997 837 1071 857 mere
1090 829 1182 862 docet,
1205 837 1239 856 ne
1260 828 1394 863 ingressus
1413 833 1440 855 et
1461 826 1588 855 fratribus
1606 826 1766 854 commixtus
1779 846 1788 859 ,

997 881 1088 910 postea
1103 876 1194 902 vitium
1213 874 1336 902 redolens
1349 894 1356 907 ,
1377 878 1404 901 et
1423 873 1579 900 immodeste
1598 876 1739 905 eructans,
1754 871 1788 899 ab

996 921 1119 948 omnibus
1133 920 1306 955 pra'sentibus
1317 919 1474 946 derideat-is.
1489 918 1552 945 llaec
1565 926 1616 944 non
1630 917 1705 944 vobis
1718 924 1789 944 nunc

998 966 1172 1001 pra-sentibus
1182 986 1189 997 ,
1204 965 1250 992 sed
1267 965 1299 991 iis
1313 965 1358 999 qui
1370 964 1468 991 absunt
1480 963 1554 996 dico,
1569 967 1597 989 ut
1610 962 1667 989 [nec
1681 969 1729 996 per
1741 969 1788 989 vos

995 1012 1109 1040 discant.
1131 1011 1189 1039 Non
1213 1011 1283 1038 enim
1310 1009 1450 1038 comedere
1472 1009 1596 1036 audiendi
1619 1008 1785 1036 obstaculum

995 1058 1108 1094 prarbet,
1122 1057 1168 1084 scd
1183 1061 1304 1092 torpere;
1321 1061 1347 1083 tu
1363 1064 1426 1084 vero
1439 1056 1539 1083 crimen
1553 1063 1611 1083 esse
1624 1059 1718 1090 putans
1734 1062 1785 1081 non

993 1104 1124 1139 jejunare,
1135 1104 1160 1131 in
1171 1103 1242 1130 aliud
1254 1103 1367 1130 incurris
1378 1103 1489 1135 crimen,
1502 1102 1583 1129 multo
1595 1101 1680 1136 majus
1691 1106 1717 1127 et
1727 1108 1786 1135 gra-

995 1150 1063 1183 vius,
1075 1150 1145 1185 quod
1156 1157 1238 1177 sacrae
1250 1149 1327 1184 hujus
1338 1156 1436 1176 mensa:
1446 1156 1498 1175 non
1511 1148 1641 1182 particeps
1651 1146 1785 1178 efficiarie,

994 1201 1021 1224 et
1033 1195 1104 1231 quod
1118 1202 1215 1230 corpus
1229 1200 1300 1221 tuum
1316 1194 1401 1226 alens,
1418 1194 1532 1220 animam
1547 1193 1614 1220 fame
1627 1190 1767 1219 consumas
1779 1201 1785 1218 :

994 1246 1021 1270 et
1045 1249 1122 1276 quam
1146 1241 1346 1268 excusationem
1371 1239 1498 1267 habebis?
1522 1239 1549 1266 lu
1568 1239 1669 1274 jejunio
1688 1238 1785 1273 quippe

994 1289 1113 1323 corporis
1123 1288 1327 1315 imbecillitatem
1338 1286 1502 1322 praetendere
1512 1286 1622 1313 fortasse
1632 1286 1730 1320 poteris
1740 1306 1747 1318 ,
1757 1285 1783 1312 in

992 1333 1125 1361 audiendo
1135 1339 1221 1360 autem
1233 1332 1295 1368 quid
1306 1333 1413 1360 tandem
1425 1332 1514 1360 dicere
1526 1331 1637 1366 posses?
1648 1339 1700 1358 non
1713 1331 1783 1358 enim

992 1379 1113 1414 corporis
1136 1380 1276 1406 inlirmitas
1299 1378 1449 1406 divinorum
1474 1377 1597 1413 prohibet
1618 1378 1783 1413 eloquiorum

991 1425 1145 1460 participem
1165 1425 1234 1452 fieri.
1256 1425 1284 1452 Si
1304 1425 1374 1452 enim
1395 1424 1521 1451 dixissem
1541 1433 1547 1451 :
1567 1424 1650 1451 Nemo
1671 1431 1783 1459 pransus

991 1470 1050 1498 aliis
1066 1471 1216 1504 misceatur,
1233 1475 1291 1505 post
1304 1470 1392 1498 cibum
1405 1470 1495 1498 audiat
1508 1478 1596 1502 nemo,
1608 1470 1722 1505 aliquam
1735 1469 1783 1496 hii-

991 1517 1094 1544 buisses
1108 1517 1228 1548 veniam;
1245 1524 1314 1543 nunc
1326 1523 1390 1543 vero
1403 1524 1464 1543 cum
1480 1523 1526 1543 vos
1543 1516 1688 1547 trahamus,
1703 1519 1730 1542 et
1741 1516 1780 1541 ala

991 1561 1121 1593 liciamus,
1136 1567 1162 1588 et
1177 1562 1209 1588 ad
1224 1569 1273 1589 nos
1288 1569 1424 1594 vncemus,
1441 1569 1518 1596 qttam
1535 1562 1684 1589 resilientes
1696 1570 1779 1588 exen~

989 1609 1119 1636 sationem
1141 1608 1290 1636 habebitis?
1303 1609 1408 1636 Etenim
1424 1617 1475 1636 non
1492 1609 1602 1636 idoneus
1616 1609 1721 1636 auditor
1736 1609 1781 1635 ille

989 1659 1069 1687 esset,
1082 1663 1134 1682 non
1148 1655 1192 1689 qui
1207 1655 1367 1683 comedisset
1380 1661 1424 1683 aut
1439 1655 1560 1688 bibisset,
1574 1656 1620 1682 sed
1634 1656 1678 1690 qui
1693 1656 1780 1683 verbis

991 1708 1042 1727 non
1057 1700 1215 1733 attenderet,
1231 1701 1347 1728 oscitans
1362 1706 1389 1728 et
1400 1701 1554 1735 dissolutus,
1568 1702 1612 1737 qui
1628 1709 1724 1736 corpus
1738 1701 1780 1728 hic

989 1745 1101 1778 habt-ns,
1113 1751 1201 1773 mente
1216 1746 1269 1772 alio
1284 1751 1439 1781 vagaretur;
1455 1746 1497 1774 hic
1510 1747 1612 1774 etiamsi
1621 1747 1734 1782 jejnnet,
1746 1747 1778 1774 ad

987 1791 1147 1823 audiendum
1164 1791 1262 1819 inutilis
1281 1797 1322 1819 est
1336 1801 1342 1818 :
1356 1793 1488 1820 excitatus
1501 1797 1591 1820 contra
1608 1797 1634 1819 et
1646 1792 1758 1827 vigilans
1769 1813 1777 1824 ,

987 1844 1128 1871 menteque
1141 1837 1292 1870 attendens,
1309 1837 1365 1864 sive
1377 1837 1523 1865 comederit
1536 1839 1591 1865 sive
1607 1838 1713 1871 biberit,
1728 1846 1778 1865 no-

986 1884 1027 1911 bis
1048 1884 1098 1911 erit
1121 1885 1239 1911 omnium
1261 1886 1414 1919 aptiSsimus
1435 1886 1549 1913 auditor.
1576 1886 1603 1912 lu
1624 1892 1778 1914 exterorum

986 1930 1056 1957 enim
1068 1931 1174 1965 judiciis
1190 1937 1217 1958 et
1234 1932 1352 1960 con~iliis
1367 1940 1482 1968 congrue
1497 1933 1538 1960 lex
1553 1933 1600 1960 ista
1615 1933 1753 1968 praevaluit
1768 1942 1776 1961 :

986 1984 1035 2004 nec
1048 1977 1118 2004 cuint
1134 1983 1231 2005 noruttt
1245 1978 1433 2013 philosophari,
1451 1979 1510 2006 ideo
1526 1987 1577 2006 non
1592 1979 1734 2007 comedunt
1748 1985 1778 2007 ut

985 2025 1136 2051 nutriantur
1147 2046 1153 2057 ,
1169 2025 1215 2052 sed
1236 2030 1264 2051 ut
1283 2025 1482 2060 disrumpantur
1498 2035 1504 2052 :
1519 2034 1589 2060 saepe
1611 2027 1681 2052 enim
1696 2033 1778 2060 supra

984 2071 1133 2098 satietatem
1151 2071 1242 2099 bibunt
1258 2081 1264 2098 :
1285 2076 1424 2106 propterea
1442 2072 1543 2106 seipsos
1558 2080 1646 2099 rerum
1661 2068 1775 2099 adminil

985 2116 1104 2143 strationi
1119 2118 1221 2151 ineptos
1234 2117 1375 2145 reddentes
1386 2138 1392 2149 ,
1409 2124 1519 2151 vespere
1533 2121 1559 2144 et
1575 2117 1686 2144 meridie
1700 2125 1714 2144 a
1730 2125 1761 2144 so

986 2166 1046 2188 natu
1061 2167 1087 2189 et
1098 2162 1205 2196 judiciis
1220 2163 1363 2190 abstinent.
1380 2163 1427 2190 llic
1441 2169 1528 2189 autem
1544 2171 1596 2190 non
1619 2165 1664 2196 ita,
1684 2163 1754 2190 absit

983 2207 1030 2235 sed
1043 2208 1086 2243 qui
1097 2208 1226 2241 comedit,
1241 2208 1332 2243 jejuno
1347 2209 1427 2235 animi
1442 2209 1570 2236 modestia
1584 2209 1632 2236 erit
1644 2209 1752 2244 aequalis
1766 2217 1772 2235 :

983 2261 1035 2280 non
1055 2253 1125 2280 enim
1143 2258 1172 2280 ut
1192 2258 1311 2281 ventrem
1331 2254 1478 2288 disrumpat
1496 2259 1542 2281 aut
1557 2255 1686 2282 rationem
1699 2255 1773 2282 obte-

983 2299 1091 2330 nehret,
1107 2299 1222 2326 comedit
1239 2304 1265 2326 et
1284 2299 1360 2332 bibit,
1379 2301 1424 2327 sed
1447 2305 1474 2327 ut
1490 2308 1588 2336 corpus
1606 2301 1771 2328 debilitatum

981 2349 1098 2378 reparet.

1015 2390 1041 2416 2.
1063 2390 1115 2418 Sed
1135 2390 1191 2418 hazc
1205 2398 1252 2425 pro
1265 2391 1445 2419 admonitione
1459 2393 1539 2424 satis;
1552 2392 1606 2426 jam
1621 2400 1684 2419 vero
1703 2397 1771 2420 tem-

981 2443 1030 2470 pus
1048 2436 1134 2463 estad
1148 2441 1331 2471 argumentum
1349 2438 1521 2470 transeundi,
1540 2438 1601 2465 licet
1620 2438 1732 2473 refugiat
1745 2444 1771 2465 et

980 2486 1083 2516 torpeat
1095 2482 1165 2508 circa
1179 2482 1325 2510 doctrinam
1342 2483 1408 2510 hanc
1422 2483 1546 2518 cogitatio
1559 2488 1648 2511 nostra
1663 2490 1771 2519 propter

978 2535 1035 2559 eos,
1057 2528 1103 2562 qui
1123 2535 1175 2555 non
1191 2532 1329 2555 venerunt.
1353 2529 1386 2555 Et
1400 2529 1468 2556 sicut
1489 2529 1530 2563 pia
1546 2536 1630 2557 mater
1650 2538 1769 2558 mensam

978 2580 1115 2608 apponens
1127 2594 1133 2603 .
1148 2574 1270 2601 omnibus
1292 2574 1352 2601 filiis
1373 2582 1425 2601 non
1445 2576 1619 2610 prmsentibus
1631 2597 1637 2609 ,
1654 2576 1726 2604 dolet
1744 2584 1769 2604 et

978 2620 1059 2654 gemit
1072 2628 1080 2646 ε
1095 2620 1146 2647 hoc
1159 2625 1185 2647 et
1198 2629 1246 2656 ego
1262 2629 1331 2648 nunc
1345 2622 1439 2655 patior,
1454 2627 1481 2649 et
1493 2622 1603 2650 fratrum
1617 2629 1767 2650 nostrorum

976 2666 1122 2693 absentiam
1131 2667 1281 2701 cogitans,a
1293 2667 1424 2694 solutione
1435 2667 1556 2695 retrahor
1564 2671 1765 2702 promissorum;

976 2711 1023 2738 sed
1039 2718 1085 2738 vos
1101 2711 1210 2746 potestis
1222 2712 1292 2739 hunc
1304 2712 1401 2746 ejicere
1416 2718 1562 2748 torporem.
1578 2713 1607 2741 Si
1620 2715 1691 2741 enim
1707 2714 1762 2748 pol-

975 2757 1108 2785 liceamiui
1121 2757 1185 2785 mihi
1199 2765 1245 2785 vos
1257 2759 1345 2785 omnia
1358 2758 1392 2786 ad
1406 2758 1465 2786 illos
1478 2767 1537 2786 cum
1551 2759 1685 2794 diligentia
1699 2763 1766 2787 reta-

974 2807 1058 2835 turos,
1070 2811 1119 2830 nos
1130 2803 1205 2831 vobis
1216 2804 1303 2831 omnia
1313 2809 1436 2840 prompte
1446 2805 1614 2840 erogabimus
1626 2815 1633 2833 :
1645 2806 1684 2833 sic
1693 2813 1764 2833 enim

975 2848 1026 2878 illis
1043 2849 1091 2876 erit
1105 2849 1232 2878 absentia:
1246 2850 1402 2885 consolatio,
1411 2856 1506 2880 vestrae
1513 2852 1649 2881 charitatis
1663 2852 1762 2880 doctri-
