  <div class='ocr_page' id='page_1' title='image "/cluster/home/n/w/nwhite01/storage/ocr_20150623/49-50/njp.32101077772620/110.png"; bbox 0 0 1962 3121; ppageno 0'>
   <div class='ocr_carea' id='block_1_1' title="bbox 94 175 139 203">
    <p class='ocr_par' dir='ltr' id='par_1_1' title="bbox 94 175 139 203">
     <span class='ocr_line' id='line_1_1' title="bbox 94 175 139 203; baseline -0.044 0"><span class='ocrx_word' id='word_1_1' title='bbox 94 175 139 203; x_wconf 64' lang='lat' dir='ltr'><strong>ut;</strong></span> 
     </span>
    </p>
   </div>
   <div class='ocr_carea' id='block_1_2' title="bbox 92 223 877 263">
    <p class='ocr_par' dir='ltr' id='par_1_2' title="bbox 92 223 877 263">
     <span class='ocr_line' id='line_1_2' title="bbox 92 223 877 263; baseline -0.01 -5"><span class='ocrx_word' id='word_1_2' title='bbox 92 239 122 259; x_wconf 84' lang='lat' dir='ltr'><strong>na</strong></span> <span class='ocrx_word' id='word_1_3' title='bbox 136 239 142 257; x_wconf 91' lang='lat'><strong>:</strong></span> <span class='ocrx_word' id='word_1_4' title='bbox 157 235 254 263; x_wconf 76' lang='lat' dir='ltr'><strong>vosque</strong></span> <span class='ocrx_word' id='word_1_5' title='bbox 269 235 320 255; x_wconf 86' lang='lat' dir='ltr'><strong>nos</strong></span> <span class='ocrx_word' id='word_1_6' title='bbox 342 227 468 255; x_wconf 77' lang='lat' dir='ltr'><strong>attentius</strong></span> <span class='ocrx_word' id='word_1_7' title='bbox 485 226 598 255; x_wconf 74' lang='lat' dir='ltr'><strong>audietis</strong></span> <span class='ocrx_word' id='word_1_8' title='bbox 609 246 617 258; x_wconf 94' lang='lat'><strong>,</strong></span> <span class='ocrx_word' id='word_1_9' title='bbox 634 225 749 253; x_wconf 86' lang='lat' dir='ltr'><strong>scientes</strong></span> <span class='ocrx_word' id='word_1_10' title='bbox 761 223 796 251; x_wconf 83' lang='lat' dir='ltr'><strong>ad</strong></span> <span class='ocrx_word' id='word_1_11' title='bbox 810 223 877 250; x_wconf 82' lang='lat' dir='ltr'><strong>alios</strong></span> 
     </span>
    </p>
   </div>
   <div class='ocr_carea' id='block_1_3' title="bbox 92 269 878 306">
    <p class='ocr_par' dir='ltr' id='par_1_3' title="bbox 92 269 878 306">
     <span class='ocr_line' id='line_1_3' title="bbox 92 269 878 306; baseline -0.009 -2"><span class='ocrx_word' id='word_1_12' title='bbox 92 277 159 304; x_wconf 87' lang='lat' dir='ltr'><strong>vobis</strong></span> <span class='ocrx_word' id='word_1_13' title='bbox 173 277 230 304; x_wconf 72' lang='lat' dir='ltr'><strong>haec</strong></span> <span class='ocrx_word' id='word_1_14' title='bbox 243 275 348 303; x_wconf 83' lang='lat' dir='ltr'><strong>referre</strong></span> <span class='ocrx_word' id='word_1_15' title='bbox 364 274 542 302; x_wconf 83' lang='lat' dir='ltr'><strong>necessarium</strong></span> <span class='ocrx_word' id='word_1_16' title='bbox 556 279 625 300; x_wconf 84' lang='lat' dir='ltr'><strong>esse.</strong></span> <span class='ocrx_word' id='word_1_17' title='bbox 649 271 684 300; x_wconf 87' lang='lat' dir='ltr'><strong>Ut</strong></span> <span class='ocrx_word' id='word_1_18' title='bbox 701 271 781 306; x_wconf 76' lang='lat' dir='ltr'><strong>igitur</strong></span> <span class='ocrx_word' id='word_1_19' title='bbox 792 269 878 298; x_wconf 87' lang='lat' dir='ltr'><strong>mani-</strong></span> 
     </span>
    </p>
   </div>
   <div class='ocr_carea' id='block_1_4' title="bbox 92 319 878 356">
    <p class='ocr_par' dir='ltr' id='par_1_4' title="bbox 92 319 878 356">
     <span class='ocr_line' id='line_1_4' title="bbox 92 319 878 356; baseline -0.01 -4"><span class='ocrx_word' id='word_1_20' title='bbox 92 324 174 352; x_wconf 75' lang='lat' dir='ltr'><strong>festior</strong></span> <span class='ocrx_word' id='word_1_21' title='bbox 182 323 259 350; x_wconf 79' lang='lat' dir='ltr'><strong>nobis</strong></span> <span class='ocrx_word' id='word_1_22' title='bbox 269 323 359 350; x_wconf 87' lang='lat' dir='ltr'><strong>oratio</strong></span> <span class='ocrx_word' id='word_1_23' title='bbox 371 323 427 355; x_wconf 86' lang='lat' dir='ltr'><strong>liat,</strong></span> <span class='ocrx_word' id='word_1_24' title='bbox 437 329 454 348; x_wconf 88' lang='lat' dir='ltr'><strong>a</strong></span> <span class='ocrx_word' id='word_1_25' title='bbox 465 319 648 356; x_wconf 78' lang='lat' dir='ltr'><strong>superioribus</strong></span> <span class='ocrx_word' id='word_1_26' title='bbox 660 319 743 354; x_wconf 84' lang='lat' dir='ltr'><strong>ipsam</strong></span> <span class='ocrx_word' id='word_1_27' title='bbox 755 321 878 352; x_wconf 85' lang='lat' dir='ltr'><strong>repeten-</strong></span> 
     </span>
    </p>
   </div>
   <div class='ocr_carea' id='block_1_5' title="bbox 90 370 264 400">
    <p class='ocr_par' dir='ltr' id='par_1_5' title="bbox 90 370 264 400">
     <span class='ocr_line' id='line_1_5' title="bbox 90 370 264 400; baseline -0.017 -2"><span class='ocrx_word' id='word_1_28' title='bbox 90 377 125 400; x_wconf 76' lang='lat' dir='ltr'><strong>tes</strong></span> <span class='ocrx_word' id='word_1_29' title='bbox 136 370 264 398; x_wconf 84' lang='lat' dir='ltr'><strong>dicamus.</strong></span> 
     </span>
    </p>
   </div>
   <div class='ocr_carea' id='block_1_6' title="bbox 120 408 878 450">
    <p class='ocr_par' dir='ltr' id='par_1_6' title="bbox 120 408 878 450">
     <span class='ocr_line' id='line_1_6' title="bbox 120 408 878 450; baseline -0.011 -7"><span class='ocrx_word' id='word_1_30' title='bbox 120 416 168 444; x_wconf 76' lang='lat' dir='ltr'><strong>Cur</strong></span> <span class='ocrx_word' id='word_1_31' title='bbox 189 415 331 450; x_wconf 76' lang='lat' dir='ltr'><strong>Scriptura</strong></span> <span class='ocrx_word' id='word_1_32' title='bbox 349 422 400 441; x_wconf 83' lang='lat' dir='ltr'><strong>non</strong></span> <span class='ocrx_word' id='word_1_33' title='bbox 420 418 532 448; x_wconf 81' lang='lat' dir='ltr'><strong>tempore</strong></span> <span class='ocrx_word' id='word_1_34' title='bbox 551 412 634 439; x_wconf 80' lang='lat' dir='ltr'><strong>Adam</strong></span> <span class='ocrx_word' id='word_1_35' title='bbox 657 418 736 446; x_wconf 79' lang='lat' dir='ltr'><strong>neque</strong></span> <span class='ocrx_word' id='word_1_36' title='bbox 758 408 817 436; x_wconf 85' lang='lat' dir='ltr'><strong>Noe</strong></span> <span class='ocrx_word' id='word_1_37' title='bbox 838 408 878 436; x_wconf 77' lang='lat' dir='ltr'><strong>uel</strong></span> 
     </span>
    </p>
   </div>
   <div class='ocr_carea' id='block_1_7' title="bbox 88 457 876 495">
    <p class='ocr_par' dir='ltr' id='par_1_7' title="bbox 88 457 876 495">
     <span class='ocr_line' id='line_1_7' title="bbox 88 457 876 495; baseline -0.011 -5"><span class='ocrx_word' id='word_1_38' title='bbox 88 463 188 491; x_wconf 61' lang='lat' dir='ltr'><strong>“ralia</strong></span> <span class='ocrx_word' id='word_1_39' title='bbox 201 462 263 488; x_wconf 83' lang='lat' dir='ltr'><strong>data</strong></span> <span class='ocrx_word' id='word_1_40' title='bbox 283 462 328 488; x_wconf 76' lang='lat' dir='ltr'><strong>sit.</strong></span> <span class='ocrx_word' id='word_1_41' title='bbox 341 475 378 481; x_wconf 91' lang='lat'><strong>——</strong></span> <span class='ocrx_word' id='word_1_42' title='bbox 391 460 480 495; x_wconf 84' lang='lat' dir='ltr'><strong>Nuper</strong></span> <span class='ocrx_word' id='word_1_43' title='bbox 498 459 587 494; x_wconf 84' lang='lat' dir='ltr'><strong>itaque</strong></span> <span class='ocrx_word' id='word_1_44' title='bbox 605 457 791 493; x_wconf 68' lang='lat' dir='ltr'><strong>quaerebamus</strong></span> <span class='ocrx_word' id='word_1_45' title='bbox 802 476 811 489; x_wconf 91' lang='lat'><strong>,</strong></span> <span class='ocrx_word' id='word_1_46' title='bbox 825 462 876 490; x_wconf 89' lang='lat' dir='ltr'><strong>qua</strong></span> 
     </span>
    </p>
   </div>
   <div class='ocr_carea' id='block_1_8' title="bbox 88 503 875 542">
    <p class='ocr_par' dir='ltr' id='par_1_8' title="bbox 88 503 875 542">
     <span class='ocr_line' id='line_1_8' title="bbox 88 503 875 542; baseline -0.009 -7"><span class='ocrx_word' id='word_1_47' title='bbox 88 509 117 536; x_wconf 80' lang='lat' dir='ltr'><strong>de</strong></span> <span class='ocrx_word' id='word_1_48' title='bbox 133 515 209 535; x_wconf 77' lang='lat' dir='ltr'><strong>causa</strong></span> <span class='ocrx_word' id='word_1_49' title='bbox 224 511 287 542; x_wconf 91' lang='lat' dir='ltr'><strong>post</strong></span> <span class='ocrx_word' id='word_1_50' title='bbox 310 511 350 534; x_wconf 90' lang='lat' dir='ltr'><strong>tot</strong></span> <span class='ocrx_word' id='word_1_51' title='bbox 371 513 456 533; x_wconf 86' lang='lat' dir='ltr'><strong>annos</strong></span> <span class='ocrx_word' id='word_1_52' title='bbox 468 505 548 533; x_wconf 68' lang='lat' dir='ltr'><strong>etiue</strong></span> <span class='ocrx_word' id='word_1_53' title='bbox 562 509 624 531; x_wconf 88' lang='lat' dir='ltr'><strong>sunt</strong></span> <span class='ocrx_word' id='word_1_54' title='bbox 636 503 780 538; x_wconf 62' lang='lat' dir='ltr'><strong>Scriptura;</strong></span> <span class='ocrx_word' id='word_1_55' title='bbox 799 511 806 529; x_wconf 90' lang='lat'>:</span> <span class='ocrx_word' id='word_1_56' title='bbox 823 509 875 529; x_wconf 92' lang='lat' dir='ltr'><strong>non</strong></span> 
     </span>
    </p>
   </div>
   <div class='ocr_carea' id='block_1_9' title="bbox 88 547 877 587">
    <p class='ocr_par' dir='ltr' id='par_1_9' title="bbox 88 547 877 587">
     <span class='ocr_line' id='line_1_9' title="bbox 88 547 877 587; baseline -0.009 -6"><span class='ocrx_word' id='word_1_57' title='bbox 88 554 150 582; x_wconf 80' lang='lat' dir='ltr'><strong>cnim</strong></span> <span class='ocrx_word' id='word_1_58' title='bbox 160 553 244 580; x_wconf 77' lang='lat' dir='ltr'><strong>Adam</strong></span> <span class='ocrx_word' id='word_1_59' title='bbox 258 560 350 587; x_wconf 91' lang='lat' dir='ltr'><strong>neque</strong></span> <span class='ocrx_word' id='word_1_60' title='bbox 366 552 421 579; x_wconf 82' lang='lat' dir='ltr'><strong>Noe</strong></span> <span class='ocrx_word' id='word_1_61' title='bbox 435 555 464 579; x_wconf 89' lang='lat' dir='ltr'><strong>et</strong></span> <span class='ocrx_word' id='word_1_62' title='bbox 476 550 609 578; x_wconf 85' lang='lat' dir='ltr'><strong>Abraham</strong></span> <span class='ocrx_word' id='word_1_63' title='bbox 620 554 751 583; x_wconf 85' lang='lat' dir='ltr'><strong>tempore,</strong></span> <span class='ocrx_word' id='word_1_64' title='bbox 764 547 811 575; x_wconf 88' lang='lat' dir='ltr'><strong>sed</strong></span> <span class='ocrx_word' id='word_1_65' title='bbox 821 547 877 574; x_wconf 83' lang='lat' dir='ltr'><strong>Mo-</strong></span> 
     </span>
    </p>
   </div>
   <div class='ocr_carea' id='block_1_10' title="bbox 88 594 875 631">
    <p class='ocr_par' dir='ltr' id='par_1_10' title="bbox 88 594 875 631">
     <span class='ocr_line' id='line_1_10' title="bbox 88 594 875 631; baseline -0.008 -4"><span class='ocrx_word' id='word_1_66' title='bbox 88 601 120 627; x_wconf 73' lang='lat' dir='ltr'><strong>tis</strong></span> <span class='ocrx_word' id='word_1_67' title='bbox 129 621 137 631; x_wconf 79' lang='lat'><strong>,</strong></span> <span class='ocrx_word' id='word_1_68' title='bbox 152 599 217 626; x_wconf 88' lang='lat' dir='ltr'><strong>liber</strong></span> <span class='ocrx_word' id='word_1_69' title='bbox 232 598 277 626; x_wconf 85' lang='lat' dir='ltr'><strong>hic</strong></span> <span class='ocrx_word' id='word_1_70' title='bbox 291 598 407 626; x_wconf 85' lang='lat' dir='ltr'><strong>traditus</strong></span> <span class='ocrx_word' id='word_1_71' title='bbox 420 602 478 630; x_wconf 69' lang='lat' dir='ltr'><strong>est;</strong></span> <span class='ocrx_word' id='word_1_72' title='bbox 492 594 519 624; x_wconf 86' lang='lat' dir='ltr'><strong>et</strong></span> <span class='ocrx_word' id='word_1_73' title='bbox 533 597 630 624; x_wconf 83' lang='lat' dir='ltr'><strong>multos</strong></span> <span class='ocrx_word' id='word_1_74' title='bbox 643 595 722 623; x_wconf 85' lang='lat' dir='ltr'><strong>audio</strong></span> <span class='ocrx_word' id='word_1_75' title='bbox 735 594 855 622; x_wconf 85' lang='lat' dir='ltr'><strong>dicentes</strong></span> <span class='ocrx_word' id='word_1_76' title='bbox 866 613 875 626; x_wconf 93' lang='lat'><strong>,</strong></span> 
     </span>
    </p>
   </div>
   <div class='ocr_carea' id='block_1_11' title="bbox 89 640 874 681">
    <p class='ocr_par' dir='ltr' id='par_1_11' title="bbox 89 640 874 681">
     <span class='ocr_line' id='line_1_11' title="bbox 89 640 874 681; baseline -0.008 -9"><span class='ocrx_word' id='word_1_77' title='bbox 89 646 150 681; x_wconf 72' lang='lat' dir='ltr'><strong>quod</strong></span> <span class='ocrx_word' id='word_1_78' title='bbox 164 645 187 672; x_wconf 92' lang='lat' dir='ltr'><strong>si</strong></span> <span class='ocrx_word' id='word_1_79' title='bbox 204 644 279 671; x_wconf 87' lang='lat' dir='ltr'><strong>utilis</strong></span> <span class='ocrx_word' id='word_1_80' title='bbox 292 650 354 672; x_wconf 87' lang='lat' dir='ltr'><strong>erat</strong></span> <span class='ocrx_word' id='word_1_81' title='bbox 366 664 374 677; x_wconf 98' lang='lat'><strong>,</strong></span> <span class='ocrx_word' id='word_1_82' title='bbox 390 644 424 672; x_wconf 88' lang='lat' dir='ltr'><strong>ab</strong></span> <span class='ocrx_word' id='word_1_83' title='bbox 442 644 516 670; x_wconf 88' lang='lat' dir='ltr'><strong>initio</strong></span> <span class='ocrx_word' id='word_1_84' title='bbox 529 642 620 670; x_wconf 89' lang='lat' dir='ltr'><strong>datum</strong></span> <span class='ocrx_word' id='word_1_85' title='bbox 634 649 694 669; x_wconf 76' lang='lat' dir='ltr'><strong>esse</strong></span> <span class='ocrx_word' id='word_1_86' title='bbox 708 640 846 676; x_wconf 90' lang='lat' dir='ltr'><strong>oportebat</strong></span> <span class='ocrx_word' id='word_1_87' title='bbox 867 647 874 666; x_wconf 90' lang='lat'>:</span> 
     </span>
    </p>
   </div>
   <div class='ocr_carea' id='block_1_12' title="bbox 89 685 875 725">
    <p class='ocr_par' dir='ltr' id='par_1_12' title="bbox 89 685 875 725">
     <span class='ocr_line' id='line_1_12' title="bbox 89 685 875 725; baseline -0.005 -8"><span class='ocrx_word' id='word_1_88' title='bbox 89 693 108 718; x_wconf 86' lang='lat' dir='ltr'><strong>si</strong></span> <span class='ocrx_word' id='word_1_89' title='bbox 120 699 178 718; x_wconf 82' lang='lat' dir='ltr'><strong>vero</strong></span> <span class='ocrx_word' id='word_1_90' title='bbox 191 691 294 717; x_wconf 91' lang='lat' dir='ltr'><strong>inutilis</strong></span> <span class='ocrx_word' id='word_1_91' title='bbox 306 694 377 723; x_wconf 83' lang='lat' dir='ltr'><strong>erat,</strong></span> <span class='ocrx_word' id='word_1_92' title='bbox 388 697 475 725; x_wconf 88' lang='lat' dir='ltr'><strong>neque</strong></span> <span class='ocrx_word' id='word_1_93' title='bbox 486 693 577 725; x_wconf 87' lang='lat' dir='ltr'><strong>postea</strong></span> <span class='ocrx_word' id='word_1_94' title='bbox 589 688 729 724; x_wconf 81' lang='lat' dir='ltr'><strong>oportebat</strong></span> <span class='ocrx_word' id='word_1_95' title='bbox 740 687 809 714; x_wconf 90' lang='lat' dir='ltr'><strong>dari.</strong></span> <span class='ocrx_word' id='word_1_96' title='bbox 822 685 875 714; x_wconf 86' lang='lat' dir='ltr'><strong>Sed</strong></span> 
     </span>
    </p>
   </div>
   <div class='ocr_carea' id='block_1_13' title="bbox 88 732 874 767">
    <p class='ocr_par' dir='ltr' id='par_1_13' title="bbox 88 732 874 767">
     <span class='ocr_line' id='line_1_13' title="bbox 88 732 874 767; baseline -0.006 -3"><span class='ocrx_word' id='word_1_97' title='bbox 88 745 145 764; x_wconf 77' lang='lat' dir='ltr'><strong>vana</strong></span> <span class='ocrx_word' id='word_1_98' title='bbox 159 736 214 763; x_wconf 75' lang='lat' dir='ltr'><strong>lucc</strong></span> <span class='ocrx_word' id='word_1_99' title='bbox 226 736 400 763; x_wconf 78' lang='lat' dir='ltr'><strong>ratiocinatio</strong></span> <span class='ocrx_word' id='word_1_100' title='bbox 414 743 421 762; x_wconf 88' lang='lat'>:</span> <span class='ocrx_word' id='word_1_101' title='bbox 442 741 495 761; x_wconf 93' lang='lat' dir='ltr'><strong>non</strong></span> <span class='ocrx_word' id='word_1_102' title='bbox 503 733 575 760; x_wconf 89' lang='lat' dir='ltr'><strong>enitn</strong></span> <span class='ocrx_word' id='word_1_103' title='bbox 585 734 687 765; x_wconf 89' lang='lat' dir='ltr'><strong>otnnio,</strong></span> <span class='ocrx_word' id='word_1_104' title='bbox 696 733 717 760; x_wconf 90' lang='lat' dir='ltr'><strong>si</strong></span> <span class='ocrx_word' id='word_1_105' title='bbox 727 732 791 767; x_wconf 84' lang='lat' dir='ltr'><strong>quid</strong></span> <span class='ocrx_word' id='word_1_106' title='bbox 801 735 874 767; x_wconf 84' lang='lat' dir='ltr'><strong>post-</strong></span> 
     </span>
    </p>
   </div>
   <div class='ocr_carea' id='block_1_14' title="bbox 90 778 875 812">
    <p class='ocr_par' dir='ltr' id='par_1_14' title="bbox 90 778 875 812">
     <span class='ocr_line' id='line_1_14' title="bbox 90 778 875 812; baseline -0.001 -5"><span class='ocrx_word' id='word_1_107' title='bbox 90 790 116 808; x_wconf 79' lang='lat' dir='ltr'><strong>ra</strong></span> <span class='ocrx_word' id='word_1_108' title='bbox 133 781 194 807; x_wconf 82' lang='lat' dir='ltr'><strong>utile</strong></span> <span class='ocrx_word' id='word_1_109' title='bbox 223 785 267 808; x_wconf 66' lang='lat' dir='ltr'><strong>est</strong></span> <span class='ocrx_word' id='word_1_110' title='bbox 288 780 408 807; x_wconf 82' lang='lat' dir='ltr'><strong>futurum</strong></span> <span class='ocrx_word' id='word_1_111' title='bbox 422 798 429 808; x_wconf 85' lang='lat'><strong>.</strong></span> <span class='ocrx_word' id='word_1_112' title='bbox 445 779 479 806; x_wconf 90' lang='lat' dir='ltr'><strong>ab</strong></span> <span class='ocrx_word' id='word_1_113' title='bbox 499 779 573 806; x_wconf 89' lang='lat' dir='ltr'><strong>initio</strong></span> <span class='ocrx_word' id='word_1_114' title='bbox 589 779 655 806; x_wconf 87' lang='lat' dir='ltr'><strong>tradi</strong></span> <span class='ocrx_word' id='word_1_115' title='bbox 670 778 751 806; x_wconf 83' lang='lat' dir='ltr'><strong>debet</strong></span> <span class='ocrx_word' id='word_1_116' title='bbox 766 787 772 805; x_wconf 95' lang='lat'><strong>:</strong></span> <span class='ocrx_word' id='word_1_117' title='bbox 787 785 875 812; x_wconf 88' lang='lat' dir='ltr'><strong>neque</strong></span> 
     </span>
    </p>
   </div>
   <div class='ocr_carea' id='block_1_15' title="bbox 79 817 876 859">
    <p class='ocr_par' dir='ltr' id='par_1_15' title="bbox 79 817 876 859">
     <span class='ocr_line' id='line_1_15' title="bbox 79 817 876 859; baseline -0.001 -7"><span class='ocrx_word' id='word_1_118' title='bbox 79 817 107 852; x_wconf 64' lang='grc' dir='ltr'><strong>ἐἰ</strong></span> <span class='ocrx_word' id='word_1_119' title='bbox 119 824 176 859; x_wconf 83' lang='lat' dir='ltr'><strong>quid</strong></span> <span class='ocrx_word' id='word_1_120' title='bbox 197 831 212 850; x_wconf 85' lang='lat' dir='ltr'><strong>a</strong></span> <span class='ocrx_word' id='word_1_121' title='bbox 234 825 371 859; x_wconf 86' lang='lat' dir='ltr'><strong>principio</strong></span> <span class='ocrx_word' id='word_1_122' title='bbox 386 825 476 851; x_wconf 80' lang='lat' dir='ltr'><strong>datum</strong></span> <span class='ocrx_word' id='word_1_123' title='bbox 489 829 531 852; x_wconf 85' lang='lat' dir='ltr'><strong>est</strong></span> <span class='ocrx_word' id='word_1_124' title='bbox 542 844 549 856; x_wconf 85' lang='lat'><strong>,</strong></span> <span class='ocrx_word' id='word_1_125' title='bbox 565 824 617 851; x_wconf 88' lang='lat' dir='ltr'><strong>hoc</strong></span> <span class='ocrx_word' id='word_1_126' title='bbox 632 823 743 851; x_wconf 88' lang='lat' dir='ltr'><strong>omnino</strong></span> <span class='ocrx_word' id='word_1_127' title='bbox 755 823 834 851; x_wconf 80' lang='lat' dir='ltr'><strong>debet</strong></span> <span class='ocrx_word' id='word_1_128' title='bbox 848 828 876 851; x_wconf 89' lang='lat' dir='ltr'><strong>et</strong></span> 
     </span>
    </p>
   </div>
   <div class='ocr_carea' id='block_1_16' title="bbox 90 869 876 905">
    <p class='ocr_par' dir='ltr' id='par_1_16' title="bbox 90 869 876 905">
     <span class='ocr_line' id='line_1_16' title="bbox 90 869 876 905; baseline -0.001 -8"><span class='ocrx_word' id='word_1_129' title='bbox 90 876 169 905; x_wconf 81' lang='lat' dir='ltr'><strong>postea</strong></span> <span class='ocrx_word' id='word_1_130' title='bbox 184 877 306 897; x_wconf 86' lang='lat' dir='ltr'><strong>manere.</strong></span> <span class='ocrx_word' id='word_1_131' title='bbox 322 870 453 904; x_wconf 82' lang='lat' dir='ltr'><strong>Quoniam</strong></span> <span class='ocrx_word' id='word_1_132' title='bbox 464 875 492 897; x_wconf 94' lang='lat' dir='ltr'><strong>et</strong></span> <span class='ocrx_word' id='word_1_133' title='bbox 505 870 547 898; x_wconf 85' lang='lat' dir='ltr'><strong>lac</strong></span> <span class='ocrx_word' id='word_1_134' title='bbox 556 869 631 902; x_wconf 87' lang='lat' dir='ltr'><strong>utile,</strong></span> <span class='ocrx_word' id='word_1_135' title='bbox 644 876 694 898; x_wconf 90' lang='lat' dir='ltr'><strong>nec</strong></span> <span class='ocrx_word' id='word_1_136' title='bbox 706 874 794 896; x_wconf 85' lang='lat' dir='ltr'><strong>tamen</strong></span> <span class='ocrx_word' id='word_1_137' title='bbox 806 876 876 896; x_wconf 87' lang='lat' dir='ltr'><strong>scm-</strong></span> 
     </span>
    </p>
   </div>
   <div class='ocr_carea' id='block_1_17' title="bbox 89 915 877 951">
    <p class='ocr_par' dir='ltr' id='par_1_17' title="bbox 89 915 877 951">
     <span class='ocr_line' id='line_1_17' title="bbox 89 915 877 951; baseline 0.001 -9"><span class='ocrx_word' id='word_1_138' title='bbox 89 924 146 951; x_wconf 85' lang='lat' dir='ltr'><strong>pcr,</strong></span> <span class='ocrx_word' id='word_1_139' title='bbox 160 915 205 942; x_wconf 85' lang='lat' dir='ltr'><strong>sed</strong></span> <span class='ocrx_word' id='word_1_140' title='bbox 225 917 322 950; x_wconf 87' lang='lat' dir='ltr'><strong>pueris</strong></span> <span class='ocrx_word' id='word_1_141' title='bbox 341 921 443 943; x_wconf 77' lang='lat' dir='ltr'><strong>tantum</strong></span> <span class='ocrx_word' id='word_1_142' title='bbox 457 916 534 944; x_wconf 85' lang='lat' dir='ltr'><strong>nobis</strong></span> <span class='ocrx_word' id='word_1_143' title='bbox 547 916 626 943; x_wconf 86' lang='lat' dir='ltr'><strong>datur</strong></span> <span class='ocrx_word' id='word_1_144' title='bbox 638 925 645 943; x_wconf 91' lang='lat'>:</span> <span class='ocrx_word' id='word_1_145' title='bbox 660 921 687 944; x_wconf 90' lang='lat' dir='ltr'><strong>et</strong></span> <span class='ocrx_word' id='word_1_146' title='bbox 699 916 812 944; x_wconf 86' lang='lat' dir='ltr'><strong>solidum</strong></span> <span class='ocrx_word' id='word_1_147' title='bbox 827 924 877 944; x_wconf 78' lang='lat' dir='ltr'><strong>nu-</strong></span> 
     </span>
    </p>
   </div>
   <div class='ocr_carea' id='block_1_18' title="bbox 89 962 876 997">
    <p class='ocr_par' dir='ltr' id='par_1_18' title="bbox 89 962 876 997">
     <span class='ocr_line' id='line_1_18' title="bbox 89 962 876 997; baseline 0 -8"><span class='ocrx_word' id='word_1_148' title='bbox 89 963 229 989; x_wconf 81' lang='lat' dir='ltr'><strong>trimentqu</strong></span> <span class='ocrx_word' id='word_1_149' title='bbox 243 962 316 990; x_wconf 80' lang='lat' dir='ltr'><strong>utile</strong></span> <span class='ocrx_word' id='word_1_150' title='bbox 327 982 335 994; x_wconf 82' lang='lat'><strong>,</strong></span> <span class='ocrx_word' id='word_1_151' title='bbox 351 962 398 989; x_wconf 85' lang='lat' dir='ltr'><strong>sed</strong></span> <span class='ocrx_word' id='word_1_152' title='bbox 417 969 496 989; x_wconf 89' lang='lat' dir='ltr'><strong>nemo</strong></span> <span class='ocrx_word' id='word_1_153' title='bbox 510 962 585 989; x_wconf 90' lang='lat' dir='ltr'><strong>nobis</strong></span> <span class='ocrx_word' id='word_1_154' title='bbox 599 962 687 997; x_wconf 88' lang='lat' dir='ltr'><strong>ipsum</strong></span> <span class='ocrx_word' id='word_1_155' title='bbox 702 962 728 989; x_wconf 95' lang='lat' dir='ltr'><strong>in</strong></span> <span class='ocrx_word' id='word_1_156' title='bbox 746 962 876 997; x_wconf 91' lang='lat' dir='ltr'><strong>principio</strong></span> 
     </span>
    </p>
   </div>
   <div class='ocr_carea' id='block_1_19' title="bbox 88 1008 876 1044">
    <p class='ocr_par' dir='ltr' id='par_1_19' title="bbox 88 1008 876 1044">
     <span class='ocr_line' id='line_1_19' title="bbox 88 1008 876 1044; baseline 0 -8"><span class='ocrx_word' id='word_1_157' title='bbox 88 1009 167 1038; x_wconf 80' lang='lat' dir='ltr'><strong>tradit.</strong></span> <span class='ocrx_word' id='word_1_158' title='bbox 178 1009 224 1036; x_wconf 70' lang='lat' dir='ltr'><strong>sed</strong></span> <span class='ocrx_word' id='word_1_159' title='bbox 237 1015 383 1044; x_wconf 74' lang='lat' dir='ltr'><strong>postquam</strong></span> <span class='ocrx_word' id='word_1_160' title='bbox 396 1009 522 1043; x_wconf 79' lang='lat' dir='ltr'><strong>puerilem</strong></span> <span class='ocrx_word' id='word_1_161' title='bbox 534 1008 662 1036; x_wconf 74' lang='lat' dir='ltr'><strong>fuerimus</strong></span> <span class='ocrx_word' id='word_1_162' title='bbox 672 1013 777 1036; x_wconf 59' lang='lat' dir='ltr'><strong>aetatem</strong></span> <span class='ocrx_word' id='word_1_163' title='bbox 789 1015 876 1044; x_wconf 70' lang='lat' dir='ltr'><strong>egres-</strong></span> 
     </span>
    </p>
   </div>
   <div class='ocr_carea' id='block_1_20' title="bbox 87 1056 877 1090">
    <p class='ocr_par' dir='ltr' id='par_1_20' title="bbox 87 1056 877 1090">
     <span class='ocr_line' id='line_1_20' title="bbox 87 1056 877 1090; baseline 0 -7"><span class='ocrx_word' id='word_1_164' title='bbox 87 1058 115 1083; x_wconf 85' lang='lat' dir='ltr'><strong>si.</strong></span> <span class='ocrx_word' id='word_1_165' title='bbox 130 1057 239 1083; x_wconf 78' lang='lat' dir='ltr'><strong>Rursum</strong></span> <span class='ocrx_word' id='word_1_166' title='bbox 256 1061 342 1083; x_wconf 79' lang='lat' dir='ltr'><strong>a-stas</strong></span> <span class='ocrx_word' id='word_1_167' title='bbox 357 1056 428 1083; x_wconf 86' lang='lat' dir='ltr'><strong>utilis</strong></span> <span class='ocrx_word' id='word_1_168' title='bbox 439 1077 446 1088; x_wconf 86' lang='lat'>.</span> <span class='ocrx_word' id='word_1_169' title='bbox 460 1056 506 1083; x_wconf 88' lang='lat' dir='ltr'><strong>sed</strong></span> <span class='ocrx_word' id='word_1_170' title='bbox 520 1064 572 1083; x_wconf 91' lang='lat' dir='ltr'><strong>non</strong></span> <span class='ocrx_word' id='word_1_171' title='bbox 586 1063 691 1090; x_wconf 83' lang='lat' dir='ltr'><strong>semper</strong></span> <span class='ocrx_word' id='word_1_172' title='bbox 702 1060 813 1090; x_wconf 78' lang='lat' dir='ltr'><strong>apparet</strong></span> <span class='ocrx_word' id='word_1_173' title='bbox 828 1065 834 1083; x_wconf 92' lang='lat'>:</span> <span class='ocrx_word' id='word_1_174' title='bbox 849 1061 877 1083; x_wconf 87' lang='lat' dir='ltr'><strong>et</strong></span> 
     </span>
    </p>
   </div>
   <div class='ocr_carea' id='block_1_21' title="bbox 88 1101 876 1137">
    <p class='ocr_par' dir='ltr' id='par_1_21' title="bbox 88 1101 876 1137">
     <span class='ocr_line' id='line_1_21' title="bbox 88 1101 876 1137; baseline 0.001 -9"><span class='ocrx_word' id='word_1_175' title='bbox 88 1102 170 1137; x_wconf 79' lang='lat' dir='ltr'><strong>hyems</strong></span> <span class='ocrx_word' id='word_1_176' title='bbox 181 1101 328 1129; x_wconf 84' lang='lat' dir='ltr'><strong>commoda</strong></span> <span class='ocrx_word' id='word_1_177' title='bbox 338 1123 346 1133; x_wconf 83' lang='lat'><strong>,</strong></span> <span class='ocrx_word' id='word_1_178' title='bbox 363 1101 410 1129; x_wconf 86' lang='lat' dir='ltr'><strong>sed</strong></span> <span class='ocrx_word' id='word_1_179' title='bbox 423 1107 450 1129; x_wconf 88' lang='lat' dir='ltr'><strong>et</strong></span> <span class='ocrx_word' id='word_1_180' title='bbox 462 1101 520 1128; x_wconf 70' lang='lat' dir='ltr'><strong>hmc</strong></span> <span class='ocrx_word' id='word_1_181' title='bbox 534 1102 636 1129; x_wconf 88' lang='lat' dir='ltr'><strong>transit.</strong></span> <span class='ocrx_word' id='word_1_182' title='bbox 649 1101 717 1135; x_wconf 84' lang='lat' dir='ltr'><strong>Quid</strong></span> <span class='ocrx_word' id='word_1_183' title='bbox 731 1102 820 1137; x_wconf 74' lang='lat' dir='ltr'><strong>igitur,</strong></span> <span class='ocrx_word' id='word_1_184' title='bbox 834 1102 876 1129; x_wconf 93' lang='lat' dir='ltr'><strong>di-</strong></span> 
     </span>
    </p>
   </div>
   <div class='ocr_carea' id='block_1_22' title="bbox 87 1147 874 1183">
    <p class='ocr_par' dir='ltr' id='par_1_22' title="bbox 87 1147 874 1183">
     <span class='ocr_line' id='line_1_22' title="bbox 87 1147 874 1183; baseline 0.003 -9"><span class='ocrx_word' id='word_1_185' title='bbox 87 1153 123 1174; x_wconf 80' lang='lat' dir='ltr'><strong>cet</strong></span> <span class='ocrx_word' id='word_1_186' title='bbox 130 1147 230 1183; x_wconf 77' lang='lat' dir='ltr'><strong>aliquis,</strong></span> <span class='ocrx_word' id='word_1_187' title='bbox 241 1147 391 1182; x_wconf 76' lang='lat' dir='ltr'><strong>Scriptura:</strong></span> <span class='ocrx_word' id='word_1_188' title='bbox 400 1156 452 1175; x_wconf 87' lang='lat' dir='ltr'><strong>non</strong></span> <span class='ocrx_word' id='word_1_189' title='bbox 463 1153 524 1174; x_wconf 91' lang='lat' dir='ltr'><strong>sunt</strong></span> <span class='ocrx_word' id='word_1_190' title='bbox 533 1147 627 1175; x_wconf 85' lang='lat' dir='ltr'><strong>utiles?</strong></span> <span class='ocrx_word' id='word_1_191' title='bbox 638 1148 792 1177; x_wconf 74' lang='lat' dir='ltr'><strong>Utilissinue</strong></span> <span class='ocrx_word' id='word_1_192' title='bbox 799 1155 874 1182; x_wconf 84' lang='lat' dir='ltr'><strong>sane,</strong></span> 
     </span>
    </p>
   </div>
   <div class='ocr_carea' id='block_1_23' title="bbox 87 1193 876 1229">
    <p class='ocr_par' dir='ltr' id='par_1_23' title="bbox 87 1193 876 1229">
     <span class='ocr_line' id='line_1_23' title="bbox 87 1193 876 1229; baseline 0.003 -9"><span class='ocrx_word' id='word_1_193' title='bbox 87 1198 111 1220; x_wconf 83' lang='lat' dir='ltr'><strong>et</strong></span> <span class='ocrx_word' id='word_1_194' title='bbox 122 1193 262 1220; x_wconf 88' lang='lat' dir='ltr'><strong>admodum</strong></span> <span class='ocrx_word' id='word_1_195' title='bbox 276 1194 450 1221; x_wconf 46' lang='lat' dir='ltr'><strong>necessaria).</strong></span> <span class='ocrx_word' id='word_1_196' title='bbox 471 1193 505 1220; x_wconf 85' lang='lat' dir='ltr'><strong>Et</strong></span> <span class='ocrx_word' id='word_1_197' title='bbox 517 1194 539 1220; x_wconf 87' lang='lat' dir='ltr'><strong>si</strong></span> <span class='ocrx_word' id='word_1_198' title='bbox 553 1193 647 1225; x_wconf 80' lang='lat' dir='ltr'><strong>utiles,</strong></span> <span class='ocrx_word' id='word_1_199' title='bbox 662 1194 764 1228; x_wconf 86' lang='lat' dir='ltr'><strong>inquit,</strong></span> <span class='ocrx_word' id='word_1_200' title='bbox 777 1201 828 1229; x_wconf 87' lang='lat' dir='ltr'><strong>qua</strong></span> <span class='ocrx_word' id='word_1_201' title='bbox 841 1193 876 1222; x_wconf 84' lang='lat' dir='ltr'><strong>de</strong></span> 
     </span>
    </p>
   </div>
   <div class='ocr_carea' id='block_1_24' title="bbox 86 1239 876 1274">
    <p class='ocr_par' dir='ltr' id='par_1_24' title="bbox 86 1239 876 1274">
     <span class='ocr_line' id='line_1_24' title="bbox 86 1239 876 1274; baseline 0.004 -9"><span class='ocrx_word' id='word_1_202' title='bbox 86 1247 156 1266; x_wconf 81' lang='lat' dir='ltr'><strong>causa</strong></span> <span class='ocrx_word' id='word_1_203' title='bbox 171 1247 222 1266; x_wconf 90' lang='lat' dir='ltr'><strong>non</strong></span> <span class='ocrx_word' id='word_1_204' title='bbox 238 1244 306 1266; x_wconf 76' lang='lat' dir='ltr'><strong>Sunt</strong></span> <span class='ocrx_word' id='word_1_205' title='bbox 319 1240 424 1267; x_wconf 71' lang='lat' dir='ltr'><strong>tradita:</strong></span> <span class='ocrx_word' id='word_1_206' title='bbox 438 1239 514 1266; x_wconf 86' lang='lat' dir='ltr'><strong>nobis</strong></span> <span class='ocrx_word' id='word_1_207' title='bbox 526 1239 560 1266; x_wconf 90' lang='lat' dir='ltr'><strong>ab</strong></span> <span class='ocrx_word' id='word_1_208' title='bbox 574 1240 667 1266; x_wconf 86' lang='lat' dir='ltr'><strong>initio?</strong></span> <span class='ocrx_word' id='word_1_209' title='bbox 680 1240 746 1272; x_wconf 79' lang='lat' dir='ltr'><strong>Quin</strong></span> <span class='ocrx_word' id='word_1_210' title='bbox 760 1248 813 1267; x_wconf 89' lang='lat' dir='ltr'><strong>non</strong></span> <span class='ocrx_word' id='word_1_211' title='bbox 829 1248 876 1274; x_wconf 91' lang='lat' dir='ltr'><strong>per</strong></span> 
     </span>
    </p>
   </div>
   <div class='ocr_carea' id='block_1_25' title="bbox 87 1284 875 1320">
    <p class='ocr_par' dir='ltr' id='par_1_25' title="bbox 87 1284 875 1320">
     <span class='ocr_line' id='line_1_25' title="bbox 87 1284 875 1320; baseline 0.004 -9"><span class='ocrx_word' id='word_1_212' title='bbox 87 1284 188 1316; x_wconf 73' lang='lat' dir='ltr'><strong>litteras,</strong></span> <span class='ocrx_word' id='word_1_213' title='bbox 201 1285 249 1313; x_wconf 85' lang='lat' dir='ltr'><strong>sed</strong></span> <span class='ocrx_word' id='word_1_214' title='bbox 266 1293 318 1320; x_wconf 85' lang='lat' dir='ltr'><strong>per</strong></span> <span class='ocrx_word' id='word_1_215' title='bbox 331 1293 374 1312; x_wconf 85' lang='lat' dir='ltr'><strong>res</strong></span> <span class='ocrx_word' id='word_1_216' title='bbox 389 1285 458 1313; x_wconf 80' lang='lat' dir='ltr'><strong>Deus</strong></span> <span class='ocrx_word' id='word_1_217' title='bbox 473 1290 593 1313; x_wconf 86' lang='lat' dir='ltr'><strong>naturam</strong></span> <span class='ocrx_word' id='word_1_218' title='bbox 609 1285 751 1313; x_wconf 84' lang='lat' dir='ltr'><strong>humanam</strong></span> <span class='ocrx_word' id='word_1_219' title='bbox 778 1287 875 1314; x_wconf 81' lang='lat' dir='ltr'><strong>dooere</strong></span> 
     </span>
    </p>
   </div>
   <div class='ocr_carea' id='block_1_26' title="bbox 86 1331 875 1367">
    <p class='ocr_par' dir='ltr' id='par_1_26' title="bbox 86 1331 875 1367">
     <span class='ocr_line' id='line_1_26' title="bbox 86 1331 875 1367; baseline 0.003 -9"><span class='ocrx_word' id='word_1_220' title='bbox 86 1331 189 1358; x_wconf 70' lang='lat' dir='ltr'><strong>volebat.</strong></span> <span class='ocrx_word' id='word_1_221' title='bbox 206 1332 277 1365; x_wconf 81' lang='lat' dir='ltr'><strong>Quid</strong></span> <span class='ocrx_word' id='word_1_222' title='bbox 296 1332 404 1359; x_wconf 84' lang='lat' dir='ltr'><strong>tandem</strong></span> <span class='ocrx_word' id='word_1_223' title='bbox 420 1336 480 1365; x_wconf 86' lang='lat' dir='ltr'><strong>est,</strong></span> <span class='ocrx_word' id='word_1_224' title='bbox 496 1339 543 1366; x_wconf 88' lang='lat' dir='ltr'><strong>per</strong></span> <span class='ocrx_word' id='word_1_225' title='bbox 555 1332 619 1359; x_wconf 80' lang='lat' dir='ltr'><strong>res?</strong></span> <span class='ocrx_word' id='word_1_226' title='bbox 637 1332 688 1359; x_wconf 88' lang='lat' dir='ltr'><strong>Per</strong></span> <span class='ocrx_word' id='word_1_227' title='bbox 703 1333 786 1367; x_wconf 86' lang='lat' dir='ltr'><strong>ipsam</strong></span> <span class='ocrx_word' id='word_1_228' title='bbox 799 1339 875 1360; x_wconf 84' lang='lat' dir='ltr'><strong>erea-</strong></span> 
     </span>
    </p>
   </div>
   <div class='ocr_carea' id='block_1_27' title="bbox 86 1377 872 1413">
    <p class='ocr_par' dir='ltr' id='par_1_27' title="bbox 86 1377 872 1413">
     <span class='ocr_line' id='line_1_27' title="bbox 86 1377 872 1413; baseline 0.001 -9"><span class='ocrx_word' id='word_1_229' title='bbox 86 1382 172 1404; x_wconf 78' lang='lat' dir='ltr'><strong>turam.</strong></span> <span class='ocrx_word' id='word_1_230' title='bbox 190 1377 217 1404; x_wconf 88' lang='lat' dir='ltr'><strong>In</strong></span> <span class='ocrx_word' id='word_1_231' title='bbox 233 1377 308 1406; x_wconf 88' lang='lat' dir='ltr'><strong>hanc</strong></span> <span class='ocrx_word' id='word_1_232' title='bbox 322 1378 395 1405; x_wconf 86' lang='lat' dir='ltr'><strong>enim</strong></span> <span class='ocrx_word' id='word_1_233' title='bbox 408 1378 567 1405; x_wconf 86' lang='lat' dir='ltr'><strong>sententiam</strong></span> <span class='ocrx_word' id='word_1_234' title='bbox 576 1377 700 1405; x_wconf 90' lang='lat' dir='ltr'><strong>incidens</strong></span> <span class='ocrx_word' id='word_1_235' title='bbox 711 1378 872 1413; x_wconf 85' lang='lat' dir='ltr'><strong>Apostolus,</strong></span> 
     </span>
    </p>
   </div>
   <div class='ocr_carea' id='block_1_28' title="bbox 85 1421 873 1458">
    <p class='ocr_par' dir='ltr' id='par_1_28' title="bbox 85 1421 873 1458">
     <span class='ocr_line' id='line_1_28' title="bbox 85 1421 873 1458; baseline -0.003 -8"><span class='ocrx_word' id='word_1_236' title='bbox 85 1428 109 1450; x_wconf 77' lang='lat' dir='ltr'><strong>et</strong></span> <span class='ocrx_word' id='word_1_237' title='bbox 125 1424 149 1450; x_wconf 87' lang='lat' dir='ltr'><strong>in</strong></span> <span class='ocrx_word' id='word_1_238' title='bbox 163 1423 279 1458; x_wconf 88' lang='lat' dir='ltr'><strong>gentiles</strong></span> <span class='ocrx_word' id='word_1_239' title='bbox 293 1424 434 1450; x_wconf 78' lang='lat' dir='ltr'><strong>intendens</strong></span> <span class='ocrx_word' id='word_1_240' title='bbox 444 1444 451 1456; x_wconf 87' lang='lat'><strong>,</strong></span> <span class='ocrx_word' id='word_1_241' title='bbox 465 1423 587 1451; x_wconf 85' lang='lat' dir='ltr'><strong>dicentes</strong></span> <span class='ocrx_word' id='word_1_242' title='bbox 597 1443 605 1456; x_wconf 89' lang='lat'><strong>,</strong></span> <span class='ocrx_word' id='word_1_243' title='bbox 622 1422 680 1450; x_wconf 87' lang='lat' dir='ltr'><strong>Non</strong></span> <span class='ocrx_word' id='word_1_244' title='bbox 692 1423 726 1449; x_wconf 83' lang='lat' dir='ltr'><strong>ab</strong></span> <span class='ocrx_word' id='word_1_245' title='bbox 738 1421 813 1449; x_wconf 89' lang='lat' dir='ltr'><strong>initio</strong></span> <span class='ocrx_word' id='word_1_246' title='bbox 827 1421 873 1449; x_wconf 85' lang='lat' dir='ltr'><strong>Dei</strong></span> 
     </span>
    </p>
   </div>
   <div class='ocr_carea' id='block_1_29' title="bbox 85 1467 875 1504">
    <p class='ocr_par' dir='ltr' id='par_1_29' title="bbox 85 1467 875 1504">
     <span class='ocr_line' id='line_1_29' title="bbox 85 1467 875 1504; baseline -0.001 -9"><span class='ocrx_word' id='word_1_247' title='bbox 85 1470 256 1503; x_wconf 80' lang='lat' dir='ltr'><strong>cognitionem</strong></span> <span class='ocrx_word' id='word_1_248' title='bbox 275 1476 311 1496; x_wconf 77' lang='lat' dir='ltr'><strong>ex</strong></span> <span class='ocrx_word' id='word_1_249' title='bbox 325 1469 471 1504; x_wconf 86' lang='lat' dir='ltr'><strong>Scripturis</strong></span> <span class='ocrx_word' id='word_1_250' title='bbox 484 1468 624 1496; x_wconf 89' lang='lat' dir='ltr'><strong>didicimus</strong></span> <span class='ocrx_word' id='word_1_251' title='bbox 636 1488 644 1501; x_wconf 95' lang='lat'><strong>,</strong></span> <span class='ocrx_word' id='word_1_252' title='bbox 663 1468 723 1495; x_wconf 74' lang='lat' dir='ltr'><strong>vide</strong></span> <span class='ocrx_word' id='word_1_253' title='bbox 741 1467 875 1503; x_wconf 88' lang='lat' dir='ltr'><strong>quomodo</strong></span> 
     </span>
    </p>
   </div>
   <div class='ocr_carea' id='block_1_30' title="bbox 86 1513 875 1550">
    <p class='ocr_par' dir='ltr' id='par_1_30' title="bbox 86 1513 875 1550">
     <span class='ocr_line' id='line_1_30' title="bbox 86 1513 875 1550; baseline -0.003 -8"><span class='ocrx_word' id='word_1_254' title='bbox 86 1515 222 1550; x_wconf 83' lang='lat' dir='ltr'><strong>respondit.</strong></span> <span class='ocrx_word' id='word_1_255' title='bbox 236 1515 309 1543; x_wconf 86' lang='lat' dir='ltr'><strong>Cum</strong></span> <span class='ocrx_word' id='word_1_256' title='bbox 323 1515 395 1542; x_wconf 89' lang='lat' dir='ltr'><strong>enim</strong></span> <span class='ocrx_word' id='word_1_257' title='bbox 410 1515 537 1548; x_wconf 77' lang='lat' dir='ltr'><strong>dixisset,</strong></span> <span class='ocrx_word' id='word_1_258' title='bbox 555 1513 716 1542; x_wconf 66' lang='lat' dir='ltr'><strong>Revelaiiitur</strong></span> <span class='ocrx_word' id='word_1_259' title='bbox 729 1514 768 1540; x_wconf 85' lang='lat' dir='ltr'><strong>ira</strong></span> <span class='ocrx_word' id='word_1_260' title='bbox 782 1513 830 1540; x_wconf 87' lang='lat' dir='ltr'><strong>Dei</strong></span> <span class='ocrx_word' id='word_1_261' title='bbox 843 1513 875 1540; x_wconf 76' lang='lat' dir='ltr'><strong>de</strong></span> 
     </span>
    </p>
   </div>
   <div class='ocr_carea' id='block_1_31' title="bbox 85 1559 874 1596">
    <p class='ocr_par' dir='ltr' id='par_1_31' title="bbox 85 1559 874 1596">
     <span class='ocr_line' id='line_1_31' title="bbox 85 1559 874 1596; baseline -0.003 -9"><span class='ocrx_word' id='word_1_262' title='bbox 85 1562 140 1587; x_wconf 61' lang='lat' dir='ltr'><strong>cato</strong></span> <span class='ocrx_word' id='word_1_263' title='bbox 156 1569 231 1596; x_wconf 69' lang='lat' dir='ltr'><strong>super</strong></span> <span class='ocrx_word' id='word_1_264' title='bbox 251 1569 355 1588; x_wconf 77' lang='lat' dir='ltr'><strong>ornuem</strong></span> <span class='ocrx_word' id='word_1_265' title='bbox 369 1561 523 1595; x_wconf 80' lang='lat' dir='ltr'><strong>impietatem</strong></span> <span class='ocrx_word' id='word_1_266' title='bbox 539 1565 563 1587; x_wconf 85' lang='lat' dir='ltr'><strong>et</strong></span> <span class='ocrx_word' id='word_1_267' title='bbox 583 1559 733 1594; x_wconf 76' lang='lat' dir='ltr'><strong>iniustitiam</strong></span> <span class='ocrx_word' id='word_1_268' title='bbox 745 1559 874 1586; x_wconf 83' lang='lat' dir='ltr'><strong>hominum</strong></span> 
     </span>
    </p>
   </div>
   <div class='ocr_carea' id='block_1_32' title="bbox 85 1605 873 1643">
    <p class='ocr_par' dir='ltr' id='par_1_32' title="bbox 85 1605 873 1643">
     <span class='ocr_line' id='line_1_32' title="bbox 85 1605 873 1643; baseline -0.004 -8"><span class='ocrx_word' id='word_1_269' title='bbox 85 1616 172 1640; x_wconf 78' lang='lat' dir='ltr'><strong>eorum,</strong></span> <span class='ocrx_word' id='word_1_270' title='bbox 187 1608 230 1640; x_wconf 78' lang='lat' dir='ltr'><strong>qui</strong></span> <span class='ocrx_word' id='word_1_271' title='bbox 244 1608 378 1636; x_wconf 78' lang='lat' dir='ltr'><strong>ueritatem</strong></span> <span class='ocrx_word' id='word_1_272' title='bbox 389 1608 439 1635; x_wconf 81' lang='lat' dir='ltr'><strong>Dei</strong></span> <span class='ocrx_word' id='word_1_273' title='bbox 450 1608 477 1634; x_wconf 82' lang='lat' dir='ltr'><strong>in</strong></span> <span class='ocrx_word' id='word_1_274' title='bbox 488 1607 613 1643; x_wconf 78' lang='lat' dir='ltr'><strong>injustilia</strong></span> <span class='ocrx_word' id='word_1_275' title='bbox 624 1607 735 1634; x_wconf 75' lang='lat' dir='ltr'><strong>detinent</strong></span> <span class='ocrx_word' id='word_1_276' title='bbox 747 1606 834 1641; x_wconf 77' lang='lat' dir='ltr'><strong>(Rom.</strong></span> <span class='ocrx_word' id='word_1_277' title='bbox 848 1605 873 1633; x_wconf 80' lang='lat' dir='ltr'><strong>i.</strong></span> 
     </span>
    </p>
   </div>
   <div class='ocr_carea' id='block_1_33' title="bbox 86 1652 876 1690">
    <p class='ocr_par' dir='ltr' id='par_1_33' title="bbox 86 1652 876 1690">
     <span class='ocr_line' id='line_1_33' title="bbox 86 1652 876 1690; baseline -0.005 -8"><span class='ocrx_word' id='word_1_278' title='bbox 86 1654 135 1690; x_wconf 75' lang='lat'><strong>18),</strong></span> <span class='ocrx_word' id='word_1_279' title='bbox 148 1659 174 1682; x_wconf 87' lang='lat' dir='ltr'><strong>et</strong></span> <span class='ocrx_word' id='word_1_280' title='bbox 188 1655 303 1683; x_wconf 85' lang='lat' dir='ltr'><strong>vidisset</strong></span> <span class='ocrx_word' id='word_1_281' title='bbox 313 1655 490 1689; x_wconf 81' lang='lat' dir='ltr'><strong>objectinnem</strong></span> <span class='ocrx_word' id='word_1_282' title='bbox 502 1653 551 1682; x_wconf 87' lang='lat' dir='ltr'><strong>sibi</strong></span> <span class='ocrx_word' id='word_1_283' title='bbox 562 1657 758 1684; x_wconf 81' lang='lat' dir='ltr'><strong>occurrentem,</strong></span> <span class='ocrx_word' id='word_1_284' title='bbox 770 1657 796 1680; x_wconf 84' lang='lat' dir='ltr'><strong>et</strong></span> <span class='ocrx_word' id='word_1_285' title='bbox 808 1652 876 1679; x_wconf 85' lang='lat' dir='ltr'><strong>mul-</strong></span> 
     </span>
    </p>
   </div>
   <div class='ocr_carea' id='block_1_34' title="bbox 85 1699 875 1737">
    <p class='ocr_par' dir='ltr' id='par_1_34' title="bbox 85 1699 875 1737">
     <span class='ocr_line' id='line_1_34' title="bbox 85 1699 875 1737; baseline -0.003 -9"><span class='ocrx_word' id='word_1_286' title='bbox 85 1705 122 1728; x_wconf 82' lang='lat' dir='ltr'><strong>tos</strong></span> <span class='ocrx_word' id='word_1_287' title='bbox 140 1706 231 1728; x_wconf 88' lang='lat' dir='ltr'><strong>contra</strong></span> <span class='ocrx_word' id='word_1_288' title='bbox 251 1705 423 1737; x_wconf 68' lang='lat' dir='ltr'><strong>quaerentes,</strong></span> <span class='ocrx_word' id='word_1_289' title='bbox 443 1701 513 1728; x_wconf 87' lang='lat' dir='ltr'><strong>unde</strong></span> <span class='ocrx_word' id='word_1_290' title='bbox 530 1700 645 1736; x_wconf 75' lang='lat' dir='ltr'><strong>gentiles</strong></span> <span class='ocrx_word' id='word_1_291' title='bbox 669 1700 715 1727; x_wconf 86' lang='lat' dir='ltr'><strong>Dei</strong></span> <span class='ocrx_word' id='word_1_292' title='bbox 735 1699 875 1727; x_wconf 76' lang='lat' dir='ltr'><strong>Veritatem</strong></span> 
     </span>
    </p>
   </div>
   <div class='ocr_carea' id='block_1_35' title="bbox 86 1746 874 1783">
    <p class='ocr_par' dir='ltr' id='par_1_35' title="bbox 86 1746 874 1783">
     <span class='ocr_line' id='line_1_35' title="bbox 86 1746 874 1783; baseline -0.004 -8"><span class='ocrx_word' id='word_1_293' title='bbox 86 1749 278 1783; x_wconf 77' lang='lat' dir='ltr'><strong>cognovissent.</strong></span> <span class='ocrx_word' id='word_1_294' title='bbox 291 1749 379 1775; x_wconf 88' lang='lat' dir='ltr'><strong>intulit</strong></span> <span class='ocrx_word' id='word_1_295' title='bbox 391 1748 484 1776; x_wconf 88' lang='lat' dir='ltr'><strong>dicens</strong></span> <span class='ocrx_word' id='word_1_296' title='bbox 494 1757 503 1775; x_wconf 82' lang='lat'><strong>:</strong></span> <span class='ocrx_word' id='word_1_297' title='bbox 516 1747 583 1781; x_wconf 79' lang='lat' dir='ltr'><strong>Quia</strong></span> <span class='ocrx_word' id='word_1_298' title='bbox 592 1747 659 1781; x_wconf 80' lang='lat' dir='ltr'><strong>quod</strong></span> <span class='ocrx_word' id='word_1_299' title='bbox 671 1752 757 1774; x_wconf 87' lang='lat' dir='ltr'><strong>notum</strong></span> <span class='ocrx_word' id='word_1_300' title='bbox 769 1751 805 1773; x_wconf 73' lang='lat' dir='ltr'><strong>est</strong></span> <span class='ocrx_word' id='word_1_301' title='bbox 817 1746 874 1779; x_wconf 80' lang='lat' dir='ltr'><strong>Dei,</strong></span> 
     </span>
    </p>
   </div>
   <div class='ocr_carea' id='block_1_36' title="bbox 87 1792 874 1829">
    <p class='ocr_par' dir='ltr' id='par_1_36' title="bbox 87 1792 874 1829">
     <span class='ocr_line' id='line_1_36' title="bbox 87 1792 874 1829; baseline -0.001 -10"><span class='ocrx_word' id='word_1_302' title='bbox 87 1794 237 1828; x_wconf 67' lang='lat' dir='ltr'><strong>manifestum</strong></span> <span class='ocrx_word' id='word_1_303' title='bbox 254 1799 294 1820; x_wconf 78' lang='lat' dir='ltr'><strong>eat</strong></span> <span class='ocrx_word' id='word_1_304' title='bbox 306 1794 333 1820; x_wconf 86' lang='lat' dir='ltr'><strong>in</strong></span> <span class='ocrx_word' id='word_1_305' title='bbox 347 1793 399 1820; x_wconf 73' lang='lat' dir='ltr'><strong>illis</strong></span> <span class='ocrx_word' id='word_1_306' title='bbox 410 1792 504 1829; x_wconf 82' lang='lat' dir='ltr'><strong>(Ib.v.</strong></span> <span class='ocrx_word' id='word_1_307' title='bbox 521 1792 575 1828; x_wconf 74' lang='lat' dir='ltr'><strong>l9).</strong></span> <span class='ocrx_word' id='word_1_308' title='bbox 592 1792 627 1819; x_wconf 88' lang='lat' dir='ltr'><strong>Et</strong></span> <span class='ocrx_word' id='word_1_309' title='bbox 641 1792 775 1827; x_wconf 88' lang='lat' dir='ltr'><strong>quomodo</strong></span> <span class='ocrx_word' id='word_1_310' title='bbox 787 1792 874 1818; x_wconf 82' lang='lat' dir='ltr'><strong>titani-</strong></span> 
     </span>
    </p>
   </div>
   <div class='ocr_carea' id='block_1_37' title="bbox 88 1839 876 1874">
    <p class='ocr_par' dir='ltr' id='par_1_37' title="bbox 88 1839 876 1874">
     <span class='ocr_line' id='line_1_37' title="bbox 88 1839 876 1874; baseline 0.001 -9"><span class='ocrx_word' id='word_1_311' title='bbox 88 1839 174 1866; x_wconf 81' lang='lat' dir='ltr'><strong>festum</strong></span> <span class='ocrx_word' id='word_1_312' title='bbox 188 1844 229 1866; x_wconf 83' lang='lat' dir='ltr'><strong>est</strong></span> <span class='ocrx_word' id='word_1_313' title='bbox 244 1840 275 1866; x_wconf 87' lang='lat' dir='ltr'><strong>in</strong></span> <span class='ocrx_word' id='word_1_314' title='bbox 296 1839 366 1866; x_wconf 81' lang='lat' dir='ltr'><strong>illis?</strong></span> <span class='ocrx_word' id='word_1_315' title='bbox 379 1839 512 1874; x_wconf 85' lang='lat' dir='ltr'><strong>quomodo</strong></span> <span class='ocrx_word' id='word_1_316' title='bbox 524 1846 588 1866; x_wconf 85' lang='lat' dir='ltr'><strong>vero</strong></span> <span class='ocrx_word' id='word_1_317' title='bbox 609 1839 691 1866; x_wconf 87' lang='lat' dir='ltr'><strong>Deum</strong></span> <span class='ocrx_word' id='word_1_318' title='bbox 706 1846 784 1866; x_wconf 86' lang='lat' dir='ltr'><strong>nosse</strong></span> <span class='ocrx_word' id='word_1_319' title='bbox 801 1843 876 1874; x_wconf 82' lang='lat' dir='ltr'><strong>pote-</strong></span> 
     </span>
    </p>
   </div>
   <div class='ocr_carea' id='block_1_38' title="bbox 89 1881 875 1918">
    <p class='ocr_par' dir='ltr' id='par_1_38' title="bbox 89 1881 875 1918">
     <span class='ocr_line' id='line_1_38' title="bbox 89 1881 875 1918; baseline 0.001 -11"><span class='ocrx_word' id='word_1_320' title='bbox 89 1882 158 1908; x_wconf 75' lang='lat' dir='ltr'><strong>rant?</strong></span> <span class='ocrx_word' id='word_1_321' title='bbox 170 1882 230 1916; x_wconf 82' lang='lat' dir='ltr'><strong>quis</strong></span> <span class='ocrx_word' id='word_1_322' title='bbox 242 1881 382 1908; x_wconf 85' lang='lat' dir='ltr'><strong>ostendit?</strong></span> <span class='ocrx_word' id='word_1_323' title='bbox 394 1881 446 1909; x_wconf 87' lang='lat' dir='ltr'><strong>dic.</strong></span> <span class='ocrx_word' id='word_1_324' title='bbox 456 1881 525 1909; x_wconf 80' lang='lat' dir='ltr'><strong>Deus</strong></span> <span class='ocrx_word' id='word_1_325' title='bbox 539 1883 605 1909; x_wconf 84' lang='lat' dir='ltr'><strong>enim</strong></span> <span class='ocrx_word' id='word_1_326' title='bbox 618 1882 669 1910; x_wconf 75' lang='lat' dir='ltr'><strong>illis</strong></span> <span class='ocrx_word' id='word_1_327' title='bbox 677 1883 845 1918; x_wconf 81' lang='lat' dir='ltr'><strong>manifestavit</strong></span> <span class='ocrx_word' id='word_1_328' title='bbox 854 1882 875 1914; x_wconf 68' lang='grc' dir='ltr'><strong>ί,</strong></span> 
     </span>
    </p>
   </div>
   <div class='ocr_carea' id='block_1_39' title="bbox 88 1928 874 1965">
    <p class='ocr_par' dir='ltr' id='par_1_39' title="bbox 88 1928 874 1965">
     <span class='ocr_line' id='line_1_39' title="bbox 88 1928 874 1965; baseline 0.001 -11"><span class='ocrx_word' id='word_1_329' title='bbox 88 1928 173 1963; x_wconf 83' lang='lat' dir='ltr'><strong>inquit.</strong></span> <span class='ocrx_word' id='word_1_330' title='bbox 189 1929 250 1963; x_wconf 87' lang='lat' dir='ltr'><strong>Quo</strong></span> <span class='ocrx_word' id='word_1_331' title='bbox 280 1928 374 1963; x_wconf 81' lang='lat' dir='ltr'><strong>pacto?</strong></span> <span class='ocrx_word' id='word_1_332' title='bbox 387 1936 465 1964; x_wconf 89' lang='lat' dir='ltr'><strong>quem</strong></span> <span class='ocrx_word' id='word_1_333' title='bbox 479 1929 637 1965; x_wconf 80' lang='lat' dir='ltr'><strong>prophetam</strong></span> <span class='ocrx_word' id='word_1_334' title='bbox 663 1930 781 1962; x_wconf 82' lang='lat' dir='ltr'><strong>mittens,</strong></span> <span class='ocrx_word' id='word_1_335' title='bbox 796 1936 874 1964; x_wconf 86' lang='lat' dir='ltr'><strong>quem</strong></span> 
     </span>
    </p>
   </div>
   <div class='ocr_carea' id='block_1_40' title="bbox 88 1974 876 2009">
    <p class='ocr_par' dir='ltr' id='par_1_40' title="bbox 88 1974 876 2009">
     <span class='ocr_line' id='line_1_40' title="bbox 88 1974 876 2009; baseline 0.001 -9"><span class='ocrx_word' id='word_1_336' title='bbox 88 1975 297 2009; x_wconf 82' lang='lat' dir='ltr'><strong>evangelistam?</strong></span> <span class='ocrx_word' id='word_1_337' title='bbox 311 1982 390 2009; x_wconf 88' lang='lat' dir='ltr'><strong>quem</strong></span> <span class='ocrx_word' id='word_1_338' title='bbox 405 1974 553 2008; x_wconf 89' lang='lat' dir='ltr'><strong>doctorem,</strong></span> <span class='ocrx_word' id='word_1_339' title='bbox 568 1974 591 2002; x_wconf 90' lang='lat' dir='ltr'><strong>si</strong></span> <span class='ocrx_word' id='word_1_340' title='bbox 603 1974 747 2009; x_wconf 69' lang='lat' dir='ltr'><strong>Scriptum</strong></span> <span class='ocrx_word' id='word_1_341' title='bbox 759 1975 876 2002; x_wconf 80' lang='lat' dir='ltr'><strong>nomium</strong></span> 
     </span>
    </p>
   </div>
   <div class='ocr_carea' id='block_1_41' title="bbox 88 2019 877 2056">
    <p class='ocr_par' dir='ltr' id='par_1_41' title="bbox 88 2019 877 2056">
     <span class='ocr_line' id='line_1_41' title="bbox 88 2019 877 2056; baseline 0 -10"><span class='ocrx_word' id='word_1_342' title='bbox 88 2021 175 2047; x_wconf 82' lang='lat' dir='ltr'><strong>erant?</strong></span> <span class='ocrx_word' id='word_1_343' title='bbox 190 2020 337 2047; x_wconf 63' lang='lat' dir='ltr'><strong>[invisibilia</strong></span> <span class='ocrx_word' id='word_1_344' title='bbox 346 2021 411 2047; x_wconf 80' lang='lat' dir='ltr'><strong>enim</strong></span> <span class='ocrx_word' id='word_1_345' title='bbox 424 2021 513 2055; x_wconf 71' lang='lat' dir='ltr'><strong>ipsius,</strong></span> <span class='ocrx_word' id='word_1_346' title='bbox 528 2021 623 2056; x_wconf 88' lang='lat' dir='ltr'><strong>inquit,</strong></span> <span class='ocrx_word' id='word_1_347' title='bbox 637 2029 652 2047; x_wconf 81' lang='grc' dir='ltr'><em>α</em></span> <span class='ocrx_word' id='word_1_348' title='bbox 664 2025 779 2047; x_wconf 79' lang='lat' dir='ltr'><strong>creatura</strong></span> <span class='ocrx_word' id='word_1_349' title='bbox 789 2019 877 2047; x_wconf 81' lang='lat' dir='ltr'><strong>mundi</strong></span> 
     </span>
    </p>
   </div>
   <div class='ocr_carea' id='block_1_42' title="bbox 89 2066 877 2103">
    <p class='ocr_par' dir='ltr' id='par_1_42' title="bbox 89 2066 877 2103">
     <span class='ocr_line' id='line_1_42' title="bbox 89 2066 877 2103; baseline 0 -11"><span class='ocrx_word' id='word_1_350' title='bbox 89 2074 128 2099; x_wconf 69' lang='lat' dir='ltr'><strong>per</strong></span> <span class='ocrx_word' id='word_1_351' title='bbox 137 2074 166 2092; x_wconf 79' lang='lat' dir='ltr'><strong>ea</strong></span> <span class='ocrx_word' id='word_1_352' title='bbox 177 2074 235 2102; x_wconf 71' lang='lat' dir='ltr'><strong>qua:</strong></span> <span class='ocrx_word' id='word_1_353' title='bbox 249 2067 319 2100; x_wconf 80' lang='lat' dir='ltr'><strong>facta</strong></span> <span class='ocrx_word' id='word_1_354' title='bbox 333 2071 392 2093; x_wconf 77' lang='lat' dir='ltr'><strong>sunt</strong></span> <span class='ocrx_word' id='word_1_355' title='bbox 401 2087 408 2098; x_wconf 88' lang='lat'><strong>,</strong></span> <span class='ocrx_word' id='word_1_356' title='bbox 423 2066 550 2094; x_wconf 75' lang='lat' dir='ltr'><strong>intellecta</strong></span> <span class='ocrx_word' id='word_1_357' title='bbox 562 2067 751 2103; x_wconf 67' lang='lat' dir='ltr'><strong>conspiciuntur</strong></span> <span class='ocrx_word' id='word_1_358' title='bbox 761 2087 768 2099; x_wconf 94' lang='lat'><strong>,</strong></span> <span class='ocrx_word' id='word_1_359' title='bbox 783 2067 877 2101; x_wconf 71' lang='grc' dir='ltr'><strong>σεωρὶ-</strong></span> 
     </span>
    </p>
   </div>
   <div class='ocr_carea' id='block_1_43' title="bbox 89 2112 877 2149">
    <p class='ocr_par' dir='ltr' id='par_1_43' title="bbox 89 2112 877 2149">
     <span class='ocr_line' id='line_1_43' title="bbox 89 2112 877 2149; baseline 0.004 -12"><span class='ocrx_word' id='word_1_360' title='bbox 89 2116 200 2147; x_wconf 76' lang='lat' dir='ltr'><strong>tmaque</strong></span> <span class='ocrx_word' id='word_1_361' title='bbox 210 2113 294 2140; x_wconf 70' lang='lat' dir='ltr'><strong>uirtus</strong></span> <span class='ocrx_word' id='word_1_362' title='bbox 304 2113 359 2149; x_wconf 70' lang='lat' dir='ltr'><strong>eius</strong></span> <span class='ocrx_word' id='word_1_363' title='bbox 369 2117 392 2140; x_wconf 82' lang='lat' dir='ltr'><strong>et</strong></span> <span class='ocrx_word' id='word_1_364' title='bbox 402 2113 521 2140; x_wconf 75' lang='lat' dir='ltr'><strong>diuinitas</strong></span> <span class='ocrx_word' id='word_1_365' title='bbox 530 2113 554 2149; x_wconf 90' lang='grc'><strong>(1</strong></span> <span class='ocrx_word' id='word_1_366' title='bbox 558 2113 581 2140; x_wconf 81' lang='lat' dir='ltr'><strong>b.</strong></span> <span class='ocrx_word' id='word_1_367' title='bbox 593 2121 616 2139; x_wconf 87' lang='grc' dir='ltr'><strong>υ.</strong></span> <span class='ocrx_word' id='word_1_368' title='bbox 631 2112 687 2148; x_wconf 73' lang='lat'><strong>20).</strong></span> <span class='ocrx_word' id='word_1_369' title='bbox 700 2112 775 2146; x_wconf 87' lang='lat' dir='ltr'><strong>Quod</strong></span> <span class='ocrx_word' id='word_1_370' title='bbox 789 2118 877 2140; x_wconf 85' lang='lat' dir='ltr'><strong>autem</strong></span> 
     </span>
    </p>
   </div>
   <div class='ocr_carea' id='block_1_44' title="bbox 89 2158 878 2192">
    <p class='ocr_par' dir='ltr' id='par_1_44' title="bbox 89 2158 878 2192">
     <span class='ocr_line' id='line_1_44' title="bbox 89 2158 878 2192; baseline 0.001 -7"><span class='ocrx_word' id='word_1_371' title='bbox 89 2158 162 2192; x_wconf 85' lang='lat' dir='ltr'><strong>dicit,</strong></span> <span class='ocrx_word' id='word_1_372' title='bbox 177 2160 232 2187; x_wconf 85' lang='lat' dir='ltr'><strong>tale</strong></span> <span class='ocrx_word' id='word_1_373' title='bbox 253 2164 297 2187; x_wconf 75' lang='lat' dir='ltr'><strong>est</strong></span> <span class='ocrx_word' id='word_1_374' title='bbox 312 2168 319 2187; x_wconf 92' lang='lat'>:</span> <span class='ocrx_word' id='word_1_375' title='bbox 336 2160 406 2186; x_wconf 83' lang='lat' dir='ltr'><strong>Ante</strong></span> <span class='ocrx_word' id='word_1_376' title='bbox 427 2159 545 2186; x_wconf 87' lang='lat' dir='ltr'><strong>otnnium</strong></span> <span class='ocrx_word' id='word_1_377' title='bbox 568 2160 660 2187; x_wconf 89' lang='lat' dir='ltr'><strong>oculos</strong></span> <span class='ocrx_word' id='word_1_378' title='bbox 680 2163 830 2187; x_wconf 84' lang='lat' dir='ltr'><strong>creaturam</strong></span> <span class='ocrx_word' id='word_1_379' title='bbox 851 2159 878 2186; x_wconf 90' lang='lat' dir='ltr'><strong>in</strong></span> 
     </span>
    </p>
   </div>
   <div class='ocr_carea' id='block_1_45' title="bbox 90 2204 877 2240">
    <p class='ocr_par' dir='ltr' id='par_1_45' title="bbox 90 2204 877 2240">
     <span class='ocr_line' id='line_1_45' title="bbox 90 2204 877 2240; baseline 0 -9"><span class='ocrx_word' id='word_1_380' title='bbox 90 2205 172 2232; x_wconf 88' lang='lat' dir='ltr'><strong>medio</strong></span> <span class='ocrx_word' id='word_1_381' title='bbox 196 2206 353 2240; x_wconf 86' lang='lat' dir='ltr'><strong>proposuit,</strong></span> <span class='ocrx_word' id='word_1_382' title='bbox 375 2210 406 2232; x_wconf 91' lang='lat' dir='ltr'><strong>ut</strong></span> <span class='ocrx_word' id='word_1_383' title='bbox 421 2213 455 2232; x_wconf 81' lang='lat' dir='ltr'><strong>ex</strong></span> <span class='ocrx_word' id='word_1_384' title='bbox 479 2205 603 2240; x_wconf 86' lang='lat' dir='ltr'><strong>operibus</strong></span> <span class='ocrx_word' id='word_1_385' title='bbox 620 2211 769 2232; x_wconf 87' lang='lat' dir='ltr'><strong>creatorem</strong></span> <span class='ocrx_word' id='word_1_386' title='bbox 791 2204 877 2240; x_wconf 87' lang='lat' dir='ltr'><strong>conji-</strong></span> 
     </span>
    </p>
   </div>
   <div class='ocr_carea' id='block_1_46' title="bbox 90 2251 880 2287">
    <p class='ocr_par' dir='ltr' id='par_1_46' title="bbox 90 2251 880 2287">
     <span class='ocr_line' id='line_1_46' title="bbox 90 2251 880 2287; baseline 0 -10"><span class='ocrx_word' id='word_1_387' title='bbox 90 2251 154 2278; x_wconf 86' lang='lat' dir='ltr'><strong>ciant</strong></span> <span class='ocrx_word' id='word_1_388' title='bbox 165 2260 172 2278; x_wconf 92' lang='lat'><strong>:</strong></span> <span class='ocrx_word' id='word_1_389' title='bbox 184 2252 258 2287; x_wconf 89' lang='lat' dir='ltr'><strong>quod</strong></span> <span class='ocrx_word' id='word_1_390' title='bbox 271 2251 378 2286; x_wconf 88' lang='lat' dir='ltr'><strong>quidem</strong></span> <span class='ocrx_word' id='word_1_391' title='bbox 394 2257 421 2279; x_wconf 91' lang='lat' dir='ltr'><strong>et</strong></span> <span class='ocrx_word' id='word_1_392' title='bbox 435 2251 503 2279; x_wconf 87' lang='lat' dir='ltr'><strong>alius</strong></span> <span class='ocrx_word' id='word_1_393' title='bbox 515 2251 619 2279; x_wconf 86' lang='lat' dir='ltr'><strong>dicebat</strong></span> <span class='ocrx_word' id='word_1_394' title='bbox 631 2260 638 2279; x_wconf 88' lang='lat'><strong>:</strong></span> <span class='ocrx_word' id='word_1_395' title='bbox 654 2251 695 2279; x_wconf 74' lang='lat' dir='ltr'><strong>Ea;</strong></span> <span class='ocrx_word' id='word_1_396' title='bbox 707 2251 880 2287; x_wconf 76' lang='lat' dir='ltr'><strong>magnitudine</strong></span> 
     </span>
    </p>
   </div>
   <div class='ocr_carea' id='block_1_47' title="bbox 90 2296 881 2333">
    <p class='ocr_par' dir='ltr' id='par_1_47' title="bbox 90 2296 881 2333">
     <span class='ocr_line' id='line_1_47' title="bbox 90 2296 881 2333; baseline 0 -9"><span class='ocrx_word' id='word_1_397' title='bbox 90 2298 152 2325; x_wconf 70' lang='lat' dir='ltr'><strong>enim</strong></span> <span class='ocrx_word' id='word_1_398' title='bbox 175 2303 197 2326; x_wconf 77' lang='lat' dir='ltr'><strong>et</strong></span> <span class='ocrx_word' id='word_1_399' title='bbox 222 2298 413 2333; x_wconf 78' lang='lat' dir='ltr'><strong>pulchritudine</strong></span> <span class='ocrx_word' id='word_1_400' title='bbox 437 2302 609 2325; x_wconf 79' lang='lat' dir='ltr'><strong>creaturarum</strong></span> <span class='ocrx_word' id='word_1_401' title='bbox 633 2296 881 2333; x_wconf 78' lang='lat' dir='ltr'><strong>proporlianabiliter</strong></span> 
     </span>
    </p>
   </div>
   <div class='ocr_carea' id='block_1_48' title="bbox 91 2343 881 2379">
    <p class='ocr_par' dir='ltr' id='par_1_48' title="bbox 91 2343 881 2379">
     <span class='ocr_line' id='line_1_48' title="bbox 91 2343 881 2379; baseline 0.001 -9"><span class='ocrx_word' id='word_1_402' title='bbox 91 2345 197 2370; x_wconf 77' lang='lat' dir='ltr'><strong>imarum</strong></span> <span class='ocrx_word' id='word_1_403' title='bbox 213 2349 305 2371; x_wconf 74' lang='lat' dir='ltr'><strong>auctor</strong></span> <span class='ocrx_word' id='word_1_404' title='bbox 318 2343 494 2371; x_wconf 69' lang='lat' dir='ltr'><strong>consideratur</strong></span> <span class='ocrx_word' id='word_1_405' title='bbox 507 2343 587 2379; x_wconf 88' lang='lat' dir='ltr'><strong>(Sap.</strong></span> <span class='ocrx_word' id='word_1_406' title='bbox 603 2344 646 2371; x_wconf 69' lang='grc'><strong>15.</strong></span> <span class='ocrx_word' id='word_1_407' title='bbox 659 2343 700 2379; x_wconf 83' lang='grc'><strong>5).</strong></span> <span class='ocrx_word' id='word_1_408' title='bbox 718 2343 811 2371; x_wconf 84' lang='lat' dir='ltr'><strong>Vidisti</strong></span> <span class='ocrx_word' id='word_1_409' title='bbox 824 2350 881 2370; x_wconf 83' lang='lat' dir='ltr'><strong>ma-</strong></span> 
     </span>
    </p>
   </div>
   <div class='ocr_carea' id='block_1_49' title="bbox 91 2390 881 2426">
    <p class='ocr_par' dir='ltr' id='par_1_49' title="bbox 91 2390 881 2426">
     <span class='ocr_line' id='line_1_49' title="bbox 91 2390 881 2426; baseline 0.005 -10"><span class='ocrx_word' id='word_1_410' title='bbox 91 2390 271 2425; x_wconf 76' lang='lat' dir='ltr'><strong>gnitudinem?</strong></span> <span class='ocrx_word' id='word_1_411' title='bbox 283 2391 424 2418; x_wconf 89' lang='lat' dir='ltr'><strong>considera</strong></span> <span class='ocrx_word' id='word_1_412' title='bbox 437 2391 581 2426; x_wconf 80' lang='lat' dir='ltr'><strong>potentiam</strong></span> <span class='ocrx_word' id='word_1_413' title='bbox 595 2390 747 2419; x_wconf 85' lang='lat' dir='ltr'><strong>Conditoris</strong></span> <span class='ocrx_word' id='word_1_414' title='bbox 759 2397 820 2418; x_wconf 91' lang='lat' dir='ltr'><strong>cum</strong></span> <span class='ocrx_word' id='word_1_415' title='bbox 833 2391 881 2420; x_wconf 67' lang='lat' dir='ltr'><strong>ad:</strong></span> 
     </span>
    </p>
   </div>
   <div class='ocr_carea' id='block_1_50' title="bbox 92 2436 880 2472">
    <p class='ocr_par' dir='ltr' id='par_1_50' title="bbox 92 2436 880 2472">
     <span class='ocr_line' id='line_1_50' title="bbox 92 2436 880 2472; baseline 0.003 -10"><span class='ocrx_word' id='word_1_416' title='bbox 92 2437 237 2464; x_wconf 84' lang='lat' dir='ltr'><strong>miratione.</strong></span> <span class='ocrx_word' id='word_1_417' title='bbox 258 2436 352 2464; x_wconf 84' lang='lat' dir='ltr'><strong>Vidisti</strong></span> <span class='ocrx_word' id='word_1_418' title='bbox 372 2436 616 2471; x_wconf 85' lang='lat' dir='ltr'><strong>pulchritudinem?</strong></span> <span class='ocrx_word' id='word_1_419' title='bbox 629 2437 786 2472; x_wconf 79' lang='lat' dir='ltr'><strong>sapientiam</strong></span> <span class='ocrx_word' id='word_1_420' title='bbox 800 2443 880 2464; x_wconf 75' lang='lat' dir='ltr'><strong>exor-</strong></span> 
     </span>
    </p>
   </div>
   <div class='ocr_carea' id='block_1_51' title="bbox 94 2481 881 2518">
    <p class='ocr_par' dir='ltr' id='par_1_51' title="bbox 94 2481 881 2518">
     <span class='ocr_line' id='line_1_51' title="bbox 94 2481 881 2518; baseline 0.004 -10"><span class='ocrx_word' id='word_1_421' title='bbox 94 2483 188 2509; x_wconf 84' lang='lat' dir='ltr'><strong>natoris</strong></span> <span class='ocrx_word' id='word_1_422' title='bbox 206 2483 369 2517; x_wconf 85' lang='lat' dir='ltr'><strong>obstupesce</strong></span> <span class='ocrx_word' id='word_1_423' title='bbox 381 2503 388 2515; x_wconf 89' lang='lat'><strong>,</strong></span> <span class='ocrx_word' id='word_1_424' title='bbox 411 2483 481 2518; x_wconf 86' lang='lat' dir='ltr'><strong>quod</strong></span> <span class='ocrx_word' id='word_1_425' title='bbox 504 2487 534 2510; x_wconf 82' lang='lat' dir='ltr'><strong>et</strong></span> <span class='ocrx_word' id='word_1_426' title='bbox 544 2481 674 2517; x_wconf 87' lang='lat' dir='ltr'><strong>Propheta</strong></span> <span class='ocrx_word' id='word_1_427' title='bbox 693 2483 881 2512; x_wconf 79' lang='lat' dir='ltr'><strong>demonstrans</strong></span> 
     </span>
    </p>
   </div>
   <div class='ocr_carea' id='block_1_52' title="bbox 95 2528 880 2566">
    <p class='ocr_par' dir='ltr' id='par_1_52' title="bbox 95 2528 880 2566">
     <span class='ocr_line' id='line_1_52' title="bbox 95 2528 880 2566; baseline 0.003 -11"><span class='ocrx_word' id='word_1_428' title='bbox 95 2529 193 2557; x_wconf 87' lang='lat' dir='ltr'><strong>dicebat</strong></span> <span class='ocrx_word' id='word_1_429' title='bbox 209 2538 216 2557; x_wconf 95' lang='lat'><strong>:</strong></span> <span class='ocrx_word' id='word_1_430' title='bbox 230 2529 292 2557; x_wconf 66' lang='lat' dir='ltr'><strong>€4in</strong></span> <span class='ocrx_word' id='word_1_431' title='bbox 315 2535 436 2557; x_wconf 68' lang='lat' dir='ltr'><strong>enarravit</strong></span> <span class='ocrx_word' id='word_1_432' title='bbox 455 2530 563 2565; x_wconf 79' lang='lat' dir='ltr'><strong>gloriam</strong></span> <span class='ocrx_word' id='word_1_433' title='bbox 583 2528 632 2556; x_wconf 76' lang='lat' dir='ltr'><strong>Dei</strong></span> <span class='ocrx_word' id='word_1_434' title='bbox 653 2529 662 2565; x_wconf 93' lang='lat'><strong>(</strong></span> <span class='ocrx_word' id='word_1_435' title='bbox 677 2529 749 2557; x_wconf 64' lang='lat' dir='ltr'><strong>Paul.</strong></span> <span class='ocrx_word' id='word_1_436' title='bbox 772 2530 814 2558; x_wconf 82' lang='lat' dir='ltr'><strong>i8.</strong></span> <span class='ocrx_word' id='word_1_437' title='bbox 832 2530 880 2566; x_wconf 79' lang='lat'><strong>2).</strong></span> 
     </span>
    </p>
   </div>
   <div class='ocr_carea' id='block_1_53' title="bbox 95 2574 880 2612">
    <p class='ocr_par' dir='ltr' id='par_1_53' title="bbox 95 2574 880 2612">
     <span class='ocr_line' id='line_1_53' title="bbox 95 2574 880 2612; baseline 0.003 -10"><span class='ocrx_word' id='word_1_438' title='bbox 95 2574 226 2610; x_wconf 79' lang='lat' dir='ltr'><strong>Quomodo</strong></span> <span class='ocrx_word' id='word_1_439' title='bbox 240 2577 330 2612; x_wconf 78' lang='lat' dir='ltr'><strong>igitur,</strong></span> <span class='ocrx_word' id='word_1_440' title='bbox 343 2584 449 2612; x_wconf 73' lang='lat' dir='ltr'><strong>qureso,</strong></span> <span class='ocrx_word' id='word_1_441' title='bbox 463 2576 589 2604; x_wconf 82' lang='lat' dir='ltr'><strong>narrant?</strong></span> <span class='ocrx_word' id='word_1_442' title='bbox 602 2583 693 2604; x_wconf 84' lang='lat' dir='ltr'><strong>vocem</strong></span> <span class='ocrx_word' id='word_1_443' title='bbox 707 2584 759 2603; x_wconf 91' lang='lat' dir='ltr'><strong>non</strong></span> <span class='ocrx_word' id='word_1_444' title='bbox 773 2575 880 2609; x_wconf 80' lang='lat' dir='ltr'><strong>habent.</strong></span> 
     </span>
    </p>
   </div>
   <div class='ocr_carea' id='block_1_54' title="bbox 97 2622 883 2658">
    <p class='ocr_par' dir='ltr' id='par_1_54' title="bbox 97 2622 883 2658">
     <span class='ocr_line' id='line_1_54' title="bbox 97 2622 883 2658; baseline 0.003 -10"><span class='ocrx_word' id='word_1_445' title='bbox 97 2630 124 2648; x_wconf 87' lang='lat' dir='ltr'><strong>os</strong></span> <span class='ocrx_word' id='word_1_446' title='bbox 136 2630 186 2649; x_wconf 89' lang='lat' dir='ltr'><strong>non</strong></span> <span class='ocrx_word' id='word_1_447' title='bbox 201 2623 352 2658; x_wconf 85' lang='lat' dir='ltr'><strong>possident,</strong></span> <span class='ocrx_word' id='word_1_448' title='bbox 370 2630 422 2650; x_wconf 89' lang='lat' dir='ltr'><strong>non</strong></span> <span class='ocrx_word' id='word_1_449' title='bbox 437 2628 475 2649; x_wconf 80' lang='lat' dir='ltr'><strong>est</strong></span> <span class='ocrx_word' id='word_1_450' title='bbox 490 2623 554 2657; x_wconf 82' lang='lat' dir='ltr'><strong>ipsis</strong></span> <span class='ocrx_word' id='word_1_451' title='bbox 567 2623 654 2658; x_wconf 82' lang='lat' dir='ltr'><strong>lingua</strong></span> <span class='ocrx_word' id='word_1_452' title='bbox 669 2632 676 2648; x_wconf 90' lang='lat'><strong>:</strong></span> <span class='ocrx_word' id='word_1_453' title='bbox 689 2622 822 2658; x_wconf 90' lang='lat' dir='ltr'><strong>quomodo</strong></span> <span class='ocrx_word' id='word_1_454' title='bbox 836 2622 883 2658; x_wconf 67' lang='lat' dir='ltr'><strong>igio</strong></span> 
     </span>
    </p>
   </div>
   <div class='ocr_carea' id='block_1_55' title="bbox 98 2668 883 2702">
    <p class='ocr_par' dir='ltr' id='par_1_55' title="bbox 98 2668 883 2702">
     <span class='ocr_line' id='line_1_55' title="bbox 98 2668 883 2702; baseline 0.003 -9"><span class='ocrx_word' id='word_1_455' title='bbox 98 2672 137 2694; x_wconf 92' lang='lat' dir='ltr'><strong>tur</strong></span> <span class='ocrx_word' id='word_1_456' title='bbox 150 2669 275 2696; x_wconf 75' lang='lat' dir='ltr'><strong>narrant?</strong></span> <span class='ocrx_word' id='word_1_457' title='bbox 289 2669 340 2696; x_wconf 85' lang='lat' dir='ltr'><strong>Per</strong></span> <span class='ocrx_word' id='word_1_458' title='bbox 354 2668 440 2702; x_wconf 88' lang='lat' dir='ltr'><strong>ipsum</strong></span> <span class='ocrx_word' id='word_1_459' title='bbox 456 2673 601 2702; x_wconf 82' lang='lat' dir='ltr'><strong>aspectum.</strong></span> <span class='ocrx_word' id='word_1_460' title='bbox 617 2669 684 2695; x_wconf 86' lang='lat' dir='ltr'><strong>Cum</strong></span> <span class='ocrx_word' id='word_1_461' title='bbox 698 2669 769 2696; x_wconf 88' lang='lat' dir='ltr'><strong>enim</strong></span> <span class='ocrx_word' id='word_1_462' title='bbox 785 2668 883 2695; x_wconf 88' lang='lat' dir='ltr'><strong>videris</strong></span> 
     </span>
    </p>
   </div>
   <div class='ocr_carea' id='block_1_56' title="bbox 100 2713 881 2749">
    <p class='ocr_par' dir='ltr' id='par_1_56' title="bbox 100 2713 881 2749">
     <span class='ocr_line' id='line_1_56' title="bbox 100 2713 881 2749; baseline 0.003 -10"><span class='ocrx_word' id='word_1_463' title='bbox 100 2713 326 2747; x_wconf 73' lang='lat' dir='ltr'><strong>pulchritudinem,</strong></span> <span class='ocrx_word' id='word_1_464' title='bbox 340 2715 559 2749; x_wconf 81' lang='lat' dir='ltr'><strong>magnitudinem,</strong></span> <span class='ocrx_word' id='word_1_465' title='bbox 574 2714 771 2747; x_wconf 87' lang='lat' dir='ltr'><strong>celsitudinem,</strong></span> <span class='ocrx_word' id='word_1_466' title='bbox 787 2715 881 2747; x_wconf 90' lang='lat' dir='ltr'><strong>situm,</strong></span> 
     </span>
    </p>
   </div>
   <div class='ocr_carea' id='block_1_57' title="bbox 101 2758 884 2797">
    <p class='ocr_par' dir='ltr' id='par_1_57' title="bbox 101 2758 884 2797">
     <span class='ocr_line' id='line_1_57' title="bbox 101 2758 884 2797; baseline 0.003 -11"><span class='ocrx_word' id='word_1_467' title='bbox 101 2758 204 2787; x_wconf 75' lang='lat' dir='ltr'><strong>[erutam</strong></span> <span class='ocrx_word' id='word_1_468' title='bbox 223 2769 269 2796; x_wconf 88' lang='lat' dir='ltr'><strong>per</strong></span> <span class='ocrx_word' id='word_1_469' title='bbox 290 2766 391 2788; x_wconf 84' lang='lat' dir='ltr'><strong>tantum</strong></span> <span class='ocrx_word' id='word_1_470' title='bbox 414 2761 541 2796; x_wconf 77' lang='lat' dir='ltr'><strong>temporis</strong></span> <span class='ocrx_word' id='word_1_471' title='bbox 559 2769 733 2796; x_wconf 83' lang='lat' dir='ltr'><strong>permanere.</strong></span> <span class='ocrx_word' id='word_1_472' title='bbox 749 2766 884 2797; x_wconf 85' lang='lat' dir='ltr'><strong>tamquam</strong></span> 
     </span>
    </p>
   </div>
   <div class='ocr_carea' id='block_1_58' title="bbox 102 2807 883 2842">
    <p class='ocr_par' dir='ltr' id='par_1_58' title="bbox 102 2807 883 2842">
     <span class='ocr_line' id='line_1_58' title="bbox 102 2807 883 2842; baseline 0.003 -10"><span class='ocrx_word' id='word_1_473' title='bbox 102 2812 186 2833; x_wconf 67' lang='lat' dir='ltr'><strong>Vocem</strong></span> <span class='ocrx_word' id='word_1_474' title='bbox 200 2807 320 2841; x_wconf 88' lang='lat' dir='ltr'><strong>audiens,</strong></span> <span class='ocrx_word' id='word_1_475' title='bbox 335 2811 363 2834; x_wconf 86' lang='lat' dir='ltr'><strong>et</strong></span> <span class='ocrx_word' id='word_1_476' title='bbox 377 2815 424 2842; x_wconf 76' lang='lat' dir='ltr'><strong>per</strong></span> <span class='ocrx_word' id='word_1_477' title='bbox 436 2811 573 2841; x_wconf 76' lang='lat' dir='ltr'><strong>aspectum</strong></span> <span class='ocrx_word' id='word_1_478' title='bbox 588 2807 680 2834; x_wconf 87' lang='lat' dir='ltr'><strong>dicens</strong></span> <span class='ocrx_word' id='word_1_479' title='bbox 690 2828 698 2840; x_wconf 92' lang='lat'><strong>,</strong></span> <span class='ocrx_word' id='word_1_480' title='bbox 712 2807 807 2834; x_wconf 82' lang='lat' dir='ltr'><strong>adoras</strong></span> <span class='ocrx_word' id='word_1_481' title='bbox 821 2815 883 2834; x_wconf 89' lang='lat' dir='ltr'><strong>cum</strong></span> 
     </span>
    </p>
   </div>
   <div class='ocr_carea' id='block_1_59' title="bbox 132 2895 787 2925">
    <p class='ocr_par' dir='ltr' id='par_1_59' title="bbox 132 2895 787 2925">
     <span class='ocr_line' id='line_1_59' title="bbox 132 2895 787 2925; baseline 0 -5"><span class='ocrx_word' id='word_1_482' title='bbox 132 2896 140 2911; x_wconf 73' lang='grc'><strong><em>⁵</em></strong></span> <span class='ocrx_word' id='word_1_483' title='bbox 156 2900 204 2920; x_wconf 72' lang='lat' dir='ltr'><strong>saw.</strong></span> <span class='ocrx_word' id='word_1_484' title='bbox 216 2902 242 2922; x_wconf 70' lang='lat' dir='ltr'><strong>ot</strong></span> <span class='ocrx_word' id='word_1_485' title='bbox 252 2897 349 2925; x_wconf 79' lang='lat' dir='ltr'><strong>quidam</strong></span> <span class='ocrx_word' id='word_1_486' title='bbox 359 2896 398 2921; x_wconf 83' lang='lat' dir='ltr'><strong>alii</strong></span> <span class='ocrx_word' id='word_1_487' title='bbox 413 2904 419 2920; x_wconf 89' lang='lat'><strong>:</strong></span> <span class='ocrx_word' id='word_1_488' title='bbox 436 2901 498 2921; x_wconf 70' lang='lat' dir='ltr'><strong>nens</strong></span> <span class='ocrx_word' id='word_1_489' title='bbox 509 2903 572 2922; x_wconf 67' lang='lat' dir='ltr'><strong>enim</strong></span> <span class='ocrx_word' id='word_1_490' title='bbox 582 2896 631 2922; x_wconf 78' lang='lat' dir='ltr'><strong>illis</strong></span> <span class='ocrx_word' id='word_1_491' title='bbox 638 2895 787 2921; x_wconf 67' lang='lat' dir='ltr'><strong>ntartatrat‘il.</strong></span> 
     </span>
    </p>
   </div>
   <div class='ocr_carea' id='block_1_60' title="bbox 243 2943 598 2973">
    <p class='ocr_par' dir='ltr' id='par_1_60' title="bbox 243 2943 598 2973">
     <span class='ocr_line' id='line_1_60' title="bbox 243 2943 598 2973; baseline 0.003 -1"><span class='ocrx_word' id='word_1_492' title='bbox 243 2943 379 2973; x_wconf 74' lang='grc' dir='ltr'><strong>ΡΑτηοι.</strong></span> <span class='ocrx_word' id='word_1_493' title='bbox 405 2944 463 2973; x_wconf 69' lang='lat' dir='ltr'><strong>(in.</strong></span> <span class='ocrx_word' id='word_1_494' title='bbox 489 2943 598 2973; x_wconf 73' lang='lat' dir='ltr'><strong>XLIX.</strong></span> 
     </span>
    </p>
   </div>
   <div class='ocr_carea' id='block_1_61' title="bbox 571 163 1268 197">
    <p class='ocr_par' dir='ltr' id='par_1_61' title="bbox 571 163 1268 197">
     <span class='ocr_line' id='line_1_61' title="bbox 571 163 1268 197; baseline -0.006 0"><span class='ocrx_word' id='word_1_495' title='bbox 571 168 617 197; x_wconf 81' lang='lat' dir='ltr'><strong>AD</strong></span> <span class='ocrx_word' id='word_1_496' title='bbox 636 165 796 196; x_wconf 78' lang='lat' dir='ltr'><strong>POPULUM</strong></span> <span class='ocrx_word' id='word_1_497' title='bbox 815 163 1058 193; x_wconf 79' lang='lat' dir='ltr'><strong>ANTIOCIIENUM</strong></span> <span class='ocrx_word' id='word_1_498' title='bbox 1089 164 1203 194; x_wconf 79' lang='lat' dir='ltr'><strong>HOMIL.</strong></span> <span class='ocrx_word' id='word_1_499' title='bbox 1224 164 1268 193; x_wconf 79' lang='lat' dir='ltr'><strong>IX.</strong></span> 
     </span>
    </p>
   </div>
   <div class='ocr_carea' id='block_1_62' title="bbox 1669 167 1722 196">
    <p class='ocr_par' dir='ltr' id='par_1_62' title="bbox 1669 167 1722 196">
     <span class='ocr_line' id='line_1_62' title="bbox 1669 167 1722 196; baseline 0 0"><span class='ocrx_word' id='word_1_500' title='bbox 1669 167 1722 196; x_wconf 76' lang='grc'><strong>106</strong></span> 
     </span>
    </p>
   </div>
   <div class='ocr_carea' id='block_1_63' title="bbox 931 221 1722 259">
    <p class='ocr_par' dir='ltr' id='par_1_63' title="bbox 931 221 1722 259">
     <span class='ocr_line' id='line_1_63' title="bbox 931 221 1722 259; baseline 0.005 -10"><span class='ocrx_word' id='word_1_501' title='bbox 931 221 977 258; x_wconf 88' lang='lat' dir='ltr'><strong>qui</strong></span> <span class='ocrx_word' id='word_1_502' title='bbox 989 227 1041 250; x_wconf 86' lang='lat' dir='ltr'><strong>tam</strong></span> <span class='ocrx_word' id='word_1_503' title='bbox 1051 222 1191 258; x_wconf 86' lang='lat' dir='ltr'><strong>pulchrum</strong></span> <span class='ocrx_word' id='word_1_504' title='bbox 1203 227 1230 251; x_wconf 87' lang='lat' dir='ltr'><strong>et</strong></span> <span class='ocrx_word' id='word_1_505' title='bbox 1239 222 1396 252; x_wconf 80' lang='lat' dir='ltr'><strong>admirabile</strong></span> <span class='ocrx_word' id='word_1_506' title='bbox 1406 231 1503 259; x_wconf 87' lang='lat' dir='ltr'><strong>corpus</strong></span> <span class='ocrx_word' id='word_1_507' title='bbox 1514 225 1625 253; x_wconf 88' lang='lat' dir='ltr'><strong>creavit.</strong></span> <span class='ocrx_word' id='word_1_508' title='bbox 1639 225 1722 254; x_wconf 84' lang='lat' dir='ltr'><strong>Tacet</strong></span> 
     </span>
    </p>
   </div>
   <div class='ocr_carea' id='block_1_64' title="bbox 929 266 1720 304">
    <p class='ocr_par' dir='ltr' id='par_1_64' title="bbox 929 266 1720 304">
     <span class='ocr_line' id='line_1_64' title="bbox 929 266 1720 304; baseline 0.008 -10"><span class='ocrx_word' id='word_1_509' title='bbox 929 266 1042 301; x_wconf 72' lang='lat' dir='ltr'><strong>omium,</strong></span> <span class='ocrx_word' id='word_1_510' title='bbox 1063 267 1111 296; x_wconf 87' lang='lat' dir='ltr'><strong>sed</strong></span> <span class='ocrx_word' id='word_1_511' title='bbox 1132 269 1214 303; x_wconf 84' lang='lat' dir='ltr'><strong>ipsius</strong></span> <span class='ocrx_word' id='word_1_512' title='bbox 1235 273 1358 304; x_wconf 84' lang='lat' dir='ltr'><strong>aspectus</strong></span> <span class='ocrx_word' id='word_1_513' title='bbox 1380 276 1472 297; x_wconf 86' lang='lat' dir='ltr'><strong>vocem</strong></span> <span class='ocrx_word' id='word_1_514' title='bbox 1494 269 1556 298; x_wconf 86' lang='lat' dir='ltr'><strong>tuba</strong></span> <span class='ocrx_word' id='word_1_515' title='bbox 1579 271 1720 300; x_wconf 87' lang='lat' dir='ltr'><strong>clariorem</strong></span> 
     </span>
    </p>
   </div>
   <div class='ocr_carea' id='block_1_65' title="bbox 929 312 1722 349">
    <p class='ocr_par' dir='ltr' id='par_1_65' title="bbox 929 312 1722 349">
     <span class='ocr_line' id='line_1_65' title="bbox 929 312 1722 349; baseline 0.006 -9"><span class='ocrx_word' id='word_1_516' title='bbox 929 312 1027 340; x_wconf 88' lang='lat' dir='ltr'><strong>emittit</strong></span> <span class='ocrx_word' id='word_1_517' title='bbox 1038 334 1046 345; x_wconf 88' lang='lat'><strong>,</strong></span> <span class='ocrx_word' id='word_1_518' title='bbox 1059 321 1108 348; x_wconf 86' lang='lat' dir='ltr'><strong>per</strong></span> <span class='ocrx_word' id='word_1_519' title='bbox 1120 313 1213 341; x_wconf 86' lang='lat' dir='ltr'><strong>oculos</strong></span> <span class='ocrx_word' id='word_1_520' title='bbox 1225 334 1233 346; x_wconf 86' lang='lat'><strong>,</strong></span> <span class='ocrx_word' id='word_1_521' title='bbox 1249 322 1301 341; x_wconf 80' lang='lat' dir='ltr'><strong>non</strong></span> <span class='ocrx_word' id='word_1_522' title='bbox 1321 322 1367 349; x_wconf 88' lang='lat' dir='ltr'><strong>per</strong></span> <span class='ocrx_word' id='word_1_523' title='bbox 1385 322 1464 342; x_wconf 84' lang='lat' dir='ltr'><strong>aures</strong></span> <span class='ocrx_word' id='word_1_524' title='bbox 1477 322 1526 343; x_wconf 84' lang='lat' dir='ltr'><strong>nos</strong></span> <span class='ocrx_word' id='word_1_525' title='bbox 1539 315 1639 344; x_wconf 86' lang='lat' dir='ltr'><strong>docens</strong></span> <span class='ocrx_word' id='word_1_526' title='bbox 1653 325 1660 344; x_wconf 91' lang='lat'><strong>:</strong></span> <span class='ocrx_word' id='word_1_527' title='bbox 1678 316 1722 346; x_wconf 88' lang='lat' dir='ltr'><strong>hic</strong></span> 
     </span>
    </p>
   </div>
   <div class='ocr_carea' id='block_1_66' title="bbox 929 359 1720 391">
    <p class='ocr_par' dir='ltr' id='par_1_66' title="bbox 929 359 1720 391">
     <span class='ocr_line' id='line_1_66' title="bbox 929 359 1720 391; baseline 0.006 -6"><span class='ocrx_word' id='word_1_528' title='bbox 929 359 1001 386; x_wconf 86' lang='lat' dir='ltr'><strong>enim</strong></span> <span class='ocrx_word' id='word_1_529' title='bbox 1017 366 1112 391; x_wconf 79' lang='lat' dir='ltr'><strong>sensus</strong></span> <span class='ocrx_word' id='word_1_530' title='bbox 1130 367 1146 386; x_wconf 89' lang='lat' dir='ltr'><strong>a</strong></span> <span class='ocrx_word' id='word_1_531' title='bbox 1168 365 1261 387; x_wconf 85' lang='lat' dir='ltr'><strong>natura</strong></span> <span class='ocrx_word' id='word_1_532' title='bbox 1273 364 1316 387; x_wconf 85' lang='lat' dir='ltr'><strong>est</strong></span> <span class='ocrx_word' id='word_1_533' title='bbox 1329 360 1377 387; x_wconf 89' lang='lat' dir='ltr'><strong>illo</strong></span> <span class='ocrx_word' id='word_1_534' title='bbox 1390 360 1489 388; x_wconf 88' lang='lat' dir='ltr'><strong>certior</strong></span> <span class='ocrx_word' id='word_1_535' title='bbox 1501 366 1529 389; x_wconf 86' lang='lat' dir='ltr'><strong>et</strong></span> <span class='ocrx_word' id='word_1_536' title='bbox 1543 362 1720 391; x_wconf 81' lang='lat' dir='ltr'><strong>manifestior.</strong></span> 
     </span>
    </p>
   </div>
   <div class='ocr_carea' id='block_1_67' title="bbox 929 404 1722 444">
    <p class='ocr_par' dir='ltr' id='par_1_67' title="bbox 929 404 1722 444">
     <span class='ocr_line' id='line_1_67' title="bbox 929 404 1722 444; baseline 0.008 -13"><span class='ocrx_word' id='word_1_537' title='bbox 929 404 957 432; x_wconf 88' lang='lat' dir='ltr'><strong>Si</strong></span> <span class='ocrx_word' id='word_1_538' title='bbox 968 407 1040 432; x_wconf 89' lang='lat' dir='ltr'><strong>enim</strong></span> <span class='ocrx_word' id='word_1_539' title='bbox 1053 412 1100 440; x_wconf 86' lang='lat' dir='ltr'><strong>per</strong></span> <span class='ocrx_word' id='word_1_540' title='bbox 1111 405 1193 433; x_wconf 87' lang='lat' dir='ltr'><strong>libros</strong></span> <span class='ocrx_word' id='word_1_541' title='bbox 1202 405 1339 435; x_wconf 84' lang='lat' dir='ltr'><strong>docuisset</strong></span> <span class='ocrx_word' id='word_1_542' title='bbox 1348 412 1376 434; x_wconf 89' lang='lat' dir='ltr'><strong>et</strong></span> <span class='ocrx_word' id='word_1_543' title='bbox 1389 406 1650 440; x_wconf 68' lang='lat' dir='ltr'><strong>litteras,litterarum</strong></span> <span class='ocrx_word' id='word_1_544' title='bbox 1661 410 1722 444; x_wconf 89' lang='lat' dir='ltr'><strong>qui-</strong></span> 
     </span>
    </p>
   </div>
   <div class='ocr_carea' id='block_1_68' title="bbox 929 450 1721 487">
    <p class='ocr_par' dir='ltr' id='par_1_68' title="bbox 929 450 1721 487">
     <span class='ocr_line' id='line_1_68' title="bbox 929 450 1721 487; baseline 0.006 -9"><span class='ocrx_word' id='word_1_545' title='bbox 929 450 989 478; x_wconf 86' lang='lat' dir='ltr'><strong>dem</strong></span> <span class='ocrx_word' id='word_1_546' title='bbox 1008 452 1108 486; x_wconf 84' lang='lat' dir='ltr'><strong>peritus</strong></span> <span class='ocrx_word' id='word_1_547' title='bbox 1125 452 1224 487; x_wconf 87' lang='lat' dir='ltr'><strong>scripta</strong></span> <span class='ocrx_word' id='word_1_548' title='bbox 1244 453 1546 487; x_wconf 79' lang='lat' dir='ltr'><strong>didicisset,illitteratus</strong></span> <span class='ocrx_word' id='word_1_549' title='bbox 1569 462 1634 483; x_wconf 89' lang='lat' dir='ltr'><strong>vero</strong></span> <span class='ocrx_word' id='word_1_550' title='bbox 1654 456 1721 484; x_wconf 90' lang='lat' dir='ltr'><strong>nihil</strong></span> 
     </span>
    </p>
   </div>
   <div class='ocr_carea' id='block_1_69' title="bbox 930 497 1720 535">
    <p class='ocr_par' dir='ltr' id='par_1_69' title="bbox 930 497 1720 535">
     <span class='ocr_line' id='line_1_69' title="bbox 930 497 1720 535; baseline 0.009 -11"><span class='ocrx_word' id='word_1_551' title='bbox 930 497 992 525; x_wconf 89' lang='lat' dir='ltr'><strong>inde</strong></span> <span class='ocrx_word' id='word_1_552' title='bbox 1005 498 1111 533; x_wconf 76' lang='lat' dir='ltr'><strong>adjutus</strong></span> <span class='ocrx_word' id='word_1_553' title='bbox 1127 499 1236 527; x_wconf 80' lang='lat' dir='ltr'><strong>abiisset</strong></span> <span class='ocrx_word' id='word_1_554' title='bbox 1247 520 1255 533; x_wconf 87' lang='lat'><strong>,</strong></span> <span class='ocrx_word' id='word_1_555' title='bbox 1271 500 1294 527; x_wconf 81' lang='lat' dir='ltr'><strong>si</strong></span> <span class='ocrx_word' id='word_1_556' title='bbox 1313 500 1374 535; x_wconf 76' lang='lat' dir='ltr'><strong>quis</strong></span> <span class='ocrx_word' id='word_1_557' title='bbox 1392 501 1461 528; x_wconf 81' lang='lat' dir='ltr'><strong>alius</strong></span> <span class='ocrx_word' id='word_1_558' title='bbox 1480 509 1533 529; x_wconf 92' lang='lat' dir='ltr'><strong>non</strong></span> <span class='ocrx_word' id='word_1_559' title='bbox 1548 501 1696 531; x_wconf 78' lang='lat' dir='ltr'><strong>induxisset</strong></span> <span class='ocrx_word' id='word_1_560' title='bbox 1712 523 1720 532; x_wconf 92' lang='lat'><strong>.</strong></span> 
     </span>
    </p>
   </div>
   <div class='ocr_carea' id='block_1_70' title="bbox 928 543 1720 583">
    <p class='ocr_par' dir='ltr' id='par_1_70' title="bbox 928 543 1720 583">
     <span class='ocr_line' id='line_1_70' title="bbox 928 543 1720 583; baseline 0.009 -13"><span class='ocrx_word' id='word_1_561' title='bbox 928 543 1004 571; x_wconf 80' lang='lat' dir='ltr'><strong>dives</strong></span> <span class='ocrx_word' id='word_1_562' title='bbox 1022 544 1118 572; x_wconf 89' lang='lat' dir='ltr'><strong>librum</strong></span> <span class='ocrx_word' id='word_1_563' title='bbox 1133 545 1258 578; x_wconf 85' lang='lat' dir='ltr'><strong>emisset,</strong></span> <span class='ocrx_word' id='word_1_564' title='bbox 1276 553 1378 582; x_wconf 88' lang='lat' dir='ltr'><strong>pauper</strong></span> <span class='ocrx_word' id='word_1_565' title='bbox 1390 554 1480 575; x_wconf 81' lang='lat' dir='ltr'><strong>emere</strong></span> <span class='ocrx_word' id='word_1_566' title='bbox 1500 555 1553 575; x_wconf 91' lang='lat' dir='ltr'><strong>non</strong></span> <span class='ocrx_word' id='word_1_567' title='bbox 1568 548 1698 583; x_wconf 69' lang='lat' dir='ltr'><strong>potuisset</strong></span> <span class='ocrx_word' id='word_1_568' title='bbox 1711 557 1720 576; x_wconf 71' lang='grc' dir='ltr'>ε</span> 
     </span>
    </p>
   </div>
   <div class='ocr_carea' id='block_1_71' title="bbox 929 590 1720 629">
    <p class='ocr_par' dir='ltr' id='par_1_71' title="bbox 929 590 1720 629">
     <span class='ocr_line' id='line_1_71' title="bbox 929 590 1720 629; baseline 0.009 -13"><span class='ocrx_word' id='word_1_569' title='bbox 929 597 1035 617; x_wconf 89' lang='lat' dir='ltr'><strong>rursum</strong></span> <span class='ocrx_word' id='word_1_570' title='bbox 1048 590 1094 626; x_wconf 92' lang='lat' dir='ltr'><strong>qui</strong></span> <span class='ocrx_word' id='word_1_571' title='bbox 1103 590 1284 620; x_wconf 80' lang='lat' dir='ltr'><strong>sciretvocem</strong></span> <span class='ocrx_word' id='word_1_572' title='bbox 1291 593 1362 620; x_wconf 88' lang='lat' dir='ltr'><strong>illam</strong></span> <span class='ocrx_word' id='word_1_573' title='bbox 1370 593 1525 627; x_wconf 86' lang='lat' dir='ltr'><strong>perlitteras</strong></span> <span class='ocrx_word' id='word_1_574' title='bbox 1533 593 1720 629; x_wconf 79' lang='lat' dir='ltr'><strong>signiﬁcatam,</strong></span> 
     </span>
    </p>
   </div>
   <div class='ocr_carea' id='block_1_72' title="bbox 929 630 1721 672">
    <p class='ocr_par' dir='ltr' id='par_1_72' title="bbox 929 630 1721 672">
     <span class='ocr_line' id='line_1_72' title="bbox 929 630 1721 672; baseline 0.009 -11"><span class='ocrx_word' id='word_1_575' title='bbox 929 634 1000 662; x_wconf 87' lang='lat' dir='ltr'><strong>intus</strong></span> <span class='ocrx_word' id='word_1_576' title='bbox 1011 635 1095 669; x_wconf 83' lang='lat' dir='ltr'><strong>posita</strong></span> <span class='ocrx_word' id='word_1_577' title='bbox 1105 641 1214 668; x_wconf 87' lang='lat' dir='ltr'><strong>nosset;</strong></span> <span class='ocrx_word' id='word_1_578' title='bbox 1225 630 1324 672; x_wconf 80' lang='lat' dir='ltr'><strong>Scytha</strong></span> <span class='ocrx_word' id='word_1_579' title='bbox 1336 644 1401 664; x_wconf 90' lang='lat' dir='ltr'><strong>vero</strong></span> <span class='ocrx_word' id='word_1_580' title='bbox 1413 642 1440 665; x_wconf 90' lang='lat' dir='ltr'><strong>et</strong></span> <span class='ocrx_word' id='word_1_581' title='bbox 1451 637 1591 671; x_wconf 83' lang='lat' dir='ltr'><strong>Barbarus,</strong></span> <span class='ocrx_word' id='word_1_582' title='bbox 1603 645 1631 667; x_wconf 88' lang='lat' dir='ltr'><strong>et</strong></span> <span class='ocrx_word' id='word_1_583' title='bbox 1640 639 1721 668; x_wconf 86' lang='lat' dir='ltr'><strong>Indus</strong></span> 
     </span>
    </p>
   </div>
   <div class='ocr_carea' id='block_1_73' title="bbox 928 680 1722 719">
    <p class='ocr_par' dir='ltr' id='par_1_73' title="bbox 928 680 1722 719">
     <span class='ocr_line' id='line_1_73' title="bbox 928 680 1722 719; baseline 0.009 -11"><span class='ocrx_word' id='word_1_584' title='bbox 928 685 955 708; x_wconf 89' lang='lat' dir='ltr'><strong>et</strong></span> <span class='ocrx_word' id='word_1_585' title='bbox 969 680 1120 717; x_wconf 71' lang='lat' dir='ltr'><strong>Egyptius,</strong></span> <span class='ocrx_word' id='word_1_586' title='bbox 1135 687 1161 710; x_wconf 86' lang='lat' dir='ltr'><strong>et</strong></span> <span class='ocrx_word' id='word_1_587' title='bbox 1173 690 1267 711; x_wconf 87' lang='lat' dir='ltr'><strong>omnes</strong></span> <span class='ocrx_word' id='word_1_588' title='bbox 1278 683 1366 719; x_wconf 85' lang='lat' dir='ltr'><strong>lingua</strong></span> <span class='ocrx_word' id='word_1_589' title='bbox 1377 690 1499 713; x_wconf 83' lang='lat' dir='ltr'><strong>carentes</strong></span> <span class='ocrx_word' id='word_1_590' title='bbox 1511 685 1567 718; x_wconf 86' lang='lat' dir='ltr'><strong>illa,</strong></span> <span class='ocrx_word' id='word_1_591' title='bbox 1578 686 1644 714; x_wconf 86' lang='lat' dir='ltr'><strong>nihil</strong></span> <span class='ocrx_word' id='word_1_592' title='bbox 1656 687 1722 715; x_wconf 86' lang='lat' dir='ltr'><strong>edo-</strong></span> 
     </span>
    </p>
   </div>
   <div class='ocr_carea' id='block_1_74' title="bbox 927 727 1720 766">
    <p class='ocr_par' dir='ltr' id='par_1_74' title="bbox 927 727 1720 766">
     <span class='ocr_line' id='line_1_74' title="bbox 927 727 1720 766; baseline 0.009 -12"><span class='ocrx_word' id='word_1_593' title='bbox 927 727 962 754; x_wconf 88' lang='lat' dir='ltr'><strong>cti</strong></span> <span class='ocrx_word' id='word_1_594' title='bbox 976 727 1113 755; x_wconf 83' lang='lat' dir='ltr'><strong>abiissent.</strong></span> <span class='ocrx_word' id='word_1_595' title='bbox 1127 728 1184 756; x_wconf 84' lang='lat' dir='ltr'><strong>Hoc</strong></span> <span class='ocrx_word' id='word_1_596' title='bbox 1193 733 1283 756; x_wconf 89' lang='lat' dir='ltr'><strong>autem</strong></span> <span class='ocrx_word' id='word_1_597' title='bbox 1296 729 1330 758; x_wconf 91' lang='lat' dir='ltr'><strong>de</strong></span> <span class='ocrx_word' id='word_1_598' title='bbox 1341 730 1408 758; x_wconf 70' lang='lat' dir='ltr'><strong>otelo</strong></span> <span class='ocrx_word' id='word_1_599' title='bbox 1419 731 1508 759; x_wconf 89' lang='lat' dir='ltr'><strong>dicere</strong></span> <span class='ocrx_word' id='word_1_600' title='bbox 1521 739 1574 760; x_wconf 90' lang='lat' dir='ltr'><strong>non</strong></span> <span class='ocrx_word' id='word_1_601' title='bbox 1586 732 1659 766; x_wconf 88' lang='lat' dir='ltr'><strong>licet,</strong></span> <span class='ocrx_word' id='word_1_602' title='bbox 1672 734 1720 761; x_wconf 87' lang='lat' dir='ltr'><strong>sed</strong></span> 
     </span>
    </p>
   </div>
   <div class='ocr_carea' id='block_1_75' title="bbox 928 772 1720 812">
    <p class='ocr_par' dir='ltr' id='par_1_75' title="bbox 928 772 1720 812">
     <span class='ocr_line' id='line_1_75' title="bbox 928 772 1720 812; baseline 0.008 -12"><span class='ocrx_word' id='word_1_603' title='bbox 928 777 955 800; x_wconf 92' lang='lat' dir='ltr'><strong>et</strong></span> <span class='ocrx_word' id='word_1_604' title='bbox 965 772 1062 808; x_wconf 86' lang='lat' dir='ltr'><strong>Scytha</strong></span> <span class='ocrx_word' id='word_1_605' title='bbox 1073 777 1100 800; x_wconf 89' lang='lat' dir='ltr'><strong>et</strong></span> <span class='ocrx_word' id='word_1_606' title='bbox 1110 773 1250 807; x_wconf 87' lang='lat' dir='ltr'><strong>Barbarus,</strong></span> <span class='ocrx_word' id='word_1_607' title='bbox 1263 779 1289 802; x_wconf 89' lang='lat' dir='ltr'><strong>et</strong></span> <span class='ocrx_word' id='word_1_608' title='bbox 1303 774 1383 802; x_wconf 86' lang='lat' dir='ltr'><strong>ludus</strong></span> <span class='ocrx_word' id='word_1_609' title='bbox 1392 780 1419 803; x_wconf 90' lang='lat' dir='ltr'><strong>et</strong></span> <span class='ocrx_word' id='word_1_610' title='bbox 1430 776 1581 812; x_wconf 67' lang='lat' dir='ltr'><strong>Egyptius,</strong></span> <span class='ocrx_word' id='word_1_611' title='bbox 1593 783 1621 805; x_wconf 90' lang='lat' dir='ltr'><strong>et</strong></span> <span class='ocrx_word' id='word_1_612' title='bbox 1632 779 1720 806; x_wconf 88' lang='lat' dir='ltr'><strong>omnis</strong></span> 
     </span>
    </p>
   </div>
   <div class='ocr_carea' id='block_1_76' title="bbox 929 818 1718 854">
    <p class='ocr_par' dir='ltr' id='par_1_76' title="bbox 929 818 1718 854">
     <span class='ocr_line' id='line_1_76' title="bbox 929 818 1718 854; baseline 0.009 -9"><span class='ocrx_word' id='word_1_613' title='bbox 929 818 1009 846; x_wconf 84' lang='lat' dir='ltr'><strong>homo</strong></span> <span class='ocrx_word' id='word_1_614' title='bbox 1031 826 1112 854; x_wconf 82' lang='lat' dir='ltr'><strong>super</strong></span> <span class='ocrx_word' id='word_1_615' title='bbox 1126 825 1223 848; x_wconf 89' lang='lat' dir='ltr'><strong>terram</strong></span> <span class='ocrx_word' id='word_1_616' title='bbox 1244 821 1389 854; x_wconf 84' lang='lat' dir='ltr'><strong>incedens,</strong></span> <span class='ocrx_word' id='word_1_617' title='bbox 1406 822 1475 849; x_wconf 87' lang='lat' dir='ltr'><strong>hanc</strong></span> <span class='ocrx_word' id='word_1_618' title='bbox 1494 830 1587 850; x_wconf 81' lang='lat' dir='ltr'><strong>vocem</strong></span> <span class='ocrx_word' id='word_1_619' title='bbox 1606 824 1718 852; x_wconf 88' lang='lat' dir='ltr'><strong>audiet:</strong></span> 
     </span>
    </p>
   </div>
   <div class='ocr_carea' id='block_1_77' title="bbox 928 865 1721 902">
    <p class='ocr_par' dir='ltr' id='par_1_77' title="bbox 928 865 1721 902">
     <span class='ocr_line' id='line_1_77' title="bbox 928 865 1721 902; baseline 0.008 -10"><span class='ocrx_word' id='word_1_620' title='bbox 928 873 981 892; x_wconf 92' lang='lat' dir='ltr'><strong>non</strong></span> <span class='ocrx_word' id='word_1_621' title='bbox 993 865 1066 893; x_wconf 90' lang='lat' dir='ltr'><strong>enim</strong></span> <span class='ocrx_word' id='word_1_622' title='bbox 1081 874 1129 901; x_wconf 87' lang='lat' dir='ltr'><strong>per</strong></span> <span class='ocrx_word' id='word_1_623' title='bbox 1141 874 1220 895; x_wconf 85' lang='lat' dir='ltr'><strong>aures</strong></span> <span class='ocrx_word' id='word_1_624' title='bbox 1231 888 1238 899; x_wconf 84' lang='lat'><strong>,</strong></span> <span class='ocrx_word' id='word_1_625' title='bbox 1253 867 1300 895; x_wconf 86' lang='lat' dir='ltr'><strong>sed</strong></span> <span class='ocrx_word' id='word_1_626' title='bbox 1316 875 1365 902; x_wconf 89' lang='lat' dir='ltr'><strong>per</strong></span> <span class='ocrx_word' id='word_1_627' title='bbox 1378 868 1471 896; x_wconf 85' lang='lat' dir='ltr'><strong>oculos</strong></span> <span class='ocrx_word' id='word_1_628' title='bbox 1485 868 1512 896; x_wconf 88' lang='lat' dir='ltr'><strong>in</strong></span> <span class='ocrx_word' id='word_1_629' title='bbox 1525 874 1640 900; x_wconf 82' lang='lat' dir='ltr'><strong>mentem</strong></span> <span class='ocrx_word' id='word_1_630' title='bbox 1653 870 1721 899; x_wconf 86' lang='lat' dir='ltr'><strong>inci-</strong></span> 
     </span>
    </p>
   </div>
   <div class='ocr_carea' id='block_1_78' title="bbox 927 910 1719 949">
    <p class='ocr_par' dir='ltr' id='par_1_78' title="bbox 927 910 1719 949">
     <span class='ocr_line' id='line_1_78' title="bbox 927 910 1719 949; baseline 0.009 -12"><span class='ocrx_word' id='word_1_631' title='bbox 927 910 966 938; x_wconf 84' lang='lat' dir='ltr'><strong>dit</strong></span> <span class='ocrx_word' id='word_1_632' title='bbox 976 916 1107 939; x_wconf 85' lang='lat' dir='ltr'><strong>nostram.</strong></span> <span class='ocrx_word' id='word_1_633' title='bbox 1118 912 1267 940; x_wconf 79' lang='lat' dir='ltr'><strong>Visibilinm</strong></span> <span class='ocrx_word' id='word_1_634' title='bbox 1278 917 1366 941; x_wconf 81' lang='lat' dir='ltr'><strong>autem</strong></span> <span class='ocrx_word' id='word_1_635' title='bbox 1379 914 1546 949; x_wconf 87' lang='lat' dir='ltr'><strong>participatio</strong></span> <span class='ocrx_word' id='word_1_636' title='bbox 1556 915 1650 943; x_wconf 86' lang='lat' dir='ltr'><strong>eadem</strong></span> <span class='ocrx_word' id='word_1_637' title='bbox 1662 921 1719 949; x_wconf 85' lang='lat' dir='ltr'><strong>est,</strong></span> 
     </span>
    </p>
   </div>
   <div class='ocr_carea' id='block_1_79' title="bbox 928 957 1719 996">
    <p class='ocr_par' dir='ltr' id='par_1_79' title="bbox 928 957 1719 996">
     <span class='ocr_line' id='line_1_79' title="bbox 928 957 1719 996; baseline 0.006 -12"><span class='ocrx_word' id='word_1_638' title='bbox 928 964 1013 993; x_wconf 87' lang='lat' dir='ltr'><strong>neque</strong></span> <span class='ocrx_word' id='word_1_639' title='bbox 1033 957 1159 985; x_wconf 80' lang='lat' dir='ltr'><strong>diﬂ‘erens</strong></span> <span class='ocrx_word' id='word_1_640' title='bbox 1172 958 1241 986; x_wconf 88' lang='lat' dir='ltr'><strong>sicut</strong></span> <span class='ocrx_word' id='word_1_641' title='bbox 1260 959 1409 994; x_wconf 75' lang='lat' dir='ltr'><strong>linguarum</strong></span> <span class='ocrx_word' id='word_1_642' title='bbox 1425 968 1432 987; x_wconf 88' lang='lat'><strong>:</strong></span> <span class='ocrx_word' id='word_1_643' title='bbox 1448 960 1474 987; x_wconf 95' lang='lat' dir='ltr'><strong>in</strong></span> <span class='ocrx_word' id='word_1_644' title='bbox 1490 959 1560 988; x_wconf 88' lang='lat' dir='ltr'><strong>lntnc</strong></span> <span class='ocrx_word' id='word_1_645' title='bbox 1574 962 1673 996; x_wconf 87' lang='lat' dir='ltr'><strong>pariter</strong></span> <span class='ocrx_word' id='word_1_646' title='bbox 1685 962 1719 989; x_wconf 94' lang='lat' dir='ltr'><strong>li-</strong></span> 
     </span>
    </p>
   </div>
   <div class='ocr_carea' id='block_1_80' title="bbox 927 1002 1720 1043">
    <p class='ocr_par' dir='ltr' id='par_1_80' title="bbox 927 1002 1720 1043">
     <span class='ocr_line' id='line_1_80' title="bbox 927 1002 1720 1043; baseline 0.008 -14"><span class='ocrx_word' id='word_1_647' title='bbox 927 1002 1005 1030; x_wconf 91' lang='lat' dir='ltr'><strong>brum</strong></span> <span class='ocrx_word' id='word_1_648' title='bbox 1020 1007 1046 1030; x_wconf 86' lang='lat' dir='ltr'><strong>et</strong></span> <span class='ocrx_word' id='word_1_649' title='bbox 1059 1003 1139 1031; x_wconf 83' lang='lat' dir='ltr'><strong>idiota</strong></span> <span class='ocrx_word' id='word_1_650' title='bbox 1151 1009 1179 1031; x_wconf 92' lang='lat' dir='ltr'><strong>et</strong></span> <span class='ocrx_word' id='word_1_651' title='bbox 1190 1004 1298 1039; x_wconf 84' lang='lat' dir='ltr'><strong>sapiens</strong></span> <span class='ocrx_word' id='word_1_652' title='bbox 1310 1005 1406 1032; x_wconf 85' lang='lat' dir='ltr'><strong>intueri</strong></span> <span class='ocrx_word' id='word_1_653' title='bbox 1419 1010 1560 1041; x_wconf 84' lang='lat' dir='ltr'><strong>poterunt.</strong></span> <span class='ocrx_word' id='word_1_654' title='bbox 1576 1011 1604 1034; x_wconf 89' lang='lat' dir='ltr'><strong>et</strong></span> <span class='ocrx_word' id='word_1_655' title='bbox 1617 1015 1720 1043; x_wconf 86' lang='lat' dir='ltr'><strong>pauper</strong></span> 
     </span>
    </p>
   </div>
   <div class='ocr_carea' id='block_1_81' title="bbox 927 1049 1720 1090">
    <p class='ocr_par' dir='ltr' id='par_1_81' title="bbox 927 1049 1720 1090">
     <span class='ocr_line' id='line_1_81' title="bbox 927 1049 1720 1090; baseline 0.009 -14"><span class='ocrx_word' id='word_1_656' title='bbox 927 1054 954 1077; x_wconf 89' lang='lat' dir='ltr'><strong>et</strong></span> <span class='ocrx_word' id='word_1_657' title='bbox 966 1049 1051 1081; x_wconf 83' lang='lat' dir='ltr'><strong>dives.</strong></span> <span class='ocrx_word' id='word_1_658' title='bbox 1065 1056 1093 1078; x_wconf 87' lang='lat' dir='ltr'><strong>et</strong></span> <span class='ocrx_word' id='word_1_659' title='bbox 1107 1058 1274 1087; x_wconf 90' lang='lat' dir='ltr'><strong>quocumque</strong></span> <span class='ocrx_word' id='word_1_660' title='bbox 1286 1052 1344 1086; x_wconf 89' lang='lat' dir='ltr'><strong>quis</strong></span> <span class='ocrx_word' id='word_1_661' title='bbox 1358 1052 1471 1087; x_wconf 88' lang='lat' dir='ltr'><strong>venerit,</strong></span> <span class='ocrx_word' id='word_1_662' title='bbox 1485 1052 1513 1081; x_wconf 83' lang='lat' dir='ltr'><strong>in</strong></span> <span class='ocrx_word' id='word_1_663' title='bbox 1524 1053 1619 1083; x_wconf 70' lang='lat' dir='ltr'><strong>omium</strong></span> <span class='ocrx_word' id='word_1_664' title='bbox 1635 1055 1720 1090; x_wconf 82' lang='lat' dir='ltr'><strong>respi-</strong></span> 
     </span>
    </p>
   </div>
   <div class='ocr_carea' id='block_1_82' title="bbox 927 1095 1717 1134">
    <p class='ocr_par' dir='ltr' id='par_1_82' title="bbox 927 1095 1717 1134">
     <span class='ocr_line' id='line_1_82' title="bbox 927 1095 1717 1134; baseline 0.008 -12"><span class='ocrx_word' id='word_1_665' title='bbox 927 1095 1021 1128; x_wconf 87' lang='lat' dir='ltr'><strong>ciens,</strong></span> <span class='ocrx_word' id='word_1_666' title='bbox 1046 1095 1222 1124; x_wconf 80' lang='lat' dir='ltr'><strong>sutlicientem</strong></span> <span class='ocrx_word' id='word_1_667' title='bbox 1243 1098 1329 1132; x_wconf 83' lang='lat' dir='ltr'><strong>capiet</strong></span> <span class='ocrx_word' id='word_1_668' title='bbox 1351 1097 1500 1126; x_wconf 83' lang='lat' dir='ltr'><strong>doctrinam</strong></span> <span class='ocrx_word' id='word_1_669' title='bbox 1523 1106 1557 1126; x_wconf 81' lang='lat' dir='ltr'><strong>ex</strong></span> <span class='ocrx_word' id='word_1_670' title='bbox 1585 1104 1717 1134; x_wconf 79' lang='lat' dir='ltr'><strong>aspectu:</strong></span> 
     </span>
    </p>
   </div>
   <div class='ocr_carea' id='block_1_83' title="bbox 926 1139 1717 1180">
    <p class='ocr_par' dir='ltr' id='par_1_83' title="bbox 926 1139 1717 1180">
     <span class='ocr_line' id='line_1_83' title="bbox 926 1139 1717 1180; baseline 0.009 -13"><span class='ocrx_word' id='word_1_671' title='bbox 926 1139 996 1176; x_wconf 85' lang='lat' dir='ltr'><strong>quod</strong></span> <span class='ocrx_word' id='word_1_672' title='bbox 1006 1142 1115 1177; x_wconf 86' lang='lat' dir='ltr'><strong>quidem</strong></span> <span class='ocrx_word' id='word_1_673' title='bbox 1120 1147 1145 1170; x_wconf 85' lang='lat' dir='ltr'><strong>et</strong></span> <span class='ocrx_word' id='word_1_674' title='bbox 1154 1143 1210 1178; x_wconf 90' lang='lat' dir='ltr'><strong>ipse</strong></span> <span class='ocrx_word' id='word_1_675' title='bbox 1216 1143 1348 1180; x_wconf 80' lang='lat' dir='ltr'><strong>Propheta</strong></span> <span class='ocrx_word' id='word_1_676' title='bbox 1360 1144 1474 1172; x_wconf 86' lang='lat' dir='ltr'><strong>innuens</strong></span> <span class='ocrx_word' id='word_1_677' title='bbox 1481 1148 1509 1172; x_wconf 90' lang='lat' dir='ltr'><strong>et</strong></span> <span class='ocrx_word' id='word_1_678' title='bbox 1516 1144 1717 1179; x_wconf 84' lang='lat' dir='ltr'><strong>demonstrans,</strong></span> 
     </span>
    </p>
   </div>
   <div class='ocr_carea' id='block_1_84' title="bbox 926 1186 1718 1224">
    <p class='ocr_par' dir='ltr' id='par_1_84' title="bbox 926 1186 1718 1224">
     <span class='ocr_line' id='line_1_84' title="bbox 926 1186 1718 1224; baseline 0.009 -11"><span class='ocrx_word' id='word_1_679' title='bbox 926 1186 997 1222; x_wconf 87' lang='lat' dir='ltr'><strong>quod</strong></span> <span class='ocrx_word' id='word_1_680' title='bbox 1011 1194 1104 1214; x_wconf 87' lang='lat' dir='ltr'><strong>vocem</strong></span> <span class='ocrx_word' id='word_1_681' title='bbox 1124 1193 1246 1216; x_wconf 86' lang='lat' dir='ltr'><strong>creatura</strong></span> <span class='ocrx_word' id='word_1_682' title='bbox 1260 1193 1287 1216; x_wconf 91' lang='lat' dir='ltr'><strong>et</strong></span> <span class='ocrx_word' id='word_1_683' title='bbox 1301 1188 1421 1217; x_wconf 82' lang='lat' dir='ltr'><strong>barbaris</strong></span> <span class='ocrx_word' id='word_1_684' title='bbox 1433 1190 1538 1218; x_wconf 78' lang='lat' dir='ltr'><strong>emittet</strong></span> <span class='ocrx_word' id='word_1_685' title='bbox 1551 1195 1578 1219; x_wconf 93' lang='lat' dir='ltr'><strong>et</strong></span> <span class='ocrx_word' id='word_1_686' title='bbox 1596 1191 1697 1220; x_wconf 76' lang='lat' dir='ltr'><strong>Graecis</strong></span> <span class='ocrx_word' id='word_1_687' title='bbox 1708 1213 1718 1224; x_wconf 81' lang='lat'><strong><em>.</em></strong></span> 
     </span>
    </p>
   </div>
   <div class='ocr_carea' id='block_1_85' title="bbox 926 1233 1717 1271">
    <p class='ocr_par' dir='ltr' id='par_1_85' title="bbox 926 1233 1717 1271">
     <span class='ocr_line' id='line_1_85' title="bbox 926 1233 1717 1271; baseline 0.008 -11"><span class='ocrx_word' id='word_1_688' title='bbox 926 1237 953 1261; x_wconf 89' lang='lat' dir='ltr'><strong>et</strong></span> <span class='ocrx_word' id='word_1_689' title='bbox 961 1233 1085 1262; x_wconf 86' lang='lat' dir='ltr'><strong>omnibus</strong></span> <span class='ocrx_word' id='word_1_690' title='bbox 1094 1234 1120 1262; x_wconf 93' lang='lat' dir='ltr'><strong>in</strong></span> <span class='ocrx_word' id='word_1_691' title='bbox 1129 1234 1281 1262; x_wconf 86' lang='lat' dir='ltr'><strong>universum</strong></span> <span class='ocrx_word' id='word_1_692' title='bbox 1293 1234 1445 1263; x_wconf 87' lang='lat' dir='ltr'><strong>hominibus</strong></span> <span class='ocrx_word' id='word_1_693' title='bbox 1455 1236 1589 1265; x_wconf 81' lang='lat' dir='ltr'><strong>intellectu</strong></span> <span class='ocrx_word' id='word_1_694' title='bbox 1601 1237 1717 1271; x_wconf 79' lang='lat' dir='ltr'><strong>facilem,</strong></span> 
     </span>
    </p>
   </div>
   <div class='ocr_carea' id='block_1_86' title="bbox 925 1280 1719 1320">
    <p class='ocr_par' dir='ltr' id='par_1_86' title="bbox 925 1280 1719 1320">
     <span class='ocr_line' id='line_1_86' title="bbox 925 1280 1719 1320; baseline 0.006 -13"><span class='ocrx_word' id='word_1_695' title='bbox 925 1280 1031 1308; x_wconf 87' lang='lat' dir='ltr'><strong>dicebat</strong></span> <span class='ocrx_word' id='word_1_696' title='bbox 1050 1289 1057 1308; x_wconf 92' lang='lat'><strong>:</strong></span> <span class='ocrx_word' id='word_1_697' title='bbox 1073 1280 1134 1308; x_wconf 89' lang='lat' dir='ltr'><strong>Non</strong></span> <span class='ocrx_word' id='word_1_698' title='bbox 1153 1286 1211 1308; x_wconf 70' lang='lat' dir='ltr'><strong>sunt</strong></span> <span class='ocrx_word' id='word_1_699' title='bbox 1230 1281 1336 1316; x_wconf 62' lang='lat' dir='ltr'><strong>loquela</strong></span> <span class='ocrx_word' id='word_1_700' title='bbox 1353 1291 1432 1317; x_wconf 76' lang='lat' dir='ltr'><strong>neque</strong></span> <span class='ocrx_word' id='word_1_701' title='bbox 1449 1291 1591 1316; x_wconf 67' lang='lat' dir='ltr'><strong>sermones,</strong></span> <span class='ocrx_word' id='word_1_702' title='bbox 1611 1293 1719 1320; x_wconf 80' lang='lat' dir='ltr'><strong>quorum</strong></span> 
     </span>
    </p>
   </div>
   <div class='ocr_carea' id='block_1_87' title="bbox 926 1326 1718 1364">
    <p class='ocr_par' dir='ltr' id='par_1_87' title="bbox 926 1326 1718 1364">
     <span class='ocr_line' id='line_1_87' title="bbox 926 1326 1718 1364; baseline 0.006 -11"><span class='ocrx_word' id='word_1_703' title='bbox 926 1334 976 1353; x_wconf 86' lang='lat' dir='ltr'><strong>non</strong></span> <span class='ocrx_word' id='word_1_704' title='bbox 990 1326 1127 1354; x_wconf 85' lang='lat' dir='ltr'><strong>audiantur</strong></span> <span class='ocrx_word' id='word_1_705' title='bbox 1138 1335 1209 1354; x_wconf 74' lang='grc' dir='ltr'><em>υοιεε</em></span> <span class='ocrx_word' id='word_1_706' title='bbox 1223 1335 1308 1354; x_wconf 84' lang='lat' dir='ltr'><strong>eorum</strong></span> <span class='ocrx_word' id='word_1_707' title='bbox 1321 1327 1408 1362; x_wconf 73' lang='lat' dir='ltr'><strong>(Psai.</strong></span> <span class='ocrx_word' id='word_1_708' title='bbox 1424 1329 1469 1357; x_wconf 81' lang='lat' dir='ltr'><strong>i8.</strong></span> <span class='ocrx_word' id='word_1_709' title='bbox 1483 1328 1521 1364; x_wconf 71' lang='grc'><strong>4).</strong></span> <span class='ocrx_word' id='word_1_710' title='bbox 1535 1329 1612 1363; x_wconf 85' lang='lat' dir='ltr'><strong>Quod</strong></span> <span class='ocrx_word' id='word_1_711' title='bbox 1626 1335 1718 1359; x_wconf 87' lang='lat' dir='ltr'><strong>autem</strong></span> 
     </span>
    </p>
   </div>
   <div class='ocr_carea' id='block_1_88' title="bbox 925 1373 1719 1411">
    <p class='ocr_par' dir='ltr' id='par_1_88' title="bbox 925 1373 1719 1411">
     <span class='ocr_line' id='line_1_88' title="bbox 925 1373 1719 1411; baseline 0.005 -11"><span class='ocrx_word' id='word_1_712' title='bbox 925 1373 999 1406; x_wconf 88' lang='lat' dir='ltr'><strong>dicit,</strong></span> <span class='ocrx_word' id='word_1_713' title='bbox 1015 1373 1068 1401; x_wconf 85' lang='lat' dir='ltr'><strong>tale</strong></span> <span class='ocrx_word' id='word_1_714' title='bbox 1081 1378 1124 1401; x_wconf 90' lang='lat' dir='ltr'><strong>est</strong></span> <span class='ocrx_word' id='word_1_715' title='bbox 1138 1382 1146 1401; x_wconf 88' lang='lat'><strong>:</strong></span> <span class='ocrx_word' id='word_1_716' title='bbox 1161 1373 1219 1401; x_wconf 88' lang='lat' dir='ltr'><strong>Non</strong></span> <span class='ocrx_word' id='word_1_717' title='bbox 1235 1378 1277 1401; x_wconf 85' lang='lat' dir='ltr'><strong>est</strong></span> <span class='ocrx_word' id='word_1_718' title='bbox 1289 1382 1356 1410; x_wconf 78' lang='lat' dir='ltr'><strong>gens</strong></span> <span class='ocrx_word' id='word_1_719' title='bbox 1370 1382 1457 1410; x_wconf 87' lang='lat' dir='ltr'><strong>neque</strong></span> <span class='ocrx_word' id='word_1_720' title='bbox 1472 1375 1561 1410; x_wconf 78' lang='lat' dir='ltr'><strong>lingua</strong></span> <span class='ocrx_word' id='word_1_721' title='bbox 1575 1383 1634 1411; x_wconf 65' lang='lat' dir='ltr'><strong>quae</strong></span> <span class='ocrx_word' id='word_1_722' title='bbox 1649 1376 1719 1404; x_wconf 87' lang='lat' dir='ltr'><strong>hanc</strong></span> 
     </span>
    </p>
   </div>
   <div class='ocr_carea' id='block_1_89' title="bbox 925 1419 1718 1458">
    <p class='ocr_par' dir='ltr' id='par_1_89' title="bbox 925 1419 1718 1458">
     <span class='ocr_line' id='line_1_89' title="bbox 925 1419 1718 1458; baseline 0.008 -14"><span class='ocrx_word' id='word_1_723' title='bbox 925 1425 1019 1446; x_wconf 87' lang='lat' dir='ltr'><strong>vocem</strong></span> <span class='ocrx_word' id='word_1_724' title='bbox 1041 1419 1191 1454; x_wconf 80' lang='lat' dir='ltr'><strong>intelligere</strong></span> <span class='ocrx_word' id='word_1_725' title='bbox 1212 1427 1265 1448; x_wconf 88' lang='lat' dir='ltr'><strong>non</strong></span> <span class='ocrx_word' id='word_1_726' title='bbox 1282 1421 1380 1455; x_wconf 86' lang='lat' dir='ltr'><strong>possit;</strong></span> <span class='ocrx_word' id='word_1_727' title='bbox 1397 1421 1445 1449; x_wconf 86' lang='lat' dir='ltr'><strong>sed</strong></span> <span class='ocrx_word' id='word_1_728' title='bbox 1461 1422 1521 1449; x_wconf 86' lang='lat' dir='ltr'><strong>talis</strong></span> <span class='ocrx_word' id='word_1_729' title='bbox 1537 1427 1580 1450; x_wconf 86' lang='lat' dir='ltr'><strong>est</strong></span> <span class='ocrx_word' id='word_1_730' title='bbox 1598 1422 1718 1458; x_wconf 87' lang='lat' dir='ltr'><strong>ipsorum</strong></span> 
     </span>
    </p>
   </div>
   <div class='ocr_carea' id='block_1_90' title="bbox 926 1464 1719 1503">
    <p class='ocr_par' dir='ltr' id='par_1_90' title="bbox 926 1464 1719 1503">
     <span class='ocr_line' id='line_1_90' title="bbox 926 1464 1719 1503; baseline 0.009 -13"><span class='ocrx_word' id='word_1_731' title='bbox 926 1471 987 1496; x_wconf 82' lang='lat' dir='ltr'><strong>vox,</strong></span> <span class='ocrx_word' id='word_1_732' title='bbox 1001 1469 1030 1491; x_wconf 90' lang='lat' dir='ltr'><strong>ut</strong></span> <span class='ocrx_word' id='word_1_733' title='bbox 1041 1464 1076 1491; x_wconf 87' lang='lat' dir='ltr'><strong>ab</strong></span> <span class='ocrx_word' id='word_1_734' title='bbox 1087 1465 1212 1494; x_wconf 86' lang='lat' dir='ltr'><strong>omnibus</strong></span> <span class='ocrx_word' id='word_1_735' title='bbox 1224 1465 1375 1494; x_wconf 81' lang='lat' dir='ltr'><strong>hominibus</strong></span> <span class='ocrx_word' id='word_1_736' title='bbox 1387 1467 1473 1495; x_wconf 83' lang='lat' dir='ltr'><strong>audiri</strong></span> <span class='ocrx_word' id='word_1_737' title='bbox 1484 1468 1568 1503; x_wconf 80' lang='lat' dir='ltr'><strong>possit</strong></span> <span class='ocrx_word' id='word_1_738' title='bbox 1579 1477 1586 1495; x_wconf 89' lang='lat'><strong>:</strong></span> <span class='ocrx_word' id='word_1_739' title='bbox 1598 1476 1648 1496; x_wconf 82' lang='lat' dir='ltr'><strong>nec</strong></span> <span class='ocrx_word' id='word_1_740' title='bbox 1659 1469 1719 1497; x_wconf 60' lang='lat' dir='ltr'><strong>cali</strong></span> 
     </span>
    </p>
   </div>
   <div class='ocr_carea' id='block_1_91' title="bbox 927 1510 1720 1548">
    <p class='ocr_par' dir='ltr' id='par_1_91' title="bbox 927 1510 1720 1548">
     <span class='ocr_line' id='line_1_91' title="bbox 927 1510 1720 1548; baseline 0.01 -13"><span class='ocrx_word' id='word_1_741' title='bbox 927 1513 1030 1536; x_wconf 87' lang='lat' dir='ltr'><strong>tantum</strong></span> <span class='ocrx_word' id='word_1_742' title='bbox 1043 1530 1051 1542; x_wconf 90' lang='lat'><strong>,</strong></span> <span class='ocrx_word' id='word_1_743' title='bbox 1067 1510 1114 1537; x_wconf 82' lang='lat' dir='ltr'><strong>sed</strong></span> <span class='ocrx_word' id='word_1_744' title='bbox 1133 1515 1160 1538; x_wconf 89' lang='lat' dir='ltr'><strong>et</strong></span> <span class='ocrx_word' id='word_1_745' title='bbox 1178 1511 1231 1539; x_wconf 91' lang='lat' dir='ltr'><strong>diei</strong></span> <span class='ocrx_word' id='word_1_746' title='bbox 1248 1516 1275 1539; x_wconf 89' lang='lat' dir='ltr'><strong>et</strong></span> <span class='ocrx_word' id='word_1_747' title='bbox 1295 1513 1390 1540; x_wconf 89' lang='lat' dir='ltr'><strong>noctis.</strong></span> <span class='ocrx_word' id='word_1_748' title='bbox 1414 1513 1448 1540; x_wconf 86' lang='lat' dir='ltr'><strong>Et</strong></span> <span class='ocrx_word' id='word_1_749' title='bbox 1466 1514 1600 1548; x_wconf 90' lang='lat' dir='ltr'><strong>quomodo</strong></span> <span class='ocrx_word' id='word_1_750' title='bbox 1618 1515 1671 1542; x_wconf 89' lang='lat' dir='ltr'><strong>diei</strong></span> <span class='ocrx_word' id='word_1_751' title='bbox 1692 1520 1720 1543; x_wconf 89' lang='lat' dir='ltr'><strong>et</strong></span> 
     </span>
    </p>
   </div>
   <div class='ocr_carea' id='block_1_92' title="bbox 927 1555 1719 1597">
    <p class='ocr_par' dir='ltr' id='par_1_92' title="bbox 927 1555 1719 1597">
     <span class='ocr_line' id='line_1_92' title="bbox 927 1555 1719 1597; baseline 0.013 -17"><span class='ocrx_word' id='word_1_752' title='bbox 927 1555 1032 1582; x_wconf 82' lang='lat' dir='ltr'><strong>noctis?</strong></span> <span class='ocrx_word' id='word_1_753' title='bbox 1046 1555 1111 1584; x_wconf 94' lang='lat' dir='ltr'><strong>illud</strong></span> <span class='ocrx_word' id='word_1_754' title='bbox 1124 1557 1194 1584; x_wconf 85' lang='lat' dir='ltr'><strong>cuitu</strong></span> <span class='ocrx_word' id='word_1_755' title='bbox 1209 1562 1236 1586; x_wconf 88' lang='lat' dir='ltr'><strong>et</strong></span> <span class='ocrx_word' id='word_1_756' title='bbox 1249 1566 1297 1593; x_wconf 89' lang='lat' dir='ltr'><strong>per</strong></span> <span class='ocrx_word' id='word_1_757' title='bbox 1311 1559 1547 1594; x_wconf 81' lang='lat' dir='ltr'><strong>pulchritudinem.</strong></span> <span class='ocrx_word' id='word_1_758' title='bbox 1561 1566 1590 1589; x_wconf 83' lang='lat' dir='ltr'><strong>et</strong></span> <span class='ocrx_word' id='word_1_759' title='bbox 1602 1569 1650 1597; x_wconf 87' lang='lat' dir='ltr'><strong>per</strong></span> <span class='ocrx_word' id='word_1_760' title='bbox 1662 1569 1719 1590; x_wconf 80' lang='lat' dir='ltr'><strong>ma-</strong></span> 
     </span>
    </p>
   </div>
   <div class='ocr_carea' id='block_1_93' title="bbox 926 1601 1717 1642">
    <p class='ocr_par' dir='ltr' id='par_1_93' title="bbox 926 1601 1717 1642">
     <span class='ocr_line' id='line_1_93' title="bbox 926 1601 1717 1642; baseline 0.011 -15"><span class='ocrx_word' id='word_1_761' title='bbox 926 1601 1090 1635; x_wconf 82' lang='lat' dir='ltr'><strong>gnitudinem</strong></span> <span class='ocrx_word' id='word_1_762' title='bbox 1103 1622 1110 1633; x_wconf 86' lang='lat'><strong>,</strong></span> <span class='ocrx_word' id='word_1_763' title='bbox 1125 1606 1153 1630; x_wconf 88' lang='lat' dir='ltr'><strong>et</strong></span> <span class='ocrx_word' id='word_1_764' title='bbox 1168 1611 1215 1638; x_wconf 87' lang='lat' dir='ltr'><strong>per</strong></span> <span class='ocrx_word' id='word_1_765' title='bbox 1229 1604 1281 1631; x_wconf 88' lang='lat' dir='ltr'><strong>alia</strong></span> <span class='ocrx_word' id='word_1_766' title='bbox 1295 1606 1386 1633; x_wconf 87' lang='lat' dir='ltr'><strong>omnia</strong></span> <span class='ocrx_word' id='word_1_767' title='bbox 1398 1611 1562 1641; x_wconf 82' lang='lat' dir='ltr'><strong>spectatores</strong></span> <span class='ocrx_word' id='word_1_768' title='bbox 1576 1609 1697 1642; x_wconf 84' lang='lat' dir='ltr'><strong>percellit</strong></span> <span class='ocrx_word' id='word_1_769' title='bbox 1709 1630 1717 1641; x_wconf 85' lang='lat'><strong>,</strong></span> 
     </span>
    </p>
   </div>
   <div class='ocr_carea' id='block_1_94' title="bbox 926 1647 1719 1687">
    <p class='ocr_par' dir='ltr' id='par_1_94' title="bbox 926 1647 1719 1687">
     <span class='ocr_line' id='line_1_94' title="bbox 926 1647 1719 1687; baseline 0.011 -14"><span class='ocrx_word' id='word_1_770' title='bbox 926 1652 954 1674; x_wconf 88' lang='lat' dir='ltr'><strong>et</strong></span> <span class='ocrx_word' id='word_1_771' title='bbox 975 1647 1002 1674; x_wconf 93' lang='lat' dir='ltr'><strong>in</strong></span> <span class='ocrx_word' id='word_1_772' title='bbox 1023 1648 1105 1683; x_wconf 78' lang='lat' dir='ltr'><strong>ipsius</strong></span> <span class='ocrx_word' id='word_1_773' title='bbox 1122 1649 1259 1678; x_wconf 83' lang='lat' dir='ltr'><strong>Creatoris</strong></span> <span class='ocrx_word' id='word_1_774' title='bbox 1279 1650 1484 1680; x_wconf 82' lang='lat' dir='ltr'><strong>admirationem</strong></span> <span class='ocrx_word' id='word_1_775' title='bbox 1507 1653 1638 1687; x_wconf 87' lang='lat' dir='ltr'><strong>traducit;</strong></span> <span class='ocrx_word' id='word_1_776' title='bbox 1660 1654 1719 1682; x_wconf 84' lang='lat' dir='ltr'><strong>dies</strong></span> 
     </span>
    </p>
   </div>
   <div class='ocr_carea' id='block_1_95' title="bbox 926 1695 1719 1735">
    <p class='ocr_par' dir='ltr' id='par_1_95' title="bbox 926 1695 1719 1735">
     <span class='ocr_line' id='line_1_95' title="bbox 926 1695 1719 1735; baseline 0.01 -15"><span class='ocrx_word' id='word_1_777' title='bbox 926 1701 991 1721; x_wconf 85' lang='lat' dir='ltr'><strong>vero</strong></span> <span class='ocrx_word' id='word_1_778' title='bbox 1001 1699 1028 1722; x_wconf 94' lang='lat' dir='ltr'><strong>et</strong></span> <span class='ocrx_word' id='word_1_779' title='bbox 1041 1703 1092 1722; x_wconf 82' lang='lat' dir='ltr'><strong>nox</strong></span> <span class='ocrx_word' id='word_1_780' title='bbox 1107 1695 1170 1730; x_wconf 89' lang='lat' dir='ltr'><strong>qttid</strong></span> <span class='ocrx_word' id='word_1_781' title='bbox 1184 1697 1260 1723; x_wconf 91' lang='lat' dir='ltr'><strong>nobis</strong></span> <span class='ocrx_word' id='word_1_782' title='bbox 1274 1702 1409 1725; x_wconf 72' lang='lat' dir='ltr'><strong>ostentare</strong></span> <span class='ocrx_word' id='word_1_783' title='bbox 1424 1700 1551 1733; x_wconf 84' lang='lat' dir='ltr'><strong>possent?</strong></span> <span class='ocrx_word' id='word_1_784' title='bbox 1563 1700 1719 1735; x_wconf 83' lang='lat' dir='ltr'><strong>Hujusmodi</strong></span> 
     </span>
    </p>
   </div>
   <div class='ocr_carea' id='block_1_96' title="bbox 926 1740 1720 1774">
    <p class='ocr_par' dir='ltr' id='par_1_96' title="bbox 926 1740 1720 1774">
     <span class='ocr_line' id='line_1_96' title="bbox 926 1740 1720 1774; baseline 0.009 -8"><span class='ocrx_word' id='word_1_785' title='bbox 926 1740 1033 1774; x_wconf 88' lang='lat' dir='ltr'><strong>quidem</strong></span> <span class='ocrx_word' id='word_1_786' title='bbox 1048 1741 1125 1773; x_wconf 83' lang='lat' dir='ltr'><strong>nihil,</strong></span> <span class='ocrx_word' id='word_1_787' title='bbox 1141 1741 1188 1769; x_wconf 82' lang='lat' dir='ltr'><strong>sed</strong></span> <span class='ocrx_word' id='word_1_788' title='bbox 1203 1742 1253 1770; x_wconf 85' lang='lat' dir='ltr'><strong>alia</strong></span> <span class='ocrx_word' id='word_1_789' title='bbox 1269 1742 1310 1769; x_wconf 89' lang='lat' dir='ltr'><strong>his</strong></span> <span class='ocrx_word' id='word_1_790' title='bbox 1323 1751 1375 1770; x_wconf 83' lang='lat' dir='ltr'><strong>non</strong></span> <span class='ocrx_word' id='word_1_791' title='bbox 1392 1743 1517 1772; x_wconf 78' lang='lat' dir='ltr'><strong>inferiora</strong></span> <span class='ocrx_word' id='word_1_792' title='bbox 1534 1753 1541 1771; x_wconf 86' lang='lat'>:</span> <span class='ocrx_word' id='word_1_793' title='bbox 1556 1746 1720 1774; x_wconf 85' lang='lat' dir='ltr'><strong>convenien-</strong></span> 
     </span>
    </p>
   </div>
   <div class='ocr_carea' id='block_1_97' title="bbox 928 1786 1718 1825">
    <p class='ocr_par' dir='ltr' id='par_1_97' title="bbox 928 1786 1718 1825">
     <span class='ocr_line' id='line_1_97' title="bbox 928 1786 1718 1825; baseline 0.011 -13"><span class='ocrx_word' id='word_1_794' title='bbox 928 1786 991 1812; x_wconf 88' lang='lat' dir='ltr'><strong>tiam</strong></span> <span class='ocrx_word' id='word_1_795' title='bbox 1004 1806 1011 1817; x_wconf 88' lang='lat'><strong>,</strong></span> <span class='ocrx_word' id='word_1_796' title='bbox 1026 1786 1146 1814; x_wconf 89' lang='lat' dir='ltr'><strong>ordinem</strong></span> <span class='ocrx_word' id='word_1_797' title='bbox 1162 1795 1221 1814; x_wconf 85' lang='lat' dir='ltr'><strong>cum</strong></span> <span class='ocrx_word' id='word_1_798' title='bbox 1241 1789 1315 1816; x_wconf 90' lang='lat' dir='ltr'><strong>omni</strong></span> <span class='ocrx_word' id='word_1_799' title='bbox 1334 1789 1468 1825; x_wconf 78' lang='lat' dir='ltr'><strong>diligentia</strong></span> <span class='ocrx_word' id='word_1_800' title='bbox 1486 1795 1632 1819; x_wconf 84' lang='lat' dir='ltr'><strong>servatum.</strong></span> <span class='ocrx_word' id='word_1_801' title='bbox 1651 1793 1718 1821; x_wconf 83' lang='lat' dir='ltr'><strong>Cum</strong></span> 
     </span>
    </p>
   </div>
   <div class='ocr_carea' id='block_1_98' title="bbox 927 1832 1720 1872">
    <p class='ocr_par' dir='ltr' id='par_1_98' title="bbox 927 1832 1720 1872">
     <span class='ocr_line' id='line_1_98' title="bbox 927 1832 1720 1872; baseline 0.011 -14"><span class='ocrx_word' id='word_1_802' title='bbox 927 1832 999 1859; x_wconf 89' lang='lat' dir='ltr'><strong>enim</strong></span> <span class='ocrx_word' id='word_1_803' title='bbox 1017 1833 1175 1868; x_wconf 84' lang='lat' dir='ltr'><strong>cogitaveris</strong></span> <span class='ocrx_word' id='word_1_804' title='bbox 1187 1854 1195 1866; x_wconf 91' lang='lat'><strong>,</strong></span> <span class='ocrx_word' id='word_1_805' title='bbox 1210 1835 1343 1869; x_wconf 87' lang='lat' dir='ltr'><strong>quomodo</strong></span> <span class='ocrx_word' id='word_1_806' title='bbox 1357 1840 1441 1864; x_wconf 82' lang='lat' dir='ltr'><strong>totum</strong></span> <span class='ocrx_word' id='word_1_807' title='bbox 1457 1844 1505 1872; x_wconf 88' lang='lat' dir='ltr'><strong>per</strong></span> <span class='ocrx_word' id='word_1_808' title='bbox 1516 1845 1614 1866; x_wconf 83' lang='lat' dir='ltr'><strong>annum</strong></span> <span class='ocrx_word' id='word_1_809' title='bbox 1629 1838 1720 1867; x_wconf 56' lang='lat' dir='ltr'><strong>distric</strong></span> 
     </span>
    </p>
   </div>
   <div class='ocr_carea' id='block_1_99' title="bbox 928 1878 1719 1919">
    <p class='ocr_par' dir='ltr' id='par_1_99' title="bbox 928 1878 1719 1919">
     <span class='ocr_line' id='line_1_99' title="bbox 928 1878 1719 1919; baseline 0.009 -14"><span class='ocrx_word' id='word_1_810' title='bbox 928 1878 1059 1911; x_wconf 83' lang='lat' dir='ltr'><strong>buuntur,</strong></span> <span class='ocrx_word' id='word_1_811' title='bbox 1073 1884 1100 1907; x_wconf 90' lang='lat' dir='ltr'><strong>et</strong></span> <span class='ocrx_word' id='word_1_812' title='bbox 1116 1884 1247 1914; x_wconf 85' lang='lat' dir='ltr'><strong>tamquam</strong></span> <span class='ocrx_word' id='word_1_813' title='bbox 1264 1880 1290 1907; x_wconf 95' lang='lat' dir='ltr'><strong>in</strong></span> <span class='ocrx_word' id='word_1_814' title='bbox 1307 1881 1373 1908; x_wconf 78' lang='lat' dir='ltr'><strong>libra</strong></span> <span class='ocrx_word' id='word_1_815' title='bbox 1388 1886 1415 1909; x_wconf 85' lang='lat' dir='ltr'><strong>et</strong></span> <span class='ocrx_word' id='word_1_816' title='bbox 1429 1882 1532 1911; x_wconf 79' lang='lat' dir='ltr'><strong>bilance</strong></span> <span class='ocrx_word' id='word_1_817' title='bbox 1546 1884 1627 1911; x_wconf 85' lang='lat' dir='ltr'><strong>totius</strong></span> <span class='ocrx_word' id='word_1_818' title='bbox 1640 1885 1719 1919; x_wconf 83' lang='lat' dir='ltr'><strong>spatii</strong></span> 
     </span>
    </p>
   </div>
   <div class='ocr_carea' id='block_1_100' title="bbox 929 1924 1720 1963">
    <p class='ocr_par' dir='ltr' id='par_1_100' title="bbox 929 1924 1720 1963">
     <span class='ocr_line' id='line_1_100' title="bbox 929 1924 1720 1963; baseline 0.01 -13"><span class='ocrx_word' id='word_1_819' title='bbox 929 1924 1119 1959; x_wconf 81' lang='lat' dir='ltr'><strong>longitudinem</strong></span> <span class='ocrx_word' id='word_1_820' title='bbox 1139 1925 1286 1953; x_wconf 87' lang='lat' dir='ltr'><strong>diviserunt</strong></span> <span class='ocrx_word' id='word_1_821' title='bbox 1304 1935 1311 1953; x_wconf 91' lang='lat'><strong>:</strong></span> <span class='ocrx_word' id='word_1_822' title='bbox 1330 1934 1392 1955; x_wconf 90' lang='lat' dir='ltr'><strong>eum</strong></span> <span class='ocrx_word' id='word_1_823' title='bbox 1412 1928 1457 1963; x_wconf 91' lang='lat' dir='ltr'><strong>qui</strong></span> <span class='ocrx_word' id='word_1_824' title='bbox 1480 1929 1612 1957; x_wconf 83' lang='lat' dir='ltr'><strong>ordinavit</strong></span> <span class='ocrx_word' id='word_1_825' title='bbox 1633 1930 1720 1958; x_wconf 83' lang='lat' dir='ltr'><strong>admi-</strong></span> 
     </span>
    </p>
   </div>
   <div class='ocr_carea' id='block_1_101' title="bbox 931 1969 1715 2009">
    <p class='ocr_par' dir='ltr' id='par_1_101' title="bbox 931 1969 1715 2009">
     <span class='ocr_line' id='line_1_101' title="bbox 931 1969 1715 2009; baseline 0.009 -13"><span class='ocrx_word' id='word_1_826' title='bbox 931 1969 1042 1996; x_wconf 82' lang='lat' dir='ltr'><strong>raberis.</strong></span> <span class='ocrx_word' id='word_1_827' title='bbox 1058 1969 1138 1998; x_wconf 78' lang='lat' dir='ltr'><strong>Velut</strong></span> <span class='ocrx_word' id='word_1_828' title='bbox 1151 1971 1222 1998; x_wconf 85' lang='lat' dir='ltr'><strong>enim</strong></span> <span class='ocrx_word' id='word_1_829' title='bbox 1246 1979 1355 2001; x_wconf 72' lang='lat' dir='ltr'><strong>sorores</strong></span> <span class='ocrx_word' id='word_1_830' title='bbox 1371 1973 1492 2008; x_wconf 66' lang='lat' dir='ltr'><strong>quaedam</strong></span> <span class='ocrx_word' id='word_1_831' title='bbox 1513 1979 1651 2009; x_wconf 83' lang='lat' dir='ltr'><strong>paternam</strong></span> <span class='ocrx_word' id='word_1_832' title='bbox 1662 1982 1715 2002; x_wconf 73' lang='lat' dir='ltr'><strong>tue-</strong></span> 
     </span>
    </p>
   </div>
   <div class='ocr_carea' id='block_1_102' title="bbox 930 2015 1718 2051">
    <p class='ocr_par' dir='ltr' id='par_1_102' title="bbox 930 2015 1718 2051">
     <span class='ocr_line' id='line_1_102' title="bbox 930 2015 1718 2051; baseline 0.006 -9"><span class='ocrx_word' id='word_1_833' title='bbox 930 2015 1069 2043; x_wconf 85' lang='lat' dir='ltr'><strong>rcditatem</strong></span> <span class='ocrx_word' id='word_1_834' title='bbox 1076 2017 1244 2050; x_wconf 69' lang='lat' dir='ltr'><strong>partitmcutr</strong></span> <span class='ocrx_word' id='word_1_835' title='bbox 1251 2018 1380 2046; x_wconf 82' lang='lat' dir='ltr'><strong>charitate</strong></span> <span class='ocrx_word' id='word_1_836' title='bbox 1387 2018 1476 2051; x_wconf 85' lang='lat' dir='ltr'><strong>multa,</strong></span> <span class='ocrx_word' id='word_1_837' title='bbox 1483 2019 1644 2047; x_wconf 87' lang='lat' dir='ltr'><strong>nullomodo</strong></span> <span class='ocrx_word' id='word_1_838' title='bbox 1651 2019 1718 2047; x_wconf 85' lang='lat' dir='ltr'><strong>inter</strong></span> 
     </span>
    </p>
   </div>
   <div class='ocr_carea' id='block_1_103' title="bbox 930 2062 1718 2100">
    <p class='ocr_par' dir='ltr' id='par_1_103' title="bbox 930 2062 1718 2100">
     <span class='ocr_line' id='line_1_103' title="bbox 930 2062 1718 2100; baseline 0.005 -11"><span class='ocrx_word' id='word_1_839' title='bbox 930 2070 958 2090; x_wconf 85' lang='lat' dir='ltr'><strong>sc</strong></span> <span class='ocrx_word' id='word_1_840' title='bbox 967 2063 1172 2096; x_wconf 79' lang='lat' dir='ltr'><strong>calumniantes,</strong></span> <span class='ocrx_word' id='word_1_841' title='bbox 1187 2063 1227 2090; x_wconf 90' lang='lat' dir='ltr'><strong>sic</strong></span> <span class='ocrx_word' id='word_1_842' title='bbox 1239 2067 1267 2090; x_wconf 89' lang='lat' dir='ltr'><strong>et</strong></span> <span class='ocrx_word' id='word_1_843' title='bbox 1277 2062 1334 2090; x_wconf 88' lang='lat' dir='ltr'><strong>dies</strong></span> <span class='ocrx_word' id='word_1_844' title='bbox 1347 2067 1375 2090; x_wconf 87' lang='lat' dir='ltr'><strong>et</strong></span> <span class='ocrx_word' id='word_1_845' title='bbox 1388 2070 1438 2090; x_wconf 80' lang='lat' dir='ltr'><strong>nox</strong></span> <span class='ocrx_word' id='word_1_846' title='bbox 1452 2071 1512 2091; x_wconf 92' lang='lat' dir='ltr'><strong>cmn</strong></span> <span class='ocrx_word' id='word_1_847' title='bbox 1523 2065 1595 2092; x_wconf 89' lang='lat' dir='ltr'><strong>omni</strong></span> <span class='ocrx_word' id='word_1_848' title='bbox 1606 2065 1718 2100; x_wconf 73' lang='lat' dir='ltr'><strong>diligen-</strong></span> 
     </span>
    </p>
   </div>
   <div class='ocr_carea' id='block_1_104' title="bbox 931 2110 1716 2146">
    <p class='ocr_par' dir='ltr' id='par_1_104' title="bbox 931 2110 1716 2146">
     <span class='ocr_line' id='line_1_104' title="bbox 931 2110 1716 2146; baseline 0.004 -10"><span class='ocrx_word' id='word_1_849' title='bbox 931 2110 965 2136; x_wconf 88' lang='lat' dir='ltr'><strong>tia</strong></span> <span class='ocrx_word' id='word_1_850' title='bbox 985 2117 1084 2137; x_wconf 91' lang='lat' dir='ltr'><strong>annutn</strong></span> <span class='ocrx_word' id='word_1_851' title='bbox 1100 2110 1250 2145; x_wconf 73' lang='lat' dir='ltr'><strong>mqualitate</strong></span> <span class='ocrx_word' id='word_1_852' title='bbox 1268 2113 1340 2137; x_wconf 89' lang='lat' dir='ltr'><strong>tanta</strong></span> <span class='ocrx_word' id='word_1_853' title='bbox 1354 2110 1534 2144; x_wconf 76' lang='lat' dir='ltr'><strong>distribuunt.</strong></span> <span class='ocrx_word' id='word_1_854' title='bbox 1548 2115 1574 2138; x_wconf 88' lang='lat' dir='ltr'><strong>et</strong></span> <span class='ocrx_word' id='word_1_855' title='bbox 1595 2112 1716 2146; x_wconf 84' lang='lat' dir='ltr'><strong>proprios</strong></span> 
     </span>
    </p>
   </div>
   <div class='ocr_carea' id='block_1_105' title="bbox 930 2155 1718 2191">
    <p class='ocr_par' dir='ltr' id='par_1_105' title="bbox 930 2155 1718 2191">
     <span class='ocr_line' id='line_1_105' title="bbox 930 2155 1718 2191; baseline 0.001 -8"><span class='ocrx_word' id='word_1_856' title='bbox 930 2162 1088 2184; x_wconf 86' lang='lat' dir='ltr'><strong>conservant</strong></span> <span class='ocrx_word' id='word_1_857' title='bbox 1102 2156 1168 2184; x_wconf 86' lang='lat' dir='ltr'><strong>tinos</strong></span> <span class='ocrx_word' id='word_1_858' title='bbox 1181 2177 1188 2187; x_wconf 88' lang='lat'><strong>.</strong></span> <span class='ocrx_word' id='word_1_859' title='bbox 1204 2163 1255 2184; x_wconf 86' lang='lat' dir='ltr'><strong>nee</strong></span> <span class='ocrx_word' id='word_1_860' title='bbox 1269 2163 1394 2190; x_wconf 86' lang='lat' dir='ltr'><strong>umquam</strong></span> <span class='ocrx_word' id='word_1_861' title='bbox 1410 2155 1521 2183; x_wconf 83' lang='lat' dir='ltr'><strong>alteram</strong></span> <span class='ocrx_word' id='word_1_862' title='bbox 1535 2155 1618 2183; x_wconf 86' lang='lat' dir='ltr'><strong>altera</strong></span> <span class='ocrx_word' id='word_1_863' title='bbox 1633 2157 1718 2191; x_wconf 90' lang='lat' dir='ltr'><strong>pellit.</strong></span> 
     </span>
    </p>
   </div>
   <div class='ocr_carea' id='block_1_106' title="bbox 930 2200 1719 2236">
    <p class='ocr_par' dir='ltr' id='par_1_106' title="bbox 930 2200 1719 2236">
     <span class='ocr_line' id='line_1_106' title="bbox 930 2200 1719 2236; baseline 0.001 -7"><span class='ocrx_word' id='word_1_864' title='bbox 930 2202 1078 2236; x_wconf 84' lang='lat' dir='ltr'><strong>Numquam</strong></span> <span class='ocrx_word' id='word_1_865' title='bbox 1090 2202 1169 2236; x_wconf 88' lang='lat' dir='ltr'><strong>igitur</strong></span> <span class='ocrx_word' id='word_1_866' title='bbox 1187 2200 1275 2228; x_wconf 88' lang='lat' dir='ltr'><strong>hieme</strong></span> <span class='ocrx_word' id='word_1_867' title='bbox 1287 2201 1344 2228; x_wconf 86' lang='lat' dir='ltr'><strong>dies</strong></span> <span class='ocrx_word' id='word_1_868' title='bbox 1358 2201 1405 2228; x_wconf 79' lang='lat' dir='ltr'><strong>fuit</strong></span> <span class='ocrx_word' id='word_1_869' title='bbox 1417 2201 1505 2236; x_wconf 81' lang='lat' dir='ltr'><strong>longa,</strong></span> <span class='ocrx_word' id='word_1_870' title='bbox 1520 2201 1586 2229; x_wconf 88' lang='lat' dir='ltr'><strong>sicut</strong></span> <span class='ocrx_word' id='word_1_871' title='bbox 1599 2210 1649 2230; x_wconf 87' lang='lat' dir='ltr'><strong>nec</strong></span> <span class='ocrx_word' id='word_1_872' title='bbox 1663 2211 1719 2230; x_wconf 81' lang='lat' dir='ltr'><strong>unt-</strong></span> 
     </span>
    </p>
   </div>
   <div class='ocr_carea' id='block_1_107' title="bbox 930 2247 1719 2284">
    <p class='ocr_par' dir='ltr' id='par_1_107' title="bbox 930 2247 1719 2284">
     <span class='ocr_line' id='line_1_107' title="bbox 930 2247 1719 2284; baseline 0 -10"><span class='ocrx_word' id='word_1_873' title='bbox 930 2255 1010 2284; x_wconf 86' lang='lat' dir='ltr'><strong>quam</strong></span> <span class='ocrx_word' id='word_1_874' title='bbox 1024 2252 1115 2275; x_wconf 56' lang='lat' dir='ltr'><strong>aestate</strong></span> <span class='ocrx_word' id='word_1_875' title='bbox 1129 2248 1205 2282; x_wconf 78' lang='lat' dir='ltr'><strong>loaga</strong></span> <span class='ocrx_word' id='word_1_876' title='bbox 1220 2247 1269 2274; x_wconf 84' lang='lat' dir='ltr'><strong>fuit</strong></span> <span class='ocrx_word' id='word_1_877' title='bbox 1282 2254 1345 2278; x_wconf 85' lang='lat' dir='ltr'><strong>nox.</strong></span> <span class='ocrx_word' id='word_1_878' title='bbox 1360 2252 1399 2274; x_wconf 84' lang='lat' dir='ltr'><strong>tot</strong></span> <span class='ocrx_word' id='word_1_879' title='bbox 1414 2248 1555 2282; x_wconf 65' lang='lat' dir='ltr'><strong>prarteritis</strong></span> <span class='ocrx_word' id='word_1_880' title='bbox 1568 2248 1719 2282; x_wconf 72' lang='lat' dir='ltr'><strong>generatio-</strong></span> 
     </span>
    </p>
   </div>
   <div class='ocr_carea' id='block_1_108' title="bbox 932 2293 1721 2329">
    <p class='ocr_par' dir='ltr' id='par_1_108' title="bbox 932 2293 1721 2329">
     <span class='ocr_line' id='line_1_108' title="bbox 932 2293 1721 2329; baseline -0.003 -6"><span class='ocrx_word' id='word_1_881' title='bbox 932 2296 1010 2324; x_wconf 88' lang='lat' dir='ltr'><strong>nibus</strong></span> <span class='ocrx_word' id='word_1_882' title='bbox 1021 2316 1029 2329; x_wconf 89' lang='lat'><strong>,</strong></span> <span class='ocrx_word' id='word_1_883' title='bbox 1045 2295 1092 2323; x_wconf 86' lang='lat' dir='ltr'><strong>sed</strong></span> <span class='ocrx_word' id='word_1_884' title='bbox 1107 2295 1133 2321; x_wconf 93' lang='lat' dir='ltr'><strong>in</strong></span> <span class='ocrx_word' id='word_1_885' title='bbox 1147 2293 1243 2322; x_wconf 91' lang='lat' dir='ltr'><strong>eodem</strong></span> <span class='ocrx_word' id='word_1_886' title='bbox 1262 2293 1401 2321; x_wconf 86' lang='lat' dir='ltr'><strong>intervallo</strong></span> <span class='ocrx_word' id='word_1_887' title='bbox 1416 2298 1442 2320; x_wconf 88' lang='lat' dir='ltr'><strong>et</strong></span> <span class='ocrx_word' id='word_1_888' title='bbox 1456 2293 1621 2328; x_wconf 80' lang='lat' dir='ltr'><strong>longitudine</strong></span> <span class='ocrx_word' id='word_1_889' title='bbox 1634 2301 1721 2329; x_wconf 84' lang='lat' dir='ltr'><strong>neque</strong></span> 
     </span>
    </p>
   </div>
   <div class='ocr_carea' id='block_1_109' title="bbox 932 2339 1723 2369">
    <p class='ocr_par' dir='ltr' id='par_1_109' title="bbox 932 2339 1723 2369">
     <span class='ocr_line' id='line_1_109' title="bbox 932 2339 1723 2369; baseline -0.001 0"><span class='ocrx_word' id='word_1_890' title='bbox 932 2340 1065 2369; x_wconf 91' lang='lat' dir='ltr'><strong>modicum</strong></span> <span class='ocrx_word' id='word_1_891' title='bbox 1077 2347 1126 2367; x_wconf 86' lang='lat' dir='ltr'><strong>nec</strong></span> <span class='ocrx_word' id='word_1_892' title='bbox 1136 2339 1272 2367; x_wconf 84' lang='lat' dir='ltr'><strong>dimidiam</strong></span> <span class='ocrx_word' id='word_1_893' title='bbox 1283 2339 1375 2366; x_wconf 80' lang='lat' dir='ltr'><strong>harant</strong></span> <span class='ocrx_word' id='word_1_894' title='bbox 1388 2346 1436 2366; x_wconf 92' lang='lat' dir='ltr'><strong>nec</strong></span> <span class='ocrx_word' id='word_1_895' title='bbox 1445 2339 1516 2367; x_wconf 87' lang='lat' dir='ltr'><strong>oculi</strong></span> <span class='ocrx_word' id='word_1_896' title='bbox 1527 2339 1626 2367; x_wconf 90' lang='lat' dir='ltr'><strong>nietum</strong></span> <span class='ocrx_word' id='word_1_897' title='bbox 1638 2340 1723 2368; x_wconf 78' lang='lat' dir='ltr'><strong>altera</strong></span> 
     </span>
    </p>
   </div>
   <div class='ocr_carea' id='block_1_110' title="bbox 932 2385 1295 2424">
    <p class='ocr_par' dir='ltr' id='par_1_110' title="bbox 932 2385 1295 2424">
     <span class='ocr_line' id='line_1_110' title="bbox 932 2385 1295 2424; baseline -0.006 -9"><span class='ocrx_word' id='word_1_898' title='bbox 932 2394 1012 2424; x_wconf 84' lang='lat' dir='ltr'><strong>quam</strong></span> <span class='ocrx_word' id='word_1_899' title='bbox 1025 2387 1108 2414; x_wconf 82' lang='lat' dir='ltr'><strong>altera</strong></span> <span class='ocrx_word' id='word_1_900' title='bbox 1122 2386 1180 2422; x_wconf 80' lang='lat' dir='ltr'><strong>plus</strong></span> <span class='ocrx_word' id='word_1_901' title='bbox 1193 2385 1295 2414; x_wconf 74' lang='lat' dir='ltr'><strong>habuit.</strong></span> 
     </span>
    </p>
   </div>
   <div class='ocr_carea' id='block_1_111' title="bbox 968 2433 1723 2468">
    <p class='ocr_par' dir='ltr' id='par_1_111' title="bbox 968 2433 1723 2468">
     <span class='ocr_line' id='line_1_111' title="bbox 968 2433 1723 2468; baseline -0.001 -6"><span class='ocrx_word' id='word_1_902' title='bbox 968 2435 996 2462; x_wconf 75' lang='lat'><strong>3.</strong></span> <span class='ocrx_word' id='word_1_903' title='bbox 1008 2433 1057 2462; x_wconf 83' lang='lat' dir='ltr'><strong>Dei</strong></span> <span class='ocrx_word' id='word_1_904' title='bbox 1064 2434 1188 2468; x_wconf 73' lang='lat' dir='ltr'><strong>sapientia</strong></span> <span class='ocrx_word' id='word_1_905' title='bbox 1200 2433 1226 2460; x_wconf 85' lang='lat' dir='ltr'><strong>in</strong></span> <span class='ocrx_word' id='word_1_906' title='bbox 1235 2439 1320 2460; x_wconf 72' lang='lat' dir='ltr'><strong>rerum</strong></span> <span class='ocrx_word' id='word_1_907' title='bbox 1329 2433 1483 2460; x_wconf 66' lang='lat' dir='ltr'><strong>naturalium</strong></span> <span class='ocrx_word' id='word_1_908' title='bbox 1497 2433 1632 2460; x_wconf 76' lang='lat' dir='ltr'><strong>ordine.—</strong></span> <span class='ocrx_word' id='word_1_909' title='bbox 1655 2433 1723 2461; x_wconf 87' lang='lat' dir='ltr'><strong>Pro-</strong></span> 
     </span>
    </p>
   </div>
   <div class='ocr_carea' id='block_1_112' title="bbox 933 2476 1723 2515">
    <p class='ocr_par' dir='ltr' id='par_1_112' title="bbox 933 2476 1723 2515">
     <span class='ocr_line' id='line_1_112' title="bbox 933 2476 1723 2515; baseline -0.001 -8"><span class='ocrx_word' id='word_1_910' title='bbox 933 2485 1025 2515; x_wconf 74' lang='lat' dir='ltr'><strong>pterea</strong></span> <span class='ocrx_word' id='word_1_911' title='bbox 1038 2484 1066 2507; x_wconf 87' lang='lat' dir='ltr'><strong>et</strong></span> <span class='ocrx_word' id='word_1_912' title='bbox 1074 2476 1218 2506; x_wconf 77' lang='lat' dir='ltr'><strong>Psalmista</strong></span> <span class='ocrx_word' id='word_1_913' title='bbox 1226 2477 1346 2510; x_wconf 81' lang='lat' dir='ltr'><strong>isponnn</strong></span> <span class='ocrx_word' id='word_1_914' title='bbox 1373 2477 1550 2512; x_wconf 68' lang='lat' dir='ltr'><strong>mqualitatem</strong></span> <span class='ocrx_word' id='word_1_915' title='bbox 1565 2478 1723 2512; x_wconf 75' lang='lat' dir='ltr'><strong>adtttirottts,</strong></span> 
     </span>
    </p>
   </div>
   <div class='ocr_carea' id='block_1_113' title="bbox 933 2523 1724 2559">
    <p class='ocr_par' dir='ltr' id='par_1_113' title="bbox 933 2523 1724 2559">
     <span class='ocr_line' id='line_1_113' title="bbox 933 2523 1724 2559; baseline -0.003 -5"><span class='ocrx_word' id='word_1_916' title='bbox 933 2525 1064 2554; x_wconf 82' lang='lat' dir='ltr'><strong>clamabat</strong></span> <span class='ocrx_word' id='word_1_917' title='bbox 1078 2525 1169 2552; x_wconf 85' lang='lat' dir='ltr'><strong>dicens</strong></span> <span class='ocrx_word' id='word_1_918' title='bbox 1185 2531 1192 2550; x_wconf 90' lang='lat'><strong>:</strong></span> <span class='ocrx_word' id='word_1_919' title='bbox 1210 2523 1270 2550; x_wconf 72' lang='lat' dir='ltr'><strong>Nox</strong></span> <span class='ocrx_word' id='word_1_920' title='bbox 1289 2524 1355 2550; x_wconf 78' lang='lat' dir='ltr'><strong>nocti</strong></span> <span class='ocrx_word' id='word_1_921' title='bbox 1369 2525 1464 2551; x_wconf 80' lang='lat' dir='ltr'><strong>indicat</strong></span> <span class='ocrx_word' id='word_1_922' title='bbox 1478 2525 1631 2559; x_wconf 71' lang='grc' dir='ltr'><strong>ιείεηιέσηι(</strong></span> <span class='ocrx_word' id='word_1_923' title='bbox 1651 2525 1724 2553; x_wconf 67' lang='lat' dir='ltr'><strong>Paul.</strong></span> 
     </span>
    </p>
   </div>
   <div class='ocr_carea' id='block_1_114' title="bbox 935 2569 1726 2606">
    <p class='ocr_par' dir='ltr' id='par_1_114' title="bbox 935 2569 1726 2606">
     <span class='ocr_line' id='line_1_114' title="bbox 935 2569 1726 2606; baseline -0.001 -7"><span class='ocrx_word' id='word_1_924' title='bbox 935 2571 1008 2600; x_wconf 66' lang='lat'><strong>48.3</strong></span> <span class='ocrx_word' id='word_1_925' title='bbox 1020 2571 1041 2606; x_wconf 92' lang='lat'><strong>).</strong></span> <span class='ocrx_word' id='word_1_926' title='bbox 1056 2570 1084 2598; x_wconf 90' lang='lat' dir='ltr'><strong>Si</strong></span> <span class='ocrx_word' id='word_1_927' title='bbox 1100 2570 1157 2597; x_wconf 63' lang='lat' dir='ltr'><strong>hate</strong></span> <span class='ocrx_word' id='word_1_928' title='bbox 1179 2569 1359 2604; x_wconf 76' lang='lat' dir='ltr'><strong>philosophari</strong></span> <span class='ocrx_word' id='word_1_929' title='bbox 1387 2569 1467 2602; x_wconf 81' lang='lat' dir='ltr'><strong>scias,</strong></span> <span class='ocrx_word' id='word_1_930' title='bbox 1486 2571 1525 2598; x_wconf 83' lang='lat' dir='ltr'><strong>sic</strong></span> <span class='ocrx_word' id='word_1_931' title='bbox 1550 2570 1726 2599; x_wconf 79' lang='lat' dir='ltr'><strong>admiraberis</strong></span> 
     </span>
    </p>
   </div>
   <div class='ocr_carea' id='block_1_115' title="bbox 934 2614 1724 2652">
    <p class='ocr_par' dir='ltr' id='par_1_115' title="bbox 934 2614 1724 2652">
     <span class='ocr_line' id='line_1_115' title="bbox 934 2614 1724 2652; baseline 0 -8"><span class='ocrx_word' id='word_1_932' title='bbox 934 2624 1007 2647; x_wconf 73' lang='lat' dir='ltr'><strong>eunt.</strong></span> <span class='ocrx_word' id='word_1_933' title='bbox 1021 2616 1065 2652; x_wconf 82' lang='lat' dir='ltr'><strong>qui</strong></span> <span class='ocrx_word' id='word_1_934' title='bbox 1080 2616 1114 2643; x_wconf 84' lang='lat' dir='ltr'><strong>ab</strong></span> <span class='ocrx_word' id='word_1_935' title='bbox 1139 2615 1213 2643; x_wconf 87' lang='lat' dir='ltr'><strong>initio</strong></span> <span class='ocrx_word' id='word_1_936' title='bbox 1235 2614 1284 2642; x_wconf 89' lang='lat' dir='ltr'><strong>hos</strong></span> <span class='ocrx_word' id='word_1_937' title='bbox 1303 2615 1456 2643; x_wconf 83' lang='lat' dir='ltr'><strong>immobiles</strong></span> <span class='ocrx_word' id='word_1_938' title='bbox 1470 2616 1600 2644; x_wconf 86' lang='lat' dir='ltr'><strong>terminos</strong></span> <span class='ocrx_word' id='word_1_939' title='bbox 1620 2617 1724 2644; x_wconf 80' lang='lat' dir='ltr'><strong>statuit.</strong></span> 
     </span>
    </p>
   </div>
   <div class='ocr_carea' id='block_1_116' title="bbox 936 2660 1725 2696">
    <p class='ocr_par' dir='ltr' id='par_1_116' title="bbox 936 2660 1725 2696">
     <span class='ocr_line' id='line_1_116' title="bbox 936 2660 1725 2696; baseline -0.003 -5"><span class='ocrx_word' id='word_1_940' title='bbox 936 2663 1052 2691; x_wconf 81' lang='lat' dir='ltr'><strong>Audiam</strong></span> <span class='ocrx_word' id='word_1_941' title='bbox 1073 2661 1131 2689; x_wconf 85' lang='lat' dir='ltr'><strong>ha-e</strong></span> <span class='ocrx_word' id='word_1_942' title='bbox 1154 2661 1226 2688; x_wconf 86' lang='lat' dir='ltr'><strong>avari</strong></span> <span class='ocrx_word' id='word_1_943' title='bbox 1239 2665 1267 2688; x_wconf 89' lang='lat' dir='ltr'><strong>et</strong></span> <span class='ocrx_word' id='word_1_944' title='bbox 1280 2660 1365 2688; x_wconf 85' lang='lat' dir='ltr'><strong>aliena</strong></span> <span class='ocrx_word' id='word_1_945' title='bbox 1378 2661 1601 2696; x_wconf 83' lang='lat' dir='ltr'><strong>concupiscentes</strong></span> <span class='ocrx_word' id='word_1_946' title='bbox 1610 2682 1617 2694; x_wconf 95' lang='lat'><strong>,</strong></span> <span class='ocrx_word' id='word_1_947' title='bbox 1630 2667 1659 2689; x_wconf 88' lang='lat' dir='ltr'><strong>et</strong></span> <span class='ocrx_word' id='word_1_948' title='bbox 1672 2662 1725 2689; x_wconf 77' lang='lat' dir='ltr'><strong>diei</strong></span> 
     </span>
    </p>
   </div>
   <div class='ocr_carea' id='block_1_117' title="bbox 937 2706 1726 2744">
    <p class='ocr_par' dir='ltr' id='par_1_117' title="bbox 937 2706 1726 2744">
     <span class='ocr_line' id='line_1_117' title="bbox 937 2706 1726 2744; baseline -0.003 -7"><span class='ocrx_word' id='word_1_949' title='bbox 937 2710 1075 2744; x_wconf 87' lang='lat' dir='ltr'><strong>noctisque</strong></span> <span class='ocrx_word' id='word_1_950' title='bbox 1098 2707 1276 2742; x_wconf 62' lang='lat' dir='ltr'><strong>aequalitatem</strong></span> <span class='ocrx_word' id='word_1_951' title='bbox 1300 2706 1447 2734; x_wconf 82' lang='lat' dir='ltr'><strong>imitentur.</strong></span> <span class='ocrx_word' id='word_1_952' title='bbox 1463 2707 1580 2734; x_wconf 81' lang='lat' dir='ltr'><strong>Audiant</strong></span> <span class='ocrx_word' id='word_1_953' title='bbox 1603 2707 1685 2734; x_wconf 71' lang='lat' dir='ltr'><strong>intrati</strong></span> <span class='ocrx_word' id='word_1_954' title='bbox 1701 2712 1726 2735; x_wconf 84' lang='lat' dir='ltr'><strong>et</strong></span> 
     </span>
    </p>
   </div>
   <div class='ocr_carea' id='block_1_118' title="bbox 936 2753 1725 2789">
    <p class='ocr_par' dir='ltr' id='par_1_118' title="bbox 936 2753 1725 2789">
     <span class='ocr_line' id='line_1_118' title="bbox 936 2753 1725 2789; baseline -0.004 -6"><span class='ocrx_word' id='word_1_955' title='bbox 936 2755 990 2783; x_wconf 85' lang='lat' dir='ltr'><strong>alta</strong></span> <span class='ocrx_word' id='word_1_956' title='bbox 1000 2755 1145 2789; x_wconf 83' lang='lat' dir='ltr'><strong>sapientes,</strong></span> <span class='ocrx_word' id='word_1_957' title='bbox 1160 2758 1187 2781; x_wconf 88' lang='lat' dir='ltr'><strong>et</strong></span> <span class='ocrx_word' id='word_1_958' title='bbox 1207 2754 1329 2780; x_wconf 86' lang='lat' dir='ltr'><strong>nolentes</strong></span> <span class='ocrx_word' id='word_1_959' title='bbox 1343 2753 1442 2788; x_wconf 85' lang='lat' dir='ltr'><strong>primas</strong></span> <span class='ocrx_word' id='word_1_960' title='bbox 1453 2758 1541 2787; x_wconf 78' lang='lat' dir='ltr'><strong>partes</strong></span> <span class='ocrx_word' id='word_1_961' title='bbox 1554 2753 1615 2780; x_wconf 83' lang='lat' dir='ltr'><strong>aliis</strong></span> <span class='ocrx_word' id='word_1_962' title='bbox 1627 2760 1725 2780; x_wconf 88' lang='lat' dir='ltr'><strong>concc-</strong></span> 
     </span>
    </p>
   </div>
   <div class='ocr_carea' id='block_1_119' title="bbox 937 2799 1729 2832">
    <p class='ocr_par' dir='ltr' id='par_1_119' title="bbox 937 2799 1729 2832">
     <span class='ocr_line' id='line_1_119' title="bbox 937 2799 1729 2832; baseline -0.003 -4"><span class='ocrx_word' id='word_1_963' title='bbox 937 2801 1011 2829; x_wconf 87' lang='lat' dir='ltr'><strong>dere.</strong></span> <span class='ocrx_word' id='word_1_964' title='bbox 1022 2801 1082 2828; x_wconf 87' lang='lat' dir='ltr'><strong>Dies</strong></span> <span class='ocrx_word' id='word_1_965' title='bbox 1092 2800 1162 2828; x_wconf 87' lang='lat' dir='ltr'><strong>nocti</strong></span> <span class='ocrx_word' id='word_1_966' title='bbox 1172 2800 1242 2827; x_wconf 89' lang='lat' dir='ltr'><strong>cedit</strong></span> <span class='ocrx_word' id='word_1_967' title='bbox 1251 2807 1300 2827; x_wconf 86' lang='lat' dir='ltr'><strong>nec</strong></span> <span class='ocrx_word' id='word_1_968' title='bbox 1311 2799 1411 2826; x_wconf 86' lang='lat' dir='ltr'><strong>alienos</strong></span> <span class='ocrx_word' id='word_1_969' title='bbox 1422 2799 1487 2826; x_wconf 85' lang='lat' dir='ltr'><strong>lines</strong></span> <span class='ocrx_word' id='word_1_970' title='bbox 1501 2799 1611 2832; x_wconf 82' lang='lat' dir='ltr'><strong>invadit;</strong></span> <span class='ocrx_word' id='word_1_971' title='bbox 1623 2804 1651 2827; x_wconf 92' lang='lat' dir='ltr'><strong>tn</strong></span> <span class='ocrx_word' id='word_1_972' title='bbox 1664 2807 1729 2826; x_wconf 81' lang='lat' dir='ltr'><strong>vero</strong></span> 
     </span>
    </p>
   </div>
   <div class='ocr_carea' id='block_1_120' title="bbox 937 2845 1729 2882">
    <p class='ocr_par' dir='ltr' id='par_1_120' title="bbox 937 2845 1729 2882">
     <span class='ocr_line' id='line_1_120' title="bbox 937 2845 1729 2882; baseline -0.001 -8"><span class='ocrx_word' id='word_1_973' title='bbox 937 2854 1044 2882; x_wconf 87' lang='lat' dir='ltr'><strong>semper</strong></span> <span class='ocrx_word' id='word_1_974' title='bbox 1065 2846 1167 2874; x_wconf 87' lang='lat' dir='ltr'><strong>honore</strong></span> <span class='ocrx_word' id='word_1_975' title='bbox 1193 2846 1284 2872; x_wconf 83' lang='lat' dir='ltr'><strong>fruens</strong></span> <span class='ocrx_word' id='word_1_976' title='bbox 1306 2845 1431 2872; x_wconf 86' lang='lat' dir='ltr'><strong>Iratribus</strong></span> <span class='ocrx_word' id='word_1_977' title='bbox 1445 2845 1515 2872; x_wconf 85' lang='lat' dir='ltr'><strong>hunc</strong></span> <span class='ocrx_word' id='word_1_978' title='bbox 1528 2846 1729 2873; x_wconf 60' lang='lat' dir='ltr'><strong>communicare</strong></span> 
     </span>
    </p>
   </div>
   <div class='ocr_carea' id='block_1_121' title="bbox 941 2891 1729 2926">
    <p class='ocr_par' dir='ltr' id='par_1_121' title="bbox 941 2891 1729 2926">
     <span class='ocr_line' id='line_1_121' title="bbox 941 2891 1729 2926; baseline -0.004 -5"><span class='ocrx_word' id='word_1_979' title='bbox 941 2902 993 2922; x_wconf 88' lang='lat' dir='ltr'><strong>non</strong></span> <span class='ocrx_word' id='word_1_980' title='bbox 1008 2893 1126 2922; x_wconf 72' lang='lat' dir='ltr'><strong>dianaris</strong></span> <span class='ocrx_word' id='word_1_981' title='bbox 1138 2893 1149 2919; x_wconf 87' lang='lat'><strong>?</strong></span> <span class='ocrx_word' id='word_1_982' title='bbox 1162 2892 1194 2920; x_wconf 74' lang='lat' dir='ltr'><strong>Et</strong></span> <span class='ocrx_word' id='word_1_983' title='bbox 1207 2891 1346 2919; x_wconf 80' lang='lat' dir='ltr'><strong>considera</strong></span> <span class='ocrx_word' id='word_1_984' title='bbox 1368 2891 1430 2918; x_wconf 92' lang='lat' dir='ltr'><strong>mihi</strong></span> <span class='ocrx_word' id='word_1_985' title='bbox 1452 2891 1610 2926; x_wconf 70' lang='lat' dir='ltr'><strong>lcgislatoris</strong></span> <span class='ocrx_word' id='word_1_986' title='bbox 1624 2892 1729 2925; x_wconf 83' lang='lat' dir='ltr'><strong>sapien-</strong></span> 
     </span>
    </p>
   </div>
   <div class='ocr_carea' id='block_1_122' title="bbox 1525 2941 1545 2970">
    <p class='ocr_par' dir='ltr' id='par_1_122' title="bbox 1525 2941 1545 2970">
     <span class='ocr_line' id='line_1_122' title="bbox 1525 2941 1545 2970; baseline 0 0"><span class='ocrx_word' id='word_1_987' title='bbox 1525 2941 1545 2970; x_wconf 86' lang='lat'><strong>7</strong></span> 
     </span>
    </p>
   </div>
  </div>
