  <div class='ocr_page' id='page_1' title='image "/cluster/home/n/w/nwhite01/storage/ocr_20150623/49-50/njp.32101077772620/111.png"; bbox 0 0 1962 3121; ppageno 0'>
   <div class='ocr_carea' id='block_1_1' title="bbox 240 172 290 199">
    <p class='ocr_par' dir='ltr' id='par_1_1' title="bbox 240 172 290 199">
     <span class='ocr_line' id='line_1_1' title="bbox 240 172 290 199; baseline 0 0"><span class='ocrx_word' id='word_1_1' title='bbox 240 172 290 199; x_wconf 67' lang='lat' dir='ltr'><strong>M7</strong></span> 
     </span>
    </p>
   </div>
   <div class='ocr_carea' id='block_1_2' title="bbox 238 226 1026 265">
    <p class='ocr_par' dir='ltr' id='par_1_2' title="bbox 238 226 1026 265">
     <span class='ocr_line' id='line_1_2' title="bbox 238 226 1026 265; baseline -0.006 -9"><span class='ocrx_word' id='word_1_2' title='bbox 238 231 311 257; x_wconf 86' lang='lat' dir='ltr'><strong>tiam.</strong></span> <span class='ocrx_word' id='word_1_3' title='bbox 327 229 354 256; x_wconf 95' lang='lat' dir='ltr'><strong>In</strong></span> <span class='ocrx_word' id='word_1_4' title='bbox 371 228 465 265; x_wconf 82' lang='lat' dir='ltr'><strong>Ityentc</strong></span> <span class='ocrx_word' id='word_1_5' title='bbox 487 228 590 263; x_wconf 85' lang='lat' dir='ltr'><strong>longam</strong></span> <span class='ocrx_word' id='word_1_6' title='bbox 606 232 712 255; x_wconf 86' lang='lat' dir='ltr'><strong>noctem</strong></span> <span class='ocrx_word' id='word_1_7' title='bbox 734 235 793 255; x_wconf 87' lang='lat' dir='ltr'><strong>esse</strong></span> <span class='ocrx_word' id='word_1_8' title='bbox 805 227 903 262; x_wconf 90' lang='lat' dir='ltr'><strong>jussit,</strong></span> <span class='ocrx_word' id='word_1_9' title='bbox 918 226 1026 260; x_wconf 91' lang='lat' dir='ltr'><strong>quando</strong></span> 
     </span>
    </p>
   </div>
   <div class='ocr_carea' id='block_1_3' title="bbox 241 272 1027 308">
    <p class='ocr_par' dir='ltr' id='par_1_3' title="bbox 241 272 1027 308">
     <span class='ocr_line' id='line_1_3' title="bbox 241 272 1027 308; baseline -0.006 -6"><span class='ocrx_word' id='word_1_10' title='bbox 241 275 360 302; x_wconf 77' lang='lat' dir='ltr'><strong>molliora</strong></span> <span class='ocrx_word' id='word_1_11' title='bbox 380 275 481 301; x_wconf 86' lang='lat' dir='ltr'><strong>semina</strong></span> <span class='ocrx_word' id='word_1_12' title='bbox 499 278 527 301; x_wconf 85' lang='lat' dir='ltr'><strong>et</strong></span> <span class='ocrx_word' id='word_1_13' title='bbox 542 274 626 308; x_wconf 83' lang='lat' dir='ltr'><strong>magis</strong></span> <span class='ocrx_word' id='word_1_14' title='bbox 644 273 787 308; x_wconf 79' lang='lat' dir='ltr'><strong>frigescere</strong></span> <span class='ocrx_word' id='word_1_15' title='bbox 805 272 965 306; x_wconf 72' lang='lat' dir='ltr'><strong>indigentia,</strong></span> <span class='ocrx_word' id='word_1_16' title='bbox 978 278 1027 298; x_wconf 88' lang='lat' dir='ltr'><strong>nec</strong></span> 
     </span>
    </p>
   </div>
   <div class='ocr_carea' id='block_1_4' title="bbox 238 319 1027 353">
    <p class='ocr_par' dir='ltr' id='par_1_4' title="bbox 238 319 1027 353">
     <span class='ocr_line' id='line_1_4' title="bbox 238 319 1027 353; baseline -0.005 -7"><span class='ocrx_word' id='word_1_17' title='bbox 238 321 392 348; x_wconf 59' lang='lat' dir='ltr'><strong>callidiorem</strong></span> <span class='ocrx_word' id='word_1_18' title='bbox 417 320 519 347; x_wconf 90' lang='lat' dir='ltr'><strong>radium</strong></span> <span class='ocrx_word' id='word_1_19' title='bbox 545 319 684 346; x_wconf 89' lang='lat' dir='ltr'><strong>tolerant:</strong></span> <span class='ocrx_word' id='word_1_20' title='bbox 702 322 840 353; x_wconf 72' lang='lat' dir='ltr'><strong>postquam</strong></span> <span class='ocrx_word' id='word_1_21' title='bbox 862 324 927 343; x_wconf 87' lang='lat' dir='ltr'><strong>vero</strong></span> <span class='ocrx_word' id='word_1_22' title='bbox 951 320 1027 343; x_wconf 79' lang='lat' dir='ltr'><strong>aucta</strong></span> 
     </span>
    </p>
   </div>
   <div class='ocr_carea' id='block_1_5' title="bbox 239 364 1028 400">
    <p class='ocr_par' dir='ltr' id='par_1_5' title="bbox 239 364 1028 400">
     <span class='ocr_line' id='line_1_5' title="bbox 239 364 1028 400; baseline -0.005 -7"><span class='ocrx_word' id='word_1_23' title='bbox 239 367 335 394; x_wconf 86' lang='lat' dir='ltr'><strong>fuerint</strong></span> <span class='ocrx_word' id='word_1_24' title='bbox 349 388 355 396; x_wconf 86' lang='lat'><strong>.</strong></span> <span class='ocrx_word' id='word_1_25' title='bbox 372 374 422 393; x_wconf 82' lang='lat' dir='ltr'><strong>una</strong></span> <span class='ocrx_word' id='word_1_26' title='bbox 436 375 496 393; x_wconf 86' lang='lat' dir='ltr'><strong>eum</strong></span> <span class='ocrx_word' id='word_1_27' title='bbox 513 366 577 400; x_wconf 82' lang='lat' dir='ltr'><strong>ipsis</strong></span> <span class='ocrx_word' id='word_1_28' title='bbox 589 365 686 392; x_wconf 77' lang='lat' dir='ltr'><strong>crescit</strong></span> <span class='ocrx_word' id='word_1_29' title='bbox 705 372 810 391; x_wconf 87' lang='lat' dir='ltr'><strong>rursntn</strong></span> <span class='ocrx_word' id='word_1_30' title='bbox 834 364 892 390; x_wconf 86' lang='lat' dir='ltr'><strong>dies</strong></span> <span class='ocrx_word' id='word_1_31' title='bbox 903 383 911 396; x_wconf 89' lang='lat'><strong>,</strong></span> <span class='ocrx_word' id='word_1_32' title='bbox 923 368 950 390; x_wconf 88' lang='lat' dir='ltr'><strong>et</strong></span> <span class='ocrx_word' id='word_1_33' title='bbox 966 367 1028 389; x_wconf 90' lang='lat' dir='ltr'><strong>tunc</strong></span> 
     </span>
    </p>
   </div>
   <div class='ocr_carea' id='block_1_6' title="bbox 243 409 1027 446">
    <p class='ocr_par' dir='ltr' id='par_1_6' title="bbox 243 409 1027 446">
     <span class='ocr_line' id='line_1_6' title="bbox 243 409 1027 446; baseline -0.008 -6"><span class='ocrx_word' id='word_1_34' title='bbox 243 414 272 440; x_wconf 82' lang='lat' dir='ltr'><strong>tit</strong></span> <span class='ocrx_word' id='word_1_35' title='bbox 284 412 397 446; x_wconf 73' lang='lat' dir='ltr'><strong>longior,</strong></span> <span class='ocrx_word' id='word_1_36' title='bbox 413 411 520 446; x_wconf 85' lang='lat' dir='ltr'><strong>quando</strong></span> <span class='ocrx_word' id='word_1_37' title='bbox 530 411 584 446; x_wconf 91' lang='lat' dir='ltr'><strong>jam</strong></span> <span class='ocrx_word' id='word_1_38' title='bbox 603 410 674 445; x_wconf 83' lang='lat' dir='ltr'><strong>viget</strong></span> <span class='ocrx_word' id='word_1_39' title='bbox 698 410 809 436; x_wconf 85' lang='lat' dir='ltr'><strong>fructus.</strong></span> <span class='ocrx_word' id='word_1_40' title='bbox 825 409 880 435; x_wconf 87' lang='lat' dir='ltr'><strong>Hoc</strong></span> <span class='ocrx_word' id='word_1_41' title='bbox 892 415 956 434; x_wconf 87' lang='lat' dir='ltr'><strong>vero</strong></span> <span class='ocrx_word' id='word_1_42' title='bbox 975 414 1027 434; x_wconf 90' lang='lat' dir='ltr'><strong>non</strong></span> 
     </span>
    </p>
   </div>
   <div class='ocr_carea' id='block_1_7' title="bbox 236 454 1024 490">
    <p class='ocr_par' dir='ltr' id='par_1_7' title="bbox 236 454 1024 490">
     <span class='ocr_line' id='line_1_7' title="bbox 236 454 1024 490; baseline -0.008 -6"><span class='ocrx_word' id='word_1_43' title='bbox 236 457 382 484; x_wconf 84' lang='lat' dir='ltr'><strong>seminibus</strong></span> <span class='ocrx_word' id='word_1_44' title='bbox 391 461 502 488; x_wconf 74' lang='lat' dir='ltr'><strong>unitum,</strong></span> <span class='ocrx_word' id='word_1_45' title='bbox 517 455 562 483; x_wconf 88' lang='lat' dir='ltr'><strong>sed</strong></span> <span class='ocrx_word' id='word_1_46' title='bbox 574 456 652 482; x_wconf 86' lang='lat' dir='ltr'><strong>etiam</strong></span> <span class='ocrx_word' id='word_1_47' title='bbox 666 454 823 490; x_wconf 78' lang='lat' dir='ltr'><strong>Corporibus</strong></span> <span class='ocrx_word' id='word_1_48' title='bbox 836 457 1024 488; x_wconf 89' lang='lat' dir='ltr'><strong>opportunum.</strong></span> 
     </span>
    </p>
   </div>
   <div class='ocr_carea' id='block_1_8' title="bbox 237 499 1027 537">
    <p class='ocr_par' dir='ltr' id='par_1_8' title="bbox 237 499 1027 537">
     <span class='ocr_line' id='line_1_8' title="bbox 237 499 1027 537; baseline -0.004 -9"><span class='ocrx_word' id='word_1_49' title='bbox 237 503 366 537; x_wconf 79' lang='lat' dir='ltr'><strong>Quoniam</strong></span> <span class='ocrx_word' id='word_1_50' title='bbox 390 502 486 537; x_wconf 81' lang='lat' dir='ltr'><strong>hyeme</strong></span> <span class='ocrx_word' id='word_1_51' title='bbox 514 507 590 528; x_wconf 88' lang='lat' dir='ltr'><strong>nauta</strong></span> <span class='ocrx_word' id='word_1_52' title='bbox 605 521 612 533; x_wconf 84' lang='lat'><strong>,</strong></span> <span class='ocrx_word' id='word_1_53' title='bbox 627 501 789 536; x_wconf 70' lang='lat' dir='ltr'><strong>gubernator</strong></span> <span class='ocrx_word' id='word_1_54' title='bbox 801 505 828 527; x_wconf 91' lang='lat' dir='ltr'><strong>et</strong></span> <span class='ocrx_word' id='word_1_55' title='bbox 841 499 935 531; x_wconf 89' lang='lat' dir='ltr'><strong>viator,</strong></span> <span class='ocrx_word' id='word_1_56' title='bbox 951 499 1027 525; x_wconf 93' lang='lat' dir='ltr'><strong>miles</strong></span> 
     </span>
    </p>
   </div>
   <div class='ocr_carea' id='block_1_9' title="bbox 237 545 1028 583">
    <p class='ocr_par' dir='ltr' id='par_1_9' title="bbox 237 545 1028 583">
     <span class='ocr_line' id='line_1_9' title="bbox 237 545 1028 583; baseline -0.006 -8"><span class='ocrx_word' id='word_1_57' title='bbox 237 555 264 575; x_wconf 86' lang='lat' dir='ltr'><strong>et</strong></span> <span class='ocrx_word' id='word_1_58' title='bbox 282 548 397 583; x_wconf 82' lang='lat' dir='ltr'><strong>agricola</strong></span> <span class='ocrx_word' id='word_1_59' title='bbox 417 549 528 575; x_wconf 88' lang='lat' dir='ltr'><strong>mullum</strong></span> <span class='ocrx_word' id='word_1_60' title='bbox 552 547 624 574; x_wconf 92' lang='lat' dir='ltr'><strong>domi</strong></span> <span class='ocrx_word' id='word_1_61' title='bbox 640 547 749 579; x_wconf 85' lang='lat' dir='ltr'><strong>sedent,</strong></span> <span class='ocrx_word' id='word_1_62' title='bbox 761 545 820 580; x_wconf 88' lang='lat' dir='ltr'><strong>gelu</strong></span> <span class='ocrx_word' id='word_1_63' title='bbox 836 545 1028 577; x_wconf 86' lang='lat' dir='ltr'><strong>constricti,et</strong></span> 
     </span>
    </p>
   </div>
   <div class='ocr_carea' id='block_1_10' title="bbox 236 591 1027 629">
    <p class='ocr_par' dir='ltr' id='par_1_10' title="bbox 236 591 1027 629">
     <span class='ocr_line' id='line_1_10' title="bbox 236 591 1027 629; baseline -0.006 -6"><span class='ocrx_word' id='word_1_64' title='bbox 236 595 282 623; x_wconf 92' lang='lat' dir='ltr'><strong>otii</strong></span> <span class='ocrx_word' id='word_1_65' title='bbox 299 600 404 629; x_wconf 92' lang='lat' dir='ltr'><strong>tempus</strong></span> <span class='ocrx_word' id='word_1_66' title='bbox 426 599 466 622; x_wconf 89' lang='lat' dir='ltr'><strong>est</strong></span> <span class='ocrx_word' id='word_1_67' title='bbox 491 595 515 621; x_wconf 92' lang='lat' dir='ltr'><strong>in</strong></span> <span class='ocrx_word' id='word_1_68' title='bbox 532 594 629 629; x_wconf 86' lang='lat' dir='ltr'><strong>hyeme</strong></span> <span class='ocrx_word' id='word_1_69' title='bbox 642 614 649 626; x_wconf 90' lang='lat'><strong>,</strong></span> <span class='ocrx_word' id='word_1_70' title='bbox 671 593 731 628; x_wconf 85' lang='lat' dir='ltr'><strong>plus</strong></span> <span class='ocrx_word' id='word_1_71' title='bbox 746 592 871 627; x_wconf 83' lang='lat' dir='ltr'><strong>temporis</strong></span> <span class='ocrx_word' id='word_1_72' title='bbox 893 591 920 618; x_wconf 94' lang='lat' dir='ltr'><strong>in</strong></span> <span class='ocrx_word' id='word_1_73' title='bbox 935 596 1027 618; x_wconf 86' lang='lat' dir='ltr'><strong>noctes</strong></span> 
     </span>
    </p>
   </div>
   <div class='ocr_carea' id='block_1_11' title="bbox 237 635 1026 674">
    <p class='ocr_par' dir='ltr' id='par_1_11' title="bbox 237 635 1026 674">
     <span class='ocr_line' id='line_1_11' title="bbox 237 635 1026 674; baseline -0.006 -7"><span class='ocrx_word' id='word_1_74' title='bbox 237 639 352 674; x_wconf 80' lang='lat' dir='ltr'><strong>impendi</strong></span> <span class='ocrx_word' id='word_1_75' title='bbox 367 639 436 666; x_wconf 77' lang='lat' dir='ltr'><strong>Deus</strong></span> <span class='ocrx_word' id='word_1_76' title='bbox 453 639 600 671; x_wconf 74' lang='lat' dir='ltr'><strong>COIlslilltll,</strong></span> <span class='ocrx_word' id='word_1_77' title='bbox 621 645 653 666; x_wconf 86' lang='lat' dir='ltr'><strong>ne</strong></span> <span class='ocrx_word' id='word_1_78' title='bbox 671 638 723 665; x_wconf 89' lang='lat' dir='ltr'><strong>diei</strong></span> <span class='ocrx_word' id='word_1_79' title='bbox 749 635 1026 672; x_wconf 84' lang='lat' dir='ltr'><strong>longitudusupcrllua</strong></span> 
     </span>
    </p>
   </div>
   <div class='ocr_carea' id='block_1_12' title="bbox 237 682 1028 717">
    <p class='ocr_par' dir='ltr' id='par_1_12' title="bbox 237 682 1028 717">
     <span class='ocr_line' id='line_1_12' title="bbox 237 682 1028 717; baseline -0.005 -5"><span class='ocrx_word' id='word_1_80' title='bbox 237 687 282 717; x_wconf 85' lang='lat' dir='ltr'><strong>sit,</strong></span> <span class='ocrx_word' id='word_1_81' title='bbox 298 685 362 712; x_wconf 81' lang='lat' dir='ltr'><strong>nihil</strong></span> <span class='ocrx_word' id='word_1_82' title='bbox 376 685 527 712; x_wconf 84' lang='lat' dir='ltr'><strong>hominibus</strong></span> <span class='ocrx_word' id='word_1_83' title='bbox 543 684 630 711; x_wconf 71' lang='lat' dir='ltr'><strong>facere</strong></span> <span class='ocrx_word' id='word_1_84' title='bbox 641 683 800 711; x_wconf 76' lang='lat' dir='ltr'><strong>valentibus.</strong></span> <span class='ocrx_word' id='word_1_85' title='bbox 815 682 880 716; x_wconf 83' lang='lat' dir='ltr'><strong>Quis</strong></span> <span class='ocrx_word' id='word_1_86' title='bbox 893 682 956 709; x_wconf 87' lang='lat' dir='ltr'><strong>anni</strong></span> <span class='ocrx_word' id='word_1_87' title='bbox 967 689 1028 717; x_wconf 85' lang='lat' dir='ltr'><strong>par-</strong></span> 
     </span>
    </p>
   </div>
   <div class='ocr_carea' id='block_1_13' title="bbox 235 728 1024 764">
    <p class='ocr_par' dir='ltr' id='par_1_13' title="bbox 235 728 1024 764">
     <span class='ocr_line' id='line_1_13' title="bbox 235 728 1024 764; baseline -0.005 -6"><span class='ocrx_word' id='word_1_88' title='bbox 235 732 299 758; x_wconf 93' lang='lat' dir='ltr'><strong>tium</strong></span> <span class='ocrx_word' id='word_1_89' title='bbox 324 731 445 758; x_wconf 64' lang='lat' dir='ltr'><strong>ordinem</strong></span> <span class='ocrx_word' id='word_1_90' title='bbox 471 730 561 757; x_wconf 84' lang='lat' dir='ltr'><strong>dicere</strong></span> <span class='ocrx_word' id='word_1_91' title='bbox 586 730 670 764; x_wconf 79' lang='lat' dir='ltr'><strong>possit</strong></span> <span class='ocrx_word' id='word_1_92' title='bbox 683 729 695 756; x_wconf 86' lang='lat'><strong>?</strong></span> <span class='ocrx_word' id='word_1_93' title='bbox 707 728 841 764; x_wconf 90' lang='lat' dir='ltr'><strong>quomodo</strong></span> <span class='ocrx_word' id='word_1_94' title='bbox 854 732 881 755; x_wconf 87' lang='lat' dir='ltr'><strong>et</strong></span> <span class='ocrx_word' id='word_1_95' title='bbox 894 728 936 755; x_wconf 74' lang='lat' dir='ltr'><strong>ba&#39;</strong></span> <span class='ocrx_word' id='word_1_96' title='bbox 955 732 1024 755; x_wconf 83' lang='lat' dir='ltr'><strong>tant-</strong></span> 
     </span>
    </p>
   </div>
   <div class='ocr_carea' id='block_1_14' title="bbox 236 774 1024 811">
    <p class='ocr_par' dir='ltr' id='par_1_14' title="bbox 236 774 1024 811">
     <span class='ocr_line' id='line_1_14' title="bbox 236 774 1024 811; baseline -0.001 -9"><span class='ocrx_word' id='word_1_97' title='bbox 236 785 314 811; x_wconf 88' lang='lat' dir='ltr'><strong>quaut</strong></span> <span class='ocrx_word' id='word_1_98' title='bbox 329 777 445 811; x_wconf 74' lang='lat' dir='ltr'><strong>virgines</strong></span> <span class='ocrx_word' id='word_1_99' title='bbox 461 776 582 811; x_wconf 66' lang='lat' dir='ltr'><strong>quaedam</strong></span> <span class='ocrx_word' id='word_1_100' title='bbox 599 776 625 802; x_wconf 95' lang='lat' dir='ltr'><strong>in</strong></span> <span class='ocrx_word' id='word_1_101' title='bbox 643 783 710 811; x_wconf 78' lang='lat' dir='ltr'><strong>gyro</strong></span> <span class='ocrx_word' id='word_1_102' title='bbox 719 776 926 807; x_wconf 82' lang='lat' dir='ltr'><strong>saltantes,cutn</strong></span> <span class='ocrx_word' id='word_1_103' title='bbox 943 774 1024 802; x_wconf 83' lang='lat' dir='ltr'><strong>multa</strong></span> 
     </span>
    </p>
   </div>
   <div class='ocr_carea' id='block_1_15' title="bbox 236 821 1024 856">
    <p class='ocr_par' dir='ltr' id='par_1_15' title="bbox 236 821 1024 856">
     <span class='ocr_line' id='line_1_15' title="bbox 236 821 1024 856; baseline -0.001 -7"><span class='ocrx_word' id='word_1_104' title='bbox 236 823 339 849; x_wconf 77' lang='lat' dir='ltr'><strong>ratione</strong></span> <span class='ocrx_word' id='word_1_105' title='bbox 353 822 403 849; x_wconf 83' lang='lat' dir='ltr'><strong>sibi</strong></span> <span class='ocrx_word' id='word_1_106' title='bbox 417 827 509 849; x_wconf 92' lang='lat' dir='ltr'><strong>mutuo</strong></span> <span class='ocrx_word' id='word_1_107' title='bbox 521 822 678 854; x_wconf 87' lang='lat' dir='ltr'><strong>succedunt,</strong></span> <span class='ocrx_word' id='word_1_108' title='bbox 694 826 720 849; x_wconf 89' lang='lat' dir='ltr'><strong>et</strong></span> <span class='ocrx_word' id='word_1_109' title='bbox 735 821 860 856; x_wconf 82' lang='lat' dir='ltr'><strong>paulatim</strong></span> <span class='ocrx_word' id='word_1_110' title='bbox 876 821 935 848; x_wconf 85' lang='lat' dir='ltr'><strong>sine</strong></span> <span class='ocrx_word' id='word_1_111' title='bbox 953 825 1024 848; x_wconf 87' lang='lat' dir='ltr'><strong>stre-</strong></span> 
     </span>
    </p>
   </div>
   <div class='ocr_carea' id='block_1_16' title="bbox 236 865 1022 902">
    <p class='ocr_par' dir='ltr' id='par_1_16' title="bbox 236 865 1022 902">
     <span class='ocr_line' id='line_1_16' title="bbox 236 865 1022 902; baseline 0 -9"><span class='ocrx_word' id='word_1_112' title='bbox 236 868 291 902; x_wconf 81' lang='lat' dir='ltr'><strong>pitu</strong></span> <span class='ocrx_word' id='word_1_113' title='bbox 308 867 339 894; x_wconf 89' lang='lat' dir='ltr'><strong>ad</strong></span> <span class='ocrx_word' id='word_1_114' title='bbox 351 868 498 895; x_wconf 86' lang='lat' dir='ltr'><strong>contrarias</strong></span> <span class='ocrx_word' id='word_1_115' title='bbox 510 868 604 895; x_wconf 73' lang='lat' dir='ltr'><strong>media:</strong></span> <span class='ocrx_word' id='word_1_116' title='bbox 619 867 733 895; x_wconf 86' lang='lat' dir='ltr'><strong>transire</strong></span> <span class='ocrx_word' id='word_1_117' title='bbox 748 874 800 894; x_wconf 91' lang='lat' dir='ltr'><strong>non</strong></span> <span class='ocrx_word' id='word_1_118' title='bbox 814 871 921 894; x_wconf 83' lang='lat' dir='ltr'><strong>cessant</strong></span> <span class='ocrx_word' id='word_1_119' title='bbox 932 865 944 893; x_wconf 84' lang='lat'><strong>?</strong></span> <span class='ocrx_word' id='word_1_120' title='bbox 954 866 1022 893; x_wconf 87' lang='lat' dir='ltr'><strong>Pro-</strong></span> 
     </span>
    </p>
   </div>
   <div class='ocr_carea' id='block_1_17' title="bbox 235 913 1024 950">
    <p class='ocr_par' dir='ltr' id='par_1_17' title="bbox 235 913 1024 950">
     <span class='ocr_line' id='line_1_17' title="bbox 235 913 1024 950; baseline 0 -9"><span class='ocrx_word' id='word_1_121' title='bbox 235 919 323 948; x_wconf 86' lang='lat' dir='ltr'><strong>pterea</strong></span> <span class='ocrx_word' id='word_1_122' title='bbox 339 922 387 941; x_wconf 86' lang='lat' dir='ltr'><strong>uec</strong></span> <span class='ocrx_word' id='word_1_123' title='bbox 399 915 432 941; x_wconf 91' lang='lat' dir='ltr'><strong>ab</strong></span> <span class='ocrx_word' id='word_1_124' title='bbox 455 915 550 950; x_wconf 88' lang='lat' dir='ltr'><strong>hyeme</strong></span> <span class='ocrx_word' id='word_1_125' title='bbox 564 922 612 941; x_wconf 82' lang='lat' dir='ltr'><strong>tios</strong></span> <span class='ocrx_word' id='word_1_126' title='bbox 631 914 729 949; x_wconf 76' lang='lat' dir='ltr'><strong>excipit</strong></span> <span class='ocrx_word' id='word_1_127' title='bbox 744 918 833 943; x_wconf 76' lang='lat' dir='ltr'><strong>testas.</strong></span> <span class='ocrx_word' id='word_1_128' title='bbox 850 921 899 940; x_wconf 90' lang='lat' dir='ltr'><strong>nec</strong></span> <span class='ocrx_word' id='word_1_129' title='bbox 920 913 954 940; x_wconf 91' lang='lat' dir='ltr'><strong>ab</strong></span> <span class='ocrx_word' id='word_1_130' title='bbox 966 913 1024 948; x_wconf 84' lang='lat' dir='ltr'><strong>ipsa</strong></span> 
     </span>
    </p>
   </div>
   <div class='ocr_carea' id='block_1_18' title="bbox 235 959 1022 996">
    <p class='ocr_par' dir='ltr' id='par_1_18' title="bbox 235 959 1022 996">
     <span class='ocr_line' id='line_1_18' title="bbox 235 959 1022 996; baseline -0.001 -9"><span class='ocrx_word' id='word_1_131' title='bbox 235 961 323 987; x_wconf 79' lang='lat' dir='ltr'><strong>statim</strong></span> <span class='ocrx_word' id='word_1_132' title='bbox 339 961 444 996; x_wconf 83' lang='lat' dir='ltr'><strong>byems,</strong></span> <span class='ocrx_word' id='word_1_133' title='bbox 459 960 505 987; x_wconf 87' lang='lat' dir='ltr'><strong>sed</strong></span> <span class='ocrx_word' id='word_1_134' title='bbox 520 960 635 987; x_wconf 90' lang='lat' dir='ltr'><strong>medium</strong></span> <span class='ocrx_word' id='word_1_135' title='bbox 652 967 701 986; x_wconf 82' lang='lat' dir='ltr'><strong>ver</strong></span> <span class='ocrx_word' id='word_1_136' title='bbox 715 959 899 994; x_wconf 87' lang='lat' dir='ltr'><strong>interpositum</strong></span> <span class='ocrx_word' id='word_1_137' title='bbox 914 964 970 993; x_wconf 89' lang='lat' dir='ltr'><strong>est,</strong></span> <span class='ocrx_word' id='word_1_138' title='bbox 987 961 1022 987; x_wconf 85' lang='lat' dir='ltr'><strong>ita</strong></span> 
     </span>
    </p>
   </div>
   <div class='ocr_carea' id='block_1_19' title="bbox 234 1005 1021 1040">
    <p class='ocr_par' dir='ltr' id='par_1_19' title="bbox 234 1005 1021 1040">
     <span class='ocr_line' id='line_1_19' title="bbox 234 1005 1021 1040; baseline 0 -8"><span class='ocrx_word' id='word_1_139' title='bbox 234 1012 262 1034; x_wconf 92' lang='lat' dir='ltr'><strong>ut</strong></span> <span class='ocrx_word' id='word_1_140' title='bbox 276 1006 375 1034; x_wconf 85' lang='lat' dir='ltr'><strong>sensim</strong></span> <span class='ocrx_word' id='word_1_141' title='bbox 390 1011 416 1033; x_wconf 89' lang='lat' dir='ltr'><strong>et</strong></span> <span class='ocrx_word' id='word_1_142' title='bbox 430 1006 556 1040; x_wconf 82' lang='lat' dir='ltr'><strong>paulatim</strong></span> <span class='ocrx_word' id='word_1_143' title='bbox 571 1005 775 1032; x_wconf 75' lang='lat' dir='ltr'><strong>succedentibus</strong></span> <span class='ocrx_word' id='word_1_144' title='bbox 790 1005 899 1031; x_wconf 83' lang='lat' dir='ltr'><strong>densata</strong></span> <span class='ocrx_word' id='word_1_145' title='bbox 909 1013 1021 1040; x_wconf 82' lang='lat' dir='ltr'><strong>corpora</strong></span> 
     </span>
    </p>
   </div>
   <div class='ocr_carea' id='block_1_20' title="bbox 234 1051 1023 1085">
    <p class='ocr_par' dir='ltr' id='par_1_20' title="bbox 234 1051 1023 1085">
     <span class='ocr_line' id='line_1_20' title="bbox 234 1051 1023 1085; baseline -0.001 -7"><span class='ocrx_word' id='word_1_146' title='bbox 234 1058 322 1078; x_wconf 87' lang='lat' dir='ltr'><strong>nostra</strong></span> <span class='ocrx_word' id='word_1_147' title='bbox 340 1053 426 1078; x_wconf 71' lang='lat' dir='ltr'><strong>testati</strong></span> <span class='ocrx_word' id='word_1_148' title='bbox 446 1052 504 1078; x_wconf 89' lang='lat' dir='ltr'><strong>sine</strong></span> <span class='ocrx_word' id='word_1_149' title='bbox 530 1052 634 1078; x_wconf 83' lang='lat' dir='ltr'><strong>tristitia</strong></span> <span class='ocrx_word' id='word_1_150' title='bbox 660 1051 793 1078; x_wconf 81' lang='lat' dir='ltr'><strong>adducat:</strong></span> <span class='ocrx_word' id='word_1_151' title='bbox 811 1052 936 1085; x_wconf 85' lang='lat' dir='ltr'><strong>quoniam</strong></span> <span class='ocrx_word' id='word_1_152' title='bbox 952 1052 1023 1078; x_wconf 90' lang='lat' dir='ltr'><strong>enim</strong></span> 
     </span>
    </p>
   </div>
   <div class='ocr_carea' id='block_1_21' title="bbox 232 1098 1024 1126">
    <p class='ocr_par' dir='ltr' id='par_1_21' title="bbox 232 1098 1024 1126">
     <span class='ocr_line' id='line_1_21' title="bbox 232 1098 1024 1126; baseline -0.003 -1"><span class='ocrx_word' id='word_1_153' title='bbox 232 1099 379 1126; x_wconf 81' lang='lat' dir='ltr'><strong>subitanea:</strong></span> <span class='ocrx_word' id='word_1_154' title='bbox 394 1098 420 1124; x_wconf 92' lang='lat' dir='ltr'><strong>in</strong></span> <span class='ocrx_word' id='word_1_155' title='bbox 435 1098 600 1125; x_wconf 86' lang='lat' dir='ltr'><strong>contrarium</strong></span> <span class='ocrx_word' id='word_1_156' title='bbox 622 1098 781 1124; x_wconf 76' lang='lat' dir='ltr'><strong>mutationes</strong></span> <span class='ocrx_word' id='word_1_157' title='bbox 795 1102 982 1123; x_wconf 73' lang='lat' dir='ltr'><strong>nocumrntum</strong></span> <span class='ocrx_word' id='word_1_158' title='bbox 997 1101 1024 1124; x_wconf 90' lang='lat' dir='ltr'><strong>et</strong></span> 
     </span>
    </p>
   </div>
   <div class='ocr_carea' id='block_1_22' title="bbox 233 1143 1024 1179">
    <p class='ocr_par' dir='ltr' id='par_1_22' title="bbox 233 1143 1024 1179">
     <span class='ocr_line' id='line_1_22' title="bbox 233 1143 1024 1179; baseline -0.003 -8"><span class='ocrx_word' id='word_1_159' title='bbox 233 1145 355 1171; x_wconf 85' lang='lat' dir='ltr'><strong>morbum</strong></span> <span class='ocrx_word' id='word_1_160' title='bbox 381 1145 485 1179; x_wconf 83' lang='lat' dir='ltr'><strong>pariunt</strong></span> <span class='ocrx_word' id='word_1_161' title='bbox 511 1149 681 1175; x_wconf 76' lang='lat' dir='ltr'><strong>extremum,</strong></span> <span class='ocrx_word' id='word_1_162' title='bbox 702 1143 865 1178; x_wconf 78' lang='lat' dir='ltr'><strong>dispensarit</strong></span> <span class='ocrx_word' id='word_1_163' title='bbox 895 1143 965 1170; x_wconf 86' lang='lat' dir='ltr'><strong>Deus</strong></span> <span class='ocrx_word' id='word_1_164' title='bbox 990 1143 1024 1169; x_wconf 88' lang='lat' dir='ltr'><strong>ab</strong></span> 
     </span>
    </p>
   </div>
   <div class='ocr_carea' id='block_1_23' title="bbox 233 1190 1018 1226">
    <p class='ocr_par' dir='ltr' id='par_1_23' title="bbox 233 1190 1018 1226">
     <span class='ocr_line' id='line_1_23' title="bbox 233 1190 1018 1226; baseline -0.004 -8"><span class='ocrx_word' id='word_1_165' title='bbox 233 1192 327 1226; x_wconf 85' lang='lat' dir='ltr'><strong>hyeme</strong></span> <span class='ocrx_word' id='word_1_166' title='bbox 338 1190 444 1225; x_wconf 86' lang='lat' dir='ltr'><strong>quidem</strong></span> <span class='ocrx_word' id='word_1_167' title='bbox 457 1197 503 1217; x_wconf 82' lang='lat' dir='ltr'><strong>ver</strong></span> <span class='ocrx_word' id='word_1_168' title='bbox 519 1198 566 1216; x_wconf 81' lang='lat' dir='ltr'><strong>nos</strong></span> <span class='ocrx_word' id='word_1_169' title='bbox 580 1191 704 1224; x_wconf 72' lang='lat' dir='ltr'><strong>excipere</strong></span> <span class='ocrx_word' id='word_1_170' title='bbox 715 1209 723 1221; x_wconf 87' lang='lat'><strong>,</strong></span> <span class='ocrx_word' id='word_1_171' title='bbox 737 1197 753 1216; x_wconf 87' lang='lat' dir='ltr'><strong>a</strong></span> <span class='ocrx_word' id='word_1_172' title='bbox 770 1197 832 1216; x_wconf 84' lang='lat' dir='ltr'><strong>vere</strong></span> <span class='ocrx_word' id='word_1_173' title='bbox 845 1197 862 1223; x_wconf 93' lang='lat' dir='ltr'><strong>p</strong></span> <span class='ocrx_word' id='word_1_174' title='bbox 881 1196 925 1216; x_wconf 90' lang='lat' dir='ltr'><strong>rro</strong></span> <span class='ocrx_word' id='word_1_175' title='bbox 938 1195 1018 1215; x_wconf 73' lang='lat' dir='ltr'><strong>testa-</strong></span> 
     </span>
    </p>
   </div>
   <div class='ocr_carea' id='block_1_24' title="bbox 236 1235 1022 1270">
    <p class='ocr_par' dir='ltr' id='par_1_24' title="bbox 236 1235 1022 1270">
     <span class='ocr_line' id='line_1_24' title="bbox 236 1235 1022 1270; baseline -0.003 -7"><span class='ocrx_word' id='word_1_176' title='bbox 236 1242 300 1268; x_wconf 84' lang='lat' dir='ltr'><strong>lem,</strong></span> <span class='ocrx_word' id='word_1_177' title='bbox 311 1237 345 1263; x_wconf 90' lang='lat' dir='ltr'><strong>ab</strong></span> <span class='ocrx_word' id='word_1_178' title='bbox 356 1240 448 1263; x_wconf 83' lang='lat' dir='ltr'><strong>a-statc</strong></span> <span class='ocrx_word' id='word_1_179' title='bbox 459 1241 625 1266; x_wconf 85' lang='lat' dir='ltr'><strong>autumnum,</strong></span> <span class='ocrx_word' id='word_1_180' title='bbox 637 1240 663 1262; x_wconf 88' lang='lat' dir='ltr'><strong>et</strong></span> <span class='ocrx_word' id='word_1_181' title='bbox 677 1236 714 1262; x_wconf 89' lang='lat' dir='ltr'><strong>sic</strong></span> <span class='ocrx_word' id='word_1_182' title='bbox 725 1235 812 1270; x_wconf 81' lang='lat' dir='ltr'><strong>hyemi</strong></span> <span class='ocrx_word' id='word_1_183' title='bbox 828 1235 1022 1262; x_wconf 83' lang='lat' dir='ltr'><strong>transmittere:</strong></span> 
     </span>
    </p>
   </div>
   <div class='ocr_carea' id='block_1_25' title="bbox 233 1281 1022 1317">
    <p class='ocr_par' dir='ltr' id='par_1_25' title="bbox 233 1281 1022 1317">
     <span class='ocr_line' id='line_1_25' title="bbox 233 1281 1022 1317; baseline -0.001 -8"><span class='ocrx_word' id='word_1_184' title='bbox 233 1284 320 1317; x_wconf 88' lang='lat' dir='ltr'><strong>itaqttc</strong></span> <span class='ocrx_word' id='word_1_185' title='bbox 337 1283 457 1309; x_wconf 70' lang='lat' dir='ltr'><strong>innocua:</strong></span> <span class='ocrx_word' id='word_1_186' title='bbox 477 1287 504 1309; x_wconf 84' lang='lat' dir='ltr'><strong>et</strong></span> <span class='ocrx_word' id='word_1_187' title='bbox 528 1281 701 1316; x_wconf 83' lang='lat' dir='ltr'><strong>procedentes</strong></span> <span class='ocrx_word' id='word_1_188' title='bbox 724 1281 848 1315; x_wconf 88' lang='lat' dir='ltr'><strong>paulatim</strong></span> <span class='ocrx_word' id='word_1_189' title='bbox 864 1281 1022 1308; x_wconf 74' lang='lat' dir='ltr'><strong>minationes</strong></span> 
     </span>
    </p>
   </div>
   <div class='ocr_carea' id='block_1_26' title="bbox 232 1327 1022 1362">
    <p class='ocr_par' dir='ltr' id='par_1_26' title="bbox 232 1327 1022 1362">
     <span class='ocr_line' id='line_1_26' title="bbox 232 1327 1022 1362; baseline -0.003 -6"><span class='ocrx_word' id='word_1_190' title='bbox 232 1337 263 1356; x_wconf 79' lang='lat' dir='ltr'><strong>ex</strong></span> <span class='ocrx_word' id='word_1_191' title='bbox 277 1329 416 1356; x_wconf 81' lang='lat' dir='ltr'><strong>contrariis</strong></span> <span class='ocrx_word' id='word_1_192' title='bbox 426 1329 487 1355; x_wconf 90' lang='lat' dir='ltr'><strong>anui</strong></span> <span class='ocrx_word' id='word_1_193' title='bbox 500 1328 699 1362; x_wconf 81' lang='lat' dir='ltr'><strong>tempestatibus</strong></span> <span class='ocrx_word' id='word_1_194' title='bbox 714 1336 761 1361; x_wconf 88' lang='lat' dir='ltr'><strong>per</strong></span> <span class='ocrx_word' id='word_1_195' title='bbox 770 1328 872 1354; x_wconf 86' lang='lat' dir='ltr'><strong>medias</strong></span> <span class='ocrx_word' id='word_1_196' title='bbox 884 1328 960 1354; x_wconf 88' lang='lat' dir='ltr'><strong>nobis</strong></span> <span class='ocrx_word' id='word_1_197' title='bbox 972 1327 1022 1354; x_wconf 89' lang='lat' dir='ltr'><strong>ad-</strong></span> 
     </span>
    </p>
   </div>
   <div class='ocr_carea' id='block_1_27' title="bbox 232 1373 1025 1408">
    <p class='ocr_par' dir='ltr' id='par_1_27' title="bbox 232 1373 1025 1408">
     <span class='ocr_line' id='line_1_27' title="bbox 232 1373 1025 1408; baseline 0 -8"><span class='ocrx_word' id='word_1_198' title='bbox 232 1375 350 1401; x_wconf 81' lang='lat' dir='ltr'><strong>\‘cninnt.</strong></span> <span class='ocrx_word' id='word_1_199' title='bbox 364 1375 428 1408; x_wconf 82' lang='lat' dir='ltr'><strong>Quis</strong></span> <span class='ocrx_word' id='word_1_200' title='bbox 443 1374 521 1408; x_wconf 79' lang='lat' dir='ltr'><strong>igitur</strong></span> <span class='ocrx_word' id='word_1_201' title='bbox 531 1378 584 1401; x_wconf 83' lang='lat' dir='ltr'><strong>tam</strong></span> <span class='ocrx_word' id='word_1_202' title='bbox 598 1374 679 1400; x_wconf 88' lang='lat' dir='ltr'><strong>miser</strong></span> <span class='ocrx_word' id='word_1_203' title='bbox 691 1377 718 1400; x_wconf 89' lang='lat' dir='ltr'><strong>ct</strong></span> <span class='ocrx_word' id='word_1_204' title='bbox 731 1373 960 1407; x_wconf 75' lang='lat' dir='ltr'><strong>:erumtnosus,qni</strong></span> <span class='ocrx_word' id='word_1_205' title='bbox 971 1381 1025 1400; x_wconf 53' lang='lat' dir='ltr'><strong>con»</strong></span> 
     </span>
    </p>
   </div>
   <div class='ocr_carea' id='block_1_28' title="bbox 234 1420 1021 1454">
    <p class='ocr_par' dir='ltr' id='par_1_28' title="bbox 234 1420 1021 1454">
     <span class='ocr_line' id='line_1_28' title="bbox 234 1420 1021 1454; baseline -0.001 -8"><span class='ocrx_word' id='word_1_206' title='bbox 234 1420 286 1446; x_wconf 92' lang='lat' dir='ltr'><strong>lum</strong></span> <span class='ocrx_word' id='word_1_207' title='bbox 303 1421 410 1454; x_wconf 86' lang='lat' dir='ltr'><strong>quidem</strong></span> <span class='ocrx_word' id='word_1_208' title='bbox 423 1427 538 1447; x_wconf 85' lang='lat' dir='ltr'><strong>cernens</strong></span> <span class='ocrx_word' id='word_1_209' title='bbox 548 1440 556 1451; x_wconf 91' lang='lat'><strong>,</strong></span> <span class='ocrx_word' id='word_1_210' title='bbox 571 1427 684 1446; x_wconf 89' lang='lat' dir='ltr'><strong>cernens</strong></span> <span class='ocrx_word' id='word_1_211' title='bbox 700 1427 764 1446; x_wconf 88' lang='lat' dir='ltr'><strong>vero</strong></span> <span class='ocrx_word' id='word_1_212' title='bbox 779 1427 852 1446; x_wconf 85' lang='lat' dir='ltr'><strong>mare</strong></span> <span class='ocrx_word' id='word_1_213' title='bbox 873 1424 899 1446; x_wconf 89' lang='lat' dir='ltr'><strong>ct</strong></span> <span class='ocrx_word' id='word_1_214' title='bbox 912 1424 1021 1452; x_wconf 85' lang='lat' dir='ltr'><strong>terram,</strong></span> 
     </span>
    </p>
   </div>
   <div class='ocr_carea' id='block_1_29' title="bbox 233 1465 1022 1500">
    <p class='ocr_par' dir='ltr' id='par_1_29' title="bbox 233 1465 1022 1500">
     <span class='ocr_line' id='line_1_29' title="bbox 233 1465 1022 1500; baseline -0.001 -8"><span class='ocrx_word' id='word_1_215' title='bbox 233 1467 422 1499; x_wconf 83' lang='lat' dir='ltr'><strong>tempestatum</strong></span> <span class='ocrx_word' id='word_1_216' title='bbox 433 1466 494 1492; x_wconf 86' lang='lat' dir='ltr'><strong>anni</strong></span> <span class='ocrx_word' id='word_1_217' title='bbox 510 1465 664 1500; x_wconf 86' lang='lat' dir='ltr'><strong>temperiem</strong></span> <span class='ocrx_word' id='word_1_218' title='bbox 681 1470 734 1492; x_wconf 83' lang='lat' dir='ltr'><strong>tam</strong></span> <span class='ocrx_word' id='word_1_219' title='bbox 747 1465 886 1499; x_wconf 71' lang='lat' dir='ltr'><strong>diligenter</strong></span> <span class='ocrx_word' id='word_1_220' title='bbox 902 1465 1022 1492; x_wconf 86' lang='lat' dir='ltr'><strong>modera-</strong></span> 
     </span>
    </p>
   </div>
   <div class='ocr_carea' id='block_1_30' title="bbox 233 1506 1023 1543">
    <p class='ocr_par' dir='ltr' id='par_1_30' title="bbox 233 1506 1023 1543">
     <span class='ocr_line' id='line_1_30' title="bbox 233 1506 1023 1543; baseline 0.001 -6"><span class='ocrx_word' id='word_1_221' title='bbox 233 1514 344 1543; x_wconf 83' lang='lat' dir='ltr'><strong>tam,et</strong></span> <span class='ocrx_word' id='word_1_222' title='bbox 365 1506 550 1538; x_wconf 77' lang='lat' dir='ltr'><strong>inconcussum</strong></span> <span class='ocrx_word' id='word_1_223' title='bbox 572 1511 624 1538; x_wconf 89' lang='lat' dir='ltr'><strong>diei</strong></span> <span class='ocrx_word' id='word_1_224' title='bbox 657 1515 684 1538; x_wconf 86' lang='lat' dir='ltr'><strong>et</strong></span> <span class='ocrx_word' id='word_1_225' title='bbox 707 1511 791 1538; x_wconf 84' lang='lat' dir='ltr'><strong>n0ctis</strong></span> <span class='ocrx_word' id='word_1_226' title='bbox 812 1511 949 1543; x_wconf 84' lang='lat' dir='ltr'><strong>ordinem,</strong></span> <span class='ocrx_word' id='word_1_227' title='bbox 966 1510 1023 1538; x_wconf 77' lang='lat' dir='ltr'><strong>hch</strong></span> 
     </span>
    </p>
   </div>
   <div class='ocr_carea' id='block_1_31' title="bbox 235 1556 1022 1592">
    <p class='ocr_par' dir='ltr' id='par_1_31' title="bbox 235 1556 1022 1592">
     <span class='ocr_line' id='line_1_31' title="bbox 235 1556 1022 1592; baseline 0.001 -9"><span class='ocrx_word' id='word_1_228' title='bbox 235 1562 330 1591; x_wconf 88' lang='lat' dir='ltr'><strong>sponte</strong></span> <span class='ocrx_word' id='word_1_229' title='bbox 343 1557 400 1584; x_wconf 82' lang='lat' dir='ltr'><strong>ficri</strong></span> <span class='ocrx_word' id='word_1_230' title='bbox 416 1561 488 1592; x_wconf 86' lang='lat' dir='ltr'><strong>putet</strong></span> <span class='ocrx_word' id='word_1_231' title='bbox 499 1578 507 1590; x_wconf 76' lang='lat'><strong>,</strong></span> <span class='ocrx_word' id='word_1_232' title='bbox 522 1564 572 1584; x_wconf 90' lang='lat' dir='ltr'><strong>nec</strong></span> <span class='ocrx_word' id='word_1_233' title='bbox 585 1557 676 1584; x_wconf 88' lang='lat' dir='ltr'><strong>adoret</strong></span> <span class='ocrx_word' id='word_1_234' title='bbox 692 1565 750 1584; x_wconf 89' lang='lat' dir='ltr'><strong>cum</strong></span> <span class='ocrx_word' id='word_1_235' title='bbox 764 1578 770 1588; x_wconf 87' lang='grc'>,</span> <span class='ocrx_word' id='word_1_236' title='bbox 786 1557 830 1592; x_wconf 88' lang='lat' dir='ltr'><strong>qui</strong></span> <span class='ocrx_word' id='word_1_237' title='bbox 854 1556 911 1584; x_wconf 73' lang='grc' dir='ltr'><strong>Ι]ωο</strong></span> <span class='ocrx_word' id='word_1_238' title='bbox 934 1557 1022 1584; x_wconf 89' lang='lat' dir='ltr'><strong>omnia</strong></span> 
     </span>
    </p>
   </div>
   <div class='ocr_carea' id='block_1_32' title="bbox 232 1602 1022 1638">
    <p class='ocr_par' dir='ltr' id='par_1_32' title="bbox 232 1602 1022 1638">
     <span class='ocr_line' id='line_1_32' title="bbox 232 1602 1022 1638; baseline 0 -8"><span class='ocrx_word' id='word_1_239' title='bbox 232 1610 293 1630; x_wconf 83' lang='lat' dir='ltr'><strong>cum</strong></span> <span class='ocrx_word' id='word_1_240' title='bbox 308 1603 435 1638; x_wconf 82' lang='lat' dir='ltr'><strong>sapientia</strong></span> <span class='ocrx_word' id='word_1_241' title='bbox 455 1610 570 1638; x_wconf 88' lang='lat' dir='ltr'><strong>congrua</strong></span> <span class='ocrx_word' id='word_1_242' title='bbox 581 1602 733 1637; x_wconf 85' lang='lat' dir='ltr'><strong>disposuit?</strong></span> <span class='ocrx_word' id='word_1_243' title='bbox 746 1603 836 1630; x_wconf 83' lang='lat' dir='ltr'><strong>Habeo</strong></span> <span class='ocrx_word' id='word_1_244' title='bbox 849 1602 919 1638; x_wconf 92' lang='lat' dir='ltr'><strong>quod</strong></span> <span class='ocrx_word' id='word_1_245' title='bbox 933 1603 1022 1630; x_wconf 89' lang='lat' dir='ltr'><strong>dicam</strong></span> 
     </span>
    </p>
   </div>
   <div class='ocr_carea' id='block_1_33' title="bbox 232 1648 1022 1683">
    <p class='ocr_par' dir='ltr' id='par_1_33' title="bbox 232 1648 1022 1683">
     <span class='ocr_line' id='line_1_33' title="bbox 232 1648 1022 1683; baseline -0.003 -7"><span class='ocrx_word' id='word_1_246' title='bbox 232 1652 261 1676; x_wconf 86' lang='lat' dir='ltr'><strong>et</strong></span> <span class='ocrx_word' id='word_1_247' title='bbox 283 1648 323 1675; x_wconf 92' lang='lat' dir='ltr'><strong>bis</strong></span> <span class='ocrx_word' id='word_1_248' title='bbox 344 1648 428 1683; x_wconf 83' lang='lat' dir='ltr'><strong>majus</strong></span> <span class='ocrx_word' id='word_1_249' title='bbox 452 1657 460 1675; x_wconf 92' lang='lat'><strong>:</strong></span> <span class='ocrx_word' id='word_1_250' title='bbox 483 1656 534 1675; x_wconf 90' lang='lat' dir='ltr'><strong>non</strong></span> <span class='ocrx_word' id='word_1_251' title='bbox 547 1649 617 1675; x_wconf 87' lang='lat' dir='ltr'><strong>enim</strong></span> <span class='ocrx_word' id='word_1_252' title='bbox 642 1648 795 1683; x_wconf 78' lang='lat' dir='ltr'><strong>magnitudo</strong></span> <span class='ocrx_word' id='word_1_253' title='bbox 809 1652 908 1675; x_wconf 80' lang='lat' dir='ltr'><strong>tantum</strong></span> <span class='ocrx_word' id='word_1_254' title='bbox 923 1652 949 1675; x_wconf 87' lang='lat' dir='ltr'><strong>et</strong></span> <span class='ocrx_word' id='word_1_255' title='bbox 964 1648 1022 1682; x_wconf 91' lang='lat' dir='ltr'><strong>pul-</strong></span> 
     </span>
    </p>
   </div>
   <div class='ocr_carea' id='block_1_34' title="bbox 234 1693 1020 1728">
    <p class='ocr_par' dir='ltr' id='par_1_34' title="bbox 234 1693 1020 1728">
     <span class='ocr_line' id='line_1_34' title="bbox 234 1693 1020 1728; baseline -0.001 -7"><span class='ocrx_word' id='word_1_256' title='bbox 234 1694 368 1726; x_wconf 85' lang='lat' dir='ltr'><strong>chritudo,</strong></span> <span class='ocrx_word' id='word_1_257' title='bbox 383 1694 429 1721; x_wconf 86' lang='lat' dir='ltr'><strong>sed</strong></span> <span class='ocrx_word' id='word_1_258' title='bbox 443 1698 471 1720; x_wconf 81' lang='lat' dir='ltr'><strong>et</strong></span> <span class='ocrx_word' id='word_1_259' title='bbox 485 1694 542 1728; x_wconf 88' lang='lat' dir='ltr'><strong>ipse</strong></span> <span class='ocrx_word' id='word_1_260' title='bbox 554 1694 697 1721; x_wconf 86' lang='lat' dir='ltr'><strong>creationis</strong></span> <span class='ocrx_word' id='word_1_261' title='bbox 710 1693 805 1720; x_wconf 90' lang='lat' dir='ltr'><strong>modus</strong></span> <span class='ocrx_word' id='word_1_262' title='bbox 820 1693 938 1720; x_wconf 92' lang='lat' dir='ltr'><strong>omnium</strong></span> <span class='ocrx_word' id='word_1_263' title='bbox 952 1701 1020 1720; x_wconf 89' lang='lat' dir='ltr'><strong>con-</strong></span> 
     </span>
    </p>
   </div>
   <div class='ocr_carea' id='block_1_35' title="bbox 233 1740 1018 1773">
    <p class='ocr_par' dir='ltr' id='par_1_35' title="bbox 233 1740 1018 1773">
     <span class='ocr_line' id='line_1_35' title="bbox 233 1740 1018 1773; baseline -0.003 -5"><span class='ocrx_word' id='word_1_264' title='bbox 233 1741 345 1768; x_wconf 88' lang='lat' dir='ltr'><strong>ditoretn</strong></span> <span class='ocrx_word' id='word_1_265' title='bbox 367 1741 543 1768; x_wconf 83' lang='lat' dir='ltr'><strong>demonstrat.</strong></span> <span class='ocrx_word' id='word_1_266' title='bbox 569 1740 700 1773; x_wconf 87' lang='lat' dir='ltr'><strong>Quoniam</strong></span> <span class='ocrx_word' id='word_1_267' title='bbox 731 1740 804 1767; x_wconf 90' lang='lat' dir='ltr'><strong>enim</strong></span> <span class='ocrx_word' id='word_1_268' title='bbox 833 1740 957 1767; x_wconf 87' lang='lat' dir='ltr'><strong>condenti</strong></span> <span class='ocrx_word' id='word_1_269' title='bbox 992 1745 1018 1766; x_wconf 88' lang='lat' dir='ltr'><strong>et</strong></span> 
     </span>
    </p>
   </div>
   <div class='ocr_carea' id='block_1_36' title="bbox 234 1785 1021 1821">
    <p class='ocr_par' dir='ltr' id='par_1_36' title="bbox 234 1785 1021 1821">
     <span class='ocr_line' id='line_1_36' title="bbox 234 1785 1021 1821; baseline -0.001 -8"><span class='ocrx_word' id='word_1_270' title='bbox 234 1786 334 1814; x_wconf 77' lang='lat' dir='ltr'><strong>creanti</strong></span> <span class='ocrx_word' id='word_1_271' title='bbox 355 1786 442 1814; x_wconf 83' lang='lat' dir='ltr'><strong>omnia</strong></span> <span class='ocrx_word' id='word_1_272' title='bbox 464 1786 497 1814; x_wconf 94' lang='lat' dir='ltr'><strong>ab</strong></span> <span class='ocrx_word' id='word_1_273' title='bbox 509 1786 585 1813; x_wconf 91' lang='lat' dir='ltr'><strong>initio</strong></span> <span class='ocrx_word' id='word_1_274' title='bbox 599 1793 650 1813; x_wconf 92' lang='lat' dir='ltr'><strong>non</strong></span> <span class='ocrx_word' id='word_1_275' title='bbox 661 1785 811 1817; x_wconf 81' lang='lat' dir='ltr'><strong>aderamus,</strong></span> <span class='ocrx_word' id='word_1_276' title='bbox 827 1794 922 1821; x_wconf 79' lang='lat' dir='ltr'><strong>neque,</strong></span> <span class='ocrx_word' id='word_1_277' title='bbox 937 1786 959 1812; x_wconf 87' lang='lat' dir='ltr'><strong>si</strong></span> <span class='ocrx_word' id='word_1_278' title='bbox 973 1786 1021 1812; x_wconf 89' lang='lat' dir='ltr'><strong>ad-</strong></span> 
     </span>
    </p>
   </div>
   <div class='ocr_carea' id='block_1_37' title="bbox 234 1831 1020 1867">
    <p class='ocr_par' dir='ltr' id='par_1_37' title="bbox 234 1831 1020 1867">
     <span class='ocr_line' id='line_1_37' title="bbox 234 1831 1020 1867; baseline -0.003 -8"><span class='ocrx_word' id='word_1_279' title='bbox 234 1833 384 1864; x_wconf 82' lang='lat' dir='ltr'><strong>fuissemus,</strong></span> <span class='ocrx_word' id='word_1_280' title='bbox 397 1831 533 1867; x_wconf 85' lang='lat' dir='ltr'><strong>quomodo</strong></span> <span class='ocrx_word' id='word_1_281' title='bbox 547 1832 646 1859; x_wconf 84' lang='lat' dir='ltr'><strong>ﬁebant</strong></span> <span class='ocrx_word' id='word_1_282' title='bbox 665 1832 735 1859; x_wconf 88' lang='lat' dir='ltr'><strong>scire</strong></span> <span class='ocrx_word' id='word_1_283' title='bbox 750 1838 914 1866; x_wconf 84' lang='lat' dir='ltr'><strong>poteramus.</strong></span> <span class='ocrx_word' id='word_1_284' title='bbox 927 1831 1020 1858; x_wconf 88' lang='lat' dir='ltr'><strong>invisi-</strong></span> 
     </span>
    </p>
   </div>
   <div class='ocr_carea' id='block_1_38' title="bbox 233 1877 1022 1913">
    <p class='ocr_par' dir='ltr' id='par_1_38' title="bbox 233 1877 1022 1913">
     <span class='ocr_line' id='line_1_38' title="bbox 233 1877 1022 1913; baseline -0.004 -7"><span class='ocrx_word' id='word_1_285' title='bbox 233 1878 278 1906; x_wconf 88' lang='lat' dir='ltr'><strong>bili</strong></span> <span class='ocrx_word' id='word_1_286' title='bbox 306 1879 402 1905; x_wconf 79' lang='lat' dir='ltr'><strong>virtute</strong></span> <span class='ocrx_word' id='word_1_287' title='bbox 422 1882 516 1906; x_wconf 83' lang='lat' dir='ltr'><strong>cuneta</strong></span> <span class='ocrx_word' id='word_1_288' title='bbox 544 1883 739 1913; x_wconf 88' lang='lat' dir='ltr'><strong>componente,</strong></span> <span class='ocrx_word' id='word_1_289' title='bbox 767 1878 853 1912; x_wconf 73' lang='lat' dir='ltr'><strong>ipsum</strong></span> <span class='ocrx_word' id='word_1_290' title='bbox 879 1877 1022 1904; x_wconf 80' lang='lat' dir='ltr'><strong>creatiOnis</strong></span> 
     </span>
    </p>
   </div>
   <div class='ocr_carea' id='block_1_39' title="bbox 234 1923 1021 1958">
    <p class='ocr_par' dir='ltr' id='par_1_39' title="bbox 234 1923 1021 1958">
     <span class='ocr_line' id='line_1_39' title="bbox 234 1923 1021 1958; baseline -0.001 -8"><span class='ocrx_word' id='word_1_291' title='bbox 234 1923 341 1951; x_wconf 91' lang='lat' dir='ltr'><strong>modum</strong></span> <span class='ocrx_word' id='word_1_292' title='bbox 355 1924 484 1957; x_wconf 85' lang='lat' dir='ltr'><strong>optimum</strong></span> <span class='ocrx_word' id='word_1_293' title='bbox 498 1923 574 1950; x_wconf 81' lang='lat' dir='ltr'><strong>nobis</strong></span> <span class='ocrx_word' id='word_1_294' title='bbox 588 1924 743 1958; x_wconf 84' lang='lat' dir='ltr'><strong>magistrum</strong></span> <span class='ocrx_word' id='word_1_295' title='bbox 762 1930 822 1950; x_wconf 84' lang='lat' dir='ltr'><strong>esse</strong></span> <span class='ocrx_word' id='word_1_296' title='bbox 841 1923 914 1955; x_wconf 91' lang='lat' dir='ltr'><strong>fecit,</strong></span> <span class='ocrx_word' id='word_1_297' title='bbox 926 1930 1021 1957; x_wconf 87' lang='lat' dir='ltr'><strong>supcr-</strong></span> 
     </span>
    </p>
   </div>
   <div class='ocr_carea' id='block_1_40' title="bbox 233 1969 1019 2004">
    <p class='ocr_par' dir='ltr' id='par_1_40' title="bbox 233 1969 1019 2004">
     <span class='ocr_line' id='line_1_40' title="bbox 233 1969 1019 2004; baseline -0.001 -8"><span class='ocrx_word' id='word_1_298' title='bbox 233 1970 345 1997; x_wconf 86' lang='lat' dir='ltr'><strong>naturali</strong></span> <span class='ocrx_word' id='word_1_299' title='bbox 361 1970 549 2004; x_wconf 84' lang='lat' dir='ltr'><strong>consequentia</strong></span> <span class='ocrx_word' id='word_1_300' title='bbox 567 1976 728 2002; x_wconf 82' lang='lat' dir='ltr'><strong>componens</strong></span> <span class='ocrx_word' id='word_1_301' title='bbox 739 1969 826 1995; x_wconf 89' lang='lat' dir='ltr'><strong>omnia</strong></span> <span class='ocrx_word' id='word_1_302' title='bbox 840 1976 897 2004; x_wconf 73' lang='lat' dir='ltr'><strong>qua:</strong></span> <span class='ocrx_word' id='word_1_303' title='bbox 913 1969 1019 1996; x_wconf 88' lang='lat' dir='ltr'><strong>liebant.</strong></span> 
     </span>
    </p>
   </div>
   <div class='ocr_carea' id='block_1_41' title="bbox 233 2015 1022 2050">
    <p class='ocr_par' dir='ltr' id='par_1_41' title="bbox 233 2015 1022 2050">
     <span class='ocr_line' id='line_1_41' title="bbox 233 2015 1022 2050; baseline -0.001 -7"><span class='ocrx_word' id='word_1_304' title='bbox 233 2015 313 2043; x_wconf 71' lang='lat' dir='ltr'><strong>Forte</strong></span> <span class='ocrx_word' id='word_1_305' title='bbox 332 2016 400 2050; x_wconf 84' lang='lat' dir='ltr'><strong>quod</strong></span> <span class='ocrx_word' id='word_1_306' title='bbox 426 2016 480 2042; x_wconf 78' lang='lat' dir='ltr'><strong>dixi</strong></span> <span class='ocrx_word' id='word_1_307' title='bbox 495 2016 634 2042; x_wconf 84' lang='lat' dir='ltr'><strong>obscurius</strong></span> <span class='ocrx_word' id='word_1_308' title='bbox 651 2020 692 2042; x_wconf 88' lang='lat' dir='ltr'><strong>cst</strong></span> <span class='ocrx_word' id='word_1_309' title='bbox 712 2024 719 2041; x_wconf 88' lang='lat'>:</span> <span class='ocrx_word' id='word_1_310' title='bbox 744 2015 824 2050; x_wconf 82' lang='lat' dir='ltr'><strong>igitur</strong></span> <span class='ocrx_word' id='word_1_311' title='bbox 846 2023 954 2042; x_wconf 84' lang='lat' dir='ltr'><strong>necesse</strong></span> <span class='ocrx_word' id='word_1_312' title='bbox 972 2015 1022 2042; x_wconf 84' lang='lat' dir='ltr'><strong>hoc</strong></span> 
     </span>
    </p>
   </div>
   <div class='ocr_carea' id='block_1_42' title="bbox 235 2060 1023 2095">
    <p class='ocr_par' dir='ltr' id='par_1_42' title="bbox 235 2060 1023 2095">
     <span class='ocr_line' id='line_1_42' title="bbox 235 2060 1023 2095; baseline -0.004 -6"><span class='ocrx_word' id='word_1_313' title='bbox 235 2070 339 2089; x_wconf 87' lang='lat' dir='ltr'><strong>rursum</strong></span> <span class='ocrx_word' id='word_1_314' title='bbox 360 2062 523 2089; x_wconf 84' lang='lat' dir='ltr'><strong>manifestius</strong></span> <span class='ocrx_word' id='word_1_315' title='bbox 543 2061 644 2088; x_wconf 86' lang='lat' dir='ltr'><strong>dicere.</strong></span> <span class='ocrx_word' id='word_1_316' title='bbox 670 2062 768 2088; x_wconf 77' lang='lat' dir='ltr'><strong>Olllltt‘s</strong></span> <span class='ocrx_word' id='word_1_317' title='bbox 783 2061 871 2095; x_wconf 87' lang='lat' dir='ltr'><strong>utique</strong></span> <span class='ocrx_word' id='word_1_318' title='bbox 892 2060 1023 2088; x_wconf 81' lang='lat' dir='ltr'><strong>fateantur</strong></span> 
     </span>
    </p>
   </div>
   <div class='ocr_carea' id='block_1_43' title="bbox 234 2107 1022 2142">
    <p class='ocr_par' dir='ltr' id='par_1_43' title="bbox 234 2107 1022 2142">
     <span class='ocr_line' id='line_1_43' title="bbox 234 2107 1022 2142; baseline -0.003 -8"><span class='ocrx_word' id='word_1_319' title='bbox 234 2113 334 2134; x_wconf 75' lang='lat' dir='ltr'><strong>natura:</strong></span> <span class='ocrx_word' id='word_1_320' title='bbox 354 2107 572 2142; x_wconf 84' lang='lat' dir='ltr'><strong>consequentiam</strong></span> <span class='ocrx_word' id='word_1_321' title='bbox 596 2115 657 2134; x_wconf 80' lang='lat' dir='ltr'><strong>esse</strong></span> <span class='ocrx_word' id='word_1_322' title='bbox 669 2127 676 2139; x_wconf 93' lang='lat'><strong>,</strong></span> <span class='ocrx_word' id='word_1_323' title='bbox 693 2112 720 2134; x_wconf 93' lang='lat' dir='ltr'><strong>ut</strong></span> <span class='ocrx_word' id='word_1_324' title='bbox 746 2114 814 2141; x_wconf 88' lang='lat' dir='ltr'><strong>aqtta</strong></span> <span class='ocrx_word' id='word_1_325' title='bbox 831 2114 910 2141; x_wconf 85' lang='lat' dir='ltr'><strong>super</strong></span> <span class='ocrx_word' id='word_1_326' title='bbox 924 2111 1022 2134; x_wconf 83' lang='lat' dir='ltr'><strong>terram</strong></span> 
     </span>
    </p>
   </div>
   <div class='ocr_carea' id='block_1_44' title="bbox 234 2152 1022 2187">
    <p class='ocr_par' dir='ltr' id='par_1_44' title="bbox 234 2152 1022 2187">
     <span class='ocr_line' id='line_1_44' title="bbox 234 2152 1022 2187; baseline -0.003 -7"><span class='ocrx_word' id='word_1_327' title='bbox 234 2153 280 2180; x_wconf 90' lang='lat' dir='ltr'><strong>scd</strong></span> <span class='ocrx_word' id='word_1_328' title='bbox 304 2161 354 2180; x_wconf 92' lang='lat' dir='ltr'><strong>uou</strong></span> <span class='ocrx_word' id='word_1_329' title='bbox 372 2158 440 2179; x_wconf 83' lang='lat' dir='ltr'><strong>terra</strong></span> <span class='ocrx_word' id='word_1_330' title='bbox 467 2153 500 2179; x_wconf 91' lang='lat' dir='ltr'><strong>ab</strong></span> <span class='ocrx_word' id='word_1_331' title='bbox 514 2153 590 2187; x_wconf 87' lang='lat' dir='ltr'><strong>aquis</strong></span> <span class='ocrx_word' id='word_1_332' title='bbox 613 2152 722 2179; x_wconf 87' lang='lat' dir='ltr'><strong>feratur.</strong></span> <span class='ocrx_word' id='word_1_333' title='bbox 735 2152 818 2179; x_wconf 83' lang='lat' dir='ltr'><strong>Terra</strong></span> <span class='ocrx_word' id='word_1_334' title='bbox 844 2152 941 2186; x_wconf 88' lang='lat' dir='ltr'><strong>quippe</strong></span> <span class='ocrx_word' id='word_1_335' title='bbox 961 2159 1022 2178; x_wconf 88' lang='lat' dir='ltr'><strong>cum</strong></span> 
     </span>
    </p>
   </div>
   <div class='ocr_carea' id='block_1_45' title="bbox 235 2196 1023 2232">
    <p class='ocr_par' dir='ltr' id='par_1_45' title="bbox 235 2196 1023 2232">
     <span class='ocr_line' id='line_1_45' title="bbox 235 2196 1023 2232; baseline 0.001 -8"><span class='ocrx_word' id='word_1_336' title='bbox 235 2199 267 2224; x_wconf 75' lang='lat' dir='ltr'><strong>sit</strong></span> <span class='ocrx_word' id='word_1_337' title='bbox 283 2198 363 2225; x_wconf 87' lang='lat' dir='ltr'><strong>densa</strong></span> <span class='ocrx_word' id='word_1_338' title='bbox 378 2219 385 2231; x_wconf 95' lang='lat'><strong>,</strong></span> <span class='ocrx_word' id='word_1_339' title='bbox 400 2198 466 2225; x_wconf 90' lang='lat' dir='ltr'><strong>dura</strong></span> <span class='ocrx_word' id='word_1_340' title='bbox 481 2203 506 2225; x_wconf 89' lang='lat' dir='ltr'><strong>ct</strong></span> <span class='ocrx_word' id='word_1_341' title='bbox 528 2205 580 2225; x_wconf 84' lang='lat' dir='ltr'><strong>nou</strong></span> <span class='ocrx_word' id='word_1_342' title='bbox 595 2198 692 2225; x_wconf 78' lang='lat' dir='ltr'><strong>cedens</strong></span> <span class='ocrx_word' id='word_1_343' title='bbox 706 2219 713 2229; x_wconf 93' lang='lat'><strong>,</strong></span> <span class='ocrx_word' id='word_1_344' title='bbox 729 2202 809 2232; x_wconf 88' lang='lat' dir='ltr'><strong>atque</strong></span> <span class='ocrx_word' id='word_1_345' title='bbox 830 2197 913 2225; x_wconf 88' lang='lat' dir='ltr'><strong>solida</strong></span> <span class='ocrx_word' id='word_1_346' title='bbox 925 2218 932 2229; x_wconf 92' lang='lat'><strong>,</strong></span> <span class='ocrx_word' id='word_1_347' title='bbox 947 2196 1023 2225; x_wconf 77' lang='lat' dir='ltr'><strong>facile</strong></span> 
     </span>
    </p>
   </div>
   <div class='ocr_carea' id='block_1_46' title="bbox 237 2245 1021 2277">
    <p class='ocr_par' dir='ltr' id='par_1_46' title="bbox 237 2245 1021 2277">
     <span class='ocr_line' id='line_1_46' title="bbox 237 2245 1021 2277; baseline 0 -8"><span class='ocrx_word' id='word_1_348' title='bbox 237 2247 322 2277; x_wconf 72' lang='grc' dir='ltr'><strong>βου-ει</strong></span> <span class='ocrx_word' id='word_1_349' title='bbox 342 2251 469 2277; x_wconf 88' lang='lat' dir='ltr'><strong>aquarum</strong></span> <span class='ocrx_word' id='word_1_350' title='bbox 486 2248 606 2270; x_wconf 84' lang='lat' dir='ltr'><strong>naturam</strong></span> <span class='ocrx_word' id='word_1_351' title='bbox 631 2245 762 2270; x_wconf 82' lang='lat' dir='ltr'><strong>sustinere</strong></span> <span class='ocrx_word' id='word_1_352' title='bbox 776 2251 784 2274; x_wconf 65' lang='grc' dir='ltr'><strong><em>ζ</em></strong></span> <span class='ocrx_word' id='word_1_353' title='bbox 799 2250 867 2277; x_wconf 79' lang='lat' dir='ltr'><strong>aqua</strong></span> <span class='ocrx_word' id='word_1_354' title='bbox 887 2250 950 2269; x_wconf 85' lang='lat' dir='ltr'><strong>vero</strong></span> <span class='ocrx_word' id='word_1_355' title='bbox 961 2250 1021 2269; x_wconf 82' lang='lat' dir='ltr'><strong>CUlll</strong></span> 
     </span>
    </p>
   </div>
   <div class='ocr_carea' id='block_1_47' title="bbox 236 2288 1021 2323">
    <p class='ocr_par' dir='ltr' id='par_1_47' title="bbox 236 2288 1021 2323">
     <span class='ocr_line' id='line_1_47' title="bbox 236 2288 1021 2323; baseline 0.001 -9"><span class='ocrx_word' id='word_1_356' title='bbox 236 2288 332 2322; x_wconf 86' lang='lat' dir='ltr'><strong>liquida</strong></span> <span class='ocrx_word' id='word_1_357' title='bbox 345 2289 379 2315; x_wconf 88' lang='lat' dir='ltr'><strong>sit</strong></span> <span class='ocrx_word' id='word_1_358' title='bbox 394 2294 421 2315; x_wconf 87' lang='lat' dir='ltr'><strong>et</strong></span> <span class='ocrx_word' id='word_1_359' title='bbox 433 2289 530 2320; x_wconf 82' lang='lat' dir='ltr'><strong>mollis,</strong></span> <span class='ocrx_word' id='word_1_360' title='bbox 548 2294 691 2323; x_wconf 86' lang='lat' dir='ltr'><strong>teneraque</strong></span> <span class='ocrx_word' id='word_1_361' title='bbox 705 2293 732 2316; x_wconf 88' lang='lat' dir='ltr'><strong>et</strong></span> <span class='ocrx_word' id='word_1_362' title='bbox 743 2288 877 2321; x_wconf 83' lang='lat' dir='ltr'><strong>difﬂuens,</strong></span> <span class='ocrx_word' id='word_1_363' title='bbox 893 2293 920 2316; x_wconf 89' lang='lat' dir='ltr'><strong>et</strong></span> <span class='ocrx_word' id='word_1_364' title='bbox 934 2289 1021 2316; x_wconf 88' lang='lat' dir='ltr'><strong>omni-</strong></span> 
     </span>
    </p>
   </div>
   <div class='ocr_carea' id='block_1_48' title="bbox 235 2335 1021 2370">
    <p class='ocr_par' dir='ltr' id='par_1_48' title="bbox 235 2335 1021 2370">
     <span class='ocr_line' id='line_1_48' title="bbox 235 2335 1021 2370; baseline -0.001 -8"><span class='ocrx_word' id='word_1_365' title='bbox 235 2335 285 2362; x_wconf 85' lang='lat' dir='ltr'><strong>bus</strong></span> <span class='ocrx_word' id='word_1_366' title='bbox 299 2335 396 2362; x_wconf 85' lang='lat' dir='ltr'><strong>cedens</strong></span> <span class='ocrx_word' id='word_1_367' title='bbox 420 2336 619 2362; x_wconf 87' lang='lat' dir='ltr'><strong>occurrentibus</strong></span> <span class='ocrx_word' id='word_1_368' title='bbox 631 2356 638 2368; x_wconf 81' lang='lat'><strong>,</strong></span> <span class='ocrx_word' id='word_1_369' title='bbox 653 2335 753 2362; x_wconf 88' lang='lat' dir='ltr'><strong>nullttnt</strong></span> <span class='ocrx_word' id='word_1_370' title='bbox 778 2343 875 2370; x_wconf 89' lang='lat' dir='ltr'><strong>corpus</strong></span> <span class='ocrx_word' id='word_1_371' title='bbox 898 2343 1021 2370; x_wconf 91' lang='lat' dir='ltr'><strong>umquam</strong></span> 
     </span>
    </p>
   </div>
   <div class='ocr_carea' id='block_1_49' title="bbox 235 2381 1023 2416">
    <p class='ocr_par' dir='ltr' id='par_1_49' title="bbox 235 2381 1023 2416">
     <span class='ocr_line' id='line_1_49' title="bbox 235 2381 1023 2416; baseline 0.003 -9"><span class='ocrx_word' id='word_1_372' title='bbox 235 2381 367 2408; x_wconf 87' lang='lat' dir='ltr'><strong>sustinere</strong></span> <span class='ocrx_word' id='word_1_373' title='bbox 382 2381 492 2414; x_wconf 83' lang='lat' dir='ltr'><strong>valeret,</strong></span> <span class='ocrx_word' id='word_1_374' title='bbox 504 2382 607 2409; x_wconf 87' lang='lat' dir='ltr'><strong>etiamsi</strong></span> <span class='ocrx_word' id='word_1_375' title='bbox 622 2381 783 2409; x_wconf 89' lang='lat' dir='ltr'><strong>levissimum</strong></span> <span class='ocrx_word' id='word_1_376' title='bbox 807 2382 840 2409; x_wconf 85' lang='lat' dir='ltr'><strong>sit</strong></span> <span class='ocrx_word' id='word_1_377' title='bbox 854 2390 861 2408; x_wconf 88' lang='lat'>:</span> <span class='ocrx_word' id='word_1_378' title='bbox 878 2389 938 2409; x_wconf 89' lang='lat' dir='ltr'><strong>nam</strong></span> <span class='ocrx_word' id='word_1_379' title='bbox 951 2389 1023 2416; x_wconf 65' lang='lat' dir='ltr'><strong>stupe</strong></span> 
     </span>
    </p>
   </div>
   <div class='ocr_carea' id='block_1_50' title="bbox 233 2427 1022 2463">
    <p class='ocr_par' dir='ltr' id='par_1_50' title="bbox 233 2427 1022 2463">
     <span class='ocr_line' id='line_1_50' title="bbox 233 2427 1022 2463; baseline 0.004 -10"><span class='ocrx_word' id='word_1_380' title='bbox 233 2427 322 2461; x_wconf 89' lang='lat' dir='ltr'><strong>lapillo</strong></span> <span class='ocrx_word' id='word_1_381' title='bbox 337 2427 460 2454; x_wconf 90' lang='lat' dir='ltr'><strong>incidenti</strong></span> <span class='ocrx_word' id='word_1_382' title='bbox 475 2435 555 2462; x_wconf 88' lang='lat' dir='ltr'><strong>parvo</strong></span> <span class='ocrx_word' id='word_1_383' title='bbox 569 2427 640 2455; x_wconf 88' lang='lat' dir='ltr'><strong>cedit</strong></span> <span class='ocrx_word' id='word_1_384' title='bbox 653 2432 680 2455; x_wconf 88' lang='lat' dir='ltr'><strong>et.</strong></span> <span class='ocrx_word' id='word_1_385' title='bbox 701 2428 813 2463; x_wconf 88' lang='lat' dir='ltr'><strong>refugit,</strong></span> <span class='ocrx_word' id='word_1_386' title='bbox 837 2427 975 2463; x_wconf 87' lang='lat' dir='ltr'><strong>ipsumque</strong></span> <span class='ocrx_word' id='word_1_387' title='bbox 989 2428 1022 2455; x_wconf 89' lang='lat' dir='ltr'><strong>ad</strong></span> 
     </span>
    </p>
   </div>
   <div class='ocr_carea' id='block_1_51' title="bbox 234 2471 1022 2508">
    <p class='ocr_par' dir='ltr' id='par_1_51' title="bbox 234 2471 1022 2508">
     <span class='ocr_line' id='line_1_51' title="bbox 234 2471 1022 2508; baseline 0.003 -10"><span class='ocrx_word' id='word_1_388' title='bbox 234 2471 391 2506; x_wconf 87' lang='lat' dir='ltr'><strong>profundum</strong></span> <span class='ocrx_word' id='word_1_389' title='bbox 408 2472 638 2500; x_wconf 88' lang='lat' dir='ltr'><strong>transmittit.Cum</strong></span> <span class='ocrx_word' id='word_1_390' title='bbox 649 2473 747 2501; x_wconf 86' lang='lat' dir='ltr'><strong>videris</strong></span> <span class='ocrx_word' id='word_1_391' title='bbox 760 2473 895 2508; x_wconf 86' lang='lat' dir='ltr'><strong>igiturnon</strong></span> <span class='ocrx_word' id='word_1_392' title='bbox 907 2473 1022 2508; x_wconf 84' lang='lat' dir='ltr'><strong>lapillum</strong></span> 
     </span>
    </p>
   </div>
   <div class='ocr_carea' id='block_1_52' title="bbox 233 2516 1023 2554">
    <p class='ocr_par' dir='ltr' id='par_1_52' title="bbox 233 2516 1023 2554">
     <span class='ocr_line' id='line_1_52' title="bbox 233 2516 1023 2554; baseline 0.005 -11"><span class='ocrx_word' id='word_1_393' title='bbox 233 2526 359 2552; x_wconf 84' lang='lat' dir='ltr'><strong>parvum,</strong></span> <span class='ocrx_word' id='word_1_394' title='bbox 369 2516 416 2544; x_wconf 87' lang='lat' dir='ltr'><strong>sed</strong></span> <span class='ocrx_word' id='word_1_395' title='bbox 426 2521 523 2544; x_wconf 83' lang='lat' dir='ltr'><strong>terram</strong></span> <span class='ocrx_word' id='word_1_396' title='bbox 540 2526 646 2545; x_wconf 89' lang='lat' dir='ltr'><strong>omnem</strong></span> <span class='ocrx_word' id='word_1_397' title='bbox 666 2526 746 2554; x_wconf 87' lang='lat' dir='ltr'><strong>super</strong></span> <span class='ocrx_word' id='word_1_398' title='bbox 757 2526 838 2553; x_wconf 90' lang='lat' dir='ltr'><strong>aquas</strong></span> <span class='ocrx_word' id='word_1_399' title='bbox 850 2518 924 2553; x_wconf 85' lang='lat' dir='ltr'><strong>ferri,</strong></span> <span class='ocrx_word' id='word_1_400' title='bbox 938 2527 1023 2554; x_wconf 85' lang='lat' dir='ltr'><strong>neque</strong></span> 
     </span>
    </p>
   </div>
   <div class='ocr_carea' id='block_1_53' title="bbox 232 2563 1024 2598">
    <p class='ocr_par' dir='ltr' id='par_1_53' title="bbox 232 2563 1024 2598">
     <span class='ocr_line' id='line_1_53' title="bbox 232 2563 1024 2598; baseline 0 -7"><span class='ocrx_word' id='word_1_401' title='bbox 232 2564 376 2598; x_wconf 72' lang='lat' dir='ltr'><strong>submergi,</strong></span> <span class='ocrx_word' id='word_1_402' title='bbox 388 2563 518 2590; x_wconf 88' lang='lat' dir='ltr'><strong>admirare</strong></span> <span class='ocrx_word' id='word_1_403' title='bbox 531 2564 672 2598; x_wconf 80' lang='lat' dir='ltr'><strong>potentiam</strong></span> <span class='ocrx_word' id='word_1_404' title='bbox 686 2571 764 2598; x_wconf 90' lang='lat' dir='ltr'><strong>supra</strong></span> <span class='ocrx_word' id='word_1_405' title='bbox 776 2568 895 2591; x_wconf 85' lang='lat' dir='ltr'><strong>naturam</strong></span> <span class='ocrx_word' id='word_1_406' title='bbox 909 2564 965 2591; x_wconf 60' lang='lat' dir='ltr'><strong>haec</strong></span> <span class='ocrx_word' id='word_1_407' title='bbox 975 2564 1024 2591; x_wconf 80' lang='lat' dir='ltr'><strong>mi-</strong></span> 
     </span>
    </p>
   </div>
   <div class='ocr_carea' id='block_1_54' title="bbox 233 2609 1022 2645">
    <p class='ocr_par' dir='ltr' id='par_1_54' title="bbox 233 2609 1022 2645">
     <span class='ocr_line' id='line_1_54' title="bbox 233 2609 1022 2645; baseline 0.001 -8"><span class='ocrx_word' id='word_1_408' title='bbox 233 2610 350 2638; x_wconf 78' lang='lat' dir='ltr'><strong>mbiliter</strong></span> <span class='ocrx_word' id='word_1_409' title='bbox 360 2615 524 2644; x_wconf 85' lang='lat' dir='ltr'><strong>operantem.</strong></span> <span class='ocrx_word' id='word_1_410' title='bbox 542 2610 575 2637; x_wconf 90' lang='lat' dir='ltr'><strong>Et</strong></span> <span class='ocrx_word' id='word_1_411' title='bbox 600 2609 670 2637; x_wconf 89' lang='lat' dir='ltr'><strong>unde</strong></span> <span class='ocrx_word' id='word_1_412' title='bbox 685 2610 735 2638; x_wconf 91' lang='lat' dir='ltr'><strong>hoc</strong></span> <span class='ocrx_word' id='word_1_413' title='bbox 749 2611 928 2643; x_wconf 81' lang='lat' dir='ltr'><strong>manifestum,</strong></span> <span class='ocrx_word' id='word_1_414' title='bbox 952 2610 1022 2645; x_wconf 91' lang='lat' dir='ltr'><strong>quod</strong></span> 
     </span>
    </p>
   </div>
   <div class='ocr_carea' id='block_1_55' title="bbox 233 2655 1024 2691">
    <p class='ocr_par' dir='ltr' id='par_1_55' title="bbox 233 2655 1024 2691">
     <span class='ocr_line' id='line_1_55' title="bbox 233 2655 1024 2691; baseline 0 -9"><span class='ocrx_word' id='word_1_415' title='bbox 233 2660 303 2683; x_wconf 86' lang='lat' dir='ltr'><strong>terra</strong></span> <span class='ocrx_word' id='word_1_416' title='bbox 316 2663 394 2689; x_wconf 85' lang='lat' dir='ltr'><strong>super</strong></span> <span class='ocrx_word' id='word_1_417' title='bbox 401 2662 482 2690; x_wconf 81' lang='lat' dir='ltr'><strong>aquas</strong></span> <span class='ocrx_word' id='word_1_418' title='bbox 492 2655 611 2683; x_wconf 86' lang='lat' dir='ltr'><strong>feratur?</strong></span> <span class='ocrx_word' id='word_1_419' title='bbox 623 2655 754 2690; x_wconf 84' lang='lat' dir='ltr'><strong>Propheta</strong></span> <span class='ocrx_word' id='word_1_420' title='bbox 767 2655 817 2683; x_wconf 88' lang='lat' dir='ltr'><strong>hoc</strong></span> <span class='ocrx_word' id='word_1_421' title='bbox 829 2656 902 2684; x_wconf 89' lang='lat' dir='ltr'><strong>dicit:</strong></span> <span class='ocrx_word' id='word_1_422' title='bbox 914 2655 974 2691; x_wconf 75' lang='lat' dir='ltr'><strong>Ipse</strong></span> <span class='ocrx_word' id='word_1_423' title='bbox 980 2664 1024 2683; x_wconf 69' lang='lat' dir='ltr'><strong>ru-</strong></span> 
     </span>
    </p>
   </div>
   <div class='ocr_carea' id='block_1_56' title="bbox 233 2701 1023 2737">
    <p class='ocr_par' dir='ltr' id='par_1_56' title="bbox 233 2701 1023 2737">
     <span class='ocr_line' id='line_1_56' title="bbox 233 2701 1023 2737; baseline 0.001 -10"><span class='ocrx_word' id='word_1_424' title='bbox 233 2709 278 2736; x_wconf 87' lang='lat' dir='ltr'><strong>per</strong></span> <span class='ocrx_word' id='word_1_425' title='bbox 289 2701 368 2727; x_wconf 81' lang='lat' dir='ltr'><strong>maria</strong></span> <span class='ocrx_word' id='word_1_426' title='bbox 379 2701 493 2736; x_wconf 80' lang='lat' dir='ltr'><strong>fundavit</strong></span> <span class='ocrx_word' id='word_1_427' title='bbox 508 2709 562 2728; x_wconf 80' lang='lat' dir='ltr'><strong>eam</strong></span> <span class='ocrx_word' id='word_1_428' title='bbox 569 2705 592 2728; x_wconf 83' lang='lat' dir='ltr'><strong>et</strong></span> <span class='ocrx_word' id='word_1_429' title='bbox 602 2709 678 2736; x_wconf 66' lang='lat' dir='ltr'><strong>super</strong></span> <span class='ocrx_word' id='word_1_430' title='bbox 689 2701 796 2736; x_wconf 80' lang='lat' dir='ltr'><strong>ﬂumina</strong></span> <span class='ocrx_word' id='word_1_431' title='bbox 808 2702 958 2737; x_wconf 66' lang='lat' dir='ltr'><strong>preparavit</strong></span> <span class='ocrx_word' id='word_1_432' title='bbox 967 2709 1023 2729; x_wconf 77' lang='lat' dir='ltr'><strong>eam</strong></span> 
     </span>
    </p>
   </div>
   <div class='ocr_carea' id='block_1_57' title="bbox 233 2745 1023 2782">
    <p class='ocr_par' dir='ltr' id='par_1_57' title="bbox 233 2745 1023 2782">
     <span class='ocr_line' id='line_1_57' title="bbox 233 2745 1023 2782; baseline 0.003 -10"><span class='ocrx_word' id='word_1_433' title='bbox 233 2745 404 2782; x_wconf 71' lang='lat' dir='ltr'><strong>(Paat.25.2):</strong></span> <span class='ocrx_word' id='word_1_434' title='bbox 413 2752 439 2774; x_wconf 89' lang='lat' dir='ltr'><strong>et</strong></span> <span class='ocrx_word' id='word_1_435' title='bbox 452 2755 566 2778; x_wconf 87' lang='lat' dir='ltr'><strong>rursum,</strong></span> <span class='ocrx_word' id='word_1_436' title='bbox 580 2746 630 2780; x_wconf 85' lang='lat' dir='ltr'><strong>Qui</strong></span> <span class='ocrx_word' id='word_1_437' title='bbox 638 2746 751 2781; x_wconf 76' lang='lat' dir='ltr'><strong>fundauit</strong></span> <span class='ocrx_word' id='word_1_438' title='bbox 761 2751 853 2774; x_wconf 82' lang='lat' dir='ltr'><strong>terram</strong></span> <span class='ocrx_word' id='word_1_439' title='bbox 859 2755 934 2782; x_wconf 71' lang='lat' dir='ltr'><strong>super</strong></span> <span class='ocrx_word' id='word_1_440' title='bbox 944 2756 1023 2782; x_wconf 71' lang='lat' dir='ltr'><strong>aqua;</strong></span> 
     </span>
    </p>
   </div>
   <div class='ocr_carea' id='block_1_58' title="bbox 232 2791 1022 2827">
    <p class='ocr_par' dir='ltr' id='par_1_58' title="bbox 232 2791 1022 2827">
     <span class='ocr_line' id='line_1_58' title="bbox 232 2791 1022 2827; baseline 0.003 -9"><span class='ocrx_word' id='word_1_441' title='bbox 232 2791 318 2826; x_wconf 73' lang='lat' dir='ltr'><strong>(Psal.</strong></span> <span class='ocrx_word' id='word_1_442' title='bbox 336 2792 397 2820; x_wconf 78' lang='grc'><strong>155.</strong></span> <span class='ocrx_word' id='word_1_443' title='bbox 408 2792 518 2826; x_wconf 87' lang='lat' dir='ltr'><strong>6).Quid</strong></span> <span class='ocrx_word' id='word_1_444' title='bbox 542 2792 630 2820; x_wconf 80' lang='lat' dir='ltr'><strong>dicis?</strong></span> <span class='ocrx_word' id='word_1_445' title='bbox 645 2792 762 2826; x_wconf 85' lang='lat' dir='ltr'><strong>lapillum</strong></span> <span class='ocrx_word' id='word_1_446' title='bbox 773 2793 895 2827; x_wconf 77' lang='lat' dir='ltr'><strong>exiguum</strong></span> <span class='ocrx_word' id='word_1_447' title='bbox 915 2801 981 2827; x_wconf 89' lang='lat' dir='ltr'><strong>aqua</strong></span> <span class='ocrx_word' id='word_1_448' title='bbox 995 2793 1022 2820; x_wconf 92' lang='lat' dir='ltr'><strong>in</strong></span> 
     </span>
    </p>
   </div>
   <div class='ocr_carea' id='block_1_59' title="bbox 231 2837 1019 2873">
    <p class='ocr_par' dir='ltr' id='par_1_59' title="bbox 231 2837 1019 2873">
     <span class='ocr_line' id='line_1_59' title="bbox 231 2837 1019 2873; baseline 0.001 -8"><span class='ocrx_word' id='word_1_449' title='bbox 231 2837 372 2872; x_wconf 78' lang='lat' dir='ltr'><strong>superﬁcie</strong></span> <span class='ocrx_word' id='word_1_450' title='bbox 385 2837 454 2866; x_wconf 83' lang='lat' dir='ltr'><strong>ferre</strong></span> <span class='ocrx_word' id='word_1_451' title='bbox 470 2846 522 2865; x_wconf 91' lang='lat' dir='ltr'><strong>non</strong></span> <span class='ocrx_word' id='word_1_452' title='bbox 536 2842 641 2873; x_wconf 84' lang='lat' dir='ltr'><strong>potest,</strong></span> <span class='ocrx_word' id='word_1_453' title='bbox 656 2843 684 2865; x_wconf 89' lang='lat' dir='ltr'><strong>et</strong></span> <span class='ocrx_word' id='word_1_454' title='bbox 705 2843 801 2865; x_wconf 86' lang='lat' dir='ltr'><strong>terram</strong></span> <span class='ocrx_word' id='word_1_455' title='bbox 817 2843 916 2866; x_wconf 86' lang='lat' dir='ltr'><strong>tantam</strong></span> <span class='ocrx_word' id='word_1_456' title='bbox 929 2839 998 2873; x_wconf 85' lang='lat' dir='ltr'><strong>gerit</strong></span> <span class='ocrx_word' id='word_1_457' title='bbox 1011 2858 1019 2871; x_wconf 88' lang='lat'><strong>,</strong></span> 
     </span>
    </p>
   </div>
   <div class='ocr_carea' id='block_1_60' title="bbox 233 2883 1018 2918">
    <p class='ocr_par' dir='ltr' id='par_1_60' title="bbox 233 2883 1018 2918">
     <span class='ocr_line' id='line_1_60' title="bbox 233 2883 1018 2918; baseline 0 -6"><span class='ocrx_word' id='word_1_458' title='bbox 233 2889 259 2913; x_wconf 81' lang='lat' dir='ltr'><strong>et</strong></span> <span class='ocrx_word' id='word_1_459' title='bbox 273 2889 384 2916; x_wconf 86' lang='lat' dir='ltr'><strong>montes,</strong></span> <span class='ocrx_word' id='word_1_460' title='bbox 400 2889 427 2912; x_wconf 88' lang='lat' dir='ltr'><strong>et</strong></span> <span class='ocrx_word' id='word_1_461' title='bbox 437 2884 529 2917; x_wconf 83' lang='lat' dir='ltr'><strong>colles,</strong></span> <span class='ocrx_word' id='word_1_462' title='bbox 543 2889 570 2912; x_wconf 93' lang='lat' dir='ltr'><strong>ct</strong></span> <span class='ocrx_word' id='word_1_463' title='bbox 585 2883 673 2916; x_wconf 85' lang='lat' dir='ltr'><strong>urbes,</strong></span> <span class='ocrx_word' id='word_1_464' title='bbox 685 2886 711 2911; x_wconf 83' lang='lat' dir='ltr'><strong>et</strong></span> <span class='ocrx_word' id='word_1_465' title='bbox 724 2884 836 2918; x_wconf 76' lang='lat' dir='ltr'><strong>plantas,</strong></span> <span class='ocrx_word' id='word_1_466' title='bbox 848 2889 874 2912; x_wconf 90' lang='lat' dir='ltr'><strong>et</strong></span> <span class='ocrx_word' id='word_1_467' title='bbox 888 2884 1018 2917; x_wconf 84' lang='lat' dir='ltr'><strong>homines,</strong></span> 
     </span>
    </p>
   </div>
   <div class='ocr_carea' id='block_1_61' title="bbox 589 168 1494 200">
    <p class='ocr_par' dir='ltr' id='par_1_61' title="bbox 589 168 1494 200">
     <span class='ocr_line' id='line_1_61' title="bbox 589 168 1494 200; baseline 0.001 -1"><span class='ocrx_word' id='word_1_468' title='bbox 589 170 619 199; x_wconf 79' lang='lat' dir='ltr'><strong>S.</strong></span> <span class='ocrx_word' id='word_1_469' title='bbox 637 169 776 199; x_wconf 73' lang='lat' dir='ltr'><strong>JOANNIS</strong></span> <span class='ocrx_word' id='word_1_470' title='bbox 794 168 1030 198; x_wconf 73' lang='lat' dir='ltr'><strong>CIIRYSOSTOMI</strong></span> <span class='ocrx_word' id='word_1_471' title='bbox 1052 169 1208 198; x_wconf 70' lang='lat' dir='ltr'><strong>AliClllEP.</strong></span> <span class='ocrx_word' id='word_1_472' title='bbox 1228 170 1494 200; x_wconf 82' lang='lat' dir='ltr'><strong>CONSTANTINOP.</strong></span> 
     </span>
    </p>
   </div>
   <div class='ocr_carea' id='block_1_62' title="bbox 1822 174 1896 212">
    <p class='ocr_par' dir='ltr' id='par_1_62' title="bbox 1822 174 1896 212">
     <span class='ocr_line' id='line_1_62' title="bbox 1822 174 1896 212; baseline 0.027 -11"><span class='ocrx_word' id='word_1_473' title='bbox 1822 174 1872 204; x_wconf 78' lang='lat' dir='ltr'><strong>ius</strong></span> <span class='ocrx_word' id='word_1_474' title='bbox 1890 203 1896 212; x_wconf 65' lang='grc'><em>,</em></span> 
     </span>
    </p>
   </div>
   <div class='ocr_carea' id='block_1_63' title="bbox 1082 218 1894 263">
    <p class='ocr_par' dir='ltr' id='par_1_63' title="bbox 1082 218 1894 263">
     <span class='ocr_line' id='line_1_63' title="bbox 1082 218 1894 263; baseline 0.009 -12"><span class='ocrx_word' id='word_1_475' title='bbox 1082 229 1108 252; x_wconf 89' lang='lat' dir='ltr'><strong>et</strong></span> <span class='ocrx_word' id='word_1_476' title='bbox 1122 225 1208 258; x_wconf 89' lang='lat' dir='ltr'><strong>bruta,</strong></span> <span class='ocrx_word' id='word_1_477' title='bbox 1220 230 1247 253; x_wconf 91' lang='lat' dir='ltr'><strong>et</strong></span> <span class='ocrx_word' id='word_1_478' title='bbox 1260 234 1312 253; x_wconf 90' lang='lat' dir='ltr'><strong>non</strong></span> <span class='ocrx_word' id='word_1_479' title='bbox 1330 227 1525 262; x_wconf 80' lang='lat' dir='ltr'><strong>submergitur?</strong></span> <span class='ocrx_word' id='word_1_480' title='bbox 1538 228 1571 256; x_wconf 80' lang='lat' dir='ltr'><strong>Et</strong></span> <span class='ocrx_word' id='word_1_481' title='bbox 1583 229 1644 263; x_wconf 90' lang='lat' dir='ltr'><strong>quid</strong></span> <span class='ocrx_word' id='word_1_482' title='bbox 1657 229 1729 263; x_wconf 83' lang='lat' dir='ltr'><strong>dico,</strong></span> <span class='ocrx_word' id='word_1_483' title='bbox 1741 237 1795 257; x_wconf 91' lang='lat' dir='ltr'><strong>non</strong></span> <span class='ocrx_word' id='word_1_484' title='bbox 1807 231 1873 258; x_wconf 80' lang='lat' dir='ltr'><strong>sub-</strong></span> <span class='ocrx_word' id='word_1_485' title='bbox 1891 218 1894 224; x_wconf 34' lang='lat' dir='ltr'><strong>l</strong></span> 
     </span>
    </p>
   </div>
   <div class='ocr_carea' id='block_1_64' title="bbox 1083 271 1870 311">
    <p class='ocr_par' dir='ltr' id='par_1_64' title="bbox 1083 271 1870 311">
     <span class='ocr_line' id='line_1_64' title="bbox 1083 271 1870 311; baseline 0.009 -15"><span class='ocrx_word' id='word_1_486' title='bbox 1083 271 1211 304; x_wconf 79' lang='lat' dir='ltr'><strong>mergitur</strong></span> <span class='ocrx_word' id='word_1_487' title='bbox 1226 279 1233 303; x_wconf 91' lang='lat'><strong>;</strong></span> <span class='ocrx_word' id='word_1_488' title='bbox 1247 273 1380 306; x_wconf 90' lang='lat' dir='ltr'><strong>quomodo</strong></span> <span class='ocrx_word' id='word_1_489' title='bbox 1401 273 1510 300; x_wconf 85' lang='lat' dir='ltr'><strong>inferius</strong></span> <span class='ocrx_word' id='word_1_490' title='bbox 1534 275 1723 302; x_wconf 86' lang='lat' dir='ltr'><strong>circumstante</strong></span> <span class='ocrx_word' id='word_1_491' title='bbox 1735 275 1786 302; x_wconf 88' lang='lat' dir='ltr'><strong>sibi</strong></span> <span class='ocrx_word' id='word_1_492' title='bbox 1801 283 1870 311; x_wconf 77' lang='lat' dir='ltr'><strong>aqua</strong></span> 
     </span>
    </p>
   </div>
   <div class='ocr_carea' id='block_1_65' title="bbox 1082 318 1873 351">
    <p class='ocr_par' dir='ltr' id='par_1_65' title="bbox 1082 318 1873 351">
     <span class='ocr_line' id='line_1_65' title="bbox 1082 318 1873 351; baseline 0.008 -9"><span class='ocrx_word' id='word_1_493' title='bbox 1082 320 1154 342; x_wconf 87' lang='lat' dir='ltr'><strong>tanto</strong></span> <span class='ocrx_word' id='word_1_494' title='bbox 1166 320 1285 351; x_wconf 88' lang='lat' dir='ltr'><strong>tctnpore</strong></span> <span class='ocrx_word' id='word_1_495' title='bbox 1310 322 1419 344; x_wconf 89' lang='lat' dir='ltr'><strong>nonest</strong></span> <span class='ocrx_word' id='word_1_496' title='bbox 1438 318 1584 350; x_wconf 84' lang='lat' dir='ltr'><strong>dissoluta,</strong></span> <span class='ocrx_word' id='word_1_497' title='bbox 1609 327 1657 346; x_wconf 86' lang='lat' dir='ltr'><strong>nec</strong></span> <span class='ocrx_word' id='word_1_498' title='bbox 1679 321 1764 348; x_wconf 90' lang='lat' dir='ltr'><strong>lutum</strong></span> <span class='ocrx_word' id='word_1_499' title='bbox 1783 322 1873 348; x_wconf 81' lang='lat' dir='ltr'><strong>omnia</strong></span> 
     </span>
    </p>
   </div>
   <div class='ocr_carea' id='block_1_66' title="bbox 1081 362 1872 401">
    <p class='ocr_par' dir='ltr' id='par_1_66' title="bbox 1081 362 1872 401">
     <span class='ocr_line' id='line_1_66' title="bbox 1081 362 1872 401; baseline 0.01 -14"><span class='ocrx_word' id='word_1_500' title='bbox 1081 362 1147 388; x_wconf 90' lang='lat' dir='ltr'><strong>facta</strong></span> <span class='ocrx_word' id='word_1_501' title='bbox 1159 363 1242 390; x_wconf 86' lang='lat' dir='ltr'><strong>sunt?</strong></span> <span class='ocrx_word' id='word_1_502' title='bbox 1254 362 1280 390; x_wconf 91' lang='lat' dir='ltr'><strong>Si</strong></span> <span class='ocrx_word' id='word_1_503' title='bbox 1295 364 1365 391; x_wconf 87' lang='lat' dir='ltr'><strong>enitn</strong></span> <span class='ocrx_word' id='word_1_504' title='bbox 1379 364 1510 399; x_wconf 86' lang='lat' dir='ltr'><strong>lignorum</strong></span> <span class='ocrx_word' id='word_1_505' title='bbox 1523 371 1618 393; x_wconf 88' lang='lat' dir='ltr'><strong>natura</strong></span> <span class='ocrx_word' id='word_1_506' title='bbox 1633 373 1725 400; x_wconf 89' lang='lat' dir='ltr'><strong>parum</strong></span> <span class='ocrx_word' id='word_1_507' title='bbox 1741 368 1872 401; x_wconf 78' lang='lat' dir='ltr'><strong>temporis</strong></span> 
     </span>
    </p>
   </div>
   <div class='ocr_carea' id='block_1_67' title="bbox 1080 408 1872 449">
    <p class='ocr_par' dir='ltr' id='par_1_67' title="bbox 1080 408 1872 449">
     <span class='ocr_line' id='line_1_67' title="bbox 1080 408 1872 449; baseline 0.009 -16"><span class='ocrx_word' id='word_1_508' title='bbox 1080 408 1155 442; x_wconf 82' lang='lat' dir='ltr'><strong>aquis</strong></span> <span class='ocrx_word' id='word_1_509' title='bbox 1165 409 1303 436; x_wconf 85' lang='lat' dir='ltr'><strong>immorata</strong></span> <span class='ocrx_word' id='word_1_510' title='bbox 1318 411 1495 445; x_wconf 90' lang='lat' dir='ltr'><strong>corrumpitur</strong></span> <span class='ocrx_word' id='word_1_511' title='bbox 1507 416 1533 438; x_wconf 86' lang='lat' dir='ltr'><strong>et</strong></span> <span class='ocrx_word' id='word_1_512' title='bbox 1545 412 1717 445; x_wconf 88' lang='lat' dir='ltr'><strong>dissolvitur;</strong></span> <span class='ocrx_word' id='word_1_513' title='bbox 1731 413 1796 449; x_wconf 87' lang='lat' dir='ltr'><strong>quid</strong></span> <span class='ocrx_word' id='word_1_514' title='bbox 1809 413 1872 441; x_wconf 86' lang='lat' dir='ltr'><strong>dico</strong></span> 
     </span>
    </p>
   </div>
   <div class='ocr_carea' id='block_1_68' title="bbox 1082 452 1873 493">
    <p class='ocr_par' dir='ltr' id='par_1_68' title="bbox 1082 452 1873 493">
     <span class='ocr_line' id='line_1_68' title="bbox 1082 452 1873 493; baseline 0.009 -14"><span class='ocrx_word' id='word_1_515' title='bbox 1082 452 1214 487; x_wconf 82' lang='lat' dir='ltr'><strong>lignorum</strong></span> <span class='ocrx_word' id='word_1_516' title='bbox 1238 459 1330 482; x_wconf 88' lang='lat' dir='ltr'><strong>natura</strong></span> <span class='ocrx_word' id='word_1_517' title='bbox 1343 455 1354 481; x_wconf 87' lang='lat'><strong>?</strong></span> <span class='ocrx_word' id='word_1_518' title='bbox 1367 456 1429 490; x_wconf 91' lang='lat' dir='ltr'><strong>quid</strong></span> <span class='ocrx_word' id='word_1_519' title='bbox 1451 456 1522 484; x_wconf 89' lang='lat' dir='ltr'><strong>ferro</strong></span> <span class='ocrx_word' id='word_1_520' title='bbox 1549 457 1663 485; x_wconf 83' lang='lat' dir='ltr'><strong>validius</strong></span> <span class='ocrx_word' id='word_1_521' title='bbox 1685 465 1745 486; x_wconf 86' lang='lat' dir='ltr'><strong>esse</strong></span> <span class='ocrx_word' id='word_1_522' title='bbox 1765 459 1873 493; x_wconf 68' lang='lat' dir='ltr'><strong>possit?</strong></span> 
     </span>
    </p>
   </div>
   <div class='ocr_carea' id='block_1_69' title="bbox 1080 499 1872 539">
    <p class='ocr_par' dir='ltr' id='par_1_69' title="bbox 1080 499 1872 539">
     <span class='ocr_line' id='line_1_69' title="bbox 1080 499 1872 539; baseline 0.009 -14"><span class='ocrx_word' id='word_1_523' title='bbox 1080 499 1125 525; x_wconf 78' lang='lat' dir='ltr'><strong>Sed</strong></span> <span class='ocrx_word' id='word_1_524' title='bbox 1140 505 1167 526; x_wconf 89' lang='lat' dir='ltr'><strong>et</strong></span> <span class='ocrx_word' id='word_1_525' title='bbox 1182 500 1232 527; x_wconf 91' lang='lat' dir='ltr'><strong>boc</strong></span> <span class='ocrx_word' id='word_1_526' title='bbox 1245 509 1316 535; x_wconf 64' lang='lat' dir='ltr'><strong>saepe</strong></span> <span class='ocrx_word' id='word_1_527' title='bbox 1330 502 1461 530; x_wconf 82' lang='lat' dir='ltr'><strong>mollescit</strong></span> <span class='ocrx_word' id='word_1_528' title='bbox 1475 523 1483 535; x_wconf 88' lang='lat'><strong>,</strong></span> <span class='ocrx_word' id='word_1_529' title='bbox 1499 511 1559 530; x_wconf 92' lang='lat' dir='ltr'><strong>cum</strong></span> <span class='ocrx_word' id='word_1_530' title='bbox 1572 511 1676 538; x_wconf 86' lang='lat' dir='ltr'><strong>semper</strong></span> <span class='ocrx_word' id='word_1_531' title='bbox 1688 505 1713 531; x_wconf 94' lang='lat' dir='ltr'><strong>in</strong></span> <span class='ocrx_word' id='word_1_532' title='bbox 1727 506 1804 539; x_wconf 87' lang='lat' dir='ltr'><strong>aquis</strong></span> <span class='ocrx_word' id='word_1_533' title='bbox 1816 512 1872 532; x_wconf 85' lang='lat' dir='ltr'><strong>ma-</strong></span> 
     </span>
    </p>
   </div>
   <div class='ocr_carea' id='block_1_70' title="bbox 1081 548 1871 584">
    <p class='ocr_par' dir='ltr' id='par_1_70' title="bbox 1081 548 1871 584">
     <span class='ocr_line' id='line_1_70' title="bbox 1081 548 1871 584; baseline 0.009 -13"><span class='ocrx_word' id='word_1_534' title='bbox 1081 551 1134 577; x_wconf 91' lang='lat' dir='ltr'><strong>uet,</strong></span> <span class='ocrx_word' id='word_1_535' title='bbox 1149 550 1177 573; x_wconf 90' lang='lat' dir='ltr'><strong>et</strong></span> <span class='ocrx_word' id='word_1_536' title='bbox 1192 548 1289 574; x_wconf 85' lang='lat' dir='ltr'><strong>merito</strong></span> <span class='ocrx_word' id='word_1_537' title='bbox 1304 556 1310 574; x_wconf 87' lang='lat'><strong>:</strong></span> <span class='ocrx_word' id='word_1_538' title='bbox 1327 549 1424 582; x_wconf 85' lang='lat' dir='ltr'><strong>quippe</strong></span> <span class='ocrx_word' id='word_1_539' title='bbox 1435 554 1461 576; x_wconf 89' lang='lat' dir='ltr'><strong>et</strong></span> <span class='ocrx_word' id='word_1_540' title='bbox 1477 549 1561 584; x_wconf 85' lang='lat' dir='ltr'><strong>ipsum</strong></span> <span class='ocrx_word' id='word_1_541' title='bbox 1572 557 1587 576; x_wconf 91' lang='lat' dir='ltr'><strong>a</strong></span> <span class='ocrx_word' id='word_1_542' title='bbox 1603 555 1673 577; x_wconf 90' lang='lat' dir='ltr'><strong>terra</strong></span> <span class='ocrx_word' id='word_1_543' title='bbox 1694 551 1871 578; x_wconf 83' lang='lat' dir='ltr'><strong>substantiam</strong></span> 
     </span>
    </p>
   </div>
   <div class='ocr_carea' id='block_1_71' title="bbox 1080 590 1871 632">
    <p class='ocr_par' dir='ltr' id='par_1_71' title="bbox 1080 590 1871 632">
     <span class='ocr_line' id='line_1_71' title="bbox 1080 590 1871 632; baseline 0.01 -16"><span class='ocrx_word' id='word_1_544' title='bbox 1080 590 1167 618; x_wconf 86' lang='lat' dir='ltr'><strong>habet.</strong></span> <span class='ocrx_word' id='word_1_545' title='bbox 1191 592 1333 627; x_wconf 76' lang='lat' dir='ltr'><strong>Propterea</strong></span> <span class='ocrx_word' id='word_1_546' title='bbox 1358 594 1434 621; x_wconf 87' lang='lat' dir='ltr'><strong>multi</strong></span> <span class='ocrx_word' id='word_1_547' title='bbox 1458 594 1628 629; x_wconf 81' lang='lat' dir='ltr'><strong>fugitivorum</strong></span> <span class='ocrx_word' id='word_1_548' title='bbox 1646 604 1783 624; x_wconf 86' lang='lat' dir='ltr'><strong>servorum</strong></span> <span class='ocrx_word' id='word_1_549' title='bbox 1796 601 1871 632; x_wconf 83' lang='lat' dir='ltr'><strong>post-</strong></span> 
     </span>
    </p>
   </div>
   <div class='ocr_carea' id='block_1_72' title="bbox 1078 639 1870 677">
    <p class='ocr_par' dir='ltr' id='par_1_72' title="bbox 1078 639 1870 677">
     <span class='ocr_line' id='line_1_72' title="bbox 1078 639 1870 677; baseline 0.009 -14"><span class='ocrx_word' id='word_1_550' title='bbox 1078 645 1157 671; x_wconf 85' lang='lat' dir='ltr'><strong>quam</strong></span> <span class='ocrx_word' id='word_1_551' title='bbox 1168 639 1309 672; x_wconf 85' lang='lat' dir='ltr'><strong>compedes</strong></span> <span class='ocrx_word' id='word_1_552' title='bbox 1322 645 1348 666; x_wconf 86' lang='lat' dir='ltr'><strong>et</strong></span> <span class='ocrx_word' id='word_1_553' title='bbox 1364 645 1471 667; x_wconf 85' lang='lat' dir='ltr'><strong>catenas</strong></span> <span class='ocrx_word' id='word_1_554' title='bbox 1484 641 1666 675; x_wconf 80' lang='lat' dir='ltr'><strong>pertralientes</strong></span> <span class='ocrx_word' id='word_1_555' title='bbox 1681 643 1821 677; x_wconf 85' lang='lat' dir='ltr'><strong>fugerunt,</strong></span> <span class='ocrx_word' id='word_1_556' title='bbox 1836 643 1870 671; x_wconf 85' lang='lat' dir='ltr'><strong>ad</strong></span> 
     </span>
    </p>
   </div>
   <div class='ocr_carea' id='block_1_73' title="bbox 1078 683 1870 722">
    <p class='ocr_par' dir='ltr' id='par_1_73' title="bbox 1078 683 1870 722">
     <span class='ocr_line' id='line_1_73' title="bbox 1078 683 1870 722; baseline 0.009 -13"><span class='ocrx_word' id='word_1_557' title='bbox 1078 683 1149 710; x_wconf 84' lang='lat' dir='ltr'><strong>rivos</strong></span> <span class='ocrx_word' id='word_1_558' title='bbox 1163 691 1289 717; x_wconf 84' lang='lat' dir='ltr'><strong>aquannn</strong></span> <span class='ocrx_word' id='word_1_559' title='bbox 1306 685 1442 712; x_wconf 87' lang='lat' dir='ltr'><strong>venientes</strong></span> <span class='ocrx_word' id='word_1_560' title='bbox 1464 691 1492 713; x_wconf 87' lang='lat' dir='ltr'><strong>et</strong></span> <span class='ocrx_word' id='word_1_561' title='bbox 1513 687 1616 714; x_wconf 82' lang='lat' dir='ltr'><strong>vinctos</strong></span> <span class='ocrx_word' id='word_1_562' title='bbox 1634 687 1710 722; x_wconf 88' lang='lat' dir='ltr'><strong>aquis</strong></span> <span class='ocrx_word' id='word_1_563' title='bbox 1725 688 1808 722; x_wconf 87' lang='lat' dir='ltr'><strong>pedes</strong></span> <span class='ocrx_word' id='word_1_564' title='bbox 1820 688 1870 716; x_wconf 86' lang='lat' dir='ltr'><strong>im-</strong></span> 
     </span>
    </p>
   </div>
   <div class='ocr_carea' id='block_1_74' title="bbox 1078 729 1868 765">
    <p class='ocr_par' dir='ltr' id='par_1_74' title="bbox 1078 729 1868 765">
     <span class='ocr_line' id='line_1_74' title="bbox 1078 729 1868 765; baseline 0.009 -10"><span class='ocrx_word' id='word_1_565' title='bbox 1078 729 1212 757; x_wconf 86' lang='lat' dir='ltr'><strong>mittentes</strong></span> <span class='ocrx_word' id='word_1_566' title='bbox 1224 750 1230 761; x_wconf 83' lang='lat'><strong>.</strong></span> <span class='ocrx_word' id='word_1_567' title='bbox 1244 734 1271 757; x_wconf 86' lang='lat' dir='ltr'><strong>et</strong></span> <span class='ocrx_word' id='word_1_568' title='bbox 1290 732 1328 758; x_wconf 90' lang='lat' dir='ltr'><strong>sic</strong></span> <span class='ocrx_word' id='word_1_569' title='bbox 1345 732 1450 758; x_wconf 87' lang='lat' dir='ltr'><strong>mollius</strong></span> <span class='ocrx_word' id='word_1_570' title='bbox 1464 731 1565 760; x_wconf 89' lang='lat' dir='ltr'><strong>ferrum</strong></span> <span class='ocrx_word' id='word_1_571' title='bbox 1587 732 1724 765; x_wconf 72' lang='lat' dir='ltr'><strong>facientes,</strong></span> <span class='ocrx_word' id='word_1_572' title='bbox 1739 734 1815 762; x_wconf 88' lang='lat' dir='ltr'><strong>facile</strong></span> <span class='ocrx_word' id='word_1_573' title='bbox 1826 734 1868 762; x_wconf 84' lang='lat' dir='ltr'><strong>la—</strong></span> 
     </span>
    </p>
   </div>
   <div class='ocr_carea' id='block_1_75' title="bbox 1079 775 1868 814">
    <p class='ocr_par' dir='ltr' id='par_1_75' title="bbox 1079 775 1868 814">
     <span class='ocr_line' id='line_1_75' title="bbox 1079 775 1868 814; baseline 0.008 -13"><span class='ocrx_word' id='word_1_574' title='bbox 1079 775 1137 809; x_wconf 88' lang='lat' dir='ltr'><strong>pide</strong></span> <span class='ocrx_word' id='word_1_575' title='bbox 1162 777 1345 810; x_wconf 87' lang='lat' dir='ltr'><strong>pereutieutes</strong></span> <span class='ocrx_word' id='word_1_576' title='bbox 1359 777 1522 812; x_wconf 79' lang='lat' dir='ltr'><strong>dilfriugunt.</strong></span> <span class='ocrx_word' id='word_1_577' title='bbox 1550 778 1630 813; x_wconf 83' lang='lat' dir='ltr'><strong>igitur</strong></span> <span class='ocrx_word' id='word_1_578' title='bbox 1648 780 1746 807; x_wconf 88' lang='lat' dir='ltr'><strong>ferrum</strong></span> <span class='ocrx_word' id='word_1_579' title='bbox 1760 780 1868 814; x_wconf 89' lang='lat' dir='ltr'><strong>quidem</strong></span> 
     </span>
    </p>
   </div>
   <div class='ocr_carea' id='block_1_76' title="bbox 1077 816 1883 860">
    <p class='ocr_par' dir='ltr' id='par_1_76' title="bbox 1077 816 1883 860">
     <span class='ocr_line' id='line_1_76' title="bbox 1077 816 1883 860; baseline 0.006 -13"><span class='ocrx_word' id='word_1_580' title='bbox 1077 821 1218 854; x_wconf 81' lang='lat' dir='ltr'><strong>molleseit,</strong></span> <span class='ocrx_word' id='word_1_581' title='bbox 1235 821 1303 856; x_wconf 87' lang='lat' dir='ltr'><strong>ligna</strong></span> <span class='ocrx_word' id='word_1_582' title='bbox 1321 823 1464 857; x_wconf 75' lang='lat' dir='ltr'><strong>putrefiunt</strong></span> <span class='ocrx_word' id='word_1_583' title='bbox 1475 844 1483 855; x_wconf 88' lang='lat'><strong>,</strong></span> <span class='ocrx_word' id='word_1_584' title='bbox 1498 829 1526 851; x_wconf 88' lang='lat' dir='ltr'><strong>et</strong></span> <span class='ocrx_word' id='word_1_585' title='bbox 1548 825 1648 859; x_wconf 87' lang='lat' dir='ltr'><strong>lapides</strong></span> <span class='ocrx_word' id='word_1_586' title='bbox 1661 816 1883 860; x_wconf 18' lang='lat' dir='ltr'><strong>corrumpunturl</strong></span> 
     </span>
    </p>
   </div>
   <div class='ocr_carea' id='block_1_77' title="bbox 1077 866 1869 905">
    <p class='ocr_par' dir='ltr' id='par_1_77' title="bbox 1077 866 1869 905">
     <span class='ocr_line' id='line_1_77' title="bbox 1077 866 1869 905; baseline 0.009 -13"><span class='ocrx_word' id='word_1_587' title='bbox 1077 866 1111 894; x_wconf 91' lang='lat' dir='ltr'><strong>ab</strong></span> <span class='ocrx_word' id='word_1_588' title='bbox 1124 874 1251 902; x_wconf 90' lang='lat' dir='ltr'><strong>aquarum</strong></span> <span class='ocrx_word' id='word_1_589' title='bbox 1268 872 1362 895; x_wconf 87' lang='lat' dir='ltr'><strong>natura</strong></span> <span class='ocrx_word' id='word_1_590' title='bbox 1375 877 1382 900; x_wconf 87' lang='lat'><strong>;</strong></span> <span class='ocrx_word' id='word_1_591' title='bbox 1396 873 1473 896; x_wconf 76' lang='lat' dir='ltr'><strong>terra:</strong></span> <span class='ocrx_word' id='word_1_592' title='bbox 1484 877 1547 897; x_wconf 78' lang='lat' dir='ltr'><strong>vero</strong></span> <span class='ocrx_word' id='word_1_593' title='bbox 1559 871 1710 905; x_wconf 80' lang='lat' dir='ltr'><strong>magnitudo</strong></span> <span class='ocrx_word' id='word_1_594' title='bbox 1721 877 1795 899; x_wconf 89' lang='lat' dir='ltr'><strong>tanto</strong></span> <span class='ocrx_word' id='word_1_595' title='bbox 1806 877 1869 899; x_wconf 48' lang='lat' dir='ltr'><strong>tem.</strong></span> 
     </span>
    </p>
   </div>
   <div class='ocr_carea' id='block_1_78' title="bbox 1078 914 1868 951">
    <p class='ocr_par' dir='ltr' id='par_1_78' title="bbox 1078 914 1868 951">
     <span class='ocr_line' id='line_1_78' title="bbox 1078 914 1868 951; baseline 0.008 -11"><span class='ocrx_word' id='word_1_596' title='bbox 1078 921 1142 948; x_wconf 90' lang='lat' dir='ltr'><strong>pore</strong></span> <span class='ocrx_word' id='word_1_597' title='bbox 1156 914 1232 949; x_wconf 88' lang='lat' dir='ltr'><strong>aquis</strong></span> <span class='ocrx_word' id='word_1_598' title='bbox 1251 915 1373 949; x_wconf 88' lang='lat' dir='ltr'><strong>imposita</strong></span> <span class='ocrx_word' id='word_1_599' title='bbox 1383 936 1391 950; x_wconf 90' lang='lat'><strong>,</strong></span> <span class='ocrx_word' id='word_1_600' title='bbox 1416 923 1469 943; x_wconf 92' lang='lat' dir='ltr'><strong>non</strong></span> <span class='ocrx_word' id='word_1_601' title='bbox 1482 921 1524 944; x_wconf 75' lang='lat' dir='ltr'><strong>est</strong></span> <span class='ocrx_word' id='word_1_602' title='bbox 1537 917 1675 945; x_wconf 87' lang='lat' dir='ltr'><strong>submersa</strong></span> <span class='ocrx_word' id='word_1_603' title='bbox 1685 939 1693 951; x_wconf 89' lang='lat'><strong>,</strong></span> <span class='ocrx_word' id='word_1_604' title='bbox 1717 926 1766 946; x_wconf 89' lang='lat' dir='ltr'><strong>nec</strong></span> <span class='ocrx_word' id='word_1_605' title='bbox 1780 919 1868 946; x_wconf 54' lang='lat' dir='ltr'><strong>disse.</strong></span> 
     </span>
    </p>
   </div>
   <div class='ocr_carea' id='block_1_79' title="bbox 1078 957 1335 993">
    <p class='ocr_par' dir='ltr' id='par_1_79' title="bbox 1078 957 1335 993">
     <span class='ocr_line' id='line_1_79' title="bbox 1078 957 1335 993; baseline 0.008 -9"><span class='ocrx_word' id='word_1_606' title='bbox 1078 957 1142 989; x_wconf 91' lang='lat' dir='ltr'><strong>luta.</strong></span> <span class='ocrx_word' id='word_1_607' title='bbox 1158 966 1207 986; x_wconf 89' lang='lat' dir='ltr'><strong>nec</strong></span> <span class='ocrx_word' id='word_1_608' title='bbox 1222 959 1335 993; x_wconf 86' lang='lat' dir='ltr'><strong>perdita.</strong></span> 
     </span>
    </p>
   </div>
   <div class='ocr_carea' id='block_1_80' title="bbox 1110 1004 1867 1042">
    <p class='ocr_par' dir='ltr' id='par_1_80' title="bbox 1110 1004 1867 1042">
     <span class='ocr_line' id='line_1_80' title="bbox 1110 1004 1867 1042; baseline 0.009 -12"><span class='ocrx_word' id='word_1_609' title='bbox 1110 1005 1136 1030; x_wconf 76' lang='grc'><strong>4.</strong></span> <span class='ocrx_word' id='word_1_610' title='bbox 1154 1004 1186 1031; x_wconf 87' lang='lat' dir='ltr'><strong>Et</strong></span> <span class='ocrx_word' id='word_1_611' title='bbox 1198 1005 1257 1039; x_wconf 88' lang='lat' dir='ltr'><strong>quis</strong></span> <span class='ocrx_word' id='word_1_612' title='bbox 1273 1005 1329 1032; x_wconf 80' lang='lat' dir='ltr'><strong>haec</strong></span> <span class='ocrx_word' id='word_1_613' title='bbox 1344 1013 1395 1033; x_wconf 90' lang='lat' dir='ltr'><strong>non</strong></span> <span class='ocrx_word' id='word_1_614' title='bbox 1411 1007 1581 1042; x_wconf 85' lang='lat' dir='ltr'><strong>obstupescat</strong></span> <span class='ocrx_word' id='word_1_615' title='bbox 1592 1012 1620 1035; x_wconf 87' lang='lat' dir='ltr'><strong>ct</strong></span> <span class='ocrx_word' id='word_1_616' title='bbox 1634 1008 1798 1040; x_wconf 87' lang='lat' dir='ltr'><strong>admiretur.</strong></span> <span class='ocrx_word' id='word_1_617' title='bbox 1816 1018 1867 1037; x_wconf 75' lang='lat' dir='ltr'><strong>nec</strong></span> 
     </span>
    </p>
   </div>
   <div class='ocr_carea' id='block_1_81' title="bbox 1075 1049 1865 1088">
    <p class='ocr_par' dir='ltr' id='par_1_81' title="bbox 1075 1049 1865 1088">
     <span class='ocr_line' id='line_1_81' title="bbox 1075 1049 1865 1088; baseline 0.009 -13"><span class='ocrx_word' id='word_1_618' title='bbox 1075 1055 1135 1075; x_wconf 92' lang='lat' dir='ltr'><strong>cum</strong></span> <span class='ocrx_word' id='word_1_619' title='bbox 1151 1049 1244 1077; x_wconf 86' lang='lat' dir='ltr'><strong>fiducia</strong></span> <span class='ocrx_word' id='word_1_620' title='bbox 1259 1051 1338 1083; x_wconf 86' lang='lat' dir='ltr'><strong>dicat,</strong></span> <span class='ocrx_word' id='word_1_621' title='bbox 1355 1059 1406 1078; x_wconf 91' lang='lat' dir='ltr'><strong>non</strong></span> <span class='ocrx_word' id='word_1_622' title='bbox 1419 1059 1479 1079; x_wconf 85' lang='lat' dir='ltr'><strong>esse</strong></span> <span class='ocrx_word' id='word_1_623' title='bbox 1494 1057 1594 1080; x_wconf 68' lang='lat' dir='ltr'><strong>natura:</strong></span> <span class='ocrx_word' id='word_1_624' title='bbox 1608 1060 1689 1088; x_wconf 86' lang='lat' dir='ltr'><strong>opera</strong></span> <span class='ocrx_word' id='word_1_625' title='bbox 1699 1055 1756 1087; x_wconf 89' lang='lat' dir='ltr'><strong>,sed</strong></span> <span class='ocrx_word' id='word_1_626' title='bbox 1766 1053 1865 1082; x_wconf 81' lang='lat' dir='ltr'><strong>Provi-</strong></span> 
     </span>
    </p>
   </div>
   <div class='ocr_carea' id='block_1_82' title="bbox 1075 1094 1866 1134">
    <p class='ocr_par' dir='ltr' id='par_1_82' title="bbox 1075 1094 1866 1134">
     <span class='ocr_line' id='line_1_82' title="bbox 1075 1094 1866 1134; baseline 0.009 -14"><span class='ocrx_word' id='word_1_627' title='bbox 1075 1094 1171 1121; x_wconf 71' lang='lat' dir='ltr'><strong>(lentiae</strong></span> <span class='ocrx_word' id='word_1_628' title='bbox 1191 1101 1311 1123; x_wconf 85' lang='lat' dir='ltr'><strong>naturam</strong></span> <span class='ocrx_word' id='word_1_629' title='bbox 1326 1097 1500 1124; x_wconf 82' lang='lat' dir='ltr'><strong>excedentis?</strong></span> <span class='ocrx_word' id='word_1_630' title='bbox 1523 1098 1584 1126; x_wconf 87' lang='lat' dir='ltr'><strong>Ideo</strong></span> <span class='ocrx_word' id='word_1_631' title='bbox 1598 1099 1703 1133; x_wconf 89' lang='lat' dir='ltr'><strong>quidam</strong></span> <span class='ocrx_word' id='word_1_632' title='bbox 1720 1100 1783 1127; x_wconf 90' lang='lat' dir='ltr'><strong>dicit</strong></span> <span class='ocrx_word' id='word_1_633' title='bbox 1796 1109 1802 1127; x_wconf 72' lang='grc' dir='ltr'>ε</span> <span class='ocrx_word' id='word_1_634' title='bbox 1816 1100 1866 1134; x_wconf 82' lang='lat' dir='ltr'><strong>Qui</strong></span> 
     </span>
    </p>
   </div>
   <div class='ocr_carea' id='block_1_83' title="bbox 1074 1141 1867 1181">
    <p class='ocr_par' dir='ltr' id='par_1_83' title="bbox 1074 1141 1867 1181">
     <span class='ocr_line' id='line_1_83' title="bbox 1074 1141 1867 1181; baseline 0.009 -14"><span class='ocrx_word' id='word_1_635' title='bbox 1074 1141 1203 1175; x_wconf 69' lang='lat' dir='ltr'><strong>suspendit</strong></span> <span class='ocrx_word' id='word_1_636' title='bbox 1218 1147 1309 1168; x_wconf 80' lang='lat' dir='ltr'><strong>terram</strong></span> <span class='ocrx_word' id='word_1_637' title='bbox 1323 1151 1398 1177; x_wconf 79' lang='lat' dir='ltr'><strong>super</strong></span> <span class='ocrx_word' id='word_1_638' title='bbox 1419 1143 1498 1171; x_wconf 81' lang='lat' dir='ltr'><strong>nihilo</strong></span> <span class='ocrx_word' id='word_1_639' title='bbox 1514 1143 1575 1179; x_wconf 84' lang='lat' dir='ltr'><strong>(Job</strong></span> <span class='ocrx_word' id='word_1_640' title='bbox 1599 1144 1645 1172; x_wconf 75' lang='grc'><strong>26.</strong></span> <span class='ocrx_word' id='word_1_641' title='bbox 1660 1144 1686 1181; x_wconf 90' lang='grc'>7)</span> <span class='ocrx_word' id='word_1_642' title='bbox 1700 1154 1706 1172; x_wconf 93' lang='lat'>:</span> <span class='ocrx_word' id='word_1_643' title='bbox 1719 1146 1787 1173; x_wconf 86' lang='lat' dir='ltr'><strong>alius</strong></span> <span class='ocrx_word' id='word_1_644' title='bbox 1801 1154 1867 1175; x_wconf 86' lang='lat' dir='ltr'><strong>vero</strong></span> 
     </span>
    </p>
   </div>
   <div class='ocr_carea' id='block_1_84' title="bbox 1074 1187 1865 1227">
    <p class='ocr_par' dir='ltr' id='par_1_84' title="bbox 1074 1187 1865 1227">
     <span class='ocr_line' id='line_1_84' title="bbox 1074 1187 1865 1227; baseline 0.009 -15"><span class='ocrx_word' id='word_1_645' title='bbox 1074 1187 1179 1221; x_wconf 89' lang='lat' dir='ltr'><strong>quidam</strong></span> <span class='ocrx_word' id='word_1_646' title='bbox 1197 1197 1203 1213; x_wconf 90' lang='lat'><strong>:</strong></span> <span class='ocrx_word' id='word_1_647' title='bbox 1220 1187 1254 1214; x_wconf 87' lang='grc' dir='ltr'><strong>1η</strong></span> <span class='ocrx_word' id='word_1_648' title='bbox 1274 1197 1350 1214; x_wconf 84' lang='lat' dir='ltr'><strong>manu</strong></span> <span class='ocrx_word' id='word_1_649' title='bbox 1375 1189 1454 1223; x_wconf 71' lang='lat' dir='ltr'><strong>ipsius</strong></span> <span class='ocrx_word' id='word_1_650' title='bbox 1475 1190 1537 1223; x_wconf 70' lang='lat' dir='ltr'><strong>ﬁne:</strong></span> <span class='ocrx_word' id='word_1_651' title='bbox 1558 1195 1631 1217; x_wconf 72' lang='lat' dir='ltr'><strong>terra</strong></span> <span class='ocrx_word' id='word_1_652' title='bbox 1649 1190 1735 1225; x_wconf 68' lang='lat' dir='ltr'><strong>(Paul.</strong></span> <span class='ocrx_word' id='word_1_653' title='bbox 1757 1191 1802 1219; x_wconf 70' lang='grc'><strong>94.</strong></span> <span class='ocrx_word' id='word_1_654' title='bbox 1825 1192 1865 1227; x_wconf 75' lang='grc'><strong>4).</strong></span> 
     </span>
    </p>
   </div>
   <div class='ocr_carea' id='block_1_85' title="bbox 1074 1231 1866 1273">
    <p class='ocr_par' dir='ltr' id='par_1_85' title="bbox 1074 1231 1866 1273">
     <span class='ocr_line' id='line_1_85' title="bbox 1074 1231 1866 1273; baseline 0.01 -15"><span class='ocrx_word' id='word_1_655' title='bbox 1074 1231 1158 1265; x_wconf 87' lang='lat' dir='ltr'><strong>ltent,</strong></span> <span class='ocrx_word' id='word_1_656' title='bbox 1182 1233 1267 1267; x_wconf 81' lang='lat' dir='ltr'><strong>Super</strong></span> <span class='ocrx_word' id='word_1_657' title='bbox 1293 1235 1373 1261; x_wconf 78' lang='lat' dir='ltr'><strong>maria</strong></span> <span class='ocrx_word' id='word_1_658' title='bbox 1398 1235 1512 1270; x_wconf 76' lang='lat' dir='ltr'><strong>fundarit</strong></span> <span class='ocrx_word' id='word_1_659' title='bbox 1535 1244 1590 1262; x_wconf 71' lang='lat' dir='ltr'><strong>eam</strong></span> <span class='ocrx_word' id='word_1_660' title='bbox 1614 1236 1698 1272; x_wconf 62' lang='lat' dir='ltr'><strong>(Paul.</strong></span> <span class='ocrx_word' id='word_1_661' title='bbox 1715 1237 1760 1265; x_wconf 73' lang='lat'><strong>23.</strong></span> <span class='ocrx_word' id='word_1_662' title='bbox 1775 1238 1816 1273; x_wconf 75' lang='grc'><strong>2).</strong></span> <span class='ocrx_word' id='word_1_663' title='bbox 1834 1239 1866 1266; x_wconf 86' lang='lat' dir='ltr'><strong>Et</strong></span> 
     </span>
    </p>
   </div>
   <div class='ocr_carea' id='block_1_86' title="bbox 1076 1277 1866 1314">
    <p class='ocr_par' dir='ltr' id='par_1_86' title="bbox 1076 1277 1866 1314">
     <span class='ocr_line' id='line_1_86' title="bbox 1076 1277 1866 1314; baseline 0.009 -10"><span class='ocrx_word' id='word_1_664' title='bbox 1076 1277 1132 1305; x_wconf 66' lang='lat' dir='ltr'><strong>haec</strong></span> <span class='ocrx_word' id='word_1_665' title='bbox 1148 1279 1254 1313; x_wconf 89' lang='lat' dir='ltr'><strong>quidem</strong></span> <span class='ocrx_word' id='word_1_666' title='bbox 1270 1281 1400 1306; x_wconf 75' lang='lat' dir='ltr'><strong>contraria</strong></span> <span class='ocrx_word' id='word_1_667' title='bbox 1416 1288 1474 1308; x_wconf 84' lang='lat' dir='ltr'><strong>esse</strong></span> <span class='ocrx_word' id='word_1_668' title='bbox 1487 1281 1626 1314; x_wconf 88' lang='lat' dir='ltr'><strong>videntur,</strong></span> <span class='ocrx_word' id='word_1_669' title='bbox 1651 1282 1759 1310; x_wconf 87' lang='lat' dir='ltr'><strong>ntultam</strong></span> <span class='ocrx_word' id='word_1_670' title='bbox 1775 1289 1866 1313; x_wconf 85' lang='lat' dir='ltr'><strong>tamen</strong></span> 
     </span>
    </p>
   </div>
   <div class='ocr_carea' id='block_1_87' title="bbox 1075 1323 1866 1362">
    <p class='ocr_par' dir='ltr' id='par_1_87' title="bbox 1075 1323 1866 1362">
     <span class='ocr_line' id='line_1_87' title="bbox 1075 1323 1866 1362; baseline 0.006 -12"><span class='ocrx_word' id='word_1_671' title='bbox 1075 1323 1173 1350; x_wconf 85' lang='lat' dir='ltr'><strong>habent</strong></span> <span class='ocrx_word' id='word_1_672' title='bbox 1186 1325 1397 1352; x_wconf 82' lang='lat' dir='ltr'><strong>consonantiam.</strong></span> <span class='ocrx_word' id='word_1_673' title='bbox 1415 1326 1463 1359; x_wconf 88' lang='lat' dir='ltr'><strong>Qui</strong></span> <span class='ocrx_word' id='word_1_674' title='bbox 1480 1327 1550 1353; x_wconf 87' lang='lat' dir='ltr'><strong>enittt</strong></span> <span class='ocrx_word' id='word_1_675' title='bbox 1571 1327 1655 1360; x_wconf 77' lang='lat' dir='ltr'><strong>dixit,</strong></span> <span class='ocrx_word' id='word_1_676' title='bbox 1676 1328 1761 1362; x_wconf 86' lang='lat' dir='ltr'><strong>Super</strong></span> <span class='ocrx_word' id='word_1_677' title='bbox 1784 1330 1866 1356; x_wconf 79' lang='lat' dir='ltr'><strong>maria</strong></span> 
     </span>
    </p>
   </div>
   <div class='ocr_carea' id='block_1_88' title="bbox 1074 1369 1867 1409">
    <p class='ocr_par' dir='ltr' id='par_1_88' title="bbox 1074 1369 1867 1409">
     <span class='ocr_line' id='line_1_88' title="bbox 1074 1369 1867 1409; baseline 0.009 -14"><span class='ocrx_word' id='word_1_678' title='bbox 1074 1369 1189 1404; x_wconf 83' lang='lat' dir='ltr'><strong>fundavit</strong></span> <span class='ocrx_word' id='word_1_679' title='bbox 1202 1378 1272 1402; x_wconf 85' lang='lat' dir='ltr'><strong>eam,</strong></span> <span class='ocrx_word' id='word_1_680' title='bbox 1291 1371 1359 1398; x_wconf 87' lang='lat' dir='ltr'><strong>idetn</strong></span> <span class='ocrx_word' id='word_1_681' title='bbox 1372 1371 1436 1398; x_wconf 80' lang='lat' dir='ltr'><strong>dixit</strong></span> <span class='ocrx_word' id='word_1_682' title='bbox 1450 1376 1528 1406; x_wconf 84' lang='lat' dir='ltr'><strong>atque</strong></span> <span class='ocrx_word' id='word_1_683' title='bbox 1548 1373 1571 1399; x_wconf 92' lang='lat' dir='ltr'><strong>is</strong></span> <span class='ocrx_word' id='word_1_684' title='bbox 1590 1373 1634 1407; x_wconf 92' lang='lat' dir='ltr'><strong>qui</strong></span> <span class='ocrx_word' id='word_1_685' title='bbox 1648 1373 1684 1400; x_wconf 87' lang='lat' dir='ltr'><strong>ait</strong></span> <span class='ocrx_word' id='word_1_686' title='bbox 1697 1374 1768 1408; x_wconf 90' lang='lat' dir='ltr'><strong>quod</strong></span> <span class='ocrx_word' id='word_1_687' title='bbox 1783 1382 1867 1409; x_wconf 84' lang='lat' dir='ltr'><strong>super</strong></span> 
     </span>
    </p>
   </div>
   <div class='ocr_carea' id='block_1_89' title="bbox 1075 1415 1868 1452">
    <p class='ocr_par' dir='ltr' id='par_1_89' title="bbox 1075 1415 1868 1452">
     <span class='ocr_line' id='line_1_89' title="bbox 1075 1415 1868 1452; baseline 0.006 -11"><span class='ocrx_word' id='word_1_688' title='bbox 1075 1415 1158 1442; x_wconf 90' lang='lat' dir='ltr'><strong>nihilo</strong></span> <span class='ocrx_word' id='word_1_689' title='bbox 1180 1420 1276 1442; x_wconf 86' lang='lat' dir='ltr'><strong>terram</strong></span> <span class='ocrx_word' id='word_1_690' title='bbox 1301 1416 1469 1450; x_wconf 85' lang='lat' dir='ltr'><strong>suspenderit</strong></span> <span class='ocrx_word' id='word_1_691' title='bbox 1483 1426 1490 1444; x_wconf 86' lang='lat'><strong>:</strong></span> <span class='ocrx_word' id='word_1_692' title='bbox 1506 1424 1586 1452; x_wconf 87' lang='lat' dir='ltr'><strong>super</strong></span> <span class='ocrx_word' id='word_1_693' title='bbox 1605 1425 1687 1452; x_wconf 85' lang='lat' dir='ltr'><strong>aquas</strong></span> <span class='ocrx_word' id='word_1_694' title='bbox 1707 1419 1780 1446; x_wconf 86' lang='lat' dir='ltr'><strong>enim</strong></span> <span class='ocrx_word' id='word_1_695' title='bbox 1802 1427 1868 1446; x_wconf 84' lang='lat' dir='ltr'><strong>cou-</strong></span> 
     </span>
    </p>
   </div>
   <div class='ocr_carea' id='block_1_90' title="bbox 1073 1460 1867 1500">
    <p class='ocr_par' dir='ltr' id='par_1_90' title="bbox 1073 1460 1867 1500">
     <span class='ocr_line' id='line_1_90' title="bbox 1073 1460 1867 1500; baseline 0.008 -14"><span class='ocrx_word' id='word_1_696' title='bbox 1073 1460 1168 1487; x_wconf 80' lang='lat' dir='ltr'><strong>sistere</strong></span> <span class='ocrx_word' id='word_1_697' title='bbox 1180 1461 1282 1495; x_wconf 81' lang='lat' dir='ltr'><strong>:equale</strong></span> <span class='ocrx_word' id='word_1_698' title='bbox 1291 1466 1333 1489; x_wconf 90' lang='lat' dir='ltr'><strong>cst</strong></span> <span class='ocrx_word' id='word_1_699' title='bbox 1343 1469 1373 1488; x_wconf 87' lang='lat' dir='ltr'><strong>ac</strong></span> <span class='ocrx_word' id='word_1_700' title='bbox 1384 1469 1463 1496; x_wconf 91' lang='lat' dir='ltr'><strong>super</strong></span> <span class='ocrx_word' id='word_1_701' title='bbox 1477 1462 1559 1490; x_wconf 92' lang='lat' dir='ltr'><strong>nibilo</strong></span> <span class='ocrx_word' id='word_1_702' title='bbox 1571 1464 1707 1497; x_wconf 85' lang='lat' dir='ltr'><strong>suspendi.</strong></span> <span class='ocrx_word' id='word_1_703' title='bbox 1722 1464 1772 1492; x_wconf 89' lang='lat' dir='ltr'><strong>Ubi</strong></span> <span class='ocrx_word' id='word_1_704' title='bbox 1787 1465 1867 1500; x_wconf 83' lang='lat' dir='ltr'><strong>igitur</strong></span> 
     </span>
    </p>
   </div>
   <div class='ocr_carea' id='block_1_91' title="bbox 1073 1508 1866 1540">
    <p class='ocr_par' dir='ltr' id='par_1_91' title="bbox 1073 1508 1866 1540">
     <span class='ocr_line' id='line_1_91' title="bbox 1073 1508 1866 1540; baseline 0.006 -7"><span class='ocrx_word' id='word_1_705' title='bbox 1073 1513 1200 1540; x_wconf 85' lang='lat' dir='ltr'><strong>suspensa</strong></span> <span class='ocrx_word' id='word_1_706' title='bbox 1216 1512 1243 1534; x_wconf 90' lang='lat' dir='ltr'><strong>et</strong></span> <span class='ocrx_word' id='word_1_707' title='bbox 1256 1511 1351 1535; x_wconf 86' lang='lat' dir='ltr'><strong>statuta</strong></span> <span class='ocrx_word' id='word_1_708' title='bbox 1366 1509 1424 1536; x_wconf 83' lang='lat' dir='ltr'><strong>est?</strong></span> <span class='ocrx_word' id='word_1_709' title='bbox 1439 1508 1507 1536; x_wconf 80' lang='lat' dir='ltr'><strong>Audi</strong></span> <span class='ocrx_word' id='word_1_710' title='bbox 1535 1509 1657 1536; x_wconf 86' lang='lat' dir='ltr'><strong>eumdem</strong></span> <span class='ocrx_word' id='word_1_711' title='bbox 1670 1510 1803 1538; x_wconf 84' lang='lat' dir='ltr'><strong>dicentem</strong></span> <span class='ocrx_word' id='word_1_712' title='bbox 1815 1520 1821 1538; x_wconf 91' lang='lat'><strong>:</strong></span> <span class='ocrx_word' id='word_1_713' title='bbox 1833 1511 1866 1538; x_wconf 80' lang='lat' dir='ltr'><strong>la</strong></span> 
     </span>
    </p>
   </div>
   <div class='ocr_carea' id='block_1_92' title="bbox 1074 1552 1867 1589">
    <p class='ocr_par' dir='ltr' id='par_1_92' title="bbox 1074 1552 1867 1589">
     <span class='ocr_line' id='line_1_92' title="bbox 1074 1552 1867 1589; baseline 0.008 -12"><span class='ocrx_word' id='word_1_714' title='bbox 1074 1560 1151 1578; x_wconf 85' lang='lat' dir='ltr'><strong>nmnu</strong></span> <span class='ocrx_word' id='word_1_715' title='bbox 1176 1552 1255 1587; x_wconf 70' lang='lat' dir='ltr'><strong>ipsius</strong></span> <span class='ocrx_word' id='word_1_716' title='bbox 1279 1552 1341 1587; x_wconf 76' lang='lat' dir='ltr'><strong>[inet</strong></span> <span class='ocrx_word' id='word_1_717' title='bbox 1364 1558 1445 1580; x_wconf 65' lang='lat' dir='ltr'><strong>terra.</strong></span> <span class='ocrx_word' id='word_1_718' title='bbox 1473 1553 1530 1580; x_wconf 88' lang='lat' dir='ltr'><strong>Non</strong></span> <span class='ocrx_word' id='word_1_719' title='bbox 1554 1555 1624 1589; x_wconf 91' lang='lat' dir='ltr'><strong>quod</strong></span> <span class='ocrx_word' id='word_1_720' title='bbox 1650 1563 1745 1583; x_wconf 88' lang='lat' dir='ltr'><strong>manus</strong></span> <span class='ocrx_word' id='word_1_721' title='bbox 1769 1556 1867 1583; x_wconf 79' lang='lat' dir='ltr'><strong>habent</strong></span> 
     </span>
    </p>
   </div>
   <div class='ocr_carea' id='block_1_93' title="bbox 1074 1596 1867 1636">
    <p class='ocr_par' dir='ltr' id='par_1_93' title="bbox 1074 1596 1867 1636">
     <span class='ocr_line' id='line_1_93' title="bbox 1074 1596 1867 1636; baseline 0.006 -13"><span class='ocrx_word' id='word_1_722' title='bbox 1074 1596 1145 1623; x_wconf 86' lang='lat' dir='ltr'><strong>Deus</strong></span> <span class='ocrx_word' id='word_1_723' title='bbox 1155 1616 1162 1627; x_wconf 85' lang='lat'><strong><em>.</em></strong></span> <span class='ocrx_word' id='word_1_724' title='bbox 1179 1597 1225 1624; x_wconf 90' lang='lat' dir='ltr'><strong>sed</strong></span> <span class='ocrx_word' id='word_1_725' title='bbox 1241 1601 1270 1624; x_wconf 94' lang='lat' dir='ltr'><strong>ut</strong></span> <span class='ocrx_word' id='word_1_726' title='bbox 1282 1597 1385 1631; x_wconf 80' lang='lat' dir='ltr'><strong>discas,</strong></span> <span class='ocrx_word' id='word_1_727' title='bbox 1411 1598 1494 1633; x_wconf 89' lang='lat' dir='ltr'><strong>ipsius</strong></span> <span class='ocrx_word' id='word_1_728' title='bbox 1509 1600 1653 1633; x_wconf 83' lang='lat' dir='ltr'><strong>potentiam</strong></span> <span class='ocrx_word' id='word_1_729' title='bbox 1667 1601 1793 1628; x_wconf 87' lang='lat' dir='ltr'><strong>oumibus</strong></span> <span class='ocrx_word' id='word_1_730' title='bbox 1805 1609 1867 1636; x_wconf 87' lang='lat' dir='ltr'><strong>pm-</strong></span> 
     </span>
    </p>
   </div>
   <div class='ocr_carea' id='block_1_94' title="bbox 1074 1642 1866 1682">
    <p class='ocr_par' dir='ltr' id='par_1_94' title="bbox 1074 1642 1866 1682">
     <span class='ocr_line' id='line_1_94' title="bbox 1074 1642 1866 1682; baseline 0.006 -13"><span class='ocrx_word' id='word_1_731' title='bbox 1074 1642 1205 1670; x_wconf 88' lang='lat' dir='ltr'><strong>videnlcm</strong></span> <span class='ocrx_word' id='word_1_732' title='bbox 1221 1651 1297 1677; x_wconf 87' lang='lat' dir='ltr'><strong>esse,</strong></span> <span class='ocrx_word' id='word_1_733' title='bbox 1313 1652 1372 1678; x_wconf 71' lang='lat' dir='ltr'><strong>qua:</strong></span> <span class='ocrx_word' id='word_1_734' title='bbox 1387 1649 1464 1672; x_wconf 67' lang='lat' dir='ltr'><strong>terra:</strong></span> <span class='ocrx_word' id='word_1_735' title='bbox 1478 1653 1574 1680; x_wconf 90' lang='lat' dir='ltr'><strong>corpus</strong></span> <span class='ocrx_word' id='word_1_736' title='bbox 1589 1647 1707 1673; x_wconf 88' lang='lat' dir='ltr'><strong>continet</strong></span> <span class='ocrx_word' id='word_1_737' title='bbox 1720 1652 1748 1674; x_wconf 94' lang='lat' dir='ltr'><strong>et</strong></span> <span class='ocrx_word' id='word_1_738' title='bbox 1766 1652 1866 1682; x_wconf 90' lang='lat' dir='ltr'><strong>portat.</strong></span> 
     </span>
    </p>
   </div>
   <div class='ocr_carea' id='block_1_95' title="bbox 1074 1688 1867 1726">
    <p class='ocr_par' dir='ltr' id='par_1_95' title="bbox 1074 1688 1867 1726">
     <span class='ocr_line' id='line_1_95' title="bbox 1074 1688 1867 1726; baseline 0.003 -10"><span class='ocrx_word' id='word_1_739' title='bbox 1074 1688 1102 1716; x_wconf 91' lang='lat' dir='ltr'><strong>Si</strong></span> <span class='ocrx_word' id='word_1_740' title='bbox 1119 1689 1197 1717; x_wconf 91' lang='lat' dir='ltr'><strong>dictis</strong></span> <span class='ocrx_word' id='word_1_741' title='bbox 1217 1698 1269 1717; x_wconf 89' lang='lat' dir='ltr'><strong>non</strong></span> <span class='ocrx_word' id='word_1_742' title='bbox 1284 1690 1370 1717; x_wconf 86' lang='lat' dir='ltr'><strong>credis</strong></span> <span class='ocrx_word' id='word_1_743' title='bbox 1381 1711 1388 1722; x_wconf 90' lang='lat'><strong>,</strong></span> <span class='ocrx_word' id='word_1_744' title='bbox 1411 1691 1443 1718; x_wconf 90' lang='lat' dir='ltr'><strong>iis</strong></span> <span class='ocrx_word' id='word_1_745' title='bbox 1457 1699 1516 1726; x_wconf 70' lang='lat' dir='ltr'><strong>qua:</strong></span> <span class='ocrx_word' id='word_1_746' title='bbox 1530 1692 1604 1719; x_wconf 83' lang='lat' dir='ltr'><strong>vides</strong></span> <span class='ocrx_word' id='word_1_747' title='bbox 1621 1693 1699 1720; x_wconf 88' lang='lat' dir='ltr'><strong>crede</strong></span> <span class='ocrx_word' id='word_1_748' title='bbox 1711 1701 1718 1718; x_wconf 88' lang='lat'><strong>:</strong></span> <span class='ocrx_word' id='word_1_749' title='bbox 1730 1698 1758 1720; x_wconf 91' lang='lat' dir='ltr'><strong>ct</strong></span> <span class='ocrx_word' id='word_1_750' title='bbox 1770 1693 1797 1720; x_wconf 90' lang='lat' dir='ltr'><strong>in</strong></span> <span class='ocrx_word' id='word_1_751' title='bbox 1812 1693 1867 1720; x_wconf 85' lang='lat' dir='ltr'><strong>alio</strong></span> 
     </span>
    </p>
   </div>
   <div class='ocr_carea' id='block_1_96' title="bbox 1073 1735 1866 1772">
    <p class='ocr_par' dir='ltr' id='par_1_96' title="bbox 1073 1735 1866 1772">
     <span class='ocr_line' id='line_1_96' title="bbox 1073 1735 1866 1772; baseline 0.008 -12"><span class='ocrx_word' id='word_1_752' title='bbox 1073 1735 1170 1769; x_wconf 88' lang='lat' dir='ltr'><strong>quippe</strong></span> <span class='ocrx_word' id='word_1_753' title='bbox 1179 1735 1311 1762; x_wconf 82' lang='lat' dir='ltr'><strong>elemento</strong></span> <span class='ocrx_word' id='word_1_754' title='bbox 1320 1735 1388 1763; x_wconf 87' lang='lat' dir='ltr'><strong>hanc</strong></span> <span class='ocrx_word' id='word_1_755' title='bbox 1397 1736 1543 1764; x_wconf 91' lang='lat' dir='ltr'><strong>mirabilem</strong></span> <span class='ocrx_word' id='word_1_756' title='bbox 1551 1738 1732 1772; x_wconf 86' lang='lat' dir='ltr'><strong>operationem</strong></span> <span class='ocrx_word' id='word_1_757' title='bbox 1745 1738 1866 1766; x_wconf 82' lang='lat' dir='ltr'><strong>invenire</strong></span> 
     </span>
    </p>
   </div>
   <div class='ocr_carea' id='block_1_97' title="bbox 1074 1781 1866 1818">
    <p class='ocr_par' dir='ltr' id='par_1_97' title="bbox 1074 1781 1866 1818">
     <span class='ocr_line' id='line_1_97' title="bbox 1074 1781 1866 1818; baseline 0.008 -12"><span class='ocrx_word' id='word_1_758' title='bbox 1074 1781 1145 1807; x_wconf 81' lang='lat' dir='ltr'><strong>licet.</strong></span> <span class='ocrx_word' id='word_1_759' title='bbox 1161 1781 1229 1816; x_wconf 82' lang='lat' dir='ltr'><strong>Ignis</strong></span> <span class='ocrx_word' id='word_1_760' title='bbox 1241 1782 1310 1808; x_wconf 91' lang='lat' dir='ltr'><strong>enim</strong></span> <span class='ocrx_word' id='word_1_761' title='bbox 1326 1787 1418 1809; x_wconf 87' lang='lat' dir='ltr'><strong>natura</strong></span> <span class='ocrx_word' id='word_1_762' title='bbox 1432 1783 1484 1810; x_wconf 86' lang='lat' dir='ltr'><strong>alta</strong></span> <span class='ocrx_word' id='word_1_763' title='bbox 1500 1784 1573 1818; x_wconf 87' lang='lat' dir='ltr'><strong>petit,</strong></span> <span class='ocrx_word' id='word_1_764' title='bbox 1585 1789 1611 1811; x_wconf 87' lang='lat' dir='ltr'><strong>et</strong></span> <span class='ocrx_word' id='word_1_765' title='bbox 1625 1785 1650 1811; x_wconf 91' lang='lat' dir='ltr'><strong>in</strong></span> <span class='ocrx_word' id='word_1_766' title='bbox 1666 1785 1781 1812; x_wconf 90' lang='lat' dir='ltr'><strong>sublime</strong></span> <span class='ocrx_word' id='word_1_767' title='bbox 1795 1793 1866 1812; x_wconf 87' lang='lat' dir='ltr'><strong>sem-</strong></span> 
     </span>
    </p>
   </div>
   <div class='ocr_carea' id='block_1_98' title="bbox 1076 1827 1865 1861">
    <p class='ocr_par' dir='ltr' id='par_1_98' title="bbox 1076 1827 1865 1861">
     <span class='ocr_line' id='line_1_98' title="bbox 1076 1827 1865 1861; baseline 0.009 -9"><span class='ocrx_word' id='word_1_768' title='bbox 1076 1833 1122 1860; x_wconf 86' lang='lat' dir='ltr'><strong>per</strong></span> <span class='ocrx_word' id='word_1_769' title='bbox 1137 1827 1205 1859; x_wconf 89' lang='lat' dir='ltr'><strong>salit,</strong></span> <span class='ocrx_word' id='word_1_770' title='bbox 1223 1832 1249 1854; x_wconf 87' lang='lat' dir='ltr'><strong>et</strong></span> <span class='ocrx_word' id='word_1_771' title='bbox 1261 1835 1275 1854; x_wconf 89' lang='lat' dir='ltr'><strong>a</strong></span> <span class='ocrx_word' id='word_1_772' title='bbox 1293 1833 1385 1855; x_wconf 90' lang='lat' dir='ltr'><strong>natura</strong></span> <span class='ocrx_word' id='word_1_773' title='bbox 1400 1833 1429 1855; x_wconf 91' lang='lat' dir='ltr'><strong>ut</strong></span> <span class='ocrx_word' id='word_1_774' title='bbox 1442 1829 1559 1861; x_wconf 82' lang='lat' dir='ltr'><strong>exsiliat,</strong></span> <span class='ocrx_word' id='word_1_775' title='bbox 1576 1830 1655 1857; x_wconf 87' lang='lat' dir='ltr'><strong>habet</strong></span> <span class='ocrx_word' id='word_1_776' title='bbox 1667 1840 1674 1857; x_wconf 87' lang='lat'><strong>:</strong></span> <span class='ocrx_word' id='word_1_777' title='bbox 1685 1835 1712 1858; x_wconf 86' lang='lat' dir='ltr'><strong>et</strong></span> <span class='ocrx_word' id='word_1_778' title='bbox 1727 1831 1789 1858; x_wconf 87' lang='lat' dir='ltr'><strong>licet</strong></span> <span class='ocrx_word' id='word_1_779' title='bbox 1804 1832 1865 1861; x_wconf 68' lang='lat' dir='ltr'><strong>illih—</strong></span> 
     </span>
    </p>
   </div>
   <div class='ocr_carea' id='block_1_99' title="bbox 1074 1872 1864 1912">
    <p class='ocr_par' dir='ltr' id='par_1_99' title="bbox 1074 1872 1864 1912">
     <span class='ocr_line' id='line_1_99' title="bbox 1074 1872 1864 1912; baseline 0.008 -14"><span class='ocrx_word' id='word_1_780' title='bbox 1074 1872 1127 1898; x_wconf 88' lang='lat' dir='ltr'><strong>nita</strong></span> <span class='ocrx_word' id='word_1_781' title='bbox 1141 1878 1236 1906; x_wconf 84' lang='lat' dir='ltr'><strong>cogant</strong></span> <span class='ocrx_word' id='word_1_782' title='bbox 1249 1878 1275 1900; x_wconf 93' lang='lat' dir='ltr'><strong>ct</strong></span> <span class='ocrx_word' id='word_1_783' title='bbox 1290 1879 1416 1909; x_wconf 84' lang='lat' dir='ltr'><strong>urgeant,</strong></span> <span class='ocrx_word' id='word_1_784' title='bbox 1430 1875 1462 1902; x_wconf 90' lang='lat' dir='ltr'><strong>ad</strong></span> <span class='ocrx_word' id='word_1_785' title='bbox 1478 1874 1602 1903; x_wconf 85' lang='lat' dir='ltr'><strong>inferiora</strong></span> <span class='ocrx_word' id='word_1_786' title='bbox 1617 1876 1714 1904; x_wconf 84' lang='lat' dir='ltr'><strong>deferri</strong></span> <span class='ocrx_word' id='word_1_787' title='bbox 1728 1885 1782 1904; x_wconf 90' lang='lat' dir='ltr'><strong>non</strong></span> <span class='ocrx_word' id='word_1_788' title='bbox 1795 1878 1864 1912; x_wconf 83' lang='lat' dir='ltr'><strong>pati-</strong></span> 
     </span>
    </p>
   </div>
   <div class='ocr_carea' id='block_1_100' title="bbox 1075 1917 1863 1957">
    <p class='ocr_par' dir='ltr' id='par_1_100' title="bbox 1075 1917 1863 1957">
     <span class='ocr_line' id='line_1_100' title="bbox 1075 1917 1863 1957; baseline 0.008 -13"><span class='ocrx_word' id='word_1_789' title='bbox 1075 1921 1126 1944; x_wconf 85' lang='lat' dir='ltr'><strong>tur.</strong></span> <span class='ocrx_word' id='word_1_790' title='bbox 1142 1917 1342 1954; x_wconf 88' lang='lat' dir='ltr'><strong>Nouuumquam</strong></span> <span class='ocrx_word' id='word_1_791' title='bbox 1362 1920 1433 1947; x_wconf 89' lang='lat' dir='ltr'><strong>enim</strong></span> <span class='ocrx_word' id='word_1_792' title='bbox 1454 1921 1537 1948; x_wconf 88' lang='lat' dir='ltr'><strong>facem</strong></span> <span class='ocrx_word' id='word_1_793' title='bbox 1558 1929 1696 1949; x_wconf 76' lang='lat' dir='ltr'><strong>accensam</strong></span> <span class='ocrx_word' id='word_1_794' title='bbox 1711 1923 1863 1957; x_wconf 84' lang='lat' dir='ltr'><strong>capientes,</strong></span> 
     </span>
    </p>
   </div>
   <div class='ocr_carea' id='block_1_101' title="bbox 1074 1964 1863 2002">
    <p class='ocr_par' dir='ltr' id='par_1_101' title="bbox 1074 1964 1863 2002">
     <span class='ocr_line' id='line_1_101' title="bbox 1074 1964 1863 2002; baseline 0.008 -12"><span class='ocrx_word' id='word_1_795' title='bbox 1074 1968 1101 1990; x_wconf 85' lang='lat' dir='ltr'><strong>et</strong></span> <span class='ocrx_word' id='word_1_796' title='bbox 1115 1964 1140 1991; x_wconf 89' lang='lat' dir='ltr'><strong>in</strong></span> <span class='ocrx_word' id='word_1_797' title='bbox 1154 1970 1231 1999; x_wconf 88' lang='lat' dir='ltr'><strong>captll.</strong></span> <span class='ocrx_word' id='word_1_798' title='bbox 1244 1965 1417 1999; x_wconf 82' lang='lat' dir='ltr'><strong>inclinantes,</strong></span> <span class='ocrx_word' id='word_1_799' title='bbox 1441 1967 1508 2000; x_wconf 81' lang='lat' dir='ltr'><strong>ignis</strong></span> <span class='ocrx_word' id='word_1_800' title='bbox 1527 1968 1653 2002; x_wconf 87' lang='lat' dir='ltr'><strong>impetum</strong></span> <span class='ocrx_word' id='word_1_801' title='bbox 1670 1969 1781 1996; x_wconf 86' lang='lat' dir='ltr'><strong>inferius</strong></span> <span class='ocrx_word' id='word_1_802' title='bbox 1803 1970 1863 1996; x_wconf 81' lang='lat' dir='ltr'><strong>ferri</strong></span> 
     </span>
    </p>
   </div>
   <div class='ocr_carea' id='block_1_102' title="bbox 1075 2011 1864 2047">
    <p class='ocr_par' dir='ltr' id='par_1_102' title="bbox 1075 2011 1864 2047">
     <span class='ocr_line' id='line_1_102' title="bbox 1075 2011 1864 2047; baseline 0.008 -11"><span class='ocrx_word' id='word_1_803' title='bbox 1075 2017 1126 2037; x_wconf 94' lang='lat' dir='ltr'><strong>non</strong></span> <span class='ocrx_word' id='word_1_804' title='bbox 1148 2011 1268 2046; x_wconf 78' lang='lat' dir='ltr'><strong>cogimus</strong></span> <span class='ocrx_word' id='word_1_805' title='bbox 1280 2021 1287 2040; x_wconf 90' lang='lat'>:</span> <span class='ocrx_word' id='word_1_806' title='bbox 1299 2012 1344 2039; x_wconf 85' lang='lat' dir='ltr'><strong>sed</strong></span> <span class='ocrx_word' id='word_1_807' title='bbox 1360 2018 1386 2039; x_wconf 91' lang='lat' dir='ltr'><strong>et</strong></span> <span class='ocrx_word' id='word_1_808' title='bbox 1398 2014 1436 2040; x_wconf 89' lang='lat' dir='ltr'><strong>sic</strong></span> <span class='ocrx_word' id='word_1_809' title='bbox 1451 2014 1476 2040; x_wconf 96' lang='lat' dir='ltr'><strong>in</strong></span> <span class='ocrx_word' id='word_1_810' title='bbox 1491 2014 1626 2047; x_wconf 87' lang='lat' dir='ltr'><strong>superiora</strong></span> <span class='ocrx_word' id='word_1_811' title='bbox 1642 2015 1774 2047; x_wconf 86' lang='lat' dir='ltr'><strong>recurrit,</strong></span> <span class='ocrx_word' id='word_1_812' title='bbox 1797 2020 1826 2042; x_wconf 91' lang='lat' dir='ltr'><strong>ct</strong></span> <span class='ocrx_word' id='word_1_813' title='bbox 1839 2016 1864 2042; x_wconf 92' lang='lat' dir='ltr'><strong>in</strong></span> 
     </span>
    </p>
   </div>
   <div class='ocr_carea' id='block_1_103' title="bbox 1074 2058 1864 2091">
    <p class='ocr_par' dir='ltr' id='par_1_103' title="bbox 1074 2058 1864 2091">
     <span class='ocr_line' id='line_1_103' title="bbox 1074 2058 1864 2091; baseline 0.004 -6"><span class='ocrx_word' id='word_1_814' title='bbox 1074 2059 1188 2085; x_wconf 85' lang='lat' dir='ltr'><strong>sublime</strong></span> <span class='ocrx_word' id='word_1_815' title='bbox 1203 2058 1304 2085; x_wconf 86' lang='lat' dir='ltr'><strong>inferne</strong></span> <span class='ocrx_word' id='word_1_816' title='bbox 1320 2059 1440 2091; x_wconf 86' lang='lat' dir='ltr'><strong>festinat;</strong></span> <span class='ocrx_word' id='word_1_817' title='bbox 1465 2060 1490 2086; x_wconf 92' lang='lat' dir='ltr'><strong>in</strong></span> <span class='ocrx_word' id='word_1_818' title='bbox 1513 2061 1568 2087; x_wconf 85' lang='lat' dir='ltr'><strong>sole</strong></span> <span class='ocrx_word' id='word_1_819' title='bbox 1583 2068 1646 2087; x_wconf 86' lang='lat' dir='ltr'><strong>vero</strong></span> <span class='ocrx_word' id='word_1_820' title='bbox 1661 2065 1743 2087; x_wconf 92' lang='lat' dir='ltr'><strong>totum</strong></span> <span class='ocrx_word' id='word_1_821' title='bbox 1757 2066 1864 2088; x_wconf 85' lang='lat' dir='ltr'><strong>contra-</strong></span> 
     </span>
    </p>
   </div>
   <div class='ocr_carea' id='block_1_104' title="bbox 1075 2104 1866 2139">
    <p class='ocr_par' dir='ltr' id='par_1_104' title="bbox 1075 2104 1866 2139">
     <span class='ocr_line' id='line_1_104' title="bbox 1075 2104 1866 2139; baseline 0.003 -8"><span class='ocrx_word' id='word_1_822' title='bbox 1075 2105 1142 2131; x_wconf 92' lang='lat' dir='ltr'><strong>rium</strong></span> <span class='ocrx_word' id='word_1_823' title='bbox 1159 2105 1226 2132; x_wconf 84' lang='lat' dir='ltr'><strong>Deus</strong></span> <span class='ocrx_word' id='word_1_824' title='bbox 1249 2104 1309 2131; x_wconf 87' lang='lat' dir='ltr'><strong>fecit</strong></span> <span class='ocrx_word' id='word_1_825' title='bbox 1322 2114 1328 2132; x_wconf 94' lang='lat'>:</span> <span class='ocrx_word' id='word_1_826' title='bbox 1341 2105 1423 2139; x_wconf 74' lang='lat' dir='ltr'><strong>ipsius</strong></span> <span class='ocrx_word' id='word_1_827' title='bbox 1442 2106 1511 2132; x_wconf 86' lang='lat' dir='ltr'><strong>enim</strong></span> <span class='ocrx_word' id='word_1_828' title='bbox 1535 2106 1622 2132; x_wconf 89' lang='lat' dir='ltr'><strong>radios</strong></span> <span class='ocrx_word' id='word_1_829' title='bbox 1638 2106 1670 2132; x_wconf 89' lang='lat' dir='ltr'><strong>ad</strong></span> <span class='ocrx_word' id='word_1_830' title='bbox 1687 2111 1786 2133; x_wconf 88' lang='lat' dir='ltr'><strong>terram</strong></span> <span class='ocrx_word' id='word_1_831' title='bbox 1801 2115 1866 2133; x_wconf 85' lang='lat' dir='ltr'><strong>cou-</strong></span> 
     </span>
    </p>
   </div>
   <div class='ocr_carea' id='block_1_105' title="bbox 1074 2149 1864 2186">
    <p class='ocr_par' dir='ltr' id='par_1_105' title="bbox 1074 2149 1864 2186">
     <span class='ocr_line' id='line_1_105' title="bbox 1074 2149 1864 2186; baseline 0.003 -9"><span class='ocrx_word' id='word_1_832' title='bbox 1074 2150 1170 2183; x_wconf 85' lang='lat' dir='ltr'><strong>vertit,</strong></span> <span class='ocrx_word' id='word_1_833' title='bbox 1191 2155 1218 2177; x_wconf 91' lang='lat' dir='ltr'><strong>et</strong></span> <span class='ocrx_word' id='word_1_834' title='bbox 1236 2149 1321 2177; x_wconf 90' lang='lat' dir='ltr'><strong>lucem</strong></span> <span class='ocrx_word' id='word_1_835' title='bbox 1347 2150 1409 2177; x_wconf 85' lang='lat' dir='ltr'><strong>fecit</strong></span> <span class='ocrx_word' id='word_1_836' title='bbox 1428 2150 1537 2178; x_wconf 87' lang='lat' dir='ltr'><strong>inferius</strong></span> <span class='ocrx_word' id='word_1_837' title='bbox 1554 2159 1678 2186; x_wconf 80' lang='lat' dir='ltr'><strong>vergere;</strong></span> <span class='ocrx_word' id='word_1_838' title='bbox 1696 2156 1797 2178; x_wconf 88' lang='lat' dir='ltr'><strong>tantum</strong></span> <span class='ocrx_word' id='word_1_839' title='bbox 1812 2160 1864 2179; x_wconf 90' lang='lat' dir='ltr'><strong>non</strong></span> 
     </span>
    </p>
   </div>
   <div class='ocr_carea' id='block_1_106' title="bbox 1074 2194 1865 2230">
    <p class='ocr_par' dir='ltr' id='par_1_106' title="bbox 1074 2194 1865 2230">
     <span class='ocr_line' id='line_1_106' title="bbox 1074 2194 1865 2230; baseline 0 -7"><span class='ocrx_word' id='word_1_840' title='bbox 1074 2196 1166 2223; x_wconf 87' lang='lat' dir='ltr'><strong>dicens</strong></span> <span class='ocrx_word' id='word_1_841' title='bbox 1179 2196 1227 2230; x_wconf 91' lang='lat' dir='ltr'><strong>ipsi</strong></span> <span class='ocrx_word' id='word_1_842' title='bbox 1244 2203 1290 2230; x_wconf 88' lang='lat' dir='ltr'><strong>per</strong></span> <span class='ocrx_word' id='word_1_843' title='bbox 1303 2196 1423 2230; x_wconf 79' lang='lat' dir='ltr'><strong>figuram,</strong></span> <span class='ocrx_word' id='word_1_844' title='bbox 1443 2194 1552 2222; x_wconf 87' lang='lat' dir='ltr'><strong>Inferius</strong></span> <span class='ocrx_word' id='word_1_845' title='bbox 1565 2197 1695 2230; x_wconf 86' lang='lat' dir='ltr'><strong>prospice,</strong></span> <span class='ocrx_word' id='word_1_846' title='bbox 1708 2202 1734 2223; x_wconf 87' lang='lat' dir='ltr'><strong>et</strong></span> <span class='ocrx_word' id='word_1_847' title='bbox 1747 2197 1865 2223; x_wconf 70' lang='lat' dir='ltr'><strong>bomiui~</strong></span> 
     </span>
    </p>
   </div>
   <div class='ocr_carea' id='block_1_107' title="bbox 1075 2241 1864 2276">
    <p class='ocr_par' dir='ltr' id='par_1_107' title="bbox 1075 2241 1864 2276">
     <span class='ocr_line' id='line_1_107' title="bbox 1075 2241 1864 2276; baseline 0.001 -8"><span class='ocrx_word' id='word_1_848' title='bbox 1075 2243 1124 2268; x_wconf 88' lang='lat' dir='ltr'><strong>bus</strong></span> <span class='ocrx_word' id='word_1_849' title='bbox 1144 2241 1336 2276; x_wconf 85' lang='lat' dir='ltr'><strong>luce:propter</strong></span> <span class='ocrx_word' id='word_1_850' title='bbox 1356 2241 1415 2268; x_wconf 88' lang='lat' dir='ltr'><strong>illos</strong></span> <span class='ocrx_word' id='word_1_851' title='bbox 1437 2242 1506 2268; x_wconf 86' lang='lat' dir='ltr'><strong>enim</strong></span> <span class='ocrx_word' id='word_1_852' title='bbox 1532 2241 1617 2268; x_wconf 87' lang='lat' dir='ltr'><strong>factus</strong></span> <span class='ocrx_word' id='word_1_853' title='bbox 1637 2249 1675 2268; x_wconf 89' lang='lat' dir='ltr'><strong>es.</strong></span> <span class='ocrx_word' id='word_1_854' title='bbox 1697 2242 1729 2269; x_wconf 90' lang='lat' dir='ltr'><strong>Et</strong></span> <span class='ocrx_word' id='word_1_855' title='bbox 1749 2242 1864 2270; x_wconf 71' lang='lat' dir='ltr'><strong>lucerna</strong></span> 
     </span>
    </p>
   </div>
   <div class='ocr_carea' id='block_1_108' title="bbox 1074 2285 1863 2320">
    <p class='ocr_par' dir='ltr' id='par_1_108' title="bbox 1074 2285 1863 2320">
     <span class='ocr_line' id='line_1_108' title="bbox 1074 2285 1863 2320; baseline 0.003 -8"><span class='ocrx_word' id='word_1_856' title='bbox 1074 2286 1179 2320; x_wconf 88' lang='lat' dir='ltr'><strong>quidem</strong></span> <span class='ocrx_word' id='word_1_857' title='bbox 1195 2286 1299 2312; x_wconf 86' lang='lat' dir='ltr'><strong>flamma</strong></span> <span class='ocrx_word' id='word_1_858' title='bbox 1316 2285 1366 2312; x_wconf 87' lang='lat' dir='ltr'><strong>hoe</strong></span> <span class='ocrx_word' id='word_1_859' title='bbox 1382 2286 1432 2320; x_wconf 90' lang='lat' dir='ltr'><strong>pati</strong></span> <span class='ocrx_word' id='word_1_860' title='bbox 1449 2294 1501 2312; x_wconf 90' lang='lat' dir='ltr'><strong>non</strong></span> <span class='ocrx_word' id='word_1_861' title='bbox 1523 2290 1624 2320; x_wconf 85' lang='lat' dir='ltr'><strong>potest;</strong></span> <span class='ocrx_word' id='word_1_862' title='bbox 1641 2286 1713 2313; x_wconf 82' lang='lat' dir='ltr'><strong>sidus</strong></span> <span class='ocrx_word' id='word_1_863' title='bbox 1726 2294 1792 2314; x_wconf 86' lang='lat' dir='ltr'><strong>vero</strong></span> <span class='ocrx_word' id='word_1_864' title='bbox 1812 2291 1863 2314; x_wconf 84' lang='lat' dir='ltr'><strong>tam</strong></span> 
     </span>
    </p>
   </div>
   <div class='ocr_carea' id='block_1_109' title="bbox 1075 2331 1865 2367">
    <p class='ocr_par' dir='ltr' id='par_1_109' title="bbox 1075 2331 1865 2367">
     <span class='ocr_line' id='line_1_109' title="bbox 1075 2331 1865 2367; baseline 0.001 -9"><span class='ocrx_word' id='word_1_865' title='bbox 1075 2339 1197 2366; x_wconf 86' lang='lat' dir='ltr'><strong>magnum</strong></span> <span class='ocrx_word' id='word_1_866' title='bbox 1212 2337 1238 2358; x_wconf 91' lang='lat' dir='ltr'><strong>et</strong></span> <span class='ocrx_word' id='word_1_867' title='bbox 1252 2331 1408 2359; x_wconf 87' lang='lat' dir='ltr'><strong>admirabile</strong></span> <span class='ocrx_word' id='word_1_868' title='bbox 1422 2331 1454 2358; x_wconf 91' lang='lat' dir='ltr'><strong>ad</strong></span> <span class='ocrx_word' id='word_1_869' title='bbox 1468 2331 1592 2359; x_wconf 86' lang='lat' dir='ltr'><strong>inferiora</strong></span> <span class='ocrx_word' id='word_1_870' title='bbox 1613 2332 1697 2367; x_wconf 87' lang='lat' dir='ltr'><strong>vergit</strong></span> <span class='ocrx_word' id='word_1_871' title='bbox 1716 2336 1744 2360; x_wconf 88' lang='lat' dir='ltr'><strong>et</strong></span> <span class='ocrx_word' id='word_1_872' title='bbox 1763 2333 1797 2359; x_wconf 90' lang='lat' dir='ltr'><strong>ad</strong></span> <span class='ocrx_word' id='word_1_873' title='bbox 1813 2339 1865 2359; x_wconf 89' lang='lat' dir='ltr'><strong>ter-</strong></span> 
     </span>
    </p>
   </div>
   <div class='ocr_carea' id='block_1_110' title="bbox 1075 2377 1864 2413">
    <p class='ocr_par' dir='ltr' id='par_1_110' title="bbox 1075 2377 1864 2413">
     <span class='ocr_line' id='line_1_110' title="bbox 1075 2377 1864 2413; baseline -0.003 -8"><span class='ocrx_word' id='word_1_874' title='bbox 1075 2385 1131 2405; x_wconf 86' lang='lat' dir='ltr'><strong>ram</strong></span> <span class='ocrx_word' id='word_1_875' title='bbox 1147 2377 1269 2412; x_wconf 88' lang='lat' dir='ltr'><strong>respicit,</strong></span> <span class='ocrx_word' id='word_1_876' title='bbox 1295 2382 1386 2404; x_wconf 86' lang='lat' dir='ltr'><strong>contra</strong></span> <span class='ocrx_word' id='word_1_877' title='bbox 1406 2385 1484 2412; x_wconf 88' lang='lat' dir='ltr'><strong>quam</strong></span> <span class='ocrx_word' id='word_1_878' title='bbox 1508 2377 1592 2412; x_wconf 84' lang='lat' dir='ltr'><strong>ignis,</strong></span> <span class='ocrx_word' id='word_1_879' title='bbox 1615 2382 1724 2413; x_wconf 84' lang='lat' dir='ltr'><strong>propter</strong></span> <span class='ocrx_word' id='word_1_880' title='bbox 1743 2377 1802 2412; x_wconf 74' lang='lat' dir='ltr'><strong>ejus</strong></span> <span class='ocrx_word' id='word_1_881' title='bbox 1820 2378 1864 2412; x_wconf 90' lang='lat' dir='ltr'><strong>qui</strong></span> 
     </span>
    </p>
   </div>
   <div class='ocr_carea' id='block_1_111' title="bbox 1073 2422 1865 2458">
    <p class='ocr_par' dir='ltr' id='par_1_111' title="bbox 1073 2422 1865 2458">
     <span class='ocr_line' id='line_1_111' title="bbox 1073 2422 1865 2458; baseline -0.001 -8"><span class='ocrx_word' id='word_1_882' title='bbox 1073 2423 1152 2458; x_wconf 88' lang='lat' dir='ltr'><strong>jussit</strong></span> <span class='ocrx_word' id='word_1_883' title='bbox 1177 2423 1330 2458; x_wconf 86' lang='lat' dir='ltr'><strong>potentiam.</strong></span> <span class='ocrx_word' id='word_1_884' title='bbox 1356 2422 1400 2451; x_wconf 86' lang='lat' dir='ltr'><strong>Vis</strong></span> <span class='ocrx_word' id='word_1_885' title='bbox 1421 2427 1448 2450; x_wconf 89' lang='lat' dir='ltr'><strong>et</strong></span> <span class='ocrx_word' id='word_1_886' title='bbox 1467 2422 1538 2450; x_wconf 88' lang='lat' dir='ltr'><strong>aliud</strong></span> <span class='ocrx_word' id='word_1_887' title='bbox 1561 2423 1613 2450; x_wconf 86' lang='lat' dir='ltr'><strong>tale</strong></span> <span class='ocrx_word' id='word_1_888' title='bbox 1636 2423 1865 2450; x_wconf 82' lang='lat' dir='ltr'><strong>commemorem?</strong></span> 
     </span>
    </p>
   </div>
   <div class='ocr_carea' id='block_1_112' title="bbox 1066 2468 1861 2504">
    <p class='ocr_par' dir='ltr' id='par_1_112' title="bbox 1066 2468 1861 2504">
     <span class='ocr_line' id='line_1_112' title="bbox 1066 2468 1861 2504; baseline -0.001 -8"><span class='ocrx_word' id='word_1_889' title='bbox 1066 2468 1158 2497; x_wconf 83' lang='lat' dir='ltr'><strong>&#39;Dorsa</strong></span> <span class='ocrx_word' id='word_1_890' title='bbox 1169 2469 1225 2496; x_wconf 60' lang='lat' dir='ltr'><strong>caeli</strong></span> <span class='ocrx_word' id='word_1_891' title='bbox 1240 2468 1317 2504; x_wconf 85' lang='lat' dir='ltr'><strong>hujus</strong></span> <span class='ocrx_word' id='word_1_892' title='bbox 1329 2469 1406 2496; x_wconf 86' lang='lat' dir='ltr'><strong>nobis</strong></span> <span class='ocrx_word' id='word_1_893' title='bbox 1419 2469 1555 2504; x_wconf 88' lang='lat' dir='ltr'><strong>conspicui</strong></span> <span class='ocrx_word' id='word_1_894' title='bbox 1570 2476 1645 2503; x_wconf 73' lang='lat' dir='ltr'><strong>aqua:</strong></span> <span class='ocrx_word' id='word_1_895' title='bbox 1660 2469 1776 2504; x_wconf 88' lang='lat' dir='ltr'><strong>undique</strong></span> <span class='ocrx_word' id='word_1_896' title='bbox 1789 2477 1861 2496; x_wconf 83' lang='lat' dir='ltr'><strong>corn-</strong></span> 
     </span>
    </p>
   </div>
   <div class='ocr_carea' id='block_1_113' title="bbox 1076 2513 1865 2550">
    <p class='ocr_par' dir='ltr' id='par_1_113' title="bbox 1076 2513 1865 2550">
     <span class='ocr_line' id='line_1_113' title="bbox 1076 2513 1865 2550; baseline -0.003 -7"><span class='ocrx_word' id='word_1_897' title='bbox 1076 2515 1252 2550; x_wconf 86' lang='lat' dir='ltr'><strong>prehendunt,</strong></span> <span class='ocrx_word' id='word_1_898' title='bbox 1269 2519 1295 2541; x_wconf 89' lang='lat' dir='ltr'><strong>ct</strong></span> <span class='ocrx_word' id='word_1_899' title='bbox 1310 2522 1395 2550; x_wconf 84' lang='lat' dir='ltr'><strong>neque</strong></span> <span class='ocrx_word' id='word_1_900' title='bbox 1408 2514 1527 2542; x_wconf 86' lang='lat' dir='ltr'><strong>deﬂuunt</strong></span> <span class='ocrx_word' id='word_1_901' title='bbox 1542 2521 1627 2548; x_wconf 87' lang='lat' dir='ltr'><strong>neque</strong></span> <span class='ocrx_word' id='word_1_902' title='bbox 1641 2513 1774 2542; x_wconf 80' lang='lat' dir='ltr'><strong>excedunt</strong></span> <span class='ocrx_word' id='word_1_903' title='bbox 1786 2523 1793 2541; x_wconf 93' lang='lat'><strong><em>:</em></strong></span> <span class='ocrx_word' id='word_1_904' title='bbox 1805 2514 1865 2542; x_wconf 83' lang='lat' dir='ltr'><strong>licet</strong></span> 
     </span>
    </p>
   </div>
   <div class='ocr_carea' id='block_1_114' title="bbox 1076 2559 1910 2595">
    <p class='ocr_par' dir='ltr' id='par_1_114' title="bbox 1076 2559 1910 2595">
     <span class='ocr_line' id='line_1_114' title="bbox 1076 2559 1910 2595; baseline -0.002 -7"><span class='ocrx_word' id='word_1_905' title='bbox 1076 2569 1128 2588; x_wconf 90' lang='lat' dir='ltr'><strong>non</strong></span> <span class='ocrx_word' id='word_1_906' title='bbox 1143 2561 1203 2588; x_wconf 87' lang='lat' dir='ltr'><strong>talis</strong></span> <span class='ocrx_word' id='word_1_907' title='bbox 1214 2561 1248 2588; x_wconf 89' lang='lat' dir='ltr'><strong>sit</strong></span> <span class='ocrx_word' id='word_1_908' title='bbox 1262 2568 1389 2594; x_wconf 85' lang='lat' dir='ltr'><strong>aquarum</strong></span> <span class='ocrx_word' id='word_1_909' title='bbox 1405 2565 1509 2593; x_wconf 89' lang='lat' dir='ltr'><strong>natura,</strong></span> <span class='ocrx_word' id='word_1_910' title='bbox 1524 2560 1572 2587; x_wconf 91' lang='lat' dir='ltr'><strong>scd</strong></span> <span class='ocrx_word' id='word_1_911' title='bbox 1588 2560 1613 2586; x_wconf 95' lang='lat' dir='ltr'><strong>in</strong></span> <span class='ocrx_word' id='word_1_912' title='bbox 1628 2567 1744 2587; x_wconf 86' lang='lat' dir='ltr'><strong>concava</strong></span> <span class='ocrx_word' id='word_1_913' title='bbox 1757 2559 1864 2595; x_wconf 87' lang='lat' dir='ltr'><strong>quidem</strong></span> <span class='ocrx_word' id='word_1_914' title='bbox 1907 2573 1910 2576; x_wconf 91' lang='lat'><strong><em>-</em></strong></span> 
     </span>
    </p>
   </div>
   <div class='ocr_carea' id='block_1_115' title="bbox 1077 2606 1865 2640">
    <p class='ocr_par' dir='ltr' id='par_1_115' title="bbox 1077 2606 1865 2640">
     <span class='ocr_line' id='line_1_115' title="bbox 1077 2606 1865 2640; baseline -0.003 -6"><span class='ocrx_word' id='word_1_915' title='bbox 1077 2608 1152 2635; x_wconf 70' lang='lat' dir='ltr'><strong>facile</strong></span> <span class='ocrx_word' id='word_1_916' title='bbox 1164 2611 1341 2639; x_wconf 89' lang='lat' dir='ltr'><strong>concurrant;</strong></span> <span class='ocrx_word' id='word_1_917' title='bbox 1357 2614 1417 2634; x_wconf 83' lang='lat' dir='ltr'><strong>cuin</strong></span> <span class='ocrx_word' id='word_1_918' title='bbox 1439 2611 1528 2633; x_wconf 85' lang='lat' dir='ltr'><strong>autem</strong></span> <span class='ocrx_word' id='word_1_919' title='bbox 1542 2606 1577 2633; x_wconf 91' lang='lat' dir='ltr'><strong>sit</strong></span> <span class='ocrx_word' id='word_1_920' title='bbox 1588 2613 1685 2640; x_wconf 84' lang='lat' dir='ltr'><strong>corpus</strong></span> <span class='ocrx_word' id='word_1_921' title='bbox 1697 2613 1846 2633; x_wconf 79' lang='lat' dir='ltr'><strong>convexum</strong></span> <span class='ocrx_word' id='word_1_922' title='bbox 1856 2626 1865 2638; x_wconf 91' lang='lat'><strong>,</strong></span> 
     </span>
    </p>
   </div>
   <div class='ocr_carea' id='block_1_116' title="bbox 1075 2652 1864 2688">
    <p class='ocr_par' dir='ltr' id='par_1_116' title="bbox 1075 2652 1864 2688">
     <span class='ocr_line' id='line_1_116' title="bbox 1075 2652 1864 2688; baseline -0.004 -7"><span class='ocrx_word' id='word_1_923' title='bbox 1075 2654 1190 2688; x_wconf 88' lang='lat' dir='ltr'><strong>undique</strong></span> <span class='ocrx_word' id='word_1_924' title='bbox 1200 2653 1327 2686; x_wconf 81' lang='lat' dir='ltr'><strong>deﬂuunt,</strong></span> <span class='ocrx_word' id='word_1_925' title='bbox 1339 2657 1366 2680; x_wconf 89' lang='lat' dir='ltr'><strong>et</strong></span> <span class='ocrx_word' id='word_1_926' title='bbox 1376 2660 1462 2687; x_wconf 86' lang='lat' dir='ltr'><strong>neque</strong></span> <span class='ocrx_word' id='word_1_927' title='bbox 1474 2652 1576 2679; x_wconf 85' lang='lat' dir='ltr'><strong>modica</strong></span> <span class='ocrx_word' id='word_1_928' title='bbox 1589 2659 1680 2679; x_wconf 86' lang='lat' dir='ltr'><strong>earum</strong></span> <span class='ocrx_word' id='word_1_929' title='bbox 1697 2659 1758 2686; x_wconf 88' lang='lat' dir='ltr'><strong>pars</strong></span> <span class='ocrx_word' id='word_1_930' title='bbox 1773 2652 1799 2679; x_wconf 93' lang='lat' dir='ltr'><strong>in</strong></span> <span class='ocrx_word' id='word_1_931' title='bbox 1822 2652 1864 2678; x_wconf 89' lang='lat' dir='ltr'><strong>tali</strong></span> 
     </span>
    </p>
   </div>
   <div class='ocr_carea' id='block_1_117' title="bbox 1075 2696 1865 2735">
    <p class='ocr_par' dir='ltr' id='par_1_117' title="bbox 1075 2696 1865 2735">
     <span class='ocr_line' id='line_1_117' title="bbox 1075 2696 1865 2735; baseline -0.005 -8"><span class='ocrx_word' id='word_1_932' title='bbox 1075 2704 1164 2735; x_wconf 86' lang='lat' dir='ltr'><strong>posset</strong></span> <span class='ocrx_word' id='word_1_933' title='bbox 1182 2699 1243 2726; x_wconf 89' lang='lat' dir='ltr'><strong>loco</strong></span> <span class='ocrx_word' id='word_1_934' title='bbox 1265 2698 1421 2726; x_wconf 87' lang='lat' dir='ltr'><strong>subsistere.</strong></span> <span class='ocrx_word' id='word_1_935' title='bbox 1443 2696 1496 2725; x_wconf 88' lang='lat' dir='ltr'><strong>Sed</strong></span> <span class='ocrx_word' id='word_1_936' title='bbox 1515 2704 1579 2724; x_wconf 85' lang='lat' dir='ltr'><strong>ecce</strong></span> <span class='ocrx_word' id='word_1_937' title='bbox 1597 2696 1648 2724; x_wconf 84' lang='lat' dir='ltr'><strong>hoc</strong></span> <span class='ocrx_word' id='word_1_938' title='bbox 1667 2696 1824 2724; x_wconf 85' lang='lat' dir='ltr'><strong>miraculum</strong></span> <span class='ocrx_word' id='word_1_939' title='bbox 1840 2697 1865 2723; x_wconf 92' lang='lat' dir='ltr'><strong>in</strong></span> 
     </span>
    </p>
   </div>
   <div class='ocr_carea' id='block_1_118' title="bbox 1073 2741 1864 2778">
    <p class='ocr_par' dir='ltr' id='par_1_118' title="bbox 1073 2741 1864 2778">
     <span class='ocr_line' id='line_1_118' title="bbox 1073 2741 1864 2778; baseline -0.006 -5"><span class='ocrx_word' id='word_1_940' title='bbox 1073 2745 1146 2774; x_wconf 69' lang='lat' dir='ltr'><strong>cmlis</strong></span> <span class='ocrx_word' id='word_1_941' title='bbox 1161 2745 1257 2772; x_wconf 88' lang='lat' dir='ltr'><strong>factum</strong></span> <span class='ocrx_word' id='word_1_942' title='bbox 1271 2741 1321 2775; x_wconf 75' lang='lat' dir='ltr'><strong>est,</strong></span> <span class='ocrx_word' id='word_1_943' title='bbox 1336 2749 1363 2771; x_wconf 88' lang='lat' dir='ltr'><strong>et</strong></span> <span class='ocrx_word' id='word_1_944' title='bbox 1376 2743 1427 2770; x_wconf 93' lang='lat' dir='ltr'><strong>hoc</strong></span> <span class='ocrx_word' id='word_1_945' title='bbox 1439 2743 1525 2778; x_wconf 89' lang='lat' dir='ltr'><strong>ipsum</strong></span> <span class='ocrx_word' id='word_1_946' title='bbox 1540 2749 1633 2770; x_wconf 89' lang='lat' dir='ltr'><strong>rursus</strong></span> <span class='ocrx_word' id='word_1_947' title='bbox 1645 2742 1789 2771; x_wconf 89' lang='lat' dir='ltr'><strong>insinuans</strong></span> <span class='ocrx_word' id='word_1_948' title='bbox 1800 2743 1864 2770; x_wconf 84' lang='lat' dir='ltr'><strong>Pro-</strong></span> 
     </span>
    </p>
   </div>
   <div class='ocr_carea' id='block_1_119' title="bbox 1074 2788 1864 2827">
    <p class='ocr_par' dir='ltr' id='par_1_119' title="bbox 1074 2788 1864 2827">
     <span class='ocr_line' id='line_1_119' title="bbox 1074 2788 1864 2827; baseline -0.006 -8"><span class='ocrx_word' id='word_1_949' title='bbox 1074 2792 1164 2827; x_wconf 88' lang='lat' dir='ltr'><strong>pheta,</strong></span> <span class='ocrx_word' id='word_1_950' title='bbox 1180 2791 1283 2818; x_wconf 87' lang='lat' dir='ltr'><strong>dicebat</strong></span> <span class='ocrx_word' id='word_1_951' title='bbox 1296 2800 1303 2818; x_wconf 88' lang='lat'>:</span> <span class='ocrx_word' id='word_1_952' title='bbox 1316 2790 1430 2817; x_wconf 83' lang='lat' dir='ltr'><strong>Laudute</strong></span> <span class='ocrx_word' id='word_1_953' title='bbox 1443 2788 1597 2822; x_wconf 82' lang='lat' dir='ltr'><strong>Dominum,</strong></span> <span class='ocrx_word' id='word_1_954' title='bbox 1612 2796 1700 2824; x_wconf 74' lang='lat' dir='ltr'><strong>aqmt,</strong></span> <span class='ocrx_word' id='word_1_955' title='bbox 1721 2797 1777 2823; x_wconf 67' lang='lat' dir='ltr'><strong>qua,</strong></span> <span class='ocrx_word' id='word_1_956' title='bbox 1791 2795 1864 2822; x_wconf 67' lang='lat' dir='ltr'><strong>super</strong></span> 
     </span>
    </p>
   </div>
   <div class='ocr_carea' id='block_1_120' title="bbox 1075 2833 1863 2873">
    <p class='ocr_par' dir='ltr' id='par_1_120' title="bbox 1075 2833 1863 2873">
     <span class='ocr_line' id='line_1_120' title="bbox 1075 2833 1863 2873; baseline -0.006 -8"><span class='ocrx_word' id='word_1_957' title='bbox 1075 2839 1148 2865; x_wconf 69' lang='lat' dir='ltr'><strong>uelat</strong></span> <span class='ocrx_word' id='word_1_958' title='bbox 1170 2839 1228 2865; x_wconf 68' lang='lat' dir='ltr'><strong>uti:</strong></span> <span class='ocrx_word' id='word_1_959' title='bbox 1254 2837 1338 2873; x_wconf 78' lang='lat' dir='ltr'><strong>(Psal.</strong></span> <span class='ocrx_word' id='word_1_960' title='bbox 1364 2836 1425 2864; x_wconf 76' lang='lat' dir='ltr'><strong>MS.</strong></span> <span class='ocrx_word' id='word_1_961' title='bbox 1451 2837 1492 2870; x_wconf 71' lang='grc'><strong>4).</strong></span> <span class='ocrx_word' id='word_1_962' title='bbox 1520 2836 1554 2863; x_wconf 86' lang='lat' dir='ltr'><strong>Et</strong></span> <span class='ocrx_word' id='word_1_963' title='bbox 1580 2842 1665 2870; x_wconf 86' lang='lat' dir='ltr'><strong>neque</strong></span> <span class='ocrx_word' id='word_1_964' title='bbox 1688 2842 1757 2869; x_wconf 87' lang='lat' dir='ltr'><strong>aqua</strong></span> <span class='ocrx_word' id='word_1_965' title='bbox 1783 2833 1863 2861; x_wconf 87' lang='lat' dir='ltr'><strong>solem</strong></span> 
     </span>
    </p>
   </div>
   <div class='ocr_carea' id='block_1_121' title="bbox 1076 2880 1864 2919">
    <p class='ocr_par' dir='ltr' id='par_1_121' title="bbox 1076 2880 1864 2919">
     <span class='ocr_line' id='line_1_121' title="bbox 1076 2880 1864 2919; baseline -0.008 -7"><span class='ocrx_word' id='word_1_966' title='bbox 1076 2885 1218 2918; x_wconf 77' lang='lat' dir='ltr'><strong>exstinxit,</strong></span> <span class='ocrx_word' id='word_1_967' title='bbox 1239 2891 1324 2919; x_wconf 88' lang='lat' dir='ltr'><strong>neque</strong></span> <span class='ocrx_word' id='word_1_968' title='bbox 1347 2883 1386 2910; x_wconf 89' lang='lat' dir='ltr'><strong>sol</strong></span> <span class='ocrx_word' id='word_1_969' title='bbox 1409 2886 1482 2910; x_wconf 85' lang='lat' dir='ltr'><strong>tanto</strong></span> <span class='ocrx_word' id='word_1_970' title='bbox 1500 2881 1594 2909; x_wconf 82' lang='lat' dir='ltr'><strong>subtus</strong></span> <span class='ocrx_word' id='word_1_971' title='bbox 1608 2880 1707 2908; x_wconf 85' lang='lat' dir='ltr'><strong>vadens</strong></span> <span class='ocrx_word' id='word_1_972' title='bbox 1727 2885 1864 2915; x_wconf 75' lang='lat' dir='ltr'><strong>tempore,</strong></span> 
     </span>
    </p>
   </div>
  </div>
