1962 3121
97 195 140 224 10⁸1
602 197 649 224 AD
668 196 833 227 POPULUM
850 196 871 223 Α

602 197 649 224 AD
668 196 833 227 I’OPULUM
850 195 1101 224 AN'I'IULHENUM
1118 196 1235 224 HOMIL.
1264 200 1308 226 ιιι.

101 262 142 290 μοι
152 253 296 289 νομοθέτου
310 255 424 289 σοφίαν.
441 255 486 282 Ἑν
500 255 614 291 χειμῶνι
630 255 739 293 μακράν
755 254 848 289 ἔταξεν
864 251 935 282 εἶναι

97 296 142 332 τήν
151 296 242 327 νύκτα,
252 296 298 322 ὅτε
313 296 482 333 ἁπαλώτερα
498 296 534 324 τὰ
553 296 698 333 σπέρματα
712 297 761 324 καὶ
776 295 931 332 καταψύχε-

99 340 155 368 σθαι
169 339 236 376 [1οη
251 340 369 376 δεόμενα
389 341 499 376 μᾶλλον,
515 341 562 368 καὶ
576 340 744 377 θερμοτέρας
765 341 816 367 οὐκ
835 340 931 376 ἀνέχε-

100 394 139 412 ται
155 385 203 420 τῆς
214 385 339 417 ἀκτῖνος³
364 384 473 412 ἐπειδάν
483 385 512 412 δὲ
530 384 646 421 αὐξηθῇ,
667 384 829 417 συναύξεται
852 384 933 411 πάλιν

101 430 183 460 αὐτοῖς
201 430 217 465 ή
239 429 343 465 ἡμέρα,
367 429 416 456 καὶ
442 429 504 456 τότε
527 429 632 464 γίνεται
656 429 824 465 μακροτέρα,
838 429 902 455 ὅταν
917 428 933 455 ὁ

102 472 196 508 καρπὸς
215 472 328 508 ἀκμάζῃ
353 471 456 499 λοιπόν.
480 473 518 499 Οὐ
542 473 598 505 τοῖς
627 472 767 508 σπέρμασι
793 472 822 499 δὲ
842 471 932 504 τοῦτο,

103 517 162 544 ἀλλὰ
182 517 228 543 καὶ
251 517 310 548 τοῖς
331 516 456 552 σώμασιν
475 516 636 552 ἐπιτήδειον.
661 515 786 543 Ἐπειδὰν
810 515 865 551 γὰρ
883 515 931 542 τοῦ

104 560 224 596 χειμῶνος
244 559 294 586 καὶ
316 560 428 596 ναύτης,
445 561 492 587 καὶ
512 560 691 596 κυϐερνήτης,
715 560 762 586 καὶ
782 559 932 596 δδοιπόρος,

104 606 145 632 καὶ
160 603 334 639 στρατιώτης,
353 604 399 631 καὶ
414 604 535 640 γεωργὸς
551 604 585 631 τὰ
607 604 693 631 πολλὰ
708 603 776 631 οίκοι
799 603 932 639 κάθηνται

103 648 137 684 τῷ
150 647 244 683 κρυμῷ
260 647 455 683 συνδεδεμένοι.
472 649 518 675 καὶ
534 647 632 684 ἀργίας
656 647 752 683 καιρὸς
774 648 788 674 ὀ
805 647 853 674 τοῦ
875 656 932 682 χει-

103 692 184 728 μῶνός
199 693 266 723 ἐστι,
279 692 310 719 τὺ
320 692 400 719 πλέον
414 692 461 719 τοῦ
474 692 570 729 χρόνου
584 693 623 724 εἰς
635 692 721 719 νύκτα
737 692 931 720 ἀναλίσκεσθαι

102 738 218 772 ἐποίησεν
234 737 248 763 ὁ
264 736 339 769 Θεὸς.
357 736 401 763 ῖνα
420 737 458 772 μὴ
472 737 598 773 περιττὸν
650 736 699 772 τῆς
713 736 819 772 ἡμέρας
833 737 863 763 τὸ
879 737 932 772 μῆ-

102 790 155 813 κος,
165 781 238 808 οὐδὲν
262 781 420 816 δυναμένων
444 782 532 808 ποιεῖν
552 781 606 807 τῶν
617 779 778 815 ἀνθρώπων.
793 780 826 807 Τί
844 781 877 808 ἄν
889 789 932 814 τις

101 825 168 852 εἴποι
182 825 234 851 τῶν
256 823 336 860 ὡρῶν
350 824 400 859 τὴν
413 824 552 857 εὐταξίαν;
572 823 631 856 πῶς
646 824 692 851 καὶ
705 821 784 851 αὗται
806 824 931 859 καθάπερ

103 868 223 904 παρθένοι
239 868 311 900 τινὲς
334 867 494 903 χορεύουσαι
511 868 540 894 ἐν
556 868 650 903 κύκλῳ
672 867 742 904 μετὰ
766 867 866 903 πολλῆς
881 868 932 903 τῆς

102 913 221 946 εὐταξίας
229 912 346 948 ἀλλήλας
357 912 533 948 διαδέχονται,
550 912 598 939 καὶ
613 912 685 939 κατὰ
700 911 797 948 μικρὸν
808 912 856 938 καὶ
869 913 933 947 ἀψο-

102 958 163 993 φητὶ
169 957 233 992 πρὸς
242 955 291 988 τὰς
299 955 424 988 ἐναντίας
437 956 464 982 αἰ
478 956 559 991 μέσαι
572 955 777 988 διαὸιόάζουσαι
791 955 821 982 οὐ
831 955 932 982 παύον-

100 1009 154 1031 ται;
169 1001 216 1027 Διά
223 999 300 1027 τοῦτο
314 999 376 1026 οὒτε
388 1000 443 1027 ἀπὸ
453 999 587 1035 χειμῶνος
599 999 673 1035 ἡμᾶς
682 999 834 1034 διαδέχεται
842 999 932 1035 θέρος,

99 1046 159 1072 οὔτε
175 1044 273 1071 ἐκεῖθεν
288 1043 393 1079 χειμὼν
401 1043 512 1076 εὐθέως,
529 1043 597 1070 ἀλλά
614 1043 697 1079 μέσον
708 1043 933 1079 ¹ξιαρεμῦέὸληται

96 1089 128 1116 τὸ
139 1089 198 1124 ἔαρ,
205 1088 273 1114 ὥστε
282 1088 374 1124 ἡρέμα
382 1088 430 1115 καὶ
440 1088 512 1114 κατά
527 1087 626 1123 μικρὸν
638 1087 835 1123 διαδεχομένων
843 1087 932 1123 ἡμῶν,

96 1132 296 1168 πεπυκνωμένα
312 1132 348 1158 τά
363 1131 477 1168 σώματα
498 1131 609 1164 ἀλύπως
627 1132 776 1168 προσάγειν
792 1131 831 1167 τῷ
847 1131 931 1167 θέρει.

101 1177 209 1212 Ἐπειδὴ
220 1178 275 1211 γάρ
284 1177 313 1202 αἰ
329 1175 426 1211 ἀθρόαι
441 1175 509 1211 πρὸς
521 1176 551 1202 τὸ
564 1175 685 1202 ἐναντίον
697 1175 845 1211 μεταὸολαὶ
857 1176 934 1203 νόσον

93 1223 142 1249 καὶ
153 1220 254 1256 βλάϐην
262 1220 386 1247 τίκτουσι
394 1219 443 1256 τὴν
456 1219 585 1255 ἐσχάτην,
597 1219 772 1255 ᾠκοδόμησεν
782 1220 797 1246 ὸ
807 1219 873 1252 Θεὸς
880 1219 935 1247 άπὸ

93 1267 147 1301 μὲν
161 1265 208 1292 τοῦ
223 1264 358 1301 χειμῶνος
377 1265 452 1300 ἡμᾶς
463 1265 494 1292 τὸ
510 1265 560 1300 ἔαρ
574 1264 754 1301 διαδέχεσθαι,
775 1264 829 1291 ἀπὸ
842 1264 870 1291 δέ
885 1262 933 1290 τοῦ

93 1310 181 1346 ἔαρος
192 1310 222 1336 τδ
236 1309 327 1345 θέρος,
344 1309 399 1336 ἀπὺ
425 1309 454 1336 δὲ
478 1308 526 1336 τοῦ
543 1309 639 1345 θέρους
654 1309 685 1335 τδ
698 1309 866 1345 μετόπωρον,
886 1309 934 1336 καὶ

88 1354 168 1381 οὕτω
181 1353 218 1390 τῷ
230 1354 346 1390 χειμῶνι
360 1353 567 1390 παραπέμπειν,
576 1353 646 1380 ὥστε
660 1353 788 1385 άὸλαϐεῐς
799 1353 846 1380 καὶ
864 1353 934 1380 κατά

90 1399 195 1435 patpr
209 1399 257 1430 τὰς
283 1398 434 1433 μεταὸολὰς
456 1398 506 1430 τάς
529 1399 561 1425 ἐκ
583 1399 638 1426 τῶν
655 1398 784 1426 ἐναντίων
800 1398 878 1434 ὡρῶν
891 1398 935 1425 διὰ

90 1444 149 1470 τῶν
170 1443 256 1478 μέσων
273 1444 340 1478 ήμῖν
365 1442 533 1477 ἐγγίνεσθαι.
551 1442 600 1475 Τίς
614 1440 661 1470 οὖν
677 1442 764 1474 οὕτως
779 1442 871 1475 ἄθλιος
887 1442 935 1469 καὶ

91 1487 277 1522 ταλαίπωρος,
293 1487 323 1519 ὃς
336 1487 408 1522 δρῶν
419 1487 470 1523 μὲν
479 1487 603 1523 οὐρανὸν,
620 1487 691 1523 δρῶν
700 1487 728 1514 δέ
743 1487 876 1514 θάλατταν
887 1486 935 1514 καὶ

91 1532 160 1567 γῆν,
178 1532 246 1567 ὁρῶν
260 1532 289 1560 δὲ
303 1532 440 1568 τοσαύτην
459 1532 539 1568 ὡρῶν
559 1532 707 1569 εὐκρασίαν
719 1532 806 1565 οὕτως
822 1532 933 1568 ἀκριϐῆ,

93 1577 146 1603 καὶ
165 1577 267 1612 ἡμέρας
285 1577 332 1603 καὶ
343 1576 440 1607 νυκτὸς
456 1576 626 1603 ἀδιάπτωτον
642 1576 729 1609 τάξιν,
748 1575 869 1612 νομίζειν
885 1577 935 1603 αὺ-

94 1621 221 1655 τομάτως
232 1620 318 1647 ταῦτα
329 1620 467 1654 γενέσθαι,
475 1620 544 1648 ἀλλὰ
553 1620 590 1656 μὴ
602 1622 765 1656 προσκυνεῖν
773 1621 817 1647 τὸν
828 1620 935 1647 ἅπαντα

96 1664 186 1692 ταῦτα
193 1665 260 1700 μετὰ
268 1665 365 1699 σοφίας
377 1665 429 1700 τῆς
437 1664 630 1700 προσηκούσης
639 1664 835 1700 διαταξάμενον
843 1673 849 1695 ;
860 1665 936 1700 Ἔχω

98 1717 127 1735 τι
147 1710 193 1736 καὶ
207 1710 286 1736 πλέον
297 1710 400 1736 τούτων
411 1711 499 1736 εἰπεῖν
509 1717 516 1724 ·
532 1709 563 1736 οὐ
579 1709 633 1745 γὰρ
641 1709 673 1744 δὴ
685 1709 765 1744 μόνον
777 1709 808 1736 τδ
823 1709 936 1744 μέγεθος

101 1751 151 1778 καὶ
167 1751 269 1784 κάλλος,
288 1752 357 1779 ἀλλὰ
378 1752 427 1778 καὶ
447 1751 527 1783 αὐτὸς
541 1751 556 1777 ό
570 1751 671 1786 τρόπος
688 1751 737 1786 τῆς
755 1751 936 1786 δημιουργίας

103 1796 226 1831 ἐμφαίνει
239 1796 285 1824 τὸν
295 1796 499 1832 συγκροτοῦντα
509 1796 544 1822 τὰ
558 1796 647 1822 πάντα
661 1795 737 1822 Θεόν.
757 1795 867 1830 Ἐπειδὴ
881 1794 936 1831 γάρ

105 1840 219 1871 κτίζοντι
235 1841 281 1867 καὶ
307 1840 521 1876 δημιουργοῦντι
535 1840 624 1866 πάντα
646 1839 722 1875 παρὰ
735 1838 784 1874 τήν
798 1838 885 1874 ἀρχὴν
905 1839 936 1865 ού

107 1884 237 1920 παρῆμεν,
250 1885 309 1911 οὐδὲ
324 1885 348 1911 εί
365 1884 506 1919 παρῆμεν,
522 1883 628 1919 εἴδομεν
639 1883 673 1910 ἂν
690 1882 749 1914 πῶς
760 1882 877 1917 ζἐγένετο,
888 1883 938 1918 τῆς

109 1928 218 1963 ἀοράτου
237 1929 377 1964 δυνάμεως
406 1927 477 1955 αὐτὰ
500 1927 773 1962 κατασκευαζούσης,
797 1927 878 1953 αὐτὸν
892 1928 938 1954 τὸν

109 1972 204 2007 τρόπον
214 1973 260 2008 τῆς
278 1973 461 2008 δημιουργίας
476 1972 543 2007 ἡμῖν
558 1971 669 2007 ἄριστον
686 1972 813 2007 ἐποίησεν
826 1972 937 2006 ἐγγενέν

112 2016 169 2044 σθαι
176 2017 339 2050 διδάσκαλον,
348 2017 420 2053 ὑπὲρ
431 2016 539 2051 φύσεως
547 2015 706 2042 ἀκολουθίαν
718 2015 824 2047 συνθεὶς
831 2015 938 2042 ἅπαντα

111 2061 143 2088 τὰ
155 2061 288 2098 γενόμενα.
309 2062 385 2096 Τάχα
396 2060 581 2096 άσαφέστερόν
594 2060 667 2086 ἐστιν
685 2061 752 2096 ὅπερ
765 2057 842 2086 εἷπον
855 2068 861 2074 ·
875 2059 939 2102 οὑκ-

111 2105 154 2132 οῦν
165 2105 265 2142 ἀνάγκη
281 2105 451 2141 σαφέστερον
477 2104 556 2132 τοῦτο
573 2104 654 2131 πάλιν
671 2105 769 2130 εἰπεῖν·
786 2104 890 2135 Πάντες
905 2103 939 2130 ἂν

112 2147 304 2186 ὁμολογήσαιεν,
319 2151 360 2178 ὃτι
372 2148 481 2185 φύσεώς
494 2150 568 2176 ἐστιν
584 2148 729 2175 ἀκολουθία
740 2148 771 2174 τὸ
786 2148 857 2184 ὕδωρ
869 2148 939 2183 ὑπὲρ

114 2193 156 2230 τὴν
173 2193 223 2230 γῆν
244 2194 385 2230 φέρεσθαι,
402 2193 461 2221 ἀλλ’
477 2193 537 2228 ούχί
550 2193 599 2229 τὴν
613 2193 665 2228 γῆν
682 2192 730 2219 ἐπὶ
748 2192 802 2219 τῶν
817 2192 937 2219 ὑδάτων·

114 2240 128 2273 ἡ
142 2239 186 2274 μὲν
198 2240 249 2276 γάρ
259 2240 295 2276 γῆ
310 2239 402 2274 πυκνή
417 2247 459 2270 τις
476 2236 544 2265 οὖσα
556 2238 604 2264 καὶ
614 2237 721 2273 σκληρὰ
734 2238 781 2264 καὶ
794 2237 939 2269 ἀντίτυπος

114 2284 154 2309 καὶ
167 2284 284 2319 συνεχὴς,
304 2284 404 2320 ῥαδίως
428 2282 541 2309 δύναται
566 2282 673 2317 στέγειν
691 2281 746 2308 τῶν
764 2281 869 2308 ὑδάτων
890 2281 940 2316 τὴν

114 2327 184 2361 φύσιν
196 2337 203 2343 ·
216 2329 244 2355 τὸ
256 2328 284 2354 δὲ
307 2327 380 2364 ὕδωρ
396 2327 476 2363 ῥυτὸν
491 2327 520 2354 ὃν
532 2327 578 2353 καὶ
589 2326 698 2361 χαῦνον,
719 2325 838 2361 μαλακόν
849 2333 880 2351 τε
892 2325 940 2352 καὶ

113 2371 235 2408 διαρρέον,
249 2373 366 2404 καὶτοῖς
389 2372 570 2407 ἐμπίπτουσιν
592 2370 666 2397 εἶκον
685 2370 797 2400 ἀπασιν,
813 2369 889 2396 οὐδὲν
907 2369 941 2396 ἂν

113 2415 225 2452 δυνηθείη
243 2417 323 2452 σῶμα
337 2416 455 2450 στέγειν,
469 2414 521 2442 κᾶν
529 2414 633 2450 σφόδρα
645 2414 809 2448 κουφότατον
876 2414 941 2440 πολ-

113 2460 180 2493 λάκις
192 2461 254 2496 γοῦν
273 2462 390 2496 ψηφῖδος
405 2461 507 2496 μικρᾶς
526 2459 700 2496 ἐμπεσούσης
723 2457 789 2491 εἶξε,
807 2459 855 2486 καὶ
870 2467 941 2493 παρ-

113 2506 231 2542 εχώρησε,
253 2507 301 2533 καὶ
315 2506 384 2540 πρὸς
396 2505 428 2531 τὸ
445 2504 524 2540 βάθος
548 2504 634 2540 αὐτὴν
651 2503 843 2539 παρέπεμψεν.
857 2504 941 2530 Ὅταν

113 2547 276 2586 οὖνῖδῃςούχὶ
285 2550 390 2585 ψηφῖδα
406 2549 516 2584 μικρὰν,
530 2548 598 2576 ἀλλὰ
609 2548 658 2584 τὴν
672 2549 724 2583 γῆν
738 2548 847 2575 ἃπασαν
856 2547 941 2583 ὑπερ-

113 2595 160 2621 άνω
180 2594 234 2621 τῶν
249 2595 356 2621 ὑδάτων
375 2594 530 2629 φερομένην
542 2594 590 2620 καὶ
604 2593 642 2628 μὴ
658 2591 940 2627 καταποντιζομένην,

113 2638 237 2674 θαύμασον
252 2639 303 2675 τὴν
312 2639 427 2673 δύναμιν
438 2638 487 2674 τὴν
495 2637 565 2673 ὑπὲρ
573 2638 654 2672 φύσιν
666 2636 754 2664 ταῦτα
770 2636 943 2672 θαυματουρ-

113 2683 208 2716 γοῦσαν.
224 2684 279 2710 Καὶ
296 2683 378 2710 πόθεν
397 2683 476 2709 τοῦτο
489 2682 577 2718 δῆλον,
599 2682 640 2708 δτι
660 2682 677 2715 ἡ
692 2682 727 2717 γῆ
741 2681 870 2717 ὑπεράνω
886 2680 941 2707 τῶν

114 2727 202 2754 ύῦάτων
212 2728 340 2763 φέρεται;
354 2728 384 2754 ’0
394 2727 538 2763 προφήτης
551 2725 630 2753 τοῦτό
645 2734 737 2761 φησιν,
751 2724 823 2752 οὕτω
836 2725 923 2759 λέγων
933 2734 940 2740 ·

112 2769 190 2803 Αὐτὸς
207 2769 256 2796 ἐπὶ
271 2768 441 2797 θαλασσᾶηο·
464 2769 662 2803 ἐθεμελίωσεν
685 2767 794 2800 αὐτὴν,
817 2767 868 2794 καὶ
892 2767 942 2794 ἐπὶ

115 2814 237 2849 ποταμῶν
251 2814 330 2850 [ωε]
347 2814 515 2848 ἡτοίμασεν
533 2813 640 2846 αὐτήν.
661 2813 716 2839 Καὶ
735 2811 827 2843 πάλιν,
842 2811 885 2844 Τῷ
895 2813 942 2838 θε-

114 2859 277 2892 μείιώσαντι
293 2858 353 2891 τὴν
366 2857 427 2892 γῆν
441 2858 489 2884 ἐπὶ
501 2857 560 2884 τῶν
574 2857 701 2884 ὑδάτων.
718 2856 751 2882 Τί
770 2856 876 2890 λέγεις;
888 2855 943 2891 ψη-

116 2904 163 2936 φῖδα
176 2903 277 2938 μικρὰν
288 2902 363 2937 ὕδωρ
377 2901 488 2928 ἐπὶτῶν
499 2901 589 2928 νώτων
596 2901 646 2928 οὐκ
657 2901 690 2927 ἂν
699 2899 825 2936 δυνηθείη
843 2899 943 2934 βαστά-

117 2953 159 2977 σαι,
171 2945 216 2971 καὶ
232 2945 287 2980 γῆν
301 2944 437 2979 τοσαύτην
454 2944 541 2980 φέρει.
557 2945 604 2971 καὶ
617 2943 679 2980 ὅρη,
696 2943 741 2970 καὶ
760 2942 882 2977 βουνοὺς,
895 2942 942 2969 καὶ

118 2989 200 3021 πόλεις.
228 2990 278 3016 καὶ
308 2989 391 3024 φυτὰ.
401 2989 449 3015 καὶ
473 2987 644 3024 ἀνθρώπους.
664 2987 712 3014 καὶ
740 2987 837 3021 ᾶλογα,
850 2986 898 3013 καὶ
910 2987 941 3013 ού

119 3031 342 3065 αταποντῖζεται;
355 3031 381 3058 τί
392 3030 474 3065 λέγω,
484 3030 513 3057 οὺ
525 3028 767 3062 καταποντίζεται;
782 3028 839 3060 πῶς
853 3028 941 3055 κάτω-

988 252 1034 280 θεν
1047 253 1207 290 ὁμιλοῦντος
1222 255 1292 290 αὺτῇ
1309 253 1356 282 τοῦ
1371 254 1467 288 ὓδατος
1480 255 1607 283 τοσοῦτον
1620 255 1714 292 χρόνον
1737 257 1767 285 οὔ
1779 257 1823 286 δι-

983 297 1066 333 ελύθη
1084 298 1132 325 καὶ
1155 298 1241 334 πηλὸς
1254 299 1350 333 γέγονε
1369 299 1400 326 τὸ
1414 300 1486 332 πᾶν;
1501 300 1534 327 Εἰ
1547 300 1601 336 γάρ
1618 300 1704 334 ξύλων
1718 301 1822 338 ⁸φύσις

985 340 1061 368 ὕδασι
1072 341 1174 377 βραχὺν
1186 342 1379 378 ἐνδιατρίψασα
1385 343 1479 379 χρόνον
1487 344 1602 379 σήπεται
1613 344 1661 372 καὶ
1673 345 1822 374 διαλύεται·

983 385 1030 412 καὶ
1044 386 1071 412 τί
1085 386 1157 420 λέγω
1172 385 1258 419 ξύλων
1272 385 1352 421 φύσις
1361 407 1369 419 ,
1381 386 1407 412 τί
1425 387 1533 423 σιδήρου
1552 387 1651 422 γένοιτ’
1664 388 1699 415 ἂν
1708 389 1824 416 εὐτονώ-

984 437 1030 465 ρον
1042 437 1049 461 ;
1062 429 1131 457 ἀλλὰ
1140 430 1187 457 καὶ¹
1201 426 1278 462 οὗτος
1290 430 1436 465 χαυνοῦται
1450 431 1592 465 πολλάκις,
1600 433 1664 460 ὅταν
1677 433 1824 466 διαπαντὸς

981 474 1011 500 ἐν
1026 472 1103 500 ὕδατι
1118 474 1187 511 μένῃ
1201 483 1209 490 υ
1223 474 1270 501 καὶ
1297 474 1370 509 μάλα
1392 475 1504 507 εἰκότως
1514 483 1521 490 '
1544 476 1592 503 καὶ
1608 475 1664 512 γάρ
1678 476 1726 504 καὶ
1739 477 1823 508 αὐτὸς

981 517 1036 544 ἀπὸ
1047 517 1099 552 γῆς
1114 517 1170 553 ἔχει
1191 517 1240 553 τὴν
1261 517 1388 553 ὓπαρξιν.
1413 519 1462 546 Διὰ
1481 519 1560 546 τοῦτο
1576 519 1670 547 πολλοὶ
1686 520 1742 548 τῶν
1755 520 1822 557 δρα-

981 562 1148 588 πετευόντων
1162 561 1285 594 οίκετῶν,
1299 562 1409 589 ἐπειδὰν
1423 564 1472 594 τὰς
1487 563 1570 595 πέδας
1584 563 1631 590 καὶ
1643 563 1694 596 τὰς
1710 563 1823 596 ἁλύσεις

982 605 1171 641 ἐπισυρόμενοι
1185 605 1302 640 φύγωσι,
1313 606 1389 641 παρὰ
1396 606 1500 642 ῥύακας
1511 607 1616 634 ὑδάτων
1630 607 1765 640 ἐλθόντες,
1773 608 1823 637 καὶ

981 649 1138 685 δεδεμένους
1147 650 1338 686 ἐναποθέμενοι
1347 651 1409 683 τοὺς
1422 650 1503 682 πόδας
1517 652 1574 683 τοῖς
1590 650 1684 684 ὕδασι,
1697 651 1746 679 καὶ
1757 660 1823 688 χαυ-

982 694 1090 730 νότερον
1117 695 1203 731 ταύτῃ
1228 695 1391 730 ποιήσαντες
1420 695 1466 720 τὸν
1492 694 1610 730 σίδηρον,
1631 695 1733 731 ῥαδίως
1756 695 1824 732 λίθῳ

982 738 1108 770 παίοντες
1130 738 1286 766 διακλῶσιν.
1316 736 1382 766 Εἶτα
1399 739 1509 774 σίδηρος
1524 739 1574 774 μὲν
1597 738 1756 774 χαυνοῦται,
1774 740 1825 768 καὶ

983 781 1049 815 ξύλα
1063 783 1190 818 σήπεται,
1208 783 1256 810 καὶ
1270 783 1339 809 λίθοι
1360 782 1517 818 φθείρονται
1535 782 1589 809 ὑπὸ
1602 783 1651 818 τῆς
1666 782 1682 803 δ
1694 782 1748 810 τῶν
1760 783 1825 812 ὑδά-

982 834 1036 852 των
1049 826 1168 861 φύσεως,
1183 828 1235 862 γῆς
1249 827 1277 853 δὲ
1293 827 1375 861 δγκος
1386 827 1514 858 τοσοῦτος
1528 826 1576 853 ἐπὶ
1588 826 1714 854 τοσοῦτον
1726 827 1826 863 χρόνον

983 870 1156 905 ἐπικείμενος
1165 872 1221 903 τοῖς
1236 870 1338 903 ὕδασιν,
1352 870 1415 897 οὔτε
1422 870 1631 907 κατεποντίσθη,
1640 870 1702 899 οὔτε
1713 871 1826 908 διελύθη

983 914 1030 940 καὶ
1043 913 1177 943 ἀπώλετο.

1017 958 1048 985 δ’.
1059 959 1112 986 Καὶ
1121 958 1163 991 τίς
1172 959 1221 985 οὐκ
1230 958 1263 986 ἂν
1271 958 1419 995 ἐκπλαγείη
1430 958 1517 986 ταῦτα
1528 959 1575 986 καὶ
1583 959 1733 995 θαυμάσειε
1743 965 1766 992 ε,
1776 962 1824 988 καὶ

984 1001 1092 1039 θαρρῶν
1107 1003 1140 1030 ἂν
1154 1003 1237 1036 εἴποι,
1251 1003 1309 1038 οὐχὶ
1318 1002 1427 1038 φύσεως
1436 1001 1505 1030 εἶναι
1519 1002 1598 1039 ἔργα,
1611 1003 1679 1031 ἀλλά
1690 1005 1741 1040 τῆς
1752 1003 1823 1040 ὑπὲρ

985 1046 1064 1081 φύσιν
1081 1047 1229 1082 Προνοίας;
1241 1047 1290 1074 Διὰ
1303 1046 1390 1074 ταῦτά
1402 1047 1445 1079 τίς
1459 1055 1553 1082 φησιν·
1562 1047 1594 1074 '0
1604 1047 1758 1083 xpaydo‘ag
1765 1048 1825 1083 τὴν

984 1090 1043 1125 τῆν
1056 1091 1100 1117 ἐπ’
1109 1091 1234 1125 οὐδενός
1243 1100 1250 1107 ⁸
1268 1091 1347 1123 ἄλλος
1357 1091 1385 1118 δέ
1400 1100 1443 1123 τις
1453 1111 1461 1124 ,
1482 1092 1535 1119 Ἐν
1545 1091 1582 1126 τῇ
1598 1092 1675 1127 χειρί
1684 1092 1777 1120 αὑτοῦ
1787 1093 1825 1120 τὰ

984 1134 1096 1168 πέρατα
1108 1134 1162 1169 τῆς
1170 1134 1226 1170 γῆς
1237 1144 1243 1150 ·
1260 1135 1316 1168 καὶ,
1324 1135 1365 1162 ὅτι
1373 1135 1435 1162 Ἐπὶ
1449 1135 1614 1163 θαλασσῶν
1627 1135 1827 1171 ἐθεμελίωσσν

983 1178 1089 1212 αὐτὴν.
1107 1178 1159 1207 Καὶ
1172 1179 1246 1206 δοκεῖ
1261 1179 1311 1215 μὲν
1334 1179 1442 1206 ἐναντία
1466 1179 1553 1206 ταῦτα
1572 1177 1652 1212 εἶναι,
1680 1180 1781 1217 πολλὴν
1796 1181 1826 1211 δι

984 1221 1041 1258 ἔχει
1052 1222 1100 1258 τὴν
1112 1223 1281 1258 συμφωνίαν.
1304 1223 1334 1250 '0
1355 1223 1410 1259 γὰρ
1428 1222 1523 1256 είπὼν,
1540 1224 1582 1250 ὅτι
1603 1224 1670 1251 Ἐπί
1683 1225 1743 1251 τῶν
1752 1224 1826 1252 ὑδά-

983 1273 1043 1291 των
1051 1265 1248 1300 ἐθεμελίωσεν
1267 1266 1375 1301 αὐτὴν,
1395 1267 1493 1293 ταυτδν
1505 1264 1566 1294 εἶπε
1583 1267 1623 1303 τῷ
1635 1268 1768 1304 εἰρηκότι,
1782 1268 1826 1296 ὅτι

984 1309 1028 1336 ἐπ’
1042 1309 1148 1341 οὐδενὸς
1159 1309 1244 1346 αὐτὴν
1252 1311 1389 1346 ἐκρέμασε
1401 1319 1409 1325 '
1421 1310 1452 1337 τδ
1466 1310 1520 1347 γάρ
1536 1311 1583 1338 ἐπὶ
1594 1311 1699 1339 ὑδάτων
1713 1312 1824 1340 ἑστάναι

985 1353 1041 1380 ἴσον
1056 1353 1115 1380 ἐστὶ
1129 1353 1176 1380 τοῦ
1191 1354 1347 1390 κρέμασθαι
1361 1355 1403 1381 ἐπ’
1418 1354 1537 1386 οὐδενός.
1552 1355 1609 1382 Ποῦ
1625 1353 1672 1383 οὖν
1687 1355 1825 1392 κρέμαται

985 1397 1032 1424 καὶ
1044 1397 1158 1432 ἔστηκεν
1168 1406 1176 1430 ;
1187 1398 1320 1425 Ἄκουσον
1331 1398 1377 1426 τοῦ
1389 1399 1472 1426 αὑτοῦ
1487 1398 1627 1433 λέγοντος’
1639 1399 1691 1427 Ἐν
1704 1399 1742 1434 τῇ
1749 1401 1837 1435 χειρὶ,

984 1442 1078 1469 αὑτοῦ
1089 1441 1125 1468 τὰ
1142 1441 1254 1476 πέρατα
1262 1442 1316 1477 τῆς
1333 1442 1389 1478 γῆς
1399 1451 1406 1459 ·
1422 1443 1471 1478 οὐχ
1483 1444 1524 1470 ὅτι
1538 1444 1632 1480 χεῖρας
1646 1443 1702 1479 ἔχει
1722 1445 1736 1470 ό
1747 1443 1824 1476 Θεὸς,

984 1484 1041 1512 ἀλλ’
1053 1485 1096 1512 ἵνα
1106 1485 1194 1522 μάθῃς
1208 1486 1250 1513 ὅτι
1262 1487 1278 1521 ή
1292 1485 1406 1522 δύναμις
1421 1486 1504 1513 αὑτοῦ
1513 1486 1689 1522 ἡπρονοοῦσα
1703 1488 1825 1520 πάντων,

984 1528 1053 1565 αὕτη
1068 1529 1142 1556 ἐστὶν
1156 1531 1172 1565 ή
1187 1530 1378 1566 συγκρατοῦσα
1392 1531 1440 1557 καὶ
1456 1530 1675 1563 διαόαστάςουσα
1685 1530 1699 1551 τι
1708 1531 1824 1566 τὸσῶμα

984 1576 1034 1611 τῆς
1048 1575 1111 1610 γῆς.
1131 1575 1201 1602 Ἀλλ’
1210 1575 1240 1602 ού
1258 1575 1339 1612 πείθῃ
1349 1577 1406 1607 τοῖς
1419 1576 1593 1612 εἰρημένοις;
1611 1576 1760 1604 Πίστευσον
1769 1577 1826 1610 τοῖς

985 1621 1134 1656 ὁρωμένοις
1143 1629 1150 1636 ·
1170 1621 1217 1647 καὶ
1227 1620 1282 1656 γὰρ
1293 1622 1340 1647 καὶ
1354 1622 1396 1655 ἐφ’
1408 1621 1502 1656 ἐτέρου
1519 1621 1650 1657 στοιχείου
1659 1621 1708 1657 τὴν
1720 1621 1827 1657 θαυμα-

985 1665 1116 1700 τουργίαν
1132 1665 1235 1701 ταύτην
1260 1665 1336 1692 ἐστιν
1354 1665 1456 1700 εὑρεῖν.
1474 1665 1528 1692 Τοῦ
1541 1665 1596 1701 γὰρ
1610 1666 1696 1701 πυρὸς
1711 1667 1728 1701 ή
1744 1666 1826 1701 φύσις

986 1709 1132 1745 ἀνωφερής
1144 1709 1186 1741 τις
1203 1709 1262 1736 ἐστι
1273 1710 1321 1736 καὶ
1330 1709 1398 1745 πρὸς
1411 1710 1441 1736 τὺ
1456 1709 1523 1744 ὕψος
1536 1710 1579 1737 άεὶ
1590 1710 1678 1745 πηδᾷν
1689 1710 1736 1737 καὶ
1748 1710 1828 1738 anc-

988 1753 1049 1780 σθαι
1069 1753 1184 1788 πέφυκε.
1200 1753 1250 1780 κᾶν
1266 1754 1350 1789 μυρία
1364 1753 1445 1790 βιάσῃ
1468 1755 1516 1781 καὶ
1531 1755 1755 1791 καταναγκάσῃς,
1775 1755 1827 1783 οὐκ

987 1797 1021 1824 ἂν
1036 1797 1181 1833 ἀνάσχοιτο
1195 1797 1246 1832 τῆς
1258 1797 1333 1825 κάτω
1344 1799 1439 1834 φορᾶς.
1454 1799 1586 1831 Πολλάκις
1597 1798 1663 1834 γοῦν
1676 1799 1743 1833 δᾷδα
1751 1808 1827 1826 xam-

988 1841 1073 1877 μένην
1086 1847 1097 1861 ε
1112 1841 1251 1874 λαϐόντες,
1262 1842 1309 1868 καὶ
1322 1842 1393 1869 κατὰ
1403 1843 1524 1878 κεφαλῆς
1535 1843 1676 1875 κλίναντες
1683 1843 1731 1869 τοῦ
1741 1843 1827 1878 πυρὸς

986 1885 1036 1920 τὴν
1050 1885 1137 1921 ὁρμὴν
1154 1885 1204 1912 οὐκ
1220 1885 1416 1920 ἠναγκάσαμεν
1423 1886 1500 1913 κάτω
1512 1887 1702 1916 νεῦσαι..ἀλλὰ
1719 1887 1766 1914 καὶ
1778 1887 1825 1914 οὓ-

986 1938 1041 1961 τως
1060 1930 1115 1956 ἀνω
1137 1930 1238 1965 τρέχει,
1254 1930 1301 1956 καὶ
1316 1929 1384 1966 πρδς
1403 1931 1434 1957 τὸ
1448 1930 1515 1966 ὕψος
1529 1932 1668 1965 ἐπείγεται
1682 1931 1805 1958 κάτωθεν
1817 1941 1823 1947 ·

988 1974 1034 2001 ἐπὶ
1048 1974 1075 2001 δὲ
1091 1974 1136 2001 τοῦ
1152 1975 1227 2010 ἡλίου
1237 1975 1392 2002 τούναντίον
1411 1975 1484 2002 ἆπαν
1496 1976 1624 2011 ἐποίησεν
1643 1977 1657 2003 ὁ
1678 1976 1744 2008 Θεός
1754 1984 1760 1991 ·
1777 1976 1827 2008 τὰς

988 2017 1043 2054 γάρ
1051 2018 1162 2050 ἀκτῖνας
1173 2019 1255 2046 αὑτοῦ
1267 2019 1335 2054 πρὸς
1342 2018 1390 2054 τὴν
1405 2019 1456 2054 γῆν
1467 2018 1573 2055 ἔτρεψε,
1586 2020 1633 2046 καὶ
1645 2020 1675 2046 τὸ
1688 2019 1746 2054 φῶς
1752 2020 1828 2048 κάτω

988 2062 1076 2088 νεύειν
1084 2062 1207 2097 ἐποίησε,
1222 2063 1362 2098 μονονουχὶ
1375 2063 1462 2097 λέγων
1473 2064 1547 2098 αὐτῷ
1563 2063 1607 2090 διὰ
1617 2063 1664 2090 τοῦ
1676 2064 1826 2100 σχήματος·

989 2106 1072 2132 Κάτω
1088 2106 1180 2141 βλέπε,
1199 2108 1276 2142 φησὶ,
1294 2108 1341 2134 καὶ
1359 2108 1415 2138 τοῖς
1429 2107 1584 2143 ἀνθρώποις
1599 2109 1677 2143 φαῖνε
1690 2117 1697 2124 ”
1715 2108 1760 2136 διά
1773 2108 1828 2145 γὰρ

989 2150 1111 2183 ἐκείνους
1125 2151 1229 2185 ἐγένου.
1245 2152 1300 2178 Καὶ
1312 2151 1410 2187 λύχνου
1428 2152 1477 2187 μὲν
1494 2152 1560 2186 φλὸξ
1570 2152 1620 2179 οὐκ
1634 2151 1667 2179 ἂν
1683 2152 1828 2188 ἀνάσχοιτο

990 2195 1069 2222 τοῦτο
1084 2195 1189 2227 παθεῖν,
1199 2196 1298 2231 ἄστρον
1311 2196 1340 2222 δὲ
1353 2195 1424 2222 οὕτω
1437 2195 1508 2230 μέγα
1521 2196 1567 2222 καὶ
1582 2195 1741 2231 θαυμαστὸν
1752 2196 1828 2223 κάτω

990 2239 1074 2271 νεύει,
1092 2239 1139 2265 καὶ
1154 2239 1222 2275 πρὸς
1237 2240 1286 2275 τὴν
1302 2240 1354 2275 γῆν
1377 2239 1470 2275 βλέπει
1499 2240 1664 2272 ἀπεναντίας
1681 2240 1720 2276 τῷ
1748 2241 1826 2276 πυρὶ,

990 2281 1033 2309 διὰ
1049 2282 1099 2317 τὴν
1115 2282 1160 2309 τοῦ
1178 2282 1256 2318 [105]
1272 2283 1450 2315 κελεύσαντος
1468 2283 1593 2318 δύναμιν.
1611 2283 1704 2310 Βούλει
1717 2284 1830 2311 καὶέτεο

992 2335 1038 2362 ρον
1052 2326 1121 2352 εἴπω
1139 2327 1274 2360 τοιοῦτον;
1291 2327 1333 2354 Τά
1345 2328 1418 2354 νῶτα
1434 2328 1480 2354 τοῦ
1503 2328 1620 2364 ούρανοῦ
1635 2328 1681 2355 τοῦ
1697 2330 1829 2365 φαινομέ-

991 2379 1036 2397 νου
1054 2370 1139 2398 ὓδατα
1151 2371 1349 2407 περιλαμϐάνει
1362 2371 1503 2402 πάντοθεν,
1514 2372 1560 2398 καὶ
1569 2372 1601 2398 ού
1613 2373 1756 2408 καταρρεῖ,
1768 2373 1829 2399 οὐδὲ

991 2414 1139 2448 ἐξίσταται,
1153 2414 1241 2441 καίτοι
1255 2423 1286 2448 γε
1297 2416 1347 2442 οὐκ
1363 2415 1421 2442 ἐστι
1435 2415 1545 2451 τοιαύτη
1558 2415 1613 2442 τῶν
1630 2416 1734 2443 ὑδάτων
1751 2417 1767 2452 ή
1779 2417 1830 2451 φύ-

992 2467 1034 2491 σις
1043 2467 1050 2474 ·
1063 2459 1120 2486 ἀλλ’
1135 2460 1176 2491 εἰς
1189 2459 1239 2494 μὲν
1254 2459 1288 2486 τά
1301 2459 1379 2486 κοῖλα
1391 2460 1531 2495 συντρέχει
1547 2460 1661 2496 ῥαδίως·
1678 2460 1789 2487 ἐπειδάν
1801 2460 1829 2487 δὲ

991 2503 1201 2539 κεκυρτωμένον
1255 2503 1345 2539 σῶμα,
1363 2502 1534 2531 διολισθαίνει
1557 2504 1700 2537 πάντοθεν,
1716 2505 1764 2531 καὶ
1779 2505 1830 2532 οὐκ

992 2547 1025 2574 ἀν
1038 2547 1120 2574 αὑτοῦ
1139 2547 1199 2574 οὐδὲ
1209 2547 1308 2584 μικρὸν
1319 2547 1399 2582 σταίη
1417 2547 1500 2583 μέρος
1511 2547 1558 2574 ἐπὶ
1574 2547 1621 2574 τοῦ
1633 2549 1754 2574 τοιούτου
1763 2550 1830 2584 σχήσ

994 2600 1087 2627 ματος.
1112 2591 1181 2618 Ἀλλ’
1197 2591 1251 2618 ἰδοὺ
1267 2591 1297 2618 τὸ
1313 2590 1461 2626 παράδοξον
1480 2591 1559 2618 τοῦτο
1584 2591 1696 2626 γέγονεν
1715 2593 1763 2619 ἐπὶ
1775 2593 1830 2618 τῶν

991 2635 1114 2672 οὐρανῶν
1123 2644 1130 2651 ⁸
1148 2636 1196 2663 καὶ
1207 2635 1285 2662 τοῦτο
1295 2635 1362 2663 αύτδ
1372 2635 1453 2662 πάλιν
1465 2636 1480 2661 ὁ
1489 2636 1632 2671 προφήτης
1644 2635 1830 2672 αἰνιττόμενος

993 2680 1066 2716 λέγει
1079 2689 1085 2696 ·
1095 2680 1209 2708 Αἰνεῖτε
1223 2679 1278 2706 τὸν
1289 2680 1408 2714 Κύριον,
1420 2679 1458 2706 τὰ
1465 2680 1561 2707 ὕδατα
1568 2680 1604 2707 τὰ
1617 2679 1757 2714 ὑπεράνω
1770 2679 1831 2707 τῶν

993 2725 1139 2759 οὐρανῶν.
1154 2724 1210 2752 Καὶ
1231 2723 1292 2751 οὗτε
1305 2725 1336 2750 τὸ
1357 2724 1430 2760 ὕδωρ
1444 2725 1490 2751 τδν
1504 2725 1580 2761 ἥλιον
1602 2725 1723 2759 ἐσσεσεν,
1741 2723 1802 2752 οὔτε
1816 2725 1832 2752 ό

992 2770 1068 2805 ἥλιος
1084 2769 1132 2797 ἐπὶ
1160 2768 1283 2796 τοσοῦτον
1299 2768 1394 2805 χρόνον
1406 2769 1524 2804 βαδίζων
1537 2769 1660 2797 κάτωθεν
1675 2769 1707 2796 τὸ
1726 2769 1832 2796 ἐπικεί-

1025 2876 1034 2908 ῗ
1047 2876 1124 2908 SaYiL
1138 2877 1207 2908 ἡγὰρ
1217 2877 1236 2905 ξ·

1008 2926 1011 2927 ν
1024 2907 1038 2926 1³
1053 2907 1101 2932 Alii
1112 2908 1160 2932 ἀπὸ
1171 2907 1221 2937 τῆς.

1025 2940 1037 2970 εἴ
1054 2939 1102 2962 Alii
1114 2939 1309 2970 ὑπερθαυμάσειε,

1024 2969 1038 2989 d
1051 2969 1227 2999 Quidam’mss’.
1240 2972 1255 2998 ή
1271 2969 1438 3001 συγκροτοῦσα
1451 2969 1557 2999 πάντων,
1573 2970 1614 2994 καὶ
1629 2970 1832 2998 διαϐαστάζσυσα.

994 3000 1049 3025 Mox
1061 3001 1158 3031 quidam
1171 3000 1278 3030 πείσθητε
1291 3000 1340 3028 τοῖς
1355 3002 1490 3032 ὁρωμένοις.

1028 3034 1040 3047 θ
1053 3033 1153 3063 Aliquot
1163 3039 1221 3056 mss.
1233 3033 1294 3065 δᾷδα
1303 3031 1471 3063 ἡμμένην,-αιὶἱ
1481 3038 1537 3056 cum
1550 3031 1610 3056 Mor.
1623 3033 1684 3064 δᾷδα
1696 3033 1832 3062 καιομένῃ.
