1962 3121
137 161 180 187 im
592 161 639 188 AD
660 161 817 190 POPULUM
839 161 1080 191 ANTIOCHENUM
1111 163 1226 192 llUMIL.
1245 163 1292 193 IX.

133 215 316 249 superpositam
346 223 442 251 aquam
469 216 619 244 exsiccavit.
644 217 691 244 Vis
716 222 741 244 te
765 217 791 244 in
815 222 911 244 terram

132 263 219 288 iterum
235 261 405 294 reducamus,
419 265 447 289 et
456 261 526 297 quod
536 262 640 289 mireris
652 262 841 289 ostendamus?
854 262 911 289 Non

130 306 210 332 ternis
225 305 273 332 hoc
286 314 362 333 mare
375 307 466 339 undis,
483 311 511 334 et
522 307 645 334 violentis
658 307 763 335 llatibus
782 308 889 342 plenum
901 307 913 334 ?

129 351 172 377 sed
186 351 236 378 hoc
248 359 323 378 mare
337 353 483 386 spatiosum
498 357 524 380 et
538 361 660 387 magnum
671 373 678 385 ,
701 358 728 380 et
749 353 854 384 furens,
871 354 912 380 itt-

129 397 197 422 tirma
212 397 367 423 continetur
377 405 470 424 arena.
486 398 518 424 Et
530 398 666 425 considera
680 399 724 425 Dei
739 399 911 433 Sapientiam:

129 449 176 467 non
197 441 316 476 permisit
338 443 424 476 ipsum
438 443 573 478 quiescere
584 465 591 475 ,
613 452 697 479 neque
712 452 820 472 manere
834 445 913 471 seda-

127 491 189 517 tum,
206 494 237 513 ne
252 487 277 513 id
293 495 356 515 esse
369 493 470 516 naturtn
484 489 565 523 ipsius
578 490 696 517 ordinem
710 490 855 523 existimes,
866 490 913 517 sed

127 531 189 558 intra
205 533 335 559 terminos
351 541 461 560 manens
476 533 581 566 clamat,
596 535 724 566 turbatur,
742 534 914 562 vehementer

128 580 237 606 resonat,
252 581 280 602 et
295 576 498 605 inenarrabiletn
515 579 540 605 in
553 579 716 606 altitudinem
730 579 825 607 ﬂuctus
839 580 912 607 exci-

127 625 161 647 tat
169 628 176 652 ;
183 627 343 649 cuntautetn
356 623 390 650 ad
405 624 509 652 littuset
517 633 623 652 arenam
632 627 790 661 pervenerit,
798 627 912 654 dissolu-

129 671 177 692 tnnt
193 674 299 693 rttrsntn
313 668 347 694 ad
362 669 477 703 St'ipSllln
499 672 654 704 revertitur,
671 679 718 706 per
735 672 791 699 lucc
805 677 914 707 utraque

128 715 150 737 le
168 711 283 745 docens,
308 715 383 748 quod
407 723 458 742 non
483 721 582 743 naturae
602 724 668 751 opus
687 722 729 745 est
745 718 830 753 ipsum
844 719 913 746 intra

127 758 241 791 prtlpl‘lﬂs
256 759 327 787 fines
342 769 466 794 manere.
486 762 532 789 sed
554 763 657 791 virtutis
671 763 745 798 ejus,
765 765 808 800 qui
827 765 912 800 ipsum

127 803 236 830 cohibet.
247 805 396 838 Propterea
407 807 477 834 enitn
489 808 621 836 infirmum
633 810 713 845 ipsius
726 818 827 838 murum
841 811 912 844 fecit,

130 859 176 876 ltUIt
190 850 271 884 ligna,
284 860 341 879 non
355 853 465 887 lapides,
482 862 532 881 non
548 860 652 883 montes
666 856 707 884 his
720 856 851 884 littoribus
861 859 914 884 cir-

127 897 288 930 cumposuit,
315 903 345 925 ut
362 906 414 925 non
433 899 473 927 bis
485 900 645 928 elementum
668 903 694 928 in
715 902 835 930 ordinetn
854 903 913 938 cogi

129 945 207 974 putes.
221 942 279 969 lloe
294 943 377 978 igitur
395 949 422 972 et
441 945 495 979 ipse
514 946 654 980 aliquando
670 947 768 974 Judmis
781 948 913 983 imprope-

127 994 185 1013 rans
198 986 309 1015 dicebat
321 997 327 1014 τ
340 988 385 1016 lle
398 998 448 1016 non
461 991 589 1024 limebitis,
609 993 651 1027 qui
663 1000 765 1019 arenam
784 993 848 1020 mari
862 999 912 1020 ter-

127 1032 216 1059 minum
232 1032 396 1065 constitui,et
405 1041 454 1060 non
462 1034 616 1062 transcendet
628 1035 763 1070 (Jer.5.:):.’
779 1038 853 1066 ?Non
866 1048 911 1067 an-

128 1081 176 1104 tetn
185 1077 235 1104 hoc
242 1084 344 1110 solum,
357 1087 374 1106 ο
384 1080 474 1114 homo,
483 1086 524 1108 est
533 1080 696 1116 admirabile,
708 1085 778 1119 quod
789 1093 911 1121 maguum

127 1127 150 1148 et
163 1122 314 1151 mirabilem
328 1125 420 1152 fecerit
444 1125 514 1153 ltunc
527 1127 670 1161 mundum,
686 1130 755 1163 quod
770 1138 849 1165 supra
865 1139 912 1158 na-

127 1172 187 1195 tura:
208 1172 431 1205 consequentiam
453 1172 537 1206 ipsum
561 1175 744 1209 compcgerit,
770 1177 818 1204 sed
842 1178 912 1212 quod

125 1214 201 1240 etiam
215 1222 248 1242 ex
262 1217 408 1244 contrariis
421 1218 505 1252 ipsum
523 1219 708 1254 constituerit,
729 1221 814 1249 calido
826 1228 852 1249 et
865 1223 912 1250 fri-

125 1261 194 1294 gido,
205 1261 279 1289 sicco
292 1268 320 1290 et
335 1263 454 1296 humido,
469 1265 527 1300 igne
541 1271 567 1293 et
583 1274 660 1302 aqua,
675 1272 742 1295 terra
758 1273 785 1296 et
798 1277 876 1298 aere:
887 1274 914 1297 et

125 1307 254 1334 contraria
276 1307 335 1335 [me
360 1309 500 1342 elementa,
524 1319 557 1338 ex
581 1312 612 1339 iis
633 1313 730 1348 quibus
754 1313 804 1341 hoc
829 1319 913 1343 totum

124 1352 260 1385 consistit,
277 1353 349 1381 inter
363 1362 392 1382 se
406 1359 557 1390 pugnantia,
580 1365 594 1384 a
614 1365 675 1386 sese
697 1367 748 1386 non
767 1365 829 1387 sunt
848 1368 910 1388 con-

124 1401 224 1431 sumpta
239 1407 246 1424 :
260 1406 313 1425 non
330 1399 397 1434 ignis
410 1403 562 1435 supervenit
573 1407 601 1430 et
613 1403 732 1431 ascendit
745 1405 845 1438 omnia,
859 1413 913 1433 non

124 1449 189 1476 aqua
202 1445 399 1478 superveniens
419 1446 511 1473 orbem
523 1447 675 1476 submersit.
689 1449 741 1477 Sed
754 1450 781 1476 in
794 1451 913 1485 corpori-

125 1487 171 1516 bus
181 1490 293 1523 quidem
308 1492 406 1519 nostris
417 1492 475 1520 ἰλίυο
486 1494 560 1526 fiunt,
575 1498 602 1521 et
613 1494 666 1523 bile
676 1501 813 1524 crescente
826 1498 913 1525 nasci-

125 1538 165 1578 tur
183 1534 283 1569 febris,
299 1543 326 1564 et
342 1541 425 1565 totum
438 1539 535 1566 animal
553 1539 624 1568 laedit
636 1549 643 1568 :
655 1545 682 1568 et
696 1541 787 1576 pituita
803 1550 913 1578 supera~

124 1577 259 1608 bundante
275 1581 381 1616 plurimi
405 1588 548 1611 nascuntur
562 1585 666 1618 morbi,
689 1590 716 1614 et
736 1577 841 1614 animali
854 1595 913 1615 cor-

125 1631 261 1661 rumpunt.
277 1627 306 1655 lu
318 1627 370 1656 hoc
381 1633 470 1657 autem
485 1631 607 1658 universo
619 1632 683 1659 nihil
697 1633 792 1660 horttm
804 1634 911 1667 accidit,

125 1671 168 1698 sed
180 1673 390 1709 unumquodque
403 1680 507 1707 manet,
523 1681 655 1711 tamquam
669 1679 783 1713 quodam
798 1679 873 1707 freno
886 1684 914 1709 et

125 1717 241 1751 vinculo,
254 1718 407 1747 Conditoris
417 1721 551 1749 voluntate
562 1723 683 1758 proprios
693 1725 844 1754 custodiens
858 1730 912 1754 ter-

126 1762 225 1795 minos,
247 1768 274 1791 et
289 1764 383 1792 horum
397 1773 484 1801 pugna
505 1768 605 1795 mundo
618 1770 664 1796 toti
683 1770 755 1803 pacis
775 1770 804 1798 ﬁt
822 1779 910 1799 causa.

126 1808 219 1835 Annon
235 1809 291 1837 haec
303 1815 331 1837 et
341 1818 413 1838 eteco
426 1817 485 1839 sunt
502 1813 640 1842 manifesta
650 1835 658 1847 ,
672 1820 699 1843 et
718 1817 795 1844 valde
814 1817 912 1852 impru-

126 1852 246 1881 dentibus
260 1855 443 1890 intelligibilia,
454 1857 522 1892 quod
536 1859 697 1892 providentia
708 1862 832 1895 quapiam
844 1862 912 1889 facta

127 1900 177 1927 sint
199 1906 226 1928 et
246 1902 452 1930 contineantur?
470 1904 534 1938 Quis
550 1906 621 1932 enim
641 1911 694 1934 tam
709 1907 804 1935 stultus
825 1913 865 1936 est
885 1914 913 1937 et

127 1946 264 1980 stupidus,
287 1947 333 1982 qui
352 1953 451 1976 tantam
471 1951 566 1978 tnoletn
582 1959 711 1986 cernens,
733 1957 832 1980 tantam
854 1955 913 1989 pul-

126 1990 303 2019 chritudinem
315 2014 324 2026 ,
349 1998 447 2022 tantam
459 1996 678 2030 compositionem
689 2018 697 2030 ,
720 1998 810 2025 talimn
827 1999 913 2027 conti-

127 2043 204 2063 nuam
228 2037 422 2066 elementorum
447 2047 560 2075 pugnam
585 2046 612 2069 et
637 2044 861 2077 contrarietatem,
886 2049 913 2072 et

127 2083 351 2114 perseverantiam
364 2104 372 2116 ,
394 2092 446 2112 non
465 2086 531 2113 intra
551 2087 666 2121 seipsum
680 2089 868 2124 ratiocinetur,
885 2095 913 2119 et

126 2126 213 2153 dicat:
225 2127 278 2155 Nisi
293 2129 460 2163 providentia
473 2127 594 2165 Quaedam
616 2137 689 2160 esset
702 2140 842 2169 corporum
857 2142 913 2162 ma-

127 2172 288 2205 gnitudinem
304 2174 444 2207 cohibens,
459 2183 509 2203 nec
522 2176 676 2211 permittens
689 2182 772 2205 totum
785 2179 912 2214 dissilire,

128 2225 176 2244 nec
194 2225 366 2253 permanere,
390 2228 439 2248 nec
455 2221 551 2249 durare
570 2223 713 2256 potuisset?
733 2222 830 2252 Tantus
849 2225 912 2252 antti

129 2268 313 2298 tempestatum
329 2265 411 2298 ordo,
428 2271 498 2293 tanta
514 2267 600 2295 noctis
610 2272 637 2295 et
648 2267 699 2296 diei
712 2270 912 2303 convenientia,

121 2314 159 2336 tot
181 2310 371 2338 irrationalium
389 2319 486 2346 genera
506 2312 659 2341 animalium
669 2334 677 2347 ,
691 2314 838 2349 plantarum
849 2335 857 2348 ,
871 2322 913 2342 se-

121 2354 172 2380 tuin
183 2362 226 2382 um
245 2360 271 2383 et
287 2356 429 2383 herbarum
446 2361 565 2385 tenorem
579 2366 656 2387 suum
671 2364 794 2394 servant,
807 2364 834 2388 et
846 2359 912 2388 nihil

121 2401 146 2426 iu
168 2406 327 2436 pnrsentem
346 2402 417 2430 diem
439 2411 524 2438 neque
542 2404 691 2439 intercidit,
710 2413 796 2442 neque
809 2406 913 2442 penitus

121 2453 150 2470 eo
159 2452 310 2482 nsumptum
332 2453 383 2476 est.

163 2491 188 2518 5.
210 2491 267 2519 Non
292 2492 351 2520 haec
374 2501 437 2521 vero
451 2499 569 2528 tantum,
590 2495 637 2522 sed
659 2499 686 2522 et
705 2496 755 2522 alia
778 2496 860 2524 multo
873 2488 913 2525 his

125 2535 201 2568 plura
213 2544 240 2564 et
254 2538 428 2573 profundiora
439 2539 491 2567 dici
505 2544 638 2575 poterant,
657 2545 685 2569 et
702 2541 736 2569 de
749 2541 805 2577 ipsa
819 2542 913 2570 disseri

130 2588 262 2617 creatura;
275 2584 323 2611 sed
335 2585 361 2612 in
373 2586 518 2613 crastinum
540 2585 584 2613 illa
597 2585 765 2620 differentes,
787 2587 856 2615 dicta
871 2588 913 2616 di-

131 2626 238 2662 ligenter
251 2628 369 2656 retinere
383 2634 410 2656 et
424 2630 450 2656 in
462 2630 529 2658 alios
538 2630 634 2659 efferre
645 2632 806 2660 Studeamus.
817 2633 850 2659 Et
859 2633 913 2660 scio

131 2673 231 2707 quidem
255 2675 448 2701 sententiarum
470 2675 673 2709 profunditatem
692 2677 800 2705 auribus
820 2679 914 2707 vestris

132 2720 277 2748 iuusitatatn
291 2729 352 2749 esse
363 2742 370 2754 ,
391 2721 437 2749 sed
451 2722 472 2750 si
489 2730 630 2757 parumper
649 2723 802 2758 vigilemus,
824 2728 851 2752 et
872 2725 914 2753 bis

132 2774 176 2793 nos
196 2767 267 2801 ipsos
289 2767 514 2801 assuefaciamus,
537 2769 616 2796 etiam
639 2770 697 2797 aliis
718 2770 816 2798 erimus
838 2771 914 2798 facile

130 2814 259 2842 doctores.
280 2815 388 2842 Interim
402 2814 665 2843 veroilludeharitati
680 2821 774 2844 vestra:
792 2823 914 2845 necessa-

131 2861 196 2888 rium
206 2868 247 2889 est
256 2859 347 2890 (ﬁcere
357 2871 364 2889 :
376 2863 443 2890 sicut
455 2871 503 2890 nos
510 2863 664 2899 glorificavit
677 2864 745 2893 Deus
756 2871 803 2899 per
813 2869 912 2892 tantam

1703 169 1752 194 litt

967 223 1126 251 creaturam,
1144 219 1179 246 ita
1194 227 1243 247 nos
1256 227 1360 254 quoqtte
1373 227 1420 256 per
1432 227 1525 256 puram
1539 221 1624 256 ipsum
1640 228 1752 249 conver-

965 263 1093 291 sationem
1102 264 1288 298 glorilicetnus.
1298 265 1360 293 σωιί
1368 264 1486 293 enarrat"
1493 267 1599 302 gloriam
1607 266 1656 295 Dei
1667 265 1743 302 (ΡιηΙ

966 309 1010 336 18.
1025 309 1054 345 2)
1066 329 1074 342 ,
1096 310 1159 337 dtttn
1174 316 1303 345 apparent
1317 312 1402 339 solum
1415 321 1421 339 :
1434 315 1460 340 et
1473 320 1522 340 nos
1537 313 1615 347 igitur
1632 314 1677 341 Dei
1694 314 1750 348 glo-

965 356 1031 382 riam
1042 363 1206 390 enarremus,
1218 365 1269 384 non
1281 357 1398 385 dicentes
1409 363 1520 392 tantum,
1530 359 1575 386 sed
1586 364 1612 385 et
1621 364 1751 391 tacentes.

964 405 990 428 et
1005 401 1064 428 vita:
1074 403 1195 430 claritate
1207 410 1301 430 omnes
1314 404 1340 430 in
1356 403 1558 432 admirationem
1571 405 1751 432 adducentes:

966 446 1058 474 Luceat
1072 448 1154 481 enim,
1169 448 1227 482 ait,
1243 448 1289 476 lux
1301 453 1382 476 vestra
1395 457 1479 476 coram
1499 449 1655 483 hominibus,
1673 454 1701 477 ut
1714 451 1752 477 oi-

966 492 1040 519 dcant
1053 501 1129 528 opera
1142 499 1222 521 vestra
1236 494 1300 521 bona
1308 515 1316 528 ,
1329 500 1352 521 et
1364 494 1505 529 gloriﬁcent
1528 495 1629 522 Patrem
1642 501 1752 523 vestrum

964 537 1057 572 quiest
1070 539 1095 566 in
1110 539 1178 566 cretis
1193 539 1297 575 (illati/1.
1319 541 1344 568 5.
1362 541 1416 573 16).
1437 541 1503 568 Cum
1516 541 1586 568 enim
1603 541 1698 568 viderit
1710 542 1751 568 in-

966 583 1051 611 fidelis
1064 589 1090 612 te
1112 584 1215 612 ﬁdelem
1230 585 1404 620 compositum
1417 606 1424 618 ,
1439 585 1588 613 modestum
1605 607 1614 618 ,
1628 592 1752 613 ornatum

964 637 1034 663 esse,
1050 631 1188 658 mirabitur
1199 636 1224 659 et
1236 631 1306 658 dicet
1318 641 1324 658 :
1336 631 1404 659 Vere
1420 639 1530 667 magnus
1540 632 1750 659 Christianorum

967 675 1036 702 Deus
1047 685 1054 703 :
1065 677 1156 710 quales
1175 677 1310 704 constituit
1334 677 1455 705 homines
1467 698 1474 710 ,
1494 672 1586 712 quales
1599 687 1614 705 e
1631 677 1752 712 qualibus

966 719 1027 747 fecit
1039 720 1047 747 !
1061 722 1168 756 angelos
1187 729 1220 749 ex
1242 722 1390 750 hominibus
1415 723 1487 757 ipsos
1501 721 1623 750 reddidit.
1642 722 1670 750 Si
1691 722 1751 758 quis

965 766 1150 794 contumeliam
1172 767 1278 799 fecerit,
1300 775 1351 795 non
1370 767 1602 795 conviciantur:si
1616 767 1675 803 quis
1690 775 1751 803 per-

965 812 1087 845 cusserit,
1104 820 1156 839 non
1169 820 1239 848 aegre
1254 814 1340 840 ferttnt
1353 823 1360 841 :
1372 814 1393 840 si
1407 814 1466 848 quis
1479 813 1602 848 injuriam
1616 813 1750 846 intulerit,

966 863 1014 891 pro
1029 857 1061 883 iis
1073 858 1117 892 qui
1132 865 1161 885 se
1175 858 1301 892 lteserint,
1317 865 1412 886 orant:
1425 859 1559 886 inimicum
1576 866 1627 886 non
1642 858 1748 890 habent,

965 902 1030 929 iram
1051 909 1159 930 servare
1178 911 1229 930 non
1253 908 1363 936 norunt,
1382 904 1473 939 nugari
1493 904 1623 937 nesciunt,
1645 903 1750 931 metttiri

964 955 1017 975 non
1039 948 1205 980 didicerunt.
1231 950 1351 984 pejerare
1375 957 1426 977 non
1449 949 1594 981 sustinent,
1622 949 1676 976 imo
1699 956 1750 976 nec

962 993 1066 1027 jurare,
1086 994 1132 1021 sed
1155 995 1268 1030 linguam
1283 995 1366 1022 excidi
1382 995 1506 1028 mallent,
1528 1002 1605 1029 quatit
1621 994 1702 1021 ullum
1715 1002 1748 1021 ex

964 1046 1010 1066 ore
1029 1039 1207 1074 jttramentttm
1229 1041 1360 1068 emittere.
1382 1041 1444 1069 l].re
1464 1041 1515 1068 illis
1537 1041 1701 1076 praebeamus
1716 1040 1751 1067 de

965 1083 1041 1112 nobis
1051 1085 1171 1117 dicenda,
1188 1090 1215 1114 et
1229 1085 1375 1121 improbam
1388 1086 1598 1121 juramenlorum
1610 1089 1752 1114 consuetu-

965 1130 1053 1157 dinem
1067 1132 1231 1166 expellamus
1243 1141 1249 1158 :
1262 1137 1288 1159 et
1300 1132 1341 1159 vel
1356 1131 1455 1159 tantum
1476 1132 1529 1159 Deo
1542 1131 1690 1159 tribuamus
1705 1131 1753 1158 ho-

966 1175 1037 1202 noris
1052 1195 1060 1207 ,
1087 1181 1212 1211 quantum
1236 1177 1401 1204 vestimentis
1424 1177 1520 1204 nostris
1538 1175 1750 1211 pretiosioribus.

965 1220 1104 1254 Quomodo
1117 1222 1187 1249 enim
1204 1228 1255 1249 non
1271 1222 1413 1249 a'bsurdnm
1429 1226 1481 1254 est,
1495 1222 1679 1249 vestimentum
1693 1221 1751 1256 qui-

965 1266 1025 1293 dem
1042 1266 1169 1294 habentrs
1182 1266 1288 1302 reliquis
1301 1267 1394 1294 melius
1404 1288 1410 1299 ,
1434 1267 1491 1301 ipso
1513 1267 1665 1301 frequenter
1678 1266 1749 1293 abuti

965 1320 1017 1339 non
1031 1313 1173 1345 sustinere,
1197 1312 1242 1340 Dei
1256 1320 1319 1339 vero
1332 1320 1427 1340 nomen
1444 1313 1539 1347 ubique
1553 1316 1669 1345 temere,
1683 1314 1710 1339 et
1724 1316 1752 1339 ut

965 1358 1091 1391 occurrit,
1104 1357 1269 1386 distrahere?
1284 1358 1363 1393 lgitdr
1377 1365 1471 1393 precor
1483 1358 1510 1385 et
1523 1354 1653 1392 supplico,
1667 1362 1701 1385 ne
1712 1357 1752 1385 sic

964 1404 1075 1431 salutem
1090 1408 1292 1431 contemnamus
1307 1405 1424 1431 nostram
1435 1424 1443 1437 ,
1466 1402 1513 1430 sed
1532 1402 1647 1430 studium
1657 1423 1665 1436 ,
1679 1403 1750 1438 quod

964 1448 999 1475 ab
1016 1448 1090 1476 initio
1104 1450 1173 1476 circa
1188 1449 1340 1476 mandatum
1356 1447 1425 1476 istud
1440 1448 1647 1482 adbibebamus,
1666 1447 1751 1475 dedu-

965 1501 1057 1522 camus
1079 1493 1216 1522 adfinem.
1231 1493 1372 1529 Propterea
1392 1501 1441 1530 ego
1455 1494 1607 1522 continuam
1626 1493 1659 1521 de
1679 1492 1752 1529 jura-

965 1541 1062 1568 mentis
1087 1540 1301 1568 exhortationem
1327 1540 1413 1574 facio,
1439 1546 1490 1567 non
1517 1536 1587 1575 quod
1615 1544 1749 1574 torporem

965 1590 1080 1613 vestrum
1098 1585 1271 1614 oon-lemnet'n
1284 1606 1291 1618 ,
1313 1586 1360 1614 sed
1381 1585 1451 1621 quod
1470 1586 1597 1621 majorem
1619 1590 1720 1621 partem
1735 1593 1750 1612 a

965 1631 1040 1658 vobis
1055 1636 1201 1659 correctam
1217 1630 1321 1658 videam
1336 1637 1382 1659 :et
1396 1631 1489 1658 studeo
1503 1631 1654 1666 festinoque
1666 1632 1750 1658 totum

966 1674 1109 1710 perfectum
1123 1683 1196 1709 esse,
1211 1681 1238 1704 et
1250 1675 1331 1704 finem
1344 1676 1474 1711 accipere.
1495 1676 1538 1703 Sic
1551 1680 1577 1703 et
1590 1679 1751 1711 spectatores

966 1722 1074 1755 faciunt,
1090 1723 1134 1757 qui
1147 1722 1244 1758 braviis
1257 1723 1391 1758 proximos
1404 1723 1487 1758 magis
1499 1723 1624 1750 excitant.
1639 1721 1693 1750 Nec
1703 1730 1751 1750 uos

967 1767 1046 1801 igitur
1073 1767 1328 1796 lassemu‘rzsumus
1348 1769 1420 1795 enim
1448 1771 1530 1803 prope
1555 1769 1636 1795 totius
1661 1775 1751 1795 corre-

964 1813 1061 1840 ctionis
1083 1813 1177 1846 linem,
1201 1818 1228 1841 et
1250 1814 1320 1841 circa
1342 1813 1498 1848 principium
1520 1816 1577 1840 erat
1598 1812 1749 1840 difﬁcultas.

964 1858 1075 1892 Quando
1089 1866 1153 1886 vero
1165 1859 1364 1887 consuetudinis
1385 1858 1527 1894 plurimum
1543 1865 1613 1885 nunc
1626 1862 1667 1885 est
1681 1858 1749 1884 reci—

965 1911 1034 1938 sum,
1048 1906 1077 1931 et
1088 1904 1220 1932 modicum
1234 1907 1354 1938 superest
1365 1913 1372 1931 :
1383 1904 1437 1938 jam
1450 1911 1498 1931 nec
1511 1903 1564 1930 ullo
1580 1903 1670 1930 labore
1683 1909 1750 1937 opus

964 1951 1022 1982 est.
1045 1950 1092 1978 sed
1115 1950 1217 1978 modica
1240 1950 1443 1982 observatione;
1468 1950 1496 1977 et
1516 1949 1589 1977 brevi
1614 1949 1749 1983 diligentia

964 2003 1082 2031 egemus,
1099 2000 1128 2024 ut
1141 1996 1191 2031 ipsi
1203 1996 1314 2023 correcti
1328 1994 1386 2023 aliis
1399 1995 1522 2023 doctores
1538 1995 1636 2025 simus,
1651 1999 1678 2021 et
1689 2001 1749 2020 rum

966 2042 1060 2069 fiducia
1073 2049 1177 2069 sacrum
1193 2041 1289 2076 pascha
1305 2041 1452 2073 videatnus,
1466 2045 1494 2067 et
1506 2048 1565 2068 cum
1578 2039 1659 2067 multa
1673 2039 1749 2066 volu-

964 2093 1036 2123 ptate
1056 2087 1162 2122 duplam
1182 2092 1209 2115 et
1229 2087 1335 2123 triplam
1355 2092 1509 2114 consuetam
1531 2085 1665 2120 capiamus
1682 2085 1746 2112 ta-ti-

965 2133 1038 2161 tiam.
1051 2132 1108 2160 Non
1120 2133 1191 2160 enim
1205 2135 1305 2160 tantum
1318 2139 1368 2159 nos
1377 2131 1469 2167 jejuuii
1483 2131 1618 2159 laboribus
1630 2135 1656 2158 et
1667 2130 1748 2157 sudo-

964 2180 1037 2207 ribus
1050 2180 1173 2207 liberatos
1183 2182 1245 2206 esse
1258 2176 1372 2206 delectat
1381 2197 1389 2209 .
1402 2180 1529 2212 quantum
1543 2183 1602 2204 eum
1616 2176 1712 2203 merito
1723 2179 1750 2202 et

964 2225 1101 2261 splendida
1124 2227 1223 2253 eorona
1245 2228 1330 2252 saera!
1351 2223 1388 2251 illi
1413 2222 1574 2251 solemnitati
1594 2228 1749 2253 occurrere,

964 2279 1062 2299 corona
1074 2275 1217 2306 numquam
1230 2273 1420 2298 marcescente.
1433 2268 1468 2296 Ut
1477 2273 1565 2296 autem
1579 2267 1691 2295 celerior
1705 2266 1748 2293 fiat

965 2317 1126 2349 emendatio,
1148 2318 1198 2343 hoc
1217 2314 1258 2343 fac
1277 2315 1346 2350 quod
1359 2314 1436 2341 dico:
1448 2313 1534 2341 scribe
1546 2313 1576 2340 in
1587 2312 1688 2347 pariete
1700 2311 1750 2339 do-

966 2369 1024 2389 mus
1039 2365 1091 2389 tute
1100 2382 1108 2394 ,
1121 2367 1149 2389 et
1162 2362 1188 2389 itt
1201 2360 1290 2389 cordis
1305 2361 1340 2387 tui
1355 2360 1455 2395 pariete
1468 2358 1562 2386 falcem
1575 2358 1645 2385 illam
1659 2357 1750 2384 votau-

965 2413 1030 2440 tem,
1045 2412 1072 2435 et
1084 2408 1152 2435 hanc
1163 2407 1197 2434 ad
1209 2406 1419 2434 maledictionem
1432 2405 1522 2432 volare
1535 2408 1597 2439 puta
1611 2403 1701 2438 (Zach.
1718 2402 1746 2430 5.

967 2452 1043 2488 f—5)‘:
1055 2456 1083 2480 et
1096 2451 1201 2480 assidue
1218 2452 1305 2487 ipsam
1316 2451 1442 2486 recogita,
1459 2450 1515 2478 sive
1527 2449 1608 2477 alium
1616 2450 1749 2484 jurautem

967 2499 1066 2532 videas,
1079 2498 1182 2531 celtibe,
1194 2502 1263 2531 veta,
1274 2501 1301 2524 et
1310 2504 1400 2524 curam
1413 2501 1517 2523 tnunttn
1529 2501 1592 2530 gere
1601 2501 1749 2522 servorum.

966 2543 994 2571 Si
1004 2543 1075 2572 enim
1089 2543 1138 2571 hoc
1151 2543 1359 2575 consideremus,
1372 2541 1505 2577 quomodo
1517 2548 1571 2568 non
1583 2545 1685 2568 tantum
1700 2539 1750 2574 ipsi

967 2593 1039 2616 recte
1061 2595 1109 2615 nos
1121 2594 1261 2622 geramus,
1283 2587 1333 2615 sed
1352 2591 1380 2614 et
1393 2587 1459 2614 alios
1471 2587 1498 2614 in
1511 2585 1563 2613 hoc
1576 2585 1730 2613 inducamus
1740 2604 1750 2618 ,

966 2634 1087 2661 celeriter
1098 2634 1146 2669 ipsi
1159 2634 1191 2661 ad
1202 2633 1280 2661 ﬁnem
1294 2632 1439 2660 veniemus.
1449 2631 1524 2659 Alios
1532 2631 1603 2659 enim
1616 2630 1752 2665 corrigere

967 2678 1165 2715 aggredientes,
1182 2679 1363 2707 erubescimus
1374 2683 1402 2706 et
1412 2676 1609 2709 confundimur,
1622 2684 1682 2712 qua
1691 2675 1751 2703 aliis

967 2726 1132 2759 mandamus,
1145 2724 1201 2754 haec
1211 2725 1261 2760 ipsi
1271 2725 1432 2754 amittentes.
1443 2724 1497 2752 Nec
1506 2722 1625 2759 pluribus
1634 2726 1677 2750 est
1684 2729 1752 2757 opus

967 2772 1153 2800 sermonibus:
1165 2771 1247 2798 multa
1267 2770 1338 2798 enim
1359 2770 1430 2805 prius
1444 2773 1506 2796 sunt
1523 2772 1729 2797 commemorata
1741 2787 1751 2800 ,

967 2823 993 2845 et
1009 2818 1064 2845 hare
1076 2817 1235 2846 renovanda:
1246 2816 1381 2844 memoria:
1393 2820 1492 2842 tantum
1505 2822 1584 2842 causa
1594 2814 1664 2842 dicta
1676 2817 1750 2841 sunt.

969 2864 1038 2891 Deus
1053 2869 1114 2891 vero
1126 2863 1170 2899 qui
1184 2863 1266 2898 magis
1280 2868 1357 2898 quant
1373 2869 1421 2889 nos
1434 2861 1530 2888 nostris
1544 2861 1626 2895 parcit
1639 2858 1748 2890 animis.
