1962 3121
234 143 281 172 Ml

231 207 258 230 et
270 202 298 230 lu
312 201 364 230 hoc
381 206 408 229 et
427 201 454 229 in
471 201 545 228 omni
567 208 616 228 nos
633 201 703 228 botto
722 199 854 235 perfectos
877 201 969 233 faciat,
993 205 1022 228 ut

229 255 336 276 omnem
355 247 465 283 justitiae
485 247 601 275 fructum
622 247 776 282 assequuti,
796 246 923 274 cmlorum
940 254 1023 281 regno

229 294 301 330 digni
314 301 473 322 eenseamur
483 314 491 327 ,
510 294 594 329 gratia
607 298 634 320 et
649 293 810 326 benignitate
824 293 928 319 Domini
939 292 1021 320 nostri

590 144 619 171 S.
638 142 777 171 JOANNIS
794 141 1034 172 CIIRYSOSTOMI
1052 143 1210 173 ARCHIEP.
1230 145 1495 176 CONSTANTINOP.

1021 358 1843 371 Ἣ

1819 154 1871 182 H2

1077 201 1139 229 Jesu
1160 202 1274 236 Christi,
1300 211 1347 238 per
1366 212 1445 238 quem
1460 211 1487 232 et
1501 213 1560 233 cum
1574 209 1627 242 dbo
1640 208 1714 236 Patri
1725 210 1811 244 gloria
1831 213 1867 238 si—

1078 247 1187 283 mulque
1199 254 1292 276 sancto
1302 249 1423 285 Spiritui.
1439 251 1465 277 in
1479 251 1575 279 saecula
1587 255 1756 282 tta-culorum.
1770 259 1866 285 Arnen.

227 406 304 429 ΕΑΒ,
325 406 435 428 EORUM
457 406 511 432 QUI
533 405 608 427 POST
629 404 729 426 CIBUM
750 405 792 425 ΔΙ)
821 403 996 426 AUDIENDUI

1049 400 1217 430 'ENERANT,
1249 403 1290 424 ΕΤ
1324 404 1500 428 Μητιιλιιε
1533 407 1636 429 MUNDI
1669 409 1862 440 ENARRATII),

306 456 384 477 ITEM
406 455 530 477 CONTRA
552 454 703 476 GENTILES
719 453 912 475 CBEATURAM
935 452 976 474 UT
997 451 1087 473 DEUM
1108 451 1277 480 COLENTES,
1299 453 1340 475 ET
1361 454 1402 477 Dii
1426 455 1564 479 VITANDO
1579 457 1781 482 JURAMEHTO.

931 515 1140 542 ιθίοοοοιθοὶϐι

547 587 652 607 ποιηυλ
674 587 700 606 Χ.

258 628 284 655 1.
304 626 431 660 Gaudeo,
449 632 477 654 et
500 626 618 661 gratulor
633 625 755 653 omnilms
771 625 846 652 vobis
859 644 866 657 ,
881 623 950 659 quod
968 622 1014 649 ad-

222 673 394 700 monitionem
412 678 530 699 nostrain
545 693 552 704 ,
568 679 646 706 quam
662 679 709 705 pro
720 678 772 697 non
793 669 972 705 jejunantibus
986 672 1013 695 et

222 723 360 753 propterea
382 717 537 745 absentibus
552 725 635 751 nuper
648 715 698 743 feci
708 736 714 745 .
731 724 759 742 re
779 714 948 750 przestitistis.
962 714 1013 741 Ar-

221 763 305 790 bitror
314 763 384 789 enim
400 762 497 789 multos
513 762 566 795 jam
580 768 690 795 prensos
703 760 782 787 hodie
798 759 891 786 adesse
908 763 933 786 et
955 758 1011 792 pul-

219 809 310 836 chram
328 808 395 836 hanc
410 809 487 836 nobis
507 808 618 843 implere
628 807 783 834 concionem
796 815 803 833 :
818 810 845 833 et
863 805 913 833 hoc
925 805 1010 839 coriji-

219 855 261 882 cio
282 862 316 882 eo
327 875 335 887 ,
351 854 421 889 quod
446 854 560 889 amplius
582 854 657 881 nobis
678 853 809 880 theatrum
824 851 921 879 factum
936 852 970 879 sit
984 855 1011 878 et

219 901 303 936 major
316 903 480 931 audientium
496 907 650 930 conventus.
663 901 720 929 Non
735 901 841 932 frustra,
853 904 880 927 ut
894 899 1008 932 videtur,

218 948 317 976 mullos
337 949 371 976 dc
395 950 459 984 ipsis
482 956 619 976 sermones
641 955 725 982 nuper
749 946 944 981 impendimus“.
959 953 1007 972 Ve-

217 997 298 1020 stram
313 993 485 1021 exhortantes
495 993 666 1025 cbaritatem.
681 993 753 1028 ipsos
773 992 807 1019 ad
827 996 939 1018 matrem
955 996 1008 1018 tra-

217 1038 296 1072 here,
311 1040 382 1067 etiis
395 1040 557 1075 persuadere
575 1039 646 1075 quod
666 1039 745 1066 liceat
758 1043 786 1066 et
807 1042 867 1073 post
885 1038 1007 1073 corporis

215 1085 406 1113 nutrimentum
439 1086 585 1122 spiritualis
617 1093 687 1113 esca:
716 1085 918 1120 participatione
951 1091 1004 1112 non

214 1130 339 1159 fraudari.
355 1132 467 1166 Quando
481 1140 563 1166 vero,
584 1139 692 1167 quaeso,
707 1138 756 1158 vos
766 1151 774 1163 ,
785 1130 893 1163 dilecti,
909 1131 1005 1158 melius

213 1176 333 1205 lecistis?
349 1185 382 1205 an
398 1178 532 1212 praeterita
547 1177 640 1213 synaxi
653 1197 661 1210 ,
681 1175 788 1211 quando
807 1179 868 1211 post
884 1182 1003 1202 mensam

211 1223 245 1250 ad
257 1230 381 1251 somnum
396 1223 632 1256 convertebamini,
647 1230 681 1249 an
693 1229 766 1249 nunc
778 1229 838 1248 eum
854 1225 915 1256 post
927 1229 1003 1248 men-

210 1276 268 1296 sam
281 1269 316 1296 ad
327 1269 430 1297 divinas
443 1269 517 1305 leges
537 1268 683 1297 audiendas
697 1267 879 1295 convenistis?
896 1267 1002 1302 quando

211 1315 238 1342 in
260 1315 319 1343 foro
340 1315 597 1348 commorabamini,
613 1319 641 1343 et
661 1320 835 1342 eonsessuum
858 1313 923 1340 nihil
939 1313 1001 1341 boni

210 1361 363 1390 habentium
389 1363 531 1398 participes
556 1363 637 1390 eratis
648 1382 656 1394 .
673 1368 706 1389 an
729 1367 800 1387 nunc
815 1359 922 1395 quando
939 1367 999 1387 cum

209 1406 337 1435 fratribus
350 1409 447 1436 vestris
460 1406 536 1435 statis
555 1413 583 1436 et
604 1408 775 1443 propheticos
793 1417 932 1437 sermones
953 1417 1000 1437 au-

206 1451 289 1480 ditis!
296 1452 354 1480 Non
367 1458 408 1481 est
422 1452 566 1489 ignominia
576 1453 717 1482 comedere
726 1475 734 1489 ,
748 1455 853 1489 dilecti,
868 1455 915 1483 sed
926 1463 999 1483 sum-

207 1502 253 1532 pto
266 1498 327 1526 cibo
338 1499 410 1526 domi
421 1507 560 1527 remanere
571 1504 600 1527 et
616 1500 666 1527 hac
677 1507 752 1528 sacra
764 1500 932 1529 solemnitate
945 1501 999 1536 pri-

206 1544 275 1571 vari.
287 1544 363 1571 Domi
372 1545 443 1572 enim
454 1552 566 1572 manens
582 1545 693 1573 otiosior
705 1546 759 1573 eris
767 1550 794 1574 et
808 1546 932 1581 segnior:
945 1546 998 1575 huc

205 1595 293 1617 autem
306 1591 416 1618 veniens
427 1611 435 1624 ,
450 1598 557 1618 omnem
577 1598 700 1619 somnum
719 1595 747 1619 et
761 1595 895 1627 torporem
915 1600 997 1620 excu-

205 1635 274 1668 ties,
290 1644 340 1664 nec
355 1641 489 1671 torporem
511 1643 576 1665 vero
598 1640 718 1669 tantum,
741 1637 788 1665 sed
810 1642 838 1666 et
862 1637 995 1666 tristitiam

203 1690 310 1709 "lile
324 1682 462 1717 deponens
471 1703 479 1716 ,
495 1682 599 1710 facilior
611 1687 639 1711 et
659 1683 745 1711 iretior
765 1683 792 1711 in
805 1683 927 1712 omnibus
941 1684 995 1712 eris

203 1727 318 1755 casibus.
333 1728 366 1755 Et
379 1728 444 1763 quid
460 1735 528 1764 opus
545 1732 587 1756 est
607 1728 685 1763 plura
700 1727 807 1756 dicere?
821 1727 867 1756 Sta
892 1733 994 1756 tantum

203 1781 288 1808 prope
308 1774 492 1809 jejunantem,
517 1779 546 1802 et
569 1774 651 1810 ipsius
676 1774 766 1802 statim
789 1774 882 1802 odoris
905 1775 994 1803 suavi-

203 1824 284 1846 tatem
297 1819 407 1847 senties.
428 1819 497 1848 Nam
506 1820 551 1856 qui
562 1820 666 1855 jejunat
675 1840 685 1852 ,
706 1824 868 1855 unguentum
882 1824 924 1848 est
936 1820 992 1856 spi-

201 1864 296 1892 rituale
307 1885 314 1896 .
328 1870 356 1892 et
377 1873 425 1900 per
441 1865 534 1893 oculos
545 1870 572 1893 et
585 1873 634 1900 per
654 1865 770 1901 linguam
787 1871 815 1894 et
837 1873 885 1901 per
903 1867 992 1894 omnia

201 1911 298 1938 bonam
321 1911 417 1938 animm
435 1911 637 1946 dispositionem
657 1911 798 1939 exhibens.
811 1911 873 1939 Haec
889 1919 942 1939 non
963 1917 993 1940 ut

152 1976 154 1978 -
201 1964 312 1991 pransos
326 1965 450 1986 accusem
467 1957 521 1986 dixi
532 1978 541 1992 ,
555 1957 603 1986 sed
615 1962 644 1985 ut
656 1957 749 1993 jejunii
762 1957 865 1986 lucrum
877 1958 990 1987 demon-

199 2008 293 2032 strem.

234 2050 344 2078 Praestat
357 2050 457 2078 verbum
471 2049 518 2078 Dei
538 2050 628 2077 audire
640 2058 716 2085 quam
725 2050 855 2085 jejunus.
867 2064 903 2070 -—
914 2049 989 2085 Jeju-

198 2097 271 2124 nium
289 2105 354 2125 vero
375 2105 428 2125 non
443 2097 564 2125 ciborum
578 2097 769 2125 abstinentiam
790 2101 893 2124 tanturn
907 2097 968 2124 dico
978 2117 986 2130 ,

196 2142 242 2170 sed
257 2146 284 2170 et
292 2146 460 2177 peccatorum
474 2142 560 2177 fugam
571 2142 656 2178 magis
669 2150 748 2177 quam
760 2142 849 2170 illam:
863 2144 988 2178 quoniam

195 2193 223 2218 et
237 2190 410 2221 convivatus,
422 2193 450 2216 ct
470 2188 522 2216 huc
540 2195 601 2216 cum
623 2188 754 2216 modestia
768 2187 904 2223 profectus
924 2195 988 2216 con-

195 2243 277 2270 grua,
292 2243 345 2262 non
359 2235 445 2262 multo
456 2242 470 2261 a
482 2234 619 2269 jejunante
638 2233 753 2261 vincitur
768 2242 775 2261 :
790 2234 858 2261 sicut
870 2233 986 2261 vicissim

194 2281 320 2316 jejunans
335 2289 385 2308 nec
399 2288 458 2308 cum
480 2280 570 2308 studio
586 2285 613 2308 et
625 2280 761 2315 diligentia
775 2279 808 2307 iis
820 2287 880 2314 quae
891 2279 985 2307 dicun-

194 2332 239 2355 tur
254 2326 409 2358 attendens,
429 2325 496 2354 nihil
508 2335 542 2354 ex
555 2326 606 2354 hoc
614 2326 718 2362 jejunio
732 2334 857 2361 magnum
871 2325 986 2353 lucrabi-

194 2379 246 2401 tur.
266 2372 416 2400 Comedcns
438 2373 509 2400 enim
531 2377 557 2400 et
578 2372 715 2400 concionis
742 2376 842 2400 sancta‘.
867 2379 986 2408 congruo

193 2419 283 2446 studio
297 2418 452 2454 partieipem
466 2426 495 2446 se
510 2418 620 2452 faciens,
632 2418 696 2446 nihil
714 2418 872 2446 eomedente
891 2422 919 2445 et
937 2418 986 2445 ab-

193 2469 270 2492 sente
282 2464 368 2492 multo
382 2464 475 2492 melior
488 2469 529 2492 est
544 2473 550 2490 :
564 2471 616 2492 non
630 2464 701 2492 enim
718 2468 820 2491 tantum
834 2470 884 2491 nos
898 2463 984 2491 inedia

193 2511 320 2545 adjuvare
342 2510 456 2545 poterit,
471 2514 597 2545 quantum
612 2510 720 2545 prodest
733 2515 760 2538 et
771 2510 872 2538 bonum
885 2509 982 2543 affert,

174 2577 176 2580 ,
192 2555 324 2591 spirituali
338 2555 485 2590 disciplinae
500 2555 639 2583 interesse.
655 2555 768 2584 Ubinam
792 2555 850 2583 bzec
872 2548 982 2589 audies,

191 2609 252 2637 qua:
265 2601 309 2629 hic
323 2600 517 2636 philosopharis
529 2601 541 2628 ’ἒ
554 2600 582 2629 Si
598 2601 625 2628 in
639 2601 725 2628 lorum
749 2601 829 2629 iveris
840 2621 850 2635 ,
863 2601 929 2628 riste
946 2601 983 2628 ibi

191 2653 218 2676 et
232 2656 326 2684 pugnat
340 2657 348 2675 :
363 2648 386 2675 si
401 2648 427 2675 in
437 2647 549 2679 curiam.
562 2647 678 2675 civilium
692 2655 780 2675 rerum
799 2655 861 2675 cura
874 2656 881 2674 :
897 2647 920 2674 si
933 2647 982 2674 do-

191 2703 263 2722 mum
275 2716 283 2730 ,
299 2695 460 2730 privatarum
481 2693 630 2722 sollicitudo
653 2693 768 2728 undique
781 2693 875 2729 afﬂigit
890 2702 896 2720 :
918 2694 940 2721 si
956 2693 982 2720 in

190 2741 242 2769 fori
254 2739 438 2769 conventicula
451 2744 479 2768 et
489 2746 631 2767 consessus
641 2759 650 2770 .
665 2739 755 2766 omnia
770 2738 823 2766 illic
835 2743 940 2766 terrena
954 2743 982 2766 et

189 2787 371 2822 corruptibilis
386 2794 393 2814 :
409 2786 451 2814 vel
466 2785 537 2814 cnim
550 2784 584 2812 de
593 2784 746 2816 venalibus,
759 2784 801 2811 vel
812 2784 846 2811 de
859 2783 963 2811 tributis
973 2804 981 2816 ,

191 2835 232 2862 vel
245 2835 280 2862 de
292 2835 362 2862 lauta
374 2841 466 2861 niensa
479 2854 486 2866 ,
502 2833 544 2861 vel
561 2832 595 2860 de
606 2839 731 2868 agromm
750 2831 903 2859 venditione
913 2852 922 2865 ,
937 2830 982 2858 vel

191 2881 226 2910 de
238 2881 297 2910 aliis
310 2881 490 2910 contractibus
499 2900 507 2915 ,
523 2879 566 2908 vel
580 2879 613 2908 de
626 2878 791 2908 testamentis
802 2898 811 2912 ,
838 2875 881 2905 vel
889 2874 922 2905 de
930 2875 983 2904 ba:-

1069 574 1224 604 reditatibus
1235 598 1243 610 ,
1257 579 1298 606 vel
1312 579 1346 607 de
1363 579 1421 608 aliis
1435 581 1531 610 talibus
1549 590 1565 611 a
1584 585 1686 612 cunctis
1706 593 1739 613 eo
1761 594 1860 615 convev

1068 620 1200 650 nientibus
1218 631 1355 654 sermones
1373 627 1514 656 habentur.
1529 629 1560 657 Et
1574 631 1596 658 si
1611 631 1636 658 in
1652 631 1736 666 ipsam
1755 635 1859 662 veneris

1067 668 1166 702 regiam
1176 689 1184 702 ,
1197 674 1223 697 et
1237 670 1290 698 illic
1304 679 1409 701 rursum
1424 681 1518 702 omnes
1529 676 1691 705 disserentes
1710 679 1805 707 audies
1826 682 1859 709 de

1066 714 1196 747 pecuniis,
1210 714 1244 743 de
1257 717 1384 750 potcntia,
1398 718 1432 746 de
1445 720 1528 754 gloria
1538 742 1546 754 ,
1557 729 1616 756 quze
1630 723 1672 750 bic
1691 724 1857 758 honoratur;

1065 759 1201 794 spirituale
1215 770 1278 790 vero
1291 763 1354 790 nihil
1371 772 1378 791 :
1395 764 1439 793 hic
1454 774 1516 793 vero
1530 769 1692 796 contrarium
1707 775 1791 797 totum
1801 792 1810 803 ,
1823 771 1857 800 de

1064 805 1097 833 iis
1109 814 1169 842 quas
1181 807 1207 835 in
1221 808 1287 836 co=lo
1297 815 1358 837 sunt
1372 811 1461 845 rebus,
1477 812 1509 839 de
1524 813 1622 848 anima,
1636 815 1670 842 de
1682 816 1735 842 vita
1754 822 1854 850 nostra,

1063 857 1090 880 ct
1108 861 1190 888 quare
1203 853 1264 882 facti
1286 863 1390 890 sumus,
1407 862 1434 884 et
1447 866 1528 893 quare
1550 859 1593 887 bie
1609 865 1709 889 tantum
1726 864 1856 898 tetnporis

1061 905 1267 934 commoramur,
1277 907 1303 929 et
1312 902 1346 930 ad
1359 911 1417 938 qua:
1432 904 1494 932 hinc
1509 906 1661 941 migramus,
1677 910 1780 944 etquid
1795 916 1854 945 post

1062 943 1119 971 inec
1133 952 1182 972 nos
1196 947 1321 981 suscipiet
1335 968 1342 981 ,
1359 953 1386 975 et
1397 957 1478 984 quam
1493 950 1528 978 ob
1539 959 1646 979 causam
1666 943 1744 982 nobis
1756 943 1854 990 corpus

1059 994 1101 1017 est
1116 991 1214 1018 luteum
1227 1013 1234 1026 ,
1249 998 1276 1020 et
1289 1002 1347 1028 quae
1362 997 1453 1023 mortis
1470 1003 1562 1024 natura
1574 1019 1582 1031 ,
1604 999 1666 1033 quid
1688 1001 1797 1028 tandem
1811 1008 1852 1030 est

1059 1042 1177 1070 praesens
1189 1038 1241 1065 vita
1254 1043 1281 1066 et
1293 1047 1352 1074 qu:e
1365 1040 1450 1068 futura
1467 1051 1473 1069 :
1493 1043 1558 1070 nibil
1573 1052 1679 1078 prorsus
1693 1051 1829 1074 terrenum
1841 1068 1849 1080 ,

1057 1081 1105 1108 sed
1118 1089 1212 1111 omnes
1223 1083 1258 1111 de
1271 1086 1451 1120 spiritualibus
1461 1095 1598 1118 sermones
1610 1091 1686 1118 nobis
1698 1092 1848 1127 habentur;

1057 1132 1084 1154 et
1107 1136 1201 1164 magna
1218 1130 1311 1159 salutis
1333 1137 1430 1160 nostra:
1451 1134 1545 1163 viatica
1562 1137 1714 1172 capientes,
1729 1139 1792 1167 hinc
1812 1140 1848 1168 ita

1056 1179 1116 1200 cum
1130 1173 1200 1202 bona
1215 1182 1262 1210 spe
1276 1177 1458 1212 migrabimus.

1090 1219 1118 1246 2.
1135 1220 1264 1254 Quoniam
1277 1222 1356 1258 igitur
1370 1231 1423 1251 non
1439 1230 1538 1253 temere
1551 1228 1652 1254 semina
1663 1229 1788 1264 jecimus,
1799 1231 1847 1258 sed

1054 1264 1124 1292 sicut
1137 1273 1184 1294 vos
1203 1267 1358 1296 exhortatus
1370 1268 1482 1302 fueram,
1498 1278 1592 1299 omnes
1604 1274 1694 1307 quies
1709 1275 1785 1302 vobis
1796 1276 1846 1304 de-

1053 1309 1189 1343 fecerant.
1205 1314 1292 1341 venati
1307 1316 1371 1343 estis
1386 1324 1393 1342 :
1408 1324 1457 1351 age
1470 1321 1498 1344 et
1517 1325 1566 1346 nos
1585 1318 1659 1347 vobis
1673 1321 1785 1356 gratiam
1800 1330 1846 1350 re-

1053 1357 1200 1392 pendamus
1213 1364 1241 1387 et
1254 1368 1337 1395 pauca
1358 1363 1435 1391 vobis
1458 1364 1532 1398 prius
1545 1364 1677 1393 dictorum
1690 1367 1718 1394 in
1738 1376 1845 1396 memo-

1051 1402 1118 1430 riam
1149 1410 1323 1440 revocantes,
1346 1406 1446 1442 reliqua
1466 1416 1571 1444 quoque
1598 1411 1751 1439 reddamus.
1778 1413 1843 1447 Qua:

1051 1448 1130 1483 igitur
1141 1450 1215 1485 prius
1230 1456 1292 1479 sunt
1305 1452 1375 1480 dicta
1385 1453 1398 1480 τ
1407 1453 1596 1487 Quaerebamus
1608 1458 1721 1492 qualiter
1733 1463 1760 1486 et
1774 1467 1843 1495 quo-

1050 1495 1131 1523 modo
1152 1501 1215 1525 ante
1235 1497 1431 1534 Scripturarum
1455 1501 1554 1529 donum
1579 1511 1622 1530 res
1643 1508 1749 1533 nostras
1771 1505 1843 1534 Deus

1048 1540 1180 1576 disposuit
1192 1551 1200 1570 :
1211 1547 1239 1570 et
1250 1543 1419 1579 dicebamus,
1438 1547 1509 1581 quod
1523 1555 1571 1582 per
1580 1553 1728 1577 creaturam
1742 1550 1843 1579 docue-

1048 1588 1083 1615 rit
1104 1596 1189 1623 genus
1206 1596 1326 1617 nostrum
1337 1611 1344 1623 ,
1360 1591 1455 1619 omium
1475 1593 1622 1622 extendens
1634 1601 1662 1623 et
1676 1596 1703 1623 in
1722 1597 1840 1625 medium

1047 1641 1200 1669 proponens
1210 1656 1218 1669 ,
1235 1637 1381 1665 maximum
1402 1638 1497 1666 librum
1512 1639 1601 1668 idiotis
1613 1645 1641 1668 et
1653 1642 1819 1676 sapientibus
1829 1663 1839 1677 ,

1047 1680 1206 1714 pauperibus
1220 1686 1247 1709 et
1260 1682 1396 1716 divitibus,
1409 1683 1515 1720 Scythis
1527 1689 1555 1712 et
1566 1685 1698 1719 Barbaris,
1712 1691 1740 1715 et
1752 1689 1839 1716 omni-

1047 1724 1096 1752 bus
1108 1726 1269 1761 generaliter
1283 1731 1381 1755 terram
1397 1728 1577 1757 habitantibus
1592 1731 1681 1758 utilem
1695 1751 1703 1764 ,
1718 1731 1815 1760 librum
1828 1734 1838 1750 ί

1045 1772 1129 1800 multo
1160 1773 1289 1808 majorem
1313 1782 1404 1802 eorum
1430 1775 1475 1810 qui
1502 1776 1632 1804 docentur
1656 1778 1834 1806 multitudine.

1044 1816 1124 1845 Multa
1140 1819 1220 1846 etiam
1239 1819 1273 1846 de
1287 1825 1364 1848 nocte
1376 1824 1403 1848 et
1417 1820 1475 1852 die,
1488 1826 1516 1848 et
1528 1821 1622 1849 borum
1634 1823 1728 1850 ordine
1739 1844 1746 1854 ,
1761 1829 1789 1851 et
1802 1824 1836 1851 de

1043 1865 1227 1893 convenientia
1247 1865 1282 1893 ab
1294 1866 1358 1901 ipsis
1370 1874 1429 1894 cum
1445 1866 1579 1902 diiigentia
1592 1872 1696 1895 servata
1709 1868 1836 1897 dissemi-

1042 1917 1121 1937 mus:
1136 1911 1218 1938 multa
1232 1916 1259 1939 ct
1272 1912 1307 1939 de
1319 1917 1504 1947 tempestatum
1520 1914 1582 1940 anni
1593 1922 1715 1947 numero,
1726 1923 1836 1942 earum-

1041 1963 1094 1991 que
1115 1957 1276 1991 aequalitate.
1297 1957 1371 1985 Sicut
1395 1958 1467 1986 enim
1487 1958 1545 1986 dies
1571 1963 1650 1987 nocte
1671 1967 1705 1987 ne
1725 1960 1834 1987 dimidia

1041 2002 1148 2036 quidem
1165 2002 1229 2030 hora
1253 2002 1311 2037 plus
1332 2003 1413 2031 habet
1436 2011 1484 2039 per
1505 2009 1590 2032 totum
1610 2012 1730 2038 annum,
1745 2006 1784 2032 sic
1807 2011 1834 2033 et

1042 2047 1083 2074 lite
1104 2047 1173 2075 inter
1191 2056 1220 2076 se
1234 2056 1266 2076 ex
1286 2056 1363 2084 :equo
1381 2049 1441 2077 dies
1459 2057 1553 2077 omnes
1575 2049 1770 2078 distribuerunt
1785 2060 1792 2078 :
1807 2056 1834 2078 et

1040 2093 1112 2128 quod
1133 2095 1206 2129 prius
1229 2094 1370 2128 dicebam,
1396 2103 1449 2122 non
1476 2095 1628 2130 magnitudo
1651 2102 1782 2124 creaturae
1806 2102 1833 2124 et

1039 2138 1210 2174 pulchritudo
1235 2144 1336 2166 tantum
1362 2145 1510 2168 creatorem
1536 2140 1717 2173 demonstrat,
1733 2141 1783 2169 sed
1805 2147 1831 2169 et

1039 2186 1096 2220 ipse
1108 2186 1347 2221 coagmentationis
1359 2186 1455 2214 modus
1465 2206 1473 2220 ,
1489 2190 1517 2214 et
1537 2187 1609 2222 quod
1621 2195 1702 2222 super
1720 2193 1831 2215 natura-

1038 2232 1090 2260 lem
1114 2232 1331 2268 consequentiam
1359 2233 1394 2260 sit
1420 2232 1515 2260 modus
1541 2233 1695 2261 creationis.
1723 2234 1830 2261 Natura;

1038 2285 1134 2312 nempe
1145 2277 1334 2313 consequentia
1348 2282 1416 2310 erat.
1428 2285 1522 2313 aquam
1536 2285 1617 2313 super
1629 2283 1728 2305 terram
1744 2279 1806 2305 ferri
1819 2287 1827 2305 :

1037 2332 1108 2352 nunc
1134 2332 1197 2352 vero
1218 2324 1382 2352 contrarium
1407 2323 1546 2358 videmus,
1571 2328 1668 2352 terram
1695 2324 1730 2351 ab
1754 2324 1829 2359 aquis

1037 2369 1111 2398 ferri.
1125 2369 1231 2397 Naturae
1249 2374 1307 2397 erat
1326 2370 1525 2405 consequentia,
1541 2370 1628 2406 ignem
1643 2370 1676 2397 ad
1690 2371 1828 2405 superiora

1036 2424 1143 2445 currere
1157 2424 1165 2443 :
1179 2423 1251 2443 nunc
1280 2423 1344 2443 vero
1370 2415 1533 2443 contrarium
1557 2415 1694 2448 videmus,
1718 2415 1828 2443 inferius

1036 2470 1134 2493 terram
1148 2472 1241 2492 versus
1253 2471 1397 2492 conversos
1411 2463 1477 2491 solis
1493 2464 1596 2496 radios,
1612 2468 1639 2491 et
1651 2471 1734 2498 aquas
1747 2471 1826 2498 super

1034 2511 1116 2540 ccelos
1133 2518 1210 2544 esse,
1223 2515 1250 2538 et
1263 2518 1317 2537 non
1330 2510 1450 2538 consumi
1465 2518 1473 2542 ;
1495 2510 1579 2537 solem
1604 2510 1697 2537 subtus
1716 2518 1829 2537 curren-

1036 2561 1090 2585 tem
1107 2564 1160 2585 non
1180 2556 1312 2590 exstingui
1326 2555 1361 2583 ab
1382 2555 1468 2590 aquis,
1483 2562 1534 2582 nec
1553 2554 1740 2582 bumiditatem
1755 2555 1827 2582 illam

1034 2603 1186 2630 absumere.
1201 2601 1241 2629 Ad
1265 2601 1323 2629 haec
1345 2601 1462 2629 diximus
1473 2621 1483 2635 ,
1498 2609 1532 2629 ex
1550 2605 1663 2636 quatuor
1685 2601 1828 2628 elementis

1035 2649 1085 2677 hoc
1098 2653 1181 2676 totum
1195 2648 1342 2676 consistere
1361 2648 1430 2675 inter
1448 2655 1478 2675 se
1489 2647 1630 2675 contrariis
1644 2652 1672 2674 et
1684 2647 1827 2682 pugnanti-

1034 2696 1083 2723 bus
1094 2716 1102 2729 ,
1115 2700 1143 2723 et
1161 2695 1274 2723 alterum
1288 2694 1400 2722 alterum
1415 2702 1467 2721 non
1483 2700 1657 2726 consumere,
1673 2693 1736 2720 licet
1756 2693 1826 2720 alte-

1034 2749 1093 2769 rum
1107 2742 1141 2768 ab
1152 2741 1237 2768 altero
1251 2744 1344 2767 natura
1359 2747 1407 2767 sua
1419 2739 1540 2767 consumi
1552 2738 1658 2766 debeat.
1674 2737 1751 2766 Unde
1765 2745 1825 2765 ma-

1034 2786 1170 2820 nifestum,
1184 2785 1254 2822 quod
1269 2787 1352 2813 virtus
1365 2785 1486 2821 quaedam
1506 2784 1645 2812 invisibilis
1666 2784 1725 2812 lucc
1747 2783 1824 2811 colu-

1065 2883 1072 2897 I
1088 2883 1183 2910 \‘occm,
1195 2878 1292 2908 librum,
1303 2877 1342 2902 hic
1351 2877 1539 2908 interposuimus
1549 2874 1659 2901 saviiiurn
1671 2874 1758 2900 sectus.
