1962 3121
70 149 112 176 HI

79 205 274 241 ειταξιωθῶμεν
291 207 345 242 τῆς
366 208 505 243 βασιλείας
521 208 574 234 τῶν
588 208 710 244 οὐρανῶν
721 230 730 242 ,
744 209 834 244 χάριτι
850 209 898 236 καὶ

75 250 256 286 φιλανθρωπία
275 251 326 278 τοῦ
350 253 454 287 Κυρίου
477 253 555 288 ἡμῶν
571 253 658 288 Ἰησοῦ
674 253 803 289 Χριστοῦ,
823 253 858 280 δι’
871 249 902 280 οὗ

581 151 625 177 Al)
645 150 809 179 POPULUM
830 150 1083 179 ANTIOCHENUM
1104 150 1220 179 HOMIL.
1237 150 1272 179 x.

1738 153 1789 179 "2

958 209 1005 236 καὶ
1017 209 1076 244 μεθ’
1089 206 1120 236 οὗ
1144 209 1183 245 τῷ
1198 208 1286 244 Πατρὶ
1303 209 1319 244 ἡ
1334 208 1397 240 δόξα
1417 208 1475 243 ἅμα
1493 208 1531 244 τῷ
1551 209 1622 244 ἁγίῳ
1640 208 1789 244 Πνεύματι,

956 254 997 285 εἰς
1010 253 1073 285 τοὺς
1087 252 1188 284 αἰῶνας
1202 252 1256 279 τῶν
1269 251 1384 278 αἰώνων.
1403 253 1500 288 Ἀμήν»

1710 353 1738 362 ἡ.

74 417 206 449 ’Βίωνος
219 415 281 442 τῶν
301 415 380 450 μετὰ
394 415 451 450 τὴν
466 415 604 443 ἑστίασιν
618 415 833 450 ἀπηντηκότων
849 415 892 448 εἰς
911 414 968 448 τὴν
979 414 1126 448 ἀκρόασιν
1136 421 1142 427 '
1155 413 1206 441 καί
1217 415 1399 449 φυσιολογῑα
1410 415 1524 449 κόσμου
1536 424 1543 430 -
1556 416 1604 442 καί
1633 417 1708 444 κατὰ
1730 415 1789 444 τῶν

505 462 722 490 θεοποιούντων
741 462 798 496 τὴν
812 461 913 489 κτίσιν
922 469 929 476 ·

409 576 524 611 Ὀμιλια
541 579 568 603 ι’.

107 621 235 657 α’.)ἰαίρω
241 621 289 648 καὶ
297 621 542 656 ιει-υγχαίριιῃπᾶσιψ³
551 621 625 656 ὑμῖν,
638 621 679 647 ὅτι
691 621 739 655 τὴν
746 620 904 655 παραίνεσιν

65 661 156 703 ημῶν,
169 667 201 702 ἢν
219 666 290 702 ὑπὲρ
308 666 364 692 τῶν
381 666 418 701 μὴ
430 665 613 701 νηστευόντων
626 667 672 692 καὶ
684 664 727 691 διὰ
742 664 821 692 τοῦτο
834 665 901 691 ἀπο-

75 710 274 746 λιμπανομένων
293 709 483 744 ἐποιησάμεθα
499 709 604 744 πρώην,
617 709 656 740 είς
671 708 750 744 ἔργον
766 709 845 743 ὑμεῖς
856 707 901 740 ἐξ-

75 755 209 791 ηνέγκατε.
235 753 292 780 Καὶ
315 753 370 788 γὰρ
395 753 508 784 πολλοὺς
534 750 612 788 οἶμαι
634 752 688 779 τῶν
714 752 901 787 ἠριστηκότων

75 800 194 835 παρεῖναι
207 799 345 834 τήμερον,
364 799 413 824 καὶ
428 798 473 824 τὸν
488 798 569 824 καλὴν
585 798 650 832 ἡμῖν
663 797 790 831 σύλλογον
807 795 901 823 τοῦτον

74 842 204 879 πληροῦν·
225 842 273 868 καὶ
299 842 379 868 τοῦτο
403 841 568 876 στοχάζομαι
591 842 623 867 ἐκ
643 841 689 867 τοῦ
712 841 900 876 λαμπρότερον

75 889 136 923 ἡμῖν
150 887 181 913 τὺ
199 886 311 922 θέατρον
326 885 454 920 γενέσθαι
469 885 516 911 καὶ
535 885 620 911 πλείω
642 885 696 911 τῶν
718 884 900 919 ἀκροωμένων

74 931 119 966 τὴν
133 931 247 958 σύνοδον.
271 931 310 957 Οὐ
332 930 437 965 μάτην,
459 929 496 960 ὡς
512 928 596 959 ἔοικε,
616 929 678 960 τούς
702 928 816 959 πολλοὺς
837 927 902 963 περὶ

74 975 160 1002 αὐτῶν
174 974 267 1010 πρώην
287 973 467 1008 ἀνηλώσαμεν
481 973 586 1006 λόγους,
608 972 656 1006 τὴν
676 972 811 1007 ὑμετέραν
831 971 901 1005 ἀγά-

74 1028 126 1054 πην
145 1017 365 1053 παρακαλοῦντες
389 1017 478 1043 Ξλκειν
500 1016 568 1051 πρὸς
587 1016 637 1051 τὴν
653 1015 759 1051 μητέρα
782 1015 900 1047 αὐτοὺς,

74 1065 118 1089 καί
131 1062 241 1093 πείθειν,
262 1062 299 1094 ὡς
313 1060 402 1094 ἔξεστι
414 1061 462 1087 καὶ
480 1061 548 1096 μετά
566 1059 668 1095 τροφὴν
683 1059 840 1096 σωματικὴν
855 1059 902 1085 καὶ

72 1106 172 1141 τροφῆς
196 1106 343 1140 μετασχεῖν
365 1105 561 1139 πνευματικῆς.
584 1105 652 1130 Πότε
677 1104 747 1140 γάρ,
765 1103 824 1130 εἰπέ
845 1111 900 1138 μοι,

75 1149 175 1184 βέλτιον
188 1150 367 1184 πεποιήκατε,
383 1149 536 1183 άγαττητοί;
551 1150 583 1184 τῇ
598 1148 770 1185 παρελθούσῃ
783 1145 900 1180 συνάξει,

72 1195 114 1220 ὅτε
126 1193 193 1228 μετὰ
209 1193 258 1228 τὴν
271 1193 412 1227 τράπεζαν
428 1192 475 1218 ἐπὶ
488 1191 570 1218 ὕπνον
587 1191 743 1228 ὲτρέπεσθε,
758 1191 774 1227 ἦ
789 1190 846 1222 νῦν,
857 1191 902 1217 ὅτε

74 1237 141 1271 μετὰ
165 1236 212 1270 τὴν
237 1236 380 1270 τράπεζαν
401 1236 469 1270 πρὸς
491 1235 568 1272 [106]
590 1236 639 1271 τὴν
663 1235 794 1270 ἀκρόασιν
813 1235 828 1254 ιδ
848 1233 902 1261 τῶν

72 1280 152 1306 θείων
169 1280 342 1314 ἀπηντήκατε
358 1279 466 1314 νόμων;
488 1279 532 1306 ὅτε
555 1280 602 1306 ἐπὶ
617 1280 667 1314 τῆς
682 1280 783 1314 ἀγορᾶς
802 1277 901 1314 διετρί-

71 1324 142 1355 εετε,
162 1324 206 1349 καὶ
225 1323 370 1358 συνεδρίων
389 1323 527 1359 μετείχετε
547 1324 623 1350 οὐδὲν
638 1323 753 1358 ἐχόντων
772 1322 900 1358 χρηστὸν,

71 1368 87 1400 ἢ
102 1367 163 1398 νῦν,
174 1368 217 1394 ὅτε
232 1367 301 1402 μετά
320 1367 373 1393 τῶν
391 1367 513 1402 ἀδελφῶν
527 1368 660 1402 ἑστήκατε
681 1366 735 1394 τῶν
750 1366 900 1402 ὑμετέρων,

72 1411 117 1440 καὶ
133 1413 306 1448 προφητικῶν
331 1412 443 1438 ἀκυύετε
460 1411 561 1446 λόγων;
580 1412 636 1438 Οὐκ
656 1411 729 1437 ἔστιν
741 1410 855 1446 αἰσχύνη
871 1410 902 1437 τὸ

73 1458 178 1490 φαγεῖν,
192 1456 341 1491 ἀγαπητοὶ,
358 1455 426 1481 ἀλλά
444 1455 485 1487 τί;
507 1455 543 1480 Τὸ
562 1454 683 1489 φαγόντα
694 1459 706 1473 ε
723 1454 813 1490 μένειν
833 1455 902 1482 οἴκοι

75 1501 120 1527 καί
141 1501 261 1535 ὑστερεῖν
278 1500 329 1534 τῆς
349 1500 426 1535 ἱερᾶς
440 1499 542 1534 ταύτης
563 1498 668 1534 ἑορτῆς.
688 1498 763 1525 Οίκοι
781 1498 830 1533 μὲν
848 1498 903 1534 γὰρ

76 1545 162 1579 μένων
176 1544 324 1580 ἀργότερος
339 1543 389 1580 έσῃ
404 1544 450 1570 καὶ
463 1543 635 1578 νωθέστερος,
650 1542 765 1569 ἐνταῦθα
774 1542 803 1568 δὲ
817 1541 902 1569 ἐλθὼν

75 1588 163 1615 πάντα
178 1588 260 1615 ὕπνον
279 1588 326 1615 κα)⁵
356 1588 447 1614 πᾶσαν
470 1586 606 1622 ρᾳθυμίαν
633 1585 805 1619 ἀποτινάξεις
819 1585 849 1606 ά·
871 1586 902 1613 οὐ

78 1632 208 1668 ρᾳθυμίαν
225 1632 254 1658 δὲ
277 1631 368 1666 μόνον,
386 1631 454 1657 ἀλλά
470 1630 515 1657 καὶ
539 1630 658 1666 ἀθυμίαν
674 1630 782 1657 ἅπασαν
802 1630 903 1656 ἀποθέ-

79 1684 164 1710 μενος,
179 1676 251 1711 ῥᾴων
265 1676 313 1702 καὶ
331 1674 514 1710 εὐθυμότερος
529 1675 558 1701 ὲν
572 1675 673 1701 ἅπασιν
692 1673 743 1709 ἔσῃ
760 1675 817 1705 τοῖς
832 1682 903 1709 συμ-

78 1720 202 1746 πίπτουσι
219 1719 375 1755 πράγμασι.
391 1719 447 1745 Καὶ
464 1719 491 1744 τί
506 1718 558 1754 χρὴ
570 1717 605 1744 τὰ
617 1717 686 1744 ἄλλα
697 1718 787 1752 λέγειν
800 1725 807 1750 ;
820 1718 903 1752 Στῆθι

80 1764 155 1799 μόνον
171 1764 254 1798 ὲγγύς
266 1763 314 1790 :06
333 1762 518 1798 νηστεύοντος.
533 1763 581 1789 καὶ
598 1761 744 1797 μετέλαδες
757 1761 838 1788 αὐτοῦ
856 1761 903 1788 εὐ-

81 1807 147 1839 θέως
158 1807 206 1841 τῆς
222 1806 336 1838 εὐωδίας
347 1813 354 1820 ·
373 1805 460 1841 μύρον
472 1805 527 1842 γάρ
541 1807 615 1833 ἐστιν
630 1806 645 1831 ό
662 1805 800 1840 νηστεύων
822 1813 904 1831 πνευ-

83 1850 201 1886 ματικὸν,
218 1851 266 1878 καὶ
287 1851 333 1877 διὰ
347 1850 402 1877 τῶν
419 1849 565 1884 ὀφθαλμῶν
585 1849 632 1876 καὶ
654 1848 697 1875 διὰ
719 1848 769 1882 τῆς
781 1848 904 1884 γλώττης

82 1897 127 1922 καὶ
132 1895 174 1923 διὰ
181 1894 289 1922 πάντων
303 1894 444 1930 ἐμφαίνων
455 1893 504 1929 τὴν
515 1893 564 1928 τῆς
574 1893 664 1928 ψυχῆς
675 1892 905 1925 εὐταξίαν.Ταῦτα

81 1939 138 1976 οὐχὶ
152 1940 310 1975 κατηγορῶν
322 1939 378 1966 τῶν
394 1938 581 1974 ἠριστηκότων
594 1935 679 1970 εἷπον,
691 1936 748 1963 ἀλλ’
767 1936 809 1962 ἵνα
824 1935 905 1969 δείξω

83 1984 127 2019 τῆς
139 1984 262 2020 νηστείας
279 1983 309 2010 :0
323 1982 430 2017 κέρδος.

113 2028 243 2063 Νηο-τείαν
256 2028 285 2055 δὲ
299 2028 330 2054 οὐ
346 2027 396 2063 τὴν
411 2027 516 2063 ἀποχὴν
531 2026 604 2061 λέγω
619 2025 673 2052 τῶν
687 2023 839 2061 βρωμάτων
855 2023 904 2059 μό-

84 2071 208 2102 νονιάᾺά
224 2072 271 2098 καὶ
288 2072 343 2107 πρὸ
360 2071 462 2107 ταύτης
480 2072 529 2107 τὴν
547 2070 601 2098 τῶν
625 2069 832 2105 ἁμαρτημάτων
851 2068 905 2094 ἀπο

85 2115 155 2150 οχήν·
168 2115 228 2142 ἐπεὶ
241 2116 311 2142 καὶὸ
326 2115 471 2147 ἑστιαθεὶς,
484 2115 530 2142 καὶ
546 2113 661 2142 ἐνταῦθα
677 2112 746 2149 μετά
755 2112 806 2147 τῆς
821 2119 905 2147 προσ-

86 2158 194 2194 ηκούσης
213 2159 435 2195 παραγενόμενος
452 2158 640 2195 σωφροσύνης,
656 2157 687 2184 οὐ
709 2157 776 2184 πολὺ
792 2155 840 2182 τοῦ
856 2164 905 2190 νη-

86 2201 213 2234 στεύοντος
236 2203 469 2239 ἀπολιμπάνεται,
484 2202 579 2238 ὥσπερ
593 2199 640 2228 οὖν
655 2202 670 2228 ό
693 2199 842 2236 νηστεύσας
858 2199 905 2226 καὶ

87 2245 120 2281 μὴ
135 2247 200 2281 μετά
215 2247 336 2282 σπουδῆς
348 2247 396 2273 καὶ
418 2246 561 2283 ἀκριϐείας
574 2247 630 2277 τοῖς
649 2244 806 2280 λεγομένοις
821 2252 905 2279 προσ-

86 2288 156 2324 έχων,
168 2290 242 2317 οὐδὲν
255 2290 309 2318 ἀπὸ
319 2291 369 2325 τῆς
379 2290 504 2326 νηστείας
519 2290 696 2326 καρπώσεται
713 2288 794 2323 μέγα.
809 2288 838 2314 '0
850 2287 905 2322 γὰρ

86 2332 172 2360 ἐσθίων
194 2335 239 2360 καὶ
254 2334 392 2367 συνάξεως
407 2334 488 2368 ἀγίας
511 2333 648 2361 κοινωνῶν
671 2333 739 2368 μετὰ
751 2332 801 2367 τῆς
820 2340 905 2366 προσ-

86 2378 192 2413 ηκούσης
203 2379 330 2414 σπουδῆς,
345 2378 394 2405 τοῦ
406 2379 489 2414 μηδὲν
507 2378 642 2409 ἐσθίοντος
657 2377 704 2404 καὶ
717 2375 905 2410 ἀπολιμπανο-

87 2421 157 2457 μένου
179 2423 245 2450 πολὺ
273 2423 386 2458 βελτίων
406 2423 497 2450 ἐστίν·
519 2423 596 2450 οὐδὲν
615 2421 670 2457 γὰρ
688 2420 791 2447 τοιοῦτο
811 2419 842 2446 :0
867 2419 904 2455 μὴ

87 2467 170 2500 ςαγείν
198 2468 269 2503 ἡμᾶς
303 2467 444 2503 ὠφελῆσαι
471 2468 632 2502 δυνήσεται,
656 2465 706 2492 ὅσα
733 2463 831 2498 ὠφελεῖ
858 2463 906 2490 καὶ

87 2510 179 2538 δίδωσιν
197 2511 289 2545 ἀγαθά
315 2511 347 2538 :0
369 2512 557 2547 πνευματικῆς
579 2509 724 2546 μετασχεῖν
743 2514 756 2528 ε
779 2508 905 2534 διδασκα-

88 2555 146 2587 λίας.
162 2554 215 2582 Ποῦ
235 2553 292 2590 γὰρ
316 2555 431 2591 ἑτέρωθι
455 2555 541 2582 ταῦτα
563 2554 668 2589 ἀκούσῃ
690 2553 763 2588 ἅπερ
789 2551 906 2579 ἐνταῦθα

89 2600 240 2636 φιλοσοφεῖς
258 2602 309 2629 Ἂν
324 2602 365 2633 εἰς
387 2601 561 2636 δικαστήριον
578 2598 700 2635 ἀπέλθῃς
710 2618 718 2631 ,
734 2596 907 2632 ἀμφισϐητή-

90 2652 137 2677 σεις
147 2645 201 2672 ἐκεῖ
218 2646 266 2673 καὶ
283 2646 387 2682 μάχαι·
401 2645 436 2672 ἂν
451 2645 491 2676 εἰς
510 2643 709 2679 βουλευτήριον,
727 2642 743 2677 η
758 2640 813 2667 τῶν
829 2640 906 2666 πολι-

91 2689 159 2716 τικῶν
168 2690 338 2726 πραγμάτων
350 2689 461 2725 φροντίς
469 2697 476 2703 ·
491 2688 524 2715 ἂν
539 2688 579 2719 εἰς
588 2686 687 2718 οἰκίαν,
697 2685 752 2712 τῶν
764 2683 907 2711 ἰδιωτικῶν

93 2732 221 2769 ἡμέριμνα
240 2733 408 2769 κατατρύχει
427 2731 559 2759 πάντοθεν
569 2740 575 2746 ·
592 2730 626 2758 ἂν
643 2730 682 2762 είς
702 2728 847 2763 συλλόγους
861 2728 907 2755 καὶ

95 2777 199 2812 συνέδρια
210 2778 262 2813 τῆς
283 2778 399 2812 ἀγορᾶς,
420 2776 509 2803 πάντα
522 2775 601 2802 κάκεῖ
614 2774 697 2809 γήινα
710 2772 758 2800 καὶ
780 2772 887 2808 φθαρτά
898 2781 905 2788 ·

117 2839 127 2853 ⁸
137 2838 294 2865 Coislinianus
303 2846 368 2864 unus
379 2838 455 2863 habet
464 2837 539 2868 χαίρω
548 2837 588 2868 καὶ
599 2835 737 2867 συγχορεύω
747 2837 828 2859 πᾶσιν.

117 2869 127 2890 δ
139 2870 196 2894 Savil
217 2874 244 2895 el.
258 2870 361 2901 quidam
373 2868 414 2901 alii
429 2867 516 2897 εὶςτήν
525 2867 646 2899 ἀκρόασιν.

117 2902 126 2931 ε
137 2901 202 2925 Sam.
214 2901 275 2926 ἀλλὰ
286 2902 314 2925 τὸ
327 2900 441 2931 φαγόντα.

117 2930 200 2956 ἀςπὶι.
214 2936 239 2956 et
251 2929 352 2962 quidam
365 2929 406 2956 ﬁlii
419 2929 553 2960 ἀποτινάξῃι

119 2963 128 2978 ⁸
137 2963 201 2988 Savil.
213 2966 329 2996 υετέχεινι

946 461 995 488 καί
1011 460 1076 494 περί
1094 459 1148 486 τοῦ
1159 459 1202 494 μὴ
1218 460 1351 494 ὀμνύειν.

955 574 1039 610 ἢγὰρ
1061 573 1125 608 περί
1149 573 1202 600 τῶν
1219 573 1317 606 ὠνίων,
1331 574 1348 608 ἢ
1371 574 1436 610 περὶ
1455 574 1510 604 τῶν
1529 575 1673 611 εἰσφορῶν,
1690 564 1788 613 ῆιπερὶ

955 617 1094 654 τραπέζης
1109 617 1283 649 πολυτελοῦς,
1300 618 1316 653 ἥ
1335 619 1398 652 περὶ
1418 618 1525 653 χωρίων
1538 619 1676 654 πράσεως,
1725 622 1788 658 περὶ

956 661 1127 696 συμϐολαίων
1143 661 1286 697 έτέρων,ἢ
1307 662 1371 697 περὶ
1390 662 1564 698 διαθηκῶν,ἢ
1581 664 1644 698 περὶ
1660 664 1788 700 κληρονο-

955 705 1035 740 μιῶν,
1051 705 1067 739 ἦ
1087 706 1151 741 περὶ
1174 706 1276 740 ἑτέρων
1291 706 1373 732 τινῶν
1388 705 1515 732 τοιούτων
1529 707 1648 738 ἅπαντες
1663 709 1718 738 τοῖς
1732 709 1789 734 ἐκεῖ

954 749 1162 784 συλλεγομένοις
1182 750 1205 775 οἱ
1220 749 1294 783 λόγοι
1308 749 1438 784 γίνονται.
1456 750 1515 776 Κᾶν
1534 751 1574 782 είς
1588 751 1673 782 αὐτὰς
1691 751 1719 777 δὲ
1734 753 1788 778 εἰσ-

952 791 1033 829 έλθῃς
1059 792 1108 824 τὰς
1128 792 1272 828 βασιλικὰς
1291 793 1386 825 αὐλὰς,
1412 793 1459 820 καὶ
1486 795 1545 820 ἐκεῖ
1563 794 1644 821 πάλιν
1663 794 1697 821 τὰ
1717 796 1787 822 αὐτά

952 835 1056 871 ἀκούσῃ
1079 835 1277 876 διαλεγομένων
1301 837 1428 863 ἁπάντων
1444 838 1508 872 περὶ
1532 838 1696 873 χρημάτων,
1723 841 1788 875 περὶ

953 878 1127 912 δυναστείας,
1144 880 1209 915 περί
1223 880 1301 914 δόξης
1318 880 1367 915 τῆς
1385 881 1500 907 ἐνταῦθα
1517 882 1686 917 τιμωμένης,
1705 891 1787 909 πνευ-

955 923 1069 958 ματικὸν
1083 924 1111 950 δὲ
1122 924 1214 950 οὐδέν·
1229 924 1345 950 ἐνταῦθα
1359 924 1387 951 δὲ
1400 925 1553 952 τούναντίον
1563 925 1645 959 ἀτταν,
1663 927 1727 962 περὶ
1740 927 1789 954 :06

953 967 1067 1002 ούρανοῦ
1091 968 1138 994 καὶ
1156 968 1210 994 τῶν
1227 968 1257 993 ἐν
1277 968 1383 1003 οὐρανῷ
1400 969 1588 1004 πραγμάτων,
1604 970 1668 1005 περὶ
1688 970 1787 1006 ψυχῆς,

954 1011 1019 1046 περὶ
1029 1011 1102 1046 ζωῆς
1113 1011 1163 1046 τῆς
1173 1011 1320 1047 ἡμετέρας,
1333 1012 1379 1038 καὶ
1388 1012 1459 1043 τίνος
1471 1013 1562 1039 ἕνεκεν
1571 1014 1731 1050 γεγόναμεν.
1741 1017 1788 1041 καὶ

953 1054 997 1080 διὰ
1010 1054 1036 1081 τί
1049 1054 1175 1082 τοσοῦτον
1187 1055 1359 1090 διατρίϐομεν
1367 1055 1483 1082 ἐνταῦθα
1492 1056 1596 1091 χρόνον,
1604 1058 1650 1084 καὶ
1660 1058 1706 1085 ἐπὶ
1717 1059 1787 1086 τίσιν

951 1097 1144 1133 ἀποδημοῦμεν
1158 1098 1292 1130 ἐντεῦθεν,
1311 1099 1357 1125 καὶ
1373 1098 1400 1124 τί
1418 1098 1487 1134 μετὰ
1504 1099 1590 1126 ταῦτα
1609 1101 1682 1136 ἡμᾶς
1695 1102 1786 1129 διαδέ-

952 1139 1038 1172 ξεται,
1056 1141 1103 1167 καὶ
1120 1142 1192 1173 τίνος
1206 1141 1298 1168 ἕνεκεν
1314 1142 1344 1168 :0
1360 1141 1440 1176 σῶμα
1456 1144 1522 1178 ἡμῖν
1544 1144 1666 1179 πήλινον,
1684 1146 1731 1172 καὶ
1743 1146 1787 1178 τίς

952 1184 968 1219 ὴ
983 1183 1031 1210 τοῦ
1047 1184 1163 1212 θανάτου
1178 1185 1269 1219 φύσις,
1285 1186 1332 1212 καὶ
1346 1186 1372 1212 τί
1386 1186 1450 1212 ποτέ
1463 1187 1536 1213 ἐστιν
1550 1189 1566 1223 ἡ
1579 1188 1702 1223 παροῦσα
1717 1189 1785 1225 ζωὴ,

951 1227 999 1254 καὶ
1014 1228 1056 1260 τίς
1067 1230 1084 1263 ἡ
1100 1228 1242 1263 μέλλουσα,
1255 1229 1301 1255 καὶ
1316 1229 1392 1256 οὐδὲν
1407 1230 1500 1262 ἁπλῶς
1516 1231 1588 1266 γήινι
1595 1241 1619 1260 ν,
1634 1232 1702 1259 ἀλλά
1716 1233 1785 1259 πάν-

951 1280 997 1303 τες
1012 1272 1077 1308 περὶ
1097 1272 1290 1308 πνευματικῶν
1304 1274 1369 1308 ἡμῖν
1386 1275 1410 1300 οἱ
1430 1274 1504 1308 λόγοι
1518 1274 1652 1308 γίνονται·
1673 1277 1719 1302 καὶ
1736 1285 1786 1311 με-

951 1315 1022 1350 γάλα
1035 1316 1084 1351 τῆς
1097 1316 1233 1352 σωτηρίας
1250 1316 1329 1351 ἡμῶν
1344 1316 1471 1349 λαϐόντες
1484 1318 1587 1352 ἐφόδια,
1601 1318 1686 1350 οὓτως
1697 1320 1787 1348 ἐντεῦ-

953 1359 999 1386 θεν
1013 1359 1222 1395 ἀπελευσόμεθα
1238 1360 1306 1395 μετὰ
1319 1361 1440 1396 χρηστῆς
1450 1362 1499 1397 τῆς
1513 1362 1626 1394 ἐλπίδος.

988 1403 1021 1438 β’.
1035 1401 1162 1430 Ἐπεὶοῦν
1170 1404 1220 1430 οὐκ
1236 1404 1297 1439 εἰκῆ
1310 1404 1344 1431 τὰ
1360 1405 1504 1440 σπέρματα
1520 1406 1714 1441 κατεόἀλομεν,
1730 1408 1786 1435 ἀλλ’

952 1446 1047 1483 ὥσπερ
1063 1447 1135 1483 ὑμᾶς
1148 1448 1321 1483 παρεκάλεσα
1342 1448 1445 1480 πάντας
1458 1449 1624 1485 ἐθηρεύσατε
1635 1450 1714 1487 [1οη
1724 1453 1787 1484 τοὺς

953 1491 1166 1527 ἀπολειφθέντας
1181 1492 1267 1527 ὑμῶν,
1277 1492 1343 1528 φέρε
1357 1493 1404 1519 καὶ
1418 1493 1497 1528 ἡμεῖς
1512 1493 1583 1530 ὑμᾶς
1596 1494 1790 1531 ἀμειφώμεθα,

953 1535 1000 1562 καὶ
1013 1535 1098 1571 μικρά
1109 1536 1163 1562 τῶν
1178 1536 1310 1570 πρότερον
1324 1536 1476 1571 εἰρημένων
1488 1537 1560 1572 ὑμᾶς
1571 1538 1787 1573 ἀναμνήσαντες,

952 1579 988 1606 τά
1010 1579 1157 1614 λειπόμενα
1176 1580 1320 1615 ἀποδῶμεν
1336 1580 1426 1607 πάλιν.
1445 1580 1512 1607 Τίνα
1528 1579 1574 1608 οὖν
1592 1580 1626 1617 ἦν
1641 1583 1676 1608 τά
1693 1583 1789 1619 πρώην

953 1624 1102 1659 είρημένα;
1122 1623 1287 1659 Ἐζητοῦμεν
1302 1624 1423 1656 πῶς’καὶ
1437 1624 1488 1652 τίνι
1499 1626 1592 1661 τρόπῳ
1604 1626 1656 1663 πρὸ
1670 1628 1719 1661 τῆς
1733 1628 1787 1654 τῶν

953 1667 1070 1702 Γραφῶν
1085 1668 1187 1699 δόσεως
1205 1667 1239 1694 τά
1256 1669 1318 1694 καθ’
1340 1669 1414 1703 ἡμᾶς
1430 1669 1605 1705 ᾠκονόμησεν
1621 1671 1634 1696 ό
1650 1671 1726 1703 Θεὸς,
1741 1672 1790 1700 καὶ

954 1711 1094 1746 ἐλέγομεν,
1107 1712 1148 1738 ὅτι
1162 1712 1206 1738 διὰ
1218 1712 1267 1746 τῆς
1281 1712 1396 1744 κτίσεως
1406 1713 1563 1740 ἐπαίδευσεν
1571 1714 1648 1749 ἡμῶν
1661 1715 1690 1741 τὸ
1699 1716 1786 1749 γένος,

954 1754 1068 1790 οὐρανὸν
1086 1755 1211 1787 ἐκτείνας
1225 1755 1326 1787 καὶ-είς
1337 1756 1368 1782 τὸ
1383 1756 1463 1791 μέσον
1478 1757 1605 1793 προθεὶς,
1621 1758 1721 1793 βιϐλίον
1739 1760 1788 1795 μέ-

954 1806 1056 1831 γιστον,
1068 1799 1115 1825 καὶ
1129 1798 1247 1830 ἰδιώταις
1255 1799 1301 1826 κα)⁸
1314 1800 1467 1834 σοφοῖς,καὶ
1475 1801 1572 1836 πένησι
1583 1803 1628 1828 καὶ
1640 1802 1787 1835 πλουσίοις,

954 1842 1001 1869 καὶ
1017 1842 1133 1874 Σκύθαις
1149 1843 1197 1870 καὶ
1213 1843 1374 1879 βαρϐάροις,
1390 1845 1437 1870 καὶ
1453 1846 1534 1871 πᾶσιν
1549 1845 1642 1878 ἁπλῶς
1663 1849 1719 1878 τοῖς
1739 1847 1788 1883 τὴν

954 1886 1006 1921 γῆν
1022 1886 1126 1913 οἰκοῦσι
1140 1887 1287 1922 χρήσιμον,
1309 1887 1410 1922 βιϐλίον
1423 1888 1433 1907 ί
1451 1889 1518 1915 πολὺ
1539 1890 1630 1924 μεῖζον
1649 1890 1696 1917 τοῦ
1719 1891 1787 1926 πλή⁴

955 1929 1018 1961 θους
1032 1930 1087 1956 τῶν
1101 1930 1302 1966 διδασκομένων
1322 1931 1361 1958 6v.
1381 1932 1469 1958 Πολλά
1488 1934 1535 1959 καὶ
1550 1934 1614 1969 περὶ
1628 1934 1723 1966 νυκτὸς
1743 1935 1789 1962 καὶ

954 1973 1071 2010 ἡμέρας,
1085 1974 1196 2009 καὶτῆς
1217 1975 1319 2001 τούτων
1333 1975 1470 2009 εὐταξίας,
1486 1977 1532 2003 καὶ
1547 1977 1593 2003 τοῦ
1616 1978 1720 2013 ῥυθμοῦ
1740 1977 1787 2005 τοῦ

957 2017 1026 2052 μετά
1047 2017 1192 2054 ἀκρισείας
1208 2019 1255 2045 ὑπ’
1269 2019 1360 2046 αὐτῶν
1377 2020 1576 2055 φυλαττομένου
1593 2021 1768 2056 διελέχθημεν
1779 2030 1785 2036 ·

954 2061 1041 2088 πολλὰ
1054 2061 1102 2088 καὶ
1115 2062 1179 2098 περί
1192 2063 1240 2089 τοῦ
1254 2062 1336 2098 χοροῦ
1350 2064 1403 2090 τῶν
1415 2063 1495 2099 ὡρῶν
1512 2064 1558 2091 τοῦ
1574 2064 1661 2097 ἔτους,
1679 2066 1725 2092 καὶ
1737 2066 1787 2099 τῆς

953 2105 1058 2132 τούτων
1082 2106 1215 2141 ἰσότητος.
1240 2106 1372 2143 Καθάπερ
1388 2107 1443 2142 γὰρ
1471 2108 1488 2143 ἡ
1511 2108 1600 2144 ἡμέρα
1623 2109 1672 2143 τῆς
1692 2109 1788 2141 νυκτὸς

954 2149 1015 2176 οὐδὲ
1038 2149 1174 2186 ἡμιώριον
1198 2150 1354 2178 πλεονεκτεῖ
1377 2151 1449 2178 κατά
1470 2151 1558 2178 πάντα
1581 2152 1626 2178 τὸν
1651 2153 1787 2179 ἐνιαυτόν·

954 2193 1025 2220 οὕτω
1051 2193 1099 2220 καὶ
1128 2190 1210 2221 αὗται
1238 2194 1308 2230 πρὸς
1334 2194 1450 2230 ἀλλήλας
1475 2194 1505 2228 ἐξ
1527 2195 1587 2230 ἴσης
1611 2196 1787 2232 τὰςγὴμέρας

954 2237 1124 2273 διενείμαντο
1145 2238 1246 2271 πάσας.
1266 2239 1336 2266 Ἀλλ’
1352 2239 1421 2276 ὅπερ
1442 2240 1489 2266 καὶ
1509 2239 1663 2275 ἔμπροσθεν
1685 2241 1786 2275 ἔλεγον,

955 2282 996 2308 ότι
1010 2282 1040 2308 οὐ
1056 2282 1087 2308 :0
1105 2283 1219 2318 μέγεθος
1235 2282 1283 2310 καὶ
1300 2283 1330 2309 :0
1350 2283 1446 2316 κάλλος
1462 2283 1513 2318 τῆς
1533 2284 1648 2315 κτίσεως
1669 2285 1787 2311 δείκνυσι

954 2325 1000 2352 τὸν
1011 2326 1182 2362 Δημιουργδν
1195 2327 1208 2347 ε
1224 2327 1320 2362 μόνον.
1337 2327 1404 2355 ἀλλὰ
1422 2328 1469 2354 καὶ
1485 2329 1499 2354 ὁ
1522 2328 1621 2363 τρόπος
1638 2327 1718 2360 αὐτὸς
1738 2329 1787 2363 τῆς

955 2369 1133 2406 συμπήξεως,
1150 2371 1198 2397 καὶ
1214 2370 1244 2397 τὸ
1264 2371 1334 2407 ὑπὲρ
1350 2371 1457 2405 φύσεως
1470 2371 1629 2398 ἀκολουθίαν
1653 2370 1722 2398 εἶναι
1738 2373 1787 2406 τῆς

954 2413 1135 2449 δημιουργίας
1149 2414 1195 2441 τὺν
1207 2415 1319 2450 τρόπον.
1331 2415 1439 2447 Φύσεως
1455 2415 1505 2450 μὲν
1517 2415 1572 2451 γὰρ
1586 2415 1731 2442 ἀκολουθία
1742 2414 1786 2452 ἦν,

954 2457 985 2484 :0
1007 2457 1080 2494 ὕδωρ
1103 2458 1172 2494 ὑπὲρ
1197 2459 1246 2494 τὴν
1261 2459 1313 2495 γῆν
1339 2459 1485 2495 φέρεσθαιο
1508 2459 1555 2485 νῦν
1577 2459 1607 2485 δὲ
1633 2460 1787 2487 τούναντίον

955 2501 1074 2537 ὁρῶμεν,
1084 2502 1134 2537 τὴν
1146 2502 1197 2537 γῆν
1209 2502 1262 2529 ὑπὸ
1274 2502 1327 2530 τῶν
1341 2503 1443 2530 ὑδάτων
1457 2503 1670 2540 βασταζομένην.
1679 2503 1788 2535 Φύσεως

954 2543 989 2581 ἦν
1000 2546 1156 2580 ἀκολουθία,
1163 2546 1193 2573 τὺ
1202 2546 1257 2582 πῦρ
1267 2546 1323 2573 ἄνω
1336 2547 1442 2582 τρέχειν
1449 2555 1456 2562 ·
1467 2547 1516 2574 νῦν
1527 2547 1553 2574 δὲ
1561 2547 1591 2573 τὸ
1602 2547 1721 2574 ἐναντίον
1730 2547 1788 2582 βλέ-

955 2598 1044 2625 πομεν
1059 2590 1135 2618 κάτω
1151 2590 1219 2626 πρὸς
1233 2590 1282 2625 τὴν
1303 2591 1355 2626 γῆν
1376 2590 1568 2627 τετραμμένας
1580 2590 1627 2617 τοῦ
1642 2591 1718 2626 ἡλίου
1738 2592 1786 2622 τὰς

955 2633 1079 2666 ἀκτῖνας,
1096 2634 1144 2660 καὶ
1159 2633 1194 2660 τὰ
1210 2634 1294 2660 ὕδατα
1310 2634 1437 2668 ὑπεράνω
1447 2635 1501 2660 τῶν
1514 2634 1636 2670 οὐρανῶν
1652 2635 1726 2667 ὅντα,
1741 2636 1788 2662 καί⁸

955 2677 986 2703 οὐ
998 2677 1219 2708 διολισθαίνοντα,
1237 2677 1284 2704 καὶ
1298 2677 1343 2704 τὸν
1358 2677 1434 2712 ἥλιον
1449 2677 1571 2705 κάτωθεν
1583 2677 1724 2714 τρέχοντα,
1740 2681 1788 2705 καὶ

955 2721 1016 2748 οὐδὲ
1030 2720 1208 2756 σϐεννύμενον
1220 2721 1272 2747 ὐπὸ
1284 2721 1338 2748 τῶν
1358 2721 1472 2754 ὑδάτων,
1485 2721 1546 2748 οὐτε
1560 2722 1725 2756 ἀφανίζοντα
1738 2723 1788 2757 τὴν

955 2764 1045 2791 νοτίδα
1061 2764 1178 2799 ἐκείνην.
1186 2765 1257 2800 Πρὸς
1269 2764 1375 2796 τούτοις
1385 2765 1544 2800 εἰρήκαμεν,
1555 2765 1597 2791 ὅτι
1610 2766 1642 2792 ὲκ
1651 2767 1788 2801 τεττάρων

957 2807 1096 2844 στοιχείων
1107 2808 1168 2835 τόδε
1192 2809 1223 2835 τὺ
1248 2809 1303 2835 πᾶν
1324 2809 1488 2843 συνέστηκεν
1512 2809 1641 2835 ἐναντίων
1663 2810 1788 2846 ἀλλήλοις

958 2852 1004 2878 καὶ
1023 2852 1194 2888 μαχομένων,
1210 2853 1257 2879 καὶ
1273 2852 1385 2887 θάτερον
1401 2852 1432 2878 τὸ
1445 2852 1538 2888 ἕτερον
1554 2854 1584 2880 οὐ
1600 2854 1788 2889 κατηνάλωσε,

991 2923 999 2942 ί
1015 2922 1067 2947 Vox
1081 2923 1170 2954 βιϐλίον
1180 2929 1210 2948 ex
1224 2923 1314 2947 Savilio
1325 2924 1435 2947 at‘cessit.
1451 2923 1514 2947 Εοιτ.

988 2955 1001 2974 ι
1014 2954 1087 2979 Savil.
1100 2957 1126 2979 el
1137 2954 1234 2985 quidam
1244 2961 1300 2979 mss.
1315 2954 1526 2985 δημιουργήσαυτα.
