1962 3121
133 152 182 179 Ιῑῦ

129 210 207 241 heat,
229 212 257 235 et
279 207 416 234 vinculum
448 207 483 233 sit
514 206 559 233 Dei
588 206 720 232 voluntas.
751 205 817 232 lluic
841 204 920 232 hodie

128 254 244 281 sermoni
272 253 388 280 amplius
417 251 552 279 immorari
580 251 641 278 volo
658 271 665 282 ,
687 250 735 278 sed
758 250 919 285 expergisci-

130 301 200 332 mini,
216 305 244 326 et
257 299 401 327 diliaentcr
419 298 495 325 nobis
508 297 644 326 attendite.
659 297 694 325 Ut
704 302 792 324 autem
807 296 921 323 miracuc

128 347 178 373 lum
197 346 244 372 ﬁat
259 345 427 372 manifestius
449 353 462 371 a
478 352 589 379 corpore
606 349 698 370 nostro
716 343 919 371 demonstratio-

128 400 185 419 nem
211 391 306 418 hormn
331 391 437 418 faciant.
454 391 556 417 Etenim
577 397 674 423 corpus
695 393 814 416 nostrum
840 388 922 416 breve

127 437 175 463 hoc
191 443 218 464 et
233 445 345 472 parvum
360 445 376 464 e
393 442 506 471 quatuor
520 436 694 470 compositum
710 440 750 463 est
763 434 919 466 elementis,

127 483 210 510 calido
221 483 341 517 quidem,
358 482 486 516 sanguine
498 489 506 514 ;
520 482 592 509 sicco
602 488 665 508 vero
676 501 684 512 ,
698 480 751 507 bile
767 479 834 507 ﬂava
849 487 856 512 ;
870 478 920 505 hu-

129 529 209 560 tuido.
223 529 317 563 pituita
329 537 337 559 ς
352 528 457 563 frigido,
471 532 527 554 atra
540 527 602 554 bile.
614 527 648 554 Et
657 533 736 554 nemo
746 526 918 560 incongruum

128 576 196 601 hunc
207 579 284 608 putet
298 581 359 601 esse
375 581 525 604 sermonem
542 582 548 598 :
564 572 712 606 Spirilualit
725 579 820 606 nempe
835 571 919 597 omnia

126 621 247 656 dijudiml
257 641 265 652 ,
281 620 338 654 ipse
358 628 415 646 uero
429 628 445 645 α
465 619 563 646 nemine
584 617 738 653 diiudicatur
752 616 761 652 (
777 617 801 644 Ι.
817 616 877 644 Cor.
890 616 917 643 2.

128 668 159 694 15
174 668 192 701 ).
209 666 253 694 Sic
273 672 302 692 et
322 666 420 693 Paulus
434 665 602 699 agriculturm
622 664 739 691 rationes
759 663 864 697 tetigit,
885 661 919 689 de

125 712 322 739 resurrectione
337 711 413 738 nobis
425 710 559 737 disserens
573 715 581 737 :
597 708 690 740 Stulte,
704 708 797 743 inquit,
812 712 839 735 tu
852 707 919 742 quod

125 758 231 785 sentina;
250 766 301 783 non
324 757 462 788 uivi/icatur
473 776 482 789 ,
495 755 542 782 nisi
557 755 679 781 moriatur
691 751 886 782 (I.Cor.15.56
897 752 917 788 ).

125 803 151 830 Si
166 809 231 829 vero
245 803 341 829 beatus
355 801 401 828 ille
409 801 443 828 de
455 800 615 835 agricultura
628 806 779 827 sermonem
793 798 917 828 habebat.

126 856 158 874 ne
172 855 219 874 nos
232 847 367 882 quispiam
383 850 489 873 accuset
509 846 532 873 si
552 844 737 872 medicinalem
752 844 918 878 disciplinam

125 894 284 927 attingamus
300 902 308 920 :
322 892 356 919 de
376 891 421 919 Dei
438 891 508 919 cuitu
532 891 666 918 creatione
681 897 751 917 nunc
767 889 844 916 nobis
856 897 918 916 ora-

125 940 171 972 tio,
184 944 212 967 et
234 938 415 966 necessarium
439 938 515 967 nobis
528 942 569 965 est
583 937 661 970 hujus
672 937 820 971 disciplinae
840 943 919 970 argu-

124 990 252 1012 mentum.
268 984 347 1018 Quod
372 984 450 1019 igitur
463 988 525 1012 ante
538 983 591 1011 dixi
604 1003 613 1016 ,
626 991 658 1010 ex
674 988 787 1018 quatuor
807 982 848 1009 his
862 983 917 1010 ele-

124 1031 219 1058 mentis
232 1038 334 1065 corpus
345 1030 423 1058 nobis
433 1030 609 1064 compositum
620 1034 672 1062 est,
684 1033 710 1056 et
723 1029 745 1056 si
759 1036 820 1063 pars
833 1036 847 1055 a
863 1033 919 1056 toto

122 1077 259 1110 dissideat,
275 1085 308 1104 ex
335 1076 388 1104 hoc
411 1075 523 1103 dissidio
546 1083 620 1103 mors
637 1075 750 1103 efficitur
765 1084 772 1102 :
790 1079 819 1101 ut
834 1079 894 1109 puta
907 1095 916 1107 ,

123 1123 174 1151 bile
196 1123 434 1158 superabundante
462 1121 616 1156 producitur
641 1121 723 1148 febris
739 1141 746 1151 .
762 1124 790 1148 et
811 1121 833 1147 si
849 1121 917 1147 ultra

124 1177 274 1196 mensuram
291 1168 451 1203 praevaleat,
467 1168 545 1195 finem
560 1167 637 1195 atl‘ert
650 1167 818 1195 celerrimum
832 1175 837 1193 :
856 1174 916 1193 rur-

123 1224 179 1243 sum
194 1215 291 1250 frigido
311 1215 562 1249 superabundante.
588 1214 717 1250 paralysis
739 1218 766 1241 et
789 1218 917 1240 tremores

123 1261 306 1295 etapoplexiae
317 1264 345 1287 et
356 1260 487 1287 innumeri
499 1259 584 1286 morbi
601 1259 748 1293 pariuntur,
763 1263 790 1285 et
808 1258 917 1284 omnino

123 1314 233 1341 quaeque
258 1305 445 1340 a-gritudinum
469 1305 552 1332 forma
565 1304 599 1332 ab
614 1305 707 1332 borum
723 1304 916 1331 elementorum

123 1351 364 1386 superabundantia
379 1351 506 1383 nascitur,
515 1350 621 1385 quando
636 1358 717 1376 utnun
731 1357 762 1376 ex
777 1349 841 1384 ipsis
856 1356 918 1384 pro-

124 1398 194 1432 prios
218 1397 356 1425 excedens
383 1397 530 1429 terminos,
551 1400 643 1424 contra
667 1395 719 1423 alia
746 1395 918 1431 insurgit,et

125 1451 231 1470 omnem
247 1442 322 1470 hedit
336 1442 527 1478 symmetriam.

159 1488 272 1516 Mundus
279 1489 334 1516 sine
343 1488 390 1515 Dei
398 1488 554 1524 providentia
567 1493 634 1516 stare
646 1488 915 1523 nequit.—lnterroga

126 1534 204 1570 igitur
210 1535 358 1566 dicentem,
367 1535 438 1570 quod
450 1542 497 1569 per
514 1542 543 1562 se.
558 1539 617 1561 nata
627 1535 728 1567 omnia,
738 1542 786 1570 per
793 1542 823 1561 se
831 1534 918 1562 subsi-

125 1584 201 1608 stant.
209 1581 237 1608 Si
246 1581 328 1608 breve
336 1581 387 1608 hoc
398 1585 425 1608 et
435 1580 567 1608 modicum
577 1587 673 1614 corpus
686 1580 917 1612 medicaminibus,

125 1631 149 1653 et
157 1626 308 1654 medicinali
328 1626 440 1653 scientia
450 1630 537 1656 utens,
552 1626 639 1653 anima
648 1625 759 1654 interius
769 1625 920 1661 ipsumdis-

126 1672 242 1704 ponente
270 1678 303 1697 ac
312 1670 396 1698 multa
403 1670 569 1705 philosophia
578 1674 605 1698 et
613 1670 850 1698 innumerabilibus
857 1670 919 1698 aliis

126 1716 235 1748 auxiliis,
246 1724 301 1743 non
309 1724 418 1751 semper
426 1716 452 1743 in
461 1716 532 1744 bono
540 1720 608 1744 statu
620 1724 775 1751 permanere
783 1716 862 1750 valet,
871 1716 918 1744 sed

126 1761 224 1793 peritet
235 1761 417 1796 corrumpitur
429 1762 538 1796 saepius,
552 1762 701 1789 turbatione
709 1762 735 1789 in
754 1762 812 1797 ipso
825 1761 894 1790 facta
909 1770 916 1788 :

126 1806 256 1840 quomodo
265 1810 354 1833 tantus
361 1806 575 1840 mundus,tautas
581 1807 826 1843 habenscorporum
835 1807 919 1835 moles

127 1855 152 1878 et
159 1859 191 1878 ex
199 1851 295 1879 iisdem
303 1852 467 1887 compositus
472 1852 621 1884 elementis.
631 1853 681 1881 nisi
690 1853 772 1880 multa
781 1853 919 1888 providen-

127 1896 162 1923 tia
170 1895 388 1929 frueretur,tanto
398 1903 517 1932 tempore
533 1898 739 1933 imperturbatus
746 1906 854 1926 manere
872 1906 918 1933 po-

128 1943 239 1971 tuisset?
258 1944 313 1971 Nec
323 1945 394 1972 enim
409 1952 468 1972 cum
482 1945 584 1972 ratione
599 1945 655 1974 fieri
675 1950 775 1980 posset,
790 1951 818 1973 ιιι
830 1946 918 1980 provi-

127 1987 239 2015 dentiam
255 1988 362 2023 quidem
380 1989 481 2017 habens
503 1990 612 2017 inlcrius
629 1995 657 2018 et
668 1991 785 2018 exterius
798 1995 918 2018 nostrum

127 2040 231 2068 corpus,
246 2035 290 2061 vix
312 2034 345 2061 ad
367 2036 407 2062 sui
421 2036 650 2064 conservationem
665 2036 813 2069 sufficeret;
830 2040 918 2064 tantus

127 2088 189 2107 vero
195 2081 312 2108 mundus
322 2082 393 2109 nulla
403 2082 492 2109 fruens
503 2083 667 2117 providentia
678 2091 726 2118 per
736 2088 775 2110 tot
784 2091 869 2111 annos
881 2084 918 2112 nil

128 2127 177 2153 tale
191 2131 327 2161 pateretur
338 2129 415 2162 quale
426 2136 523 2162 corpus
533 2134 663 2157 nostrum.
684 2129 824 2164 Quomodo
846 2131 916 2158 enim

128 2172 225 2200 eullum
239 2174 335 2201 horum
351 2175 542 2202 elementorum
556 2196 564 2208 ,
578 2183 679 2210 quzeso,
694 2177 816 2211 proprios
829 2181 917 2204 trans-

129 2220 413 2251 eenditterminosmec
435 2222 535 2255 reliqua
554 2221 643 2248 omnia
659 2222 843 2256 consumpsit?
857 2223 918 2258 quis

129 2273 188 2292 vero
213 2266 268 2300 ipsa
294 2267 328 2293 ab
351 2267 427 2294 initio
446 2268 606 2302 conjunxit?
623 2268 682 2303 quis
707 2268 842 2296 devinxit?
859 2269 918 2304 quis

129 2310 255 2339 frenavit?
269 2313 332 2347 quis
346 2321 431 2348 usque
453 2313 478 2340 in
504 2318 605 2340 tantum
622 2320 725 2349 tempus
739 2316 874 2343 continet?
889 2316 918 2343 Si

129 2358 194 2384 enim
205 2358 318 2392 simplex
332 2363 359 2385 et
373 2359 506 2386 uniforme
520 2360 613 2387 fuisset
628 2360 718 2387 mundi
733 2369 845 2396 corpus,
863 2369 916 2389 non

129 2408 178 2429 tam
192 2403 360 2437 impossibile
379 2403 474 2432 fuisset
486 2405 555 2440 quod
578 2405 691 2437 dicitur;
707 2406 814 2441 quando
827 2412 917 2435 autem

129 2451 196 2474 tanta
210 2449 406 2476 elementorum
421 2457 506 2485 pugna
521 2450 569 2478 fuit
585 2451 619 2478 ab
633 2451 716 2483 initio,
728 2452 787 2485 quis
801 2456 853 2480 tam
869 2453 917 2481 de-

129 2501 209 2525 mens,
225 2499 254 2522 ut
267 2500 345 2530 putet
357 2496 417 2523 sine
438 2501 548 2531 cogente
562 2496 618 2524 inec
641 2505 688 2531 per
706 2505 736 2525 sc
749 2499 916 2532 convenisse,

128 2544 152 2566 et
164 2541 302 2575 conjuncta
315 2542 466 2570 mansisse?
479 2542 504 2569 Si
525 2542 594 2570 enim
610 2551 658 2570 nos
675 2551 726 2570 non
747 2547 839 2571 natura
850 2564 858 2578 ,
870 2545 918 2572 sed

129 2586 258 2614 voluntate
268 2587 340 2614 male
354 2592 448 2614 mutuo
457 2587 543 2615 affecti
558 2593 653 2622 sponte
665 2596 717 2615 non
732 2589 916 2622 convenimus,

128 2630 206 2659 donec
219 2639 362 2660 manemus
375 2632 475 2660 inimici
492 2638 519 2661 et
532 2634 634 2661 oﬂ'enso
653 2633 686 2660 ab
701 2633 813 2662 invicem
825 2635 916 2662 animo

126 2678 297 2712 dissidemus;
312 2679 361 2707 sed
376 2679 462 2708 altero
475 2679 622 2715 indigemus
635 2681 680 2715 qui
694 2687 742 2708 nos
763 2681 915 2715 coniungat,

125 2729 150 2751 ct
162 2729 300 2760 postquam
321 2725 505 2760 conjunxerit,
520 2726 682 2760 constringat
698 2732 724 2753 et
737 2725 762 2752 in
782 2733 848 2760 pace
861 2733 917 2752 ma-

125 2777 184 2797 nere
203 2771 368 2805 persuadeat
379 2791 387 2802 ,
405 2778 490 2806 neque
510 2779 614 2798 rursum
630 2771 734 2799 resilire
748 2779 754 2798 :
771 2780 824 2806 quo
838 2771 917 2799 modo

122 2814 249 2844 elementa
265 2825 356 2851 neque
375 2816 477 2844 ratione
489 2825 576 2853 neque
588 2825 667 2846 sensu
683 2818 738 2845 ullo
751 2819 871 2852 praulita,
886 2827 916 2846 ac

121 2861 167 2890 sibi
175 2871 223 2898 per
236 2869 363 2892 naturam
375 2863 479 2892 inimica
488 2865 882 2900 etadversatitia,convcnissent
889 2871 916 2894 et

625 150 669 177 Al)
689 148 849 177 POPULUM
869 147 1112 176 ANTIOCHENUM
1144 147 1258 175 llOMlL.
1279 147 1312 175 X.

1712 146 1763 175 114

973 212 1115 238 congressa
1125 205 1274 236 fuissent,et
1282 203 1393 231 alterum
1400 211 1459 231 cum
1466 204 1550 231 altero
1556 202 1702 238 potuissent
1709 210 1762 238 pert-

973 250 1146 283 manere,nisi
1154 251 1270 286 potentia
1276 250 1397 285 qumdam
1406 255 1476 277 esset
1483 250 1691 281 ineﬂ'abilis,qu:e
1699 257 1750 277 con
1758 266 1766 270 -

972 302 1103 332 gregaret,
1115 301 1142 324 et
1150 301 1307 330 congregata
1323 304 1377 324 sem
1382 304 1428 330 per
1436 296 1486 324 hoc
1496 296 1602 324 vinculo
1611 296 1762 324 cohiberet’

1007 343 1034 369 5.
1055 342 1111 369 Non
1127 342 1214 369 cernis
1225 341 1358 376 quomodo
1370 350 1466 376 corpus
1477 342 1527 370 hoc
1541 343 1628 369 anima
1639 342 1762 369 avolanle

973 386 1064 414 deﬂuit
1083 392 1111 414 et
1129 387 1250 418 tabescit,
1265 391 1292 414 et
1304 387 1476 421 perditur,et
1489 387 1513 414 in
1537 395 1612 415 suam
1637 387 1761 422 quodque

973 433 1164 460 elementorum
1181 432 1322 459 revertitur
1335 433 1456 460 sortem?
1472 433 1526 460 lloc
1544 433 1629 467 ipsum
1643 433 1761 468 profecto

974 482 999 505 et
1009 478 1035 505 in
1049 478 1098 505 hoc
1114 477 1189 505 fieret
1202 477 1313 510 mundo,
1332 478 1353 504 si
1369 478 1452 504 virtus
1468 482 1595 513 perpetuo
1611 479 1761 512 gubernans

972 524 1058 559 ipsum
1073 524 1224 558 reliquisset
1247 525 1352 558 propria
1376 524 1530 552 destitutum
1542 524 1717 559 providentia.
1734 525 1761 552 Si

971 571 1041 597 enim
1057 571 1188 605 navigium
1204 571 1262 597 sine
1272 571 1449 605 gubernatore
1463 578 1514 597 non
1530 570 1685 606 persisterct
1695 591 1703 601 ,
1715 570 1761 596 sed

971 616 1048 644 facile
1074 617 1290 652 submergeretnr
1315 619 1476 653 :quomodo
1505 623 1607 645 tantum
1634 619 1763 652 temporis

970 662 1127 690 subsisteret
1144 663 1258 690 mundus
1271 663 1436 698 gubernante
1461 664 1588 691 neruine?
1603 664 1636 691 Et
1653 671 1686 690 ne
1699 663 1761 698 quid

972 708 1029 743 plus
1049 709 1144 742 dicam,
1161 709 1293 744 navigium
1317 710 1442 737 mundum
1463 718 1523 738 esse
1538 714 1609 745 puta,
1643 710 1760 737 carinam

970 755 1133 789 suppositam
1150 759 1258 787 terram,
1273 756 1360 783 velum
1375 756 1479 786 etelum.
1496 761 1615 784 vectores
1629 756 1760 788 homines,

970 808 1044 828 mare
1056 801 1201 836 subjectam
1216 802 1339 837 abyssum
1357 812 1363 830 :
1379 803 1513 838 quomodo
1526 803 1685 838 igiturtanto
1698 811 1761 829 nan-

970 847 1080 882 fragium
1106 853 1225 882 tempore
1236 857 1287 876 non
1302 854 1343 876 est
1358 848 1478 877 factum?
1501 849 1607 877 Dimitte
1620 850 1691 877 enim
1712 857 1761 876 na-

970 892 1067 927 vigium
1080 901 1127 927 per
1141 893 1212 920 diem
1227 902 1306 921 unmn
1318 895 1419 929 absque
1426 895 1604 930 gubernatore
1623 899 1650 922 et
1663 895 1760 926 nautis,

970 942 997 965 et
1012 939 1101 965 statim
1117 939 1285 967 submersum
1301 940 1423 972 videbis;
1439 940 1486 967 sed
1498 940 1612 967 mundus
1627 940 1678 967 tale
1694 939 1760 967 nihil

970 990 1063 1018 passus
1079 988 1129 1018 est,
1145 985 1262 1020 quinque
1274 985 1357 1012 millia
1367 990 1394 1012 et
1409 985 1492 1012 multo
1504 986 1561 1020 plus
1580 986 1635 1020 jam
1657 985 1759 1013 habens

969 1037 1110 1057 annorum.
1136 1030 1170 1058 Et
1190 1031 1252 1065 quid
1272 1031 1333 1059 dico
1356 1031 1507 1066 navigium?
1529 1032 1647 1059 casulam
1667 1032 1761 1066 aliquis

970 1081 1080 1109 parvam
1094 1076 1119 1102 in
1136 1076 1218 1103 tineis
1231 1078 1374 1112 compegit,
1390 1082 1417 1104 et
1428 1077 1512 1104 fructu
1525 1077 1614 1105 ablato
1628 1077 1760 1105 desertam

971 1120 1089 1155 reliquit.
1105 1126 1132 1148 et
1142 1129 1227 1156 neque
1239 1122 1307 1150 duos
1320 1130 1391 1156 smpe
1405 1123 1464 1150 dies
1476 1127 1627 1157 permanet,
1640 1123 1687 1150 sed
1703 1123 1759 1150 sol—

970 1166 1040 1193 vitur
1060 1171 1087 1193 et
1107 1167 1180 1194 brevi
1202 1167 1281 1195 cadit.
1299 1168 1381 1201 Igitur
1394 1168 1525 1203 tugurium
1536 1168 1642 1203 quidem
1658 1168 1760 1202 absque

973 1212 1129 1247 provitktnte
1142 1220 1193 1240 non
1207 1217 1303 1245 staret;
1316 1219 1437 1240 creatura
1454 1221 1520 1241 vero
1538 1218 1620 1247 tanta,
1633 1218 1686 1241 tam
1700 1214 1760 1248 pul-

968 1258 1043 1291 chra,
1060 1263 1112 1284 tam
1127 1258 1267 1292 mirabilis,
1283 1264 1310 1286 et
1323 1259 1394 1294 leges
1409 1259 1495 1286 noctis
1508 1264 1535 1286 et
1547 1259 1600 1286 diei
1612 1280 1620 1291 ,
1641 1259 1759 1286 alterna-

969 1310 1080 1338 rumque
1090 1303 1214 1331 horarum
1224 1303 1330 1332 chorea:
1342 1326 1349 1338 ,
1366 1309 1392 1332 et
1410 1310 1510 1332 natura:
1524 1312 1620 1332 cursus
1633 1305 1721 1332 varius
1734 1309 1761 1332 et

970 1349 1138 1377 omnimodus
1154 1350 1180 1377 in
1193 1354 1274 1382 terra,
1292 1350 1316 1376 iu
1331 1350 1409 1383 mari,
1424 1357 1498 1382 aere,
1513 1350 1580 1378 cudo
1591 1371 1599 1384 ,
1613 1355 1642 1378 et
1654 1350 1761 1385 plantis,

969 1398 997 1422 et
1022 1395 1180 1422 animalibus
1200 1396 1364 1427 volantibus,
1386 1395 1550 1428 natatilihns,
1569 1395 1760 1430 gradientibus,

970 1441 1152 1476 serpentibus,
1169 1447 1194 1468 et
1205 1441 1231 1468 in
1245 1437 1382 1468 hominum
1397 1449 1496 1476 genere
1509 1441 1632 1469 omnibus
1650 1441 1700 1469 illis
1713 1442 1754 1469 di-

968 1487 1070 1522 gniore,
1085 1491 1186 1514 tantum
1203 1487 1329 1521 temporis
1351 1487 1451 1522 absque
1480 1487 1567 1522 aliqua
1591 1487 1757 1522 providentia

969 1531 1069 1559 stabilis
1083 1532 1290 1566 permansisset?
1320 1532 1452 1560 Praeterea
1477 1537 1567 1560 mente
1589 1532 1655 1560 mibi
1682 1539 1759 1568 prata

970 1585 1107 1612 percurre,
1123 1578 1226 1609 hortos,
1245 1578 1341 1606 florum
1365 1586 1473 1613 genera,
1495 1578 1592 1606 herbas
1613 1585 1721 1609 omnes,
1735 1583 1762 1606 et

971 1631 1062 1651 earum
1078 1632 1156 1658 usus,
1172 1625 1397 1656 suaveolentiam,
1411 1625 1507 1659 figuras
1519 1645 1526 1656 ,
1541 1625 1621 1651 situm
1632 1645 1639 1657 ,
1653 1624 1760 1651 nomina

971 1673 1084 1702 tantum,
1097 1670 1208 1697 arbores
1226 1670 1374 1697 fructuosas
1384 1674 1411 1697 et
1429 1669 1605 1697 infructuosas
1618 1691 1626 1702 ,
1640 1670 1762 1698 metallo-

970 1723 1029 1742 rum
1058 1720 1190 1748 naturam,
1212 1716 1363 1742 animalium
1390 1715 1556 1747 terrestium,
1581 1714 1760 1748 marinorum,

970 1761 1128 1794 natatilium,
1144 1769 1190 1795 per
1202 1769 1290 1788 acrem
1302 1761 1456 1794 mcantium,
1473 1766 1577 1788 montes
1589 1781 1597 1793 ,
1608 1760 1707 1793 saltus,
1719 1760 1760 1787 lu-

969 1816 1025 1840 cos,
1038 1808 1147 1836 inferius
1162 1812 1283 1842 pratum,
1303 1807 1424 1842 superius
1445 1811 1559 1842 pratum,
1574 1811 1615 1834 est
1638 1807 1710 1834 enim
1732 1806 1761 1834 in

971 1859 1040 1881 terra
1053 1859 1169 1889 pratum,
1181 1858 1208 1881 et
1222 1853 1248 1880 in
1262 1857 1329 1880 coelo
1338 1858 1452 1888 pratum,
1467 1852 1585 1880 siderum
1597 1852 1660 1879 varii
1671 1851 1762 1884 flores,

969 1900 1078 1927 inferius
1091 1907 1169 1933 rosm,
1185 1899 1306 1934 superius
1319 1899 1376 1926 iris.
1399 1899 1446 1926 Vis
1457 1903 1481 1926 et
1494 1898 1520 1925 in
1531 1898 1623 1926 avibus
1637 1898 1682 1925 tibi
1701 1905 1760 1932 pra-

970 1950 1025 1972 tum
1039 1945 1218 1972 demonstrem
1230 1945 1241 1972 ?
1259 1945 1398 1972 considera
1414 1945 1522 1980 pavonis
1534 1951 1631 1979 corpus
1641 1943 1741 1970 varium
1750 1964 1760 1976 ,

969 1997 997 2019 et
1011 1999 1116 2019 omnem
1131 1992 1263 2019 excedens
1285 1992 1445 2023 tineturam,
1461 1995 1689 2025 purpurantesque
1705 1989 1761 2016 nvi-

969 2039 1052 2066 Cnlas.
1073 2038 1162 2073 Cogita
1174 2037 1237 2065 mibi
1248 2037 1307 2066 caeli
1318 2037 1550 2079 pulchritudinem,
1560 2041 1686 2071 quantum
1696 2041 1761 2062 tem.

968 2085 1041 2120 poris
1051 2085 1104 2120 agit
1116 2105 1123 2116 ,
1140 2092 1190 2112 nec
1201 2084 1358 2112 otl‘uscatum
1371 2089 1412 2112 est
1422 2104 1429 2116 ,
1445 2083 1492 2111 sed
1505 2084 1577 2111 velut
1589 2083 1668 2110 hodie
1681 2082 1762 2110 [abri-

969 2135 1068 2163 catum,
1093 2130 1129 2158 ita
1155 2135 1197 2158 est
1218 2131 1306 2158 nitens
1319 2135 1347 2158 et
1360 2129 1528 2165 splendidum
1547 2139 1553 2157 :
1572 2134 1650 2156 teme
1671 2133 1763 2156 uterus

970 2180 1071 2203 tantum
1084 2180 1189 2210 tempus
1201 2176 1318 2210 pariens,
1331 2175 1466 2211 quomodo
1476 2183 1528 2202 non
1539 2175 1673 2202 hebetavit
1679 2175 1762 2202 virtu-

971 2227 1024 2250 tem
1036 2230 1122 2250 suam.
1151 2222 1241 2257 Cogita
1255 2222 1320 2250 mihi
1336 2222 1422 2249 fontes
1434 2242 1442 2255 ,
1457 2221 1591 2257 quomodo
1602 2222 1759 2253 scaturinnt,

969 2274 996 2296 et
1009 2276 1061 2296 non
1072 2268 1228 2296 defecerunt
1239 2275 1273 2296 ex
1283 2275 1335 2302 quo
1349 2266 1410 2295 facti
1420 2271 1498 2300 sunt,
1511 2267 1609 2302 jngiter
1624 2272 1763 2294 manantes

970 2313 1064 2341 diebus
1078 2317 1106 2341 et
1118 2313 1239 2341 noctibus
1251 2322 1258 2340 :
1273 2313 1359 2348 cogita
1371 2319 1445 2340 mare
1454 2333 1462 2345 ,
1473 2317 1540 2347 quot
1554 2311 1662 2339 ﬂumina
1676 2312 1760 2339 susci-

969 2360 1047 2395 piens
1061 2366 1214 2386 mensuram
1228 2366 1282 2386 non
1302 2357 1430 2386 excessit.
1447 2357 1499 2385 Sed
1513 2365 1651 2394 quousque
1663 2357 1763 2384 incont-

970 2406 1156 2442 prebensibilia
1169 2405 1324 2433 sectamur?
1335 2405 1364 2432 In
1375 2409 1583 2432 memorator-um
1598 2404 1709 2439 singulis
1718 2404 1762 2431 di-

970 2459 1033 2480 cere
1045 2459 1093 2487 par
1104 2455 1145 2479 est
1162 2460 1168 2478 :
1188 2451 1271 2485 Quam
1282 2451 1447 2487 magni/itote
1455 2455 1514 2477 runt
1524 2459 1602 2486 opera
1609 2456 1662 2481 tua.
1675 2450 1761 2478 Domi.

970 2506 1001 2525 ne
1015 2505 1022 2525 :
1039 2498 1125 2525 omnia
1136 2506 1163 2524 tn
1185 2497 1308 2532 sapientia
1324 2497 1405 2532 feciin
1417 2496 1528 2530 (Psalm.
1552 2497 1614 2523 105.
1711 2495 1763 2523 Sed

970 2542 1034 2579 quiti
1046 2543 1080 2570 ad
1094 2542 1151 2571 luce
1162 2543 1249 2570 solent
1258 2542 1380 2570 inﬁdeles
1393 2542 1493 2576 dicere,
1509 2542 1614 2578 quoties
1623 2542 1687 2577 ipsis
1693 2549 1761 2568 eom-

972 2597 1152 2618 memoramus
1163 2589 1370 2624 magnitudinem
1382 2587 1764 2622 mundi,ornatum,abundan-

970 2637 1045 2668 tiam,
1061 2635 1163 2670 copiam
1176 2635 1201 2662 in
1212 2635 1357 2662 omnibus?
1373 2635 1428 2662 Hoc
1441 2635 1540 2670 ipsum,
1554 2634 1687 2669 inquiunt,
1703 2641 1764 2661 ma-

969 2681 1041 2708 xima
1052 2680 1173 2708 criminis
1182 2684 1224 2708 est
1238 2687 1327 2712 causa,
1342 2680 1413 2715 quod
1438 2684 1490 2707 tam
1504 2679 1644 2715 pulchrum
1661 2684 1688 2707 et
1707 2686 1764 2706 ma-

971 2734 1051 2761 gnum
1079 2725 1142 2754 fecit
1166 2726 1235 2754 Dens
1255 2725 1462 2754 munonmznisi
1490 2726 1562 2752 enim
1585 2732 1708 2760 magnum
1736 2727 1764 2752 et

971 2772 1109 2807 pulchrum
1126 2771 1241 2806 fecisset,
1256 2779 1307 2800 non
1319 2771 1406 2805 ipsum
1420 2771 1499 2800 deum
1512 2771 1684 2804 fecissemus;
1694 2777 1764 2797 nunc

971 2826 1034 2846 vero
1047 2819 1227 2854 magnitudine
1239 2818 1363 2853 perculsi,
1381 2823 1409 2846 ct
1433 2818 1516 2853 ipsius
1538 2817 1762 2853 pulchritudinem

972 2865 1103 2898 admirati,
1119 2864 1205 2899 ipsum
1220 2864 1299 2893 deum
1309 2871 1369 2892 esse
1381 2863 1542 2899 putavimus.
1562 2863 1616 2891 Sed
1631 2865 1762 2891 vanusest
