1962 3121
193 160 245 187 115

191 215 233 242 hic
248 221 337 241 sermo
354 213 442 248 :quod
456 213 526 240 cnim
543 220 628 247 neque
646 211 799 247 magnitudo
810 218 859 238 nec
869 215 978 238 ornatus

191 260 335 294 unpietatis
359 259 393 286 sit
417 266 511 290 causa,
526 258 572 285 sed
587 258 692 284 illorum
708 258 865 292 ignorantia,
880 263 929 283 nos
942 255 979 282 nil

190 306 240 332 tale
256 305 325 340 passi
338 305 515 332 declaramus.
535 305 591 338 Qua
617 304 688 330 cnim
707 303 740 330 de
760 309 839 329 causa
869 309 917 328 nos
929 300 978 336 ipsi

188 351 292 377 divinos
308 349 425 377 honores
440 357 491 376 non
503 348 690 376 decrevimus?
704 355 792 374 nonne
808 346 900 374 iisdem
913 353 978 374 ocu-

189 395 219 422 Iis
233 396 319 430 ipsum
332 395 497 430 aspicimus?
515 401 604 422 nonne
615 393 708 421 eadem
722 401 754 421 ex
769 392 904 420 creatione
918 399 979 426 per-

187 442 302 476 cipimus
313 449 372 477 qute
384 441 440 468 illi?
457 447 545 468 nonne
559 439 679 467 eamdem
695 439 810 466 animam
830 437 979 465 habemus?

189 495 279 514 nonne
291 487 361 515 idem
380 494 477 521 corpus
489 484 672 520 possidemus?
683 491 771 511 nonne
782 482 903 511 eamdem
924 482 978 509 cal-

189 540 283 560 camus
300 532 445 559 tellurem?
457 539 510 566 quo
520 530 599 558 modo
614 529 780 565 pulchritudo
790 533 817 556 et
827 527 979 564 magnitudo

189 586 239 605 nos
251 578 344 606 eadem
358 585 418 605 cum
434 577 486 604 illis
502 576 601 603 sentire
618 583 670 602 non
684 574 832 610 persuasit?
848 573 903 601 Nec
919 573 978 600 hinc

189 631 255 651 vero
268 627 370 650 tantum
395 622 446 650 hoc
461 622 545 657 palam
563 622 624 654 erit,
638 620 684 648 sed
712 625 740 648 et
762 619 878 647 aliunde.
902 619 978 653 Quod

189 670 260 697 enim
276 677 328 696 non
344 673 452 704 propter
465 667 686 703 pulchritudinem
707 666 792 701 ipsum
807 672 980 693 consecrare-

189 715 252 747 rint,
265 714 311 742 sed
323 714 358 741 oh
372 714 503 748 propriam
525 713 673 744 stultitiam,
687 711 778 738 dicant
797 711 902 737 simiam
922 717 974 744 qua

189 761 223 787 de
233 768 312 787 causa
327 760 514 792 adoraverunt,
526 757 698 790 crocodilum,
708 764 813 789 canem,
826 755 977 783 animalium

188 806 332 832 vilissima?
348 805 413 832 Vere
428 804 591 831 Evnnuerunt
607 805 634 830 in
660 802 850 837 cogitationibus
872 801 940 832 suis,
955 805 978 826 et

189 851 375 879 obtcnebratum
385 856 420 878 est
433 851 553 885 insipiens
567 858 610 876 cor
622 857 709 876 eorum
725 857 735 876 :
752 848 862 874 dicentes
875 847 940 873 enim
953 855 980 873 se

189 906 244 924 esse
252 899 386 931 sapientes,
402 896 471 923 stulti
481 896 541 931 [acti
560 899 618 922 sunt
639 894 725 929 (Rom.
743 894 769 920 1.
784 893 830 920 21.
851 892 908 926 22).
926 892 977 919 Vc-

189 948 338 970 rumtamen
355 950 406 969 non
421 949 452 969 ex
469 941 509 967 his
526 947 625 967 tantum
639 939 869 975 respondebimus,
882 937 928 965 sed
951 942 979 964 ct

189 990 261 1017 aliud
274 989 336 1024 quid
352 989 465 1023 amplius
476 988 604 1014 dicemus.

225 1036 251 1062 4.
273 1035 334 1061 11ωο
355 1034 426 1061 enim
441 1034 509 1060 Deus
522 1033 584 1060 olim
602 1031 766 1066 pnevidens,
782 1034 810 1058 et
823 1030 891 1057 hanc
914 1029 978 1064 ipsis

189 1088 282 1107 ansam
291 1079 436 1107 secundum
447 1079 602 1113 sapientiam
613 1085 687 1104 suam
698 1076 802 1104 sustulit
816 1085 823 1103 :
839 1079 978 1110 propterea

190 1134 242 1154 non
257 1130 357 1153 tantum
374 1125 519 1153 mirabilem
535 1129 561 1152 et
575 1131 697 1158 magnum
707 1123 769 1150 fecit
783 1122 920 1153 mundum,
930 1120 977 1148 sed

189 1177 216 1199 ct
230 1171 429 1206 corruptibilem
443 1175 471 1198 et
492 1169 711 1201 marcescibilcm,
724 1173 752 1196 et
763 1169 845 1203 ipsius
860 1167 979 1194 imbecil-

190 1216 274 1244 litatis
300 1216 397 1243 multas
425 1216 536 1242 inseruit
555 1214 795 1242 demonstrationes
807 1218 849 1240 :vet
862 1212 932 1248 quod
952 1212 977 1238 in

191 1261 319 1296 apostolis
333 1261 395 1288 fecit
404 1281 412 1293 ,
428 1260 478 1287 hoc
489 1264 516 1287 et
528 1260 554 1286 in
567 1264 623 1286 toto
640 1258 749 1286 mundo.
769 1257 836 1291 Quid
849 1261 938 1284 autem
952 1257 978 1283 in

190 1307 318 1340 apostolis
342 1305 424 1333 fecit?
448 1305 577 1338 Quoniam
601 1304 674 1340 signa
689 1303 770 1331 multa
788 1303 937 1335 faciebant,
951 1306 979 1329 et.

191 1351 317 1379 miracula
332 1358 425 1386 magna
438 1356 465 1378 et
478 1350 618 1382 mirabilia,
641 1350 713 1385 ipsos
738 1353 825 1376 tamen
843 1355 914 1383 saepe
935 1347 979 1375 lla-

191 1398 284 1433 gellari
309 1398 437 1433 permisit,
460 1397 532 1432 pelli,
545 1404 678 1424 carcerem
705 1395 823 1423 habitare
837 1415 844 1427 ,
859 1395 979 1429 corporis

194 1444 302 1472 morbos
315 1443 404 1471 subire
415 1463 423 1476 ,
439 1443 464 1470 in
478 1442 610 1470 continuis
621 1450 680 1470 esse
699 1441 909 1469 tribulationibus
921 1461 929 1473 ,
945 1448 979 1468 ne

192 1489 327 1524 signorum
341 1488 492 1523 magnitudo
506 1487 570 1515 deos
585 1488 656 1522 ipsos
669 1487 737 1521 apud
757 1486 877 1514 honnnes
890 1486 977 1521 putari

192 1535 306 1566 laceret;
329 1538 476 1569 propterea,
494 1538 592 1560 tantam
613 1533 721 1568 largitus
745 1532 866 1567 gratiam,
882 1539 978 1566 corpus

191 1587 250 1608 esse
259 1581 369 1607 mortale
378 1580 507 1615 permisit,
515 1579 603 1607 multis
611 1586 674 1607 vero
682 1578 900 1606 valetudinarium
911 1585 918 1609 ;
928 1585 979 1605 nec

192 1627 309 1660 ipsorum
323 1626 501 1653 inﬁrmitatem
517 1624 639 1657 mutavit,
649 1629 678 1651 nt
689 1629 809 1651 naturam
823 1624 977 1650 insinuaret.

190 1671 246 1700 Nec
259 1679 334 1698 meus
354 1671 396 1698 hic
411 1678 499 1698 sermo
509 1691 517 1703 ,
531 1670 579 1698 sed
603 1670 685 1706 ipsius
699 1670 772 1697 Pauli
791 1670 829 1697 sic
841 1669 953 1697 dicentis
969 1677 976 1695 :

192 1717 224 1744 Si
237 1717 303 1744 enim
317 1716 420 1752 gloriari
430 1716 531 1742 voluero
544 1736 551 1747 ,
574 1723 625 1742 non
639 1723 681 1743 ero
691 1715 828 1750 insipiens;
840 1723 916 1750 parco
928 1722 976 1741 au-

193 1767 252 1794 tem,
265 1770 296 1788 ne
312 1762 367 1796 quis
388 1761 415 1788 in
434 1769 474 1788 me
488 1765 557 1795 putet
571 1769 648 1796 supra
660 1760 727 1795 quod
740 1760 815 1792 videt,
840 1759 878 1787 vel
904 1759 976 1786 audit

193 1808 290 1844 aliquid
299 1816 330 1835 ex
339 1816 379 1834 me
390 1807 490 1842 (2.6m.
503 1807 546 1835 12.
560 1807 598 1842 6):
608 1812 635 1835 et
649 1814 753 1834 rursum
765 1815 772 1834 :
785 1806 913 1834 Habemus
927 1814 977 1832 au-

192 1859 241 1881 tem
255 1854 398 1882 thesaurum
409 1855 476 1881 hunc
488 1854 514 1881 in
524 1855 589 1881 vasis
599 1853 716 1888 ﬁctilibus
727 1852 898 1888 (2Cor.4.'l).
909 1852 977 1887 Quid

191 1906 280 1928 autem
296 1905 345 1933 est,
363 1900 395 1927 In
407 1901 472 1928 uasis
485 1899 622 1934 ﬁctilibus?
635 1899 662 1926 In
675 1906 788 1934 corpore
802 1898 862 1930 hoc,
881 1899 976 1934 inquit.

192 1946 298 1974 mortali
321 1951 347 1974 et
361 1946 534 1981 corruptibili.
557 1946 631 1973 Sicut
650 1945 720 1973 enim
736 1949 802 1972 testa
820 1952 853 1972 ex
876 1944 931 1972 luto
950 1949 977 1972 et

164 2001 167 2004 ’
190 1992 251 2028 igne
265 1992 291 2020 ﬁt
307 1992 364 2020 :sic
386 1992 503 2027 profecto
517 1995 544 2019 et
557 1999 655 2026 corpus
679 1995 829 2018 sanctorum
854 1991 976 2023 illorum,

191 2047 252 2066 cum
263 2038 299 2066 sit
311 2039 410 2066 luteum
422 2043 450 2066 et
459 2038 603 2073 spiritualis
616 2037 683 2079 ignis
694 2037 839 2065 efficaciam
854 2044 978 2072 suscepe-

190 2085 234 2117 rit,
251 2088 318 2111 testa
332 2083 429 2111 factum
445 2087 496 2111 est.
510 2083 544 2111 Et
552 2091 605 2118 qua
614 2083 647 2110 de
660 2090 738 2110 causa
750 2083 800 2110 hoe
813 2082 910 2110 factum
925 2088 975 2114 est,

190 2134 219 2158 et
230 2129 381 2157 thesaurum
393 2129 491 2162 talem,
510 2133 538 2156 et
556 2129 699 2164 gratiarum
714 2129 816 2163 copiam
831 2128 935 2155 mortali
950 2132 978 2155 et

188 2175 352 2210 corruptibili
368 2175 456 2202 intulit
468 2175 592 2210 corpori?
614 2175 646 2202 Ut
668 2174 899 2208 sttperabunduntia
925 2174 976 2200 uir-

190 2217 249 2244 tutis
259 2218 291 2244 sit
303 2225 319 2243 α
328 2216 394 2250 Deo,
404 2221 426 2243 et
440 2225 490 2244 non
503 2225 518 2243 a
532 2217 603 2243 nobis
613 2215 717 2252 (Ibid.).
726 2215 790 2243 Cum
799 2215 869 2243 enim
879 2215 978 2242 videris

189 2263 324 2297 apostolos
348 2267 467 2290 mortuos
488 2262 593 2297 quidem
619 2263 795 2295 suscitantes,
820 2262 892 2297 ipsos
915 2269 978 2289 vero

189 2312 360 2342 :cgrotantes,
375 2315 425 2335 nec
438 2307 591 2335 inﬁrmitate
605 2315 634 2335 se
649 2308 761 2335 liberare
772 2307 905 2338 valentes.
922 2314 978 2334 ma-

189 2353 286 2382 nifeste
307 2354 376 2381 scies
386 2374 394 2387 ,
418 2354 516 2381 mortui
539 2354 759 2382 resurrectionem
772 2362 825 2380 non
840 2361 872 2381 ex
882 2353 978 2380 virtute

187 2398 350 2431 suscitantis,
363 2398 410 2426 sed
424 2399 537 2434 Spiritus
547 2400 700 2433 operatione
712 2400 807 2427 factam
817 2407 887 2426 esse.
901 2399 976 2432 Quod

187 2445 258 2471 enim
274 2443 427 2478 frequenter
440 2448 616 2479 mgrotarent,
631 2445 690 2471 audi
708 2444 770 2480 quid
789 2444 822 2472 de
837 2444 976 2472 Timotheo

186 2490 258 2517 dicat
265 2489 428 2525 Apostolus:
448 2489 512 2517 Vino
523 2490 620 2517 modico
631 2495 700 2516 utere
708 2495 809 2526 propter
820 2490 975 2517 stomachum

184 2541 208 2562 et
221 2538 361 2571 frequentes
373 2536 532 2570 inﬁrmitates
545 2540 600 2563 tuas
610 2536 646 2572 (1.
659 2536 726 2563 Tim.
736 2535 811 2572 5.25)
822 2545 829 2570 ;
839 2541 976 2564 etrursnm

155 2610 158 2614 λ
187 2582 221 2608 dc
232 2582 303 2608 alio:
321 2580 486 2616 Trepidatum
505 2586 589 2608 autent
598 2582 688 2617 reliqui
703 2581 785 2609 Mileti
796 2583 924 2616 inﬁrmum
935 2582 974 2617 (2.

189 2627 257 2654 Tim.
287 2628 314 2655 ι.
331 2626 390 2662 20).
414 2627 448 2654 Et
466 2626 680 2662 Philippensibus
705 2628 825 2655 scribens
848 2628 975 2655 dicebat:

186 2673 377 2708 Epaphroditus
392 2674 400 2690 ¹
414 2674 543 2709 tegrotavit
556 2682 633 2709 prope
644 2679 747 2701 mortem
759 2673 974 2710 (Philipp.2.27).

187 2719 215 2746 Si
230 2719 301 2746 enim
316 2724 344 2746 et
356 2727 417 2747 cum
433 2719 489 2747 hinc
503 2725 604 2753 essent,
615 2719 687 2754 ipsos
696 2720 760 2748 deos
770 2728 829 2748 esse
838 2721 974 2755 putabant,

187 2770 215 2792 et
227 2765 375 2793 sacriﬁcare
389 2767 528 2801 parabant,
538 2766 658 2794 dicentes
673 2775 680 2793 :
696 2765 741 2793 Dii
753 2766 846 2793 similes
857 2767 918 2803 facti
927 2767 974 2794 Iw-

187 2811 295 2838 ntinibus
305 2812 486 2840 descenderunt
497 2812 531 2839 ad
543 2820 589 2840 nos
601 2812 667 2848 (Act.
683 2812 725 2840 14.
742 2812 799 2847 10).
815 2812 837 2840 si
851 2813 908 2842 ha:e
921 2821 974 2842 non

218 2860 227 2874 ι
244 2858 280 2882 sic
291 2857 360 2883 savii.
371 2861 397 2883 et
408 2857 490 2884 Morel.
501 2858 611 2888 Quinque
622 2862 686 2889 uss,
699 2858 833 2891 Epaphras.

562 157 592 186 S.
611 156 748 185 JOANNIS
765 154 1002 184 CllllYSOSTOMI
1021 153 1179 181 ARClllEP.
1199 153 1469 182 CONSTANTINOP.

1772 155 1823 183 H6

1032 209 1200 242 accidissent,
1215 209 1247 236 ad
1261 209 1324 244 quid
1339 209 1492 244 impietatis,
1508 208 1642 237 miraculis
1655 212 1821 244 conspectis,

1032 259 1095 282 tunc
1106 263 1159 282 non
1171 255 1468 290 processissent?Sicut
1489 255 1568 291 igitur
1590 256 1634 283 hic
1658 262 1768 291 propter
1787 258 1823 284 εἰς

1031 309 1143 336 gnorum
1159 301 1368 336 magnitudinem
1381 306 1407 329 et
1420 306 1541 329 naturam
1556 309 1649 330 eorum
1667 303 1693 330 in
1716 303 1822 330 inlirmi.

1035 352 1089 374 tate
1103 354 1164 375 esse
1176 347 1307 382 permisit,
1319 352 1347 375 et
1358 347 1508 382 frequentes
1518 348 1640 382 permisit
1651 349 1820 381 tentationes,

1032 401 1066 421 ne
1081 397 1235 428 putarentur
1244 401 1303 421 esse
1315 393 1351 421 dii
1367 401 1375 420 :
1390 393 1428 421 sic
1437 398 1464 421 et
1478 394 1503 420 in
1514 398 1634 421 creatura
1644 394 1735 422 mundi
1745 394 1821 430 quid-

1031 438 1092 466 dam
1105 438 1146 467 his
1155 439 1242 466 simile
1256 438 1446 467 fecitzetenim
1465 438 1601 474 pulchram
1615 439 1700 474 ipsam
1718 445 1747 467 et
1768 448 1820 467 nta-

1030 492 1108 520 gnam
1123 484 1242 518 fecit,et
1264 492 1370 513 rursum
1391 485 1590 520 corruptibilem
1614 487 1764 513 constituit.
1792 487 1821 514 Et

1031 531 1089 558 mea
1101 535 1212 565 utraque
1225 530 1370 566 Scriptura:
1388 530 1504 558 docent:
1517 530 1561 558 hic
1575 531 1681 566 quidem
1695 532 1820 558 caelorum

1031 576 1253 611 pulchritudinem
1279 583 1401 608 narrans.
1428 576 1467 604 sic
1490 576 1575 611 inquit
1598 585 1605 603 :
1626 577 1689 604 (ἕωιὶ
1702 583 1821 604 enorrant

1031 622 1142 657 gloriam
1156 621 1205 649 Dei
1218 622 1304 657 (Psal.
1315 623 1358 650 18.
1371 624 1390 652 ‘2
1404 622 1432 658 )z
1449 627 1476 650 et
1486 630 1590 650 rursum
1604 631 1610 650 :
1629 623 1678 657 Qui
1692 624 1820 650 constituit

1030 667 1122 695 calum
1132 667 1198 695 velut
1210 677 1346 702 cameram,
1366 675 1391 695 et
1402 669 1512 696 extendit
1526 669 1609 704 ipsum
1622 670 1695 704 quasi
1706 671 1821 696 taberna-

1029 715 1114 742 culum
1128 715 1154 742 in
1167 719 1234 742 terra
1248 714 1325 750 (Isai.
1336 715 1381 743 10.
1396 716 1443 750 22)
1454 724 1462 748 ;
1474 720 1501 743 et
1515 723 1620 743 rursum
1633 725 1640 742 :
1651 716 1701 750 Qui
1712 717 1821 744 continet

1027 761 1161 788 circuitum
1171 761 1228 788 ω]ιί
1238 761 1330 797 (Eccli.
1338 762 1383 789 45.
1395 762 1452 797 15).
1463 762 1537 789 Alter
1548 769 1613 789 vero
1621 762 1820 795 demonstrans,

1030 807 1080 835 etsi
1096 807 1233 842 pulchrmn
1246 811 1273 834 et
1287 815 1410 842 magnum
1421 829 1429 842 ,
1442 812 1530 835 tamen
1553 808 1726 842 corruptibile
1746 816 1818 842 esse,

1029 855 1069 882 sic
1079 854 1180 889 inquit:
1197 853 1276 880 Initio
1291 859 1328 886 tu,
1345 853 1461 886 Domine,
1474 859 1566 881 terram
1582 853 1707 888 fundasti,
1721 859 1745 880 et
1759 863 1818 888 ope-

1030 908 1060 926 ra
1073 908 1193 926 mantmm
1215 905 1315 926 tuarum
1334 905 1393 926 sunt
1405 900 1460 927 δεῖιὶ
1472 908 1481 926 :
1491 900 1540 935 ipsi
1552 900 1679 935 peribunt,
1692 905 1719 926 tu
1737 905 1819 926 autent

1029 954 1170 981 permanes,
1191 950 1214 973 ει
1233 954 1318 973 omnes
1330 945 1396 972 sicut
1414 946 1586 974 vestimentum
1613 950 1766 973 veterasunt
1777 954 1787 977 ,'
1798 951 1820 972 ΕΙ

1029 991 1093 1018 sicut
1106 991 1258 1026 opertorium
1271 991 1379 1018 mutabis
1391 999 1451 1024 eos,
1477 995 1501 1019 et
1524 991 1697 1018 mutabuntur
1714 989 1722 1022 (
1736 987 1800 1015 Psul
1808 1007 1815 1013 .

1030 1037 1091 1065 101.
1105 1037 1218 1073 26.27).
1232 1037 1265 1064 Ει
1279 1037 1374 1064 iterum
1392 1037 1425 1064 de
1446 1037 1503 1064 sole
1522 1037 1608 1071 inquit
1627 1037 1696 1063 idem
1715 1036 1815 1063 David:

1031 1079 1169 1118 Tamquam
1181 1091 1288 1117 sponsus
1305 1083 1441 1117 procedens
1458 1082 1489 1109 de
1514 1083 1626 1109 thalamo
1650 1090 1696 1109 suo
1712 1090 1722 1109 :
1733 1081 1820 1109 exsul-

1030 1130 1091 1156 tavit
1101 1135 1128 1156 ut
1141 1129 1212 1164 gigas
1221 1129 1255 1156 ad
1264 1129 1413 1155 currendum
1423 1129 1488 1154 viam
1498 1127 1583 1163 (Psal.
1596 1128 1640 1155 18.
1657 1127 1695 1164 ὃ).
1712 1127 1817 1161 Vidisti,

1030 1174 1162 1208 quomodo
1174 1174 1269 1201 sideris
1290 1174 1513 1209 pulchritudinem
1526 1173 1602 1200 simul
1616 1178 1642 1200 et
1658 1173 1819 1208 magnitudi-

1032 1228 1092 1247 nem
1105 1220 1150 1247 tibi
1161 1224 1222 1247 ante
1233 1220 1326 1247 oculos
1346 1219 1450 1254 posuit?
1474 1219 1548 1246 Sient
1561 1219 1632 1246 enim
1648 1227 1680 1246 ex
1702 1219 1820 1246 thalamo

1029 1265 1144 1301 quodam
1155 1273 1270 1300 sponsus
1280 1272 1420 1299 apparens,
1431 1264 1470 1292 sic
1486 1268 1513 1292 et
1523 1264 1563 1291 sol
1576 1264 1625 1292 sub
1639 1272 1764 1291 auroram
1775 1271 1819 1291 ra-

1029 1311 1088 1339 dios
1101 1312 1192 1343 mittit,
1212 1316 1239 1339 et
1254 1316 1387 1345 tamquam
1406 1310 1519 1346 quodam
1546 1317 1642 1337 croceo
1656 1310 1716 1337 velo
1725 1309 1820 1337 malum

1030 1364 1127 1385 ornans
1138 1377 1146 1390 ,
1161 1361 1188 1384 et
1205 1364 1296 1384 roseas
1312 1357 1410 1383 faciens
1423 1356 1516 1388 nubes,
1532 1361 1558 1383 et
1571 1356 1629 1383 sine
1643 1355 1745 1383 otl‘ensa
1759 1362 1820 1382 cur-

1030 1411 1093 1431 rens
1108 1408 1190 1430 totum
1202 1403 1284 1434 diem,
1295 1402 1365 1429 nullo
1376 1410 1482 1430 cursum
1490 1401 1628 1429 obstaculo
1640 1400 1818 1435 interrumpit.

1030 1448 1124 1476 Vidisti
1136 1449 1214 1484 igitur
1228 1448 1310 1483 ipsius
1321 1447 1565 1483 pulchritudinem?
1579 1447 1667 1474 vidisti
1685 1446 1820 1482 magnitu-

1029 1495 1138 1524 dinem?
1157 1495 1217 1523 vide
1231 1500 1258 1523 et
1272 1494 1458 1523 imbecillitatis
1473 1494 1532 1529 ejus
1551 1493 1818 1521 demonstrationem.

1030 1543 1133 1570 Etenim
1144 1546 1170 1569 et
1183 1542 1232 1569 hoc
1245 1541 1431 1568 demonstrans
1448 1541 1555 1576 sapiens
1567 1540 1674 1575 quidam
1685 1539 1792 1567 dicebat
1809 1547 1818 1566 :

1032 1588 1099 1622 Quid
1112 1588 1221 1615 lucidius
1235 1588 1286 1614 sole
1295 1588 1307 1614 ν
1316 1592 1340 1614 et
1350 1587 1391 1613 hic
1401 1587 1484 1621 deﬁcit
1498 1586 1591 1621 (Eccli.
1611 1586 1655 1612 17.
1685 1585 1745 1620 50).
1762 1583 1818 1612 Nec

1030 1642 1062 1662 ex
1076 1634 1127 1661 hoc
1150 1638 1252 1661 tantum
1275 1633 1358 1668 ipsius
1383 1632 1592 1660 imbecillitatem
1615 1631 1707 1658 videre
1728 1630 1818 1663 datur,

1030 1680 1076 1707 sed
1090 1680 1168 1707 etiam
1181 1679 1207 1706 in
1219 1678 1328 1706 nubium
1340 1677 1523 1705 concursibus.
1544 1676 1619 1704 Nube
1634 1677 1712 1711 igitur
1720 1674 1820 1710 sapius

1030 1726 1122 1752 subtus
1129 1723 1354 1757 currente,radios
1365 1724 1551 1757 immittens,et
1560 1723 1659 1750 nubem
1667 1721 1820 1749 discindere

1029 1777 1151 1805 conatus,
1167 1780 1219 1799 non
1231 1770 1379 1806 praevaluit,
1390 1777 1449 1797 cum
1460 1774 1531 1797 esset
1541 1769 1626 1797 nubes
1633 1768 1759 1800 crassior,
1770 1775 1819 1794 nec

1030 1819 1080 1854 ipsi
1095 1817 1191 1846 cedere
1204 1817 1294 1845 vellet.
1313 1816 1367 1844 Sed
1381 1815 1493 1849 semina,
1508 1815 1608 1851 inquit,
1625 1815 1708 1842 nutrit
1723 1824 1730 1843 :
1744 1814 1817 1850 atqui

1030 1872 1083 1891 non
1095 1863 1151 1898 ipse
1160 1863 1243 1890 nutrit
1253 1863 1337 1896 solus,
1350 1862 1398 1889 sed
1407 1866 1435 1890 et
1444 1866 1522 1890 terra:
1536 1861 1636 1896 indiget
1657 1869 1690 1888 ac
1702 1861 1780 1894 roris,
1792 1865 1819 1889 et

1031 1910 1177 1945 pluviarum
1188 1913 1268 1944 atque
1281 1913 1431 1941 ventorum,
1448 1911 1474 1935 et
1482 1907 1559 1935 bona:
1573 1911 1761 1942 tempestatum
1772 1914 1820 1933 sa-

1031 1956 1056 1983 ni
1070 1955 1278 1987 distributionis;
1290 1954 1341 1982 nisi
1354 1954 1412 1982 ham
1424 1953 1512 1982 omnia
1519 1953 1711 1986 concurrerint,
1722 1959 1819 1988 super-

1031 2001 1102 2029 ﬂuus
1118 2002 1147 2028 lit
1159 2001 1224 2029 solis
1239 2009 1313 2028 usus.

1065 2047 1114 2074 Dei
1125 2046 1204 2074 solius
1219 2047 1348 2081 proprium
1369 2054 1420 2073 non
1437 2046 1559 2082 indigere.
1572 2060 1607 2066 ——
1619 2045 1676 2073 Hoc
1688 2052 1753 2073 vero
1769 2045 1816 2073 Dei

1030 2101 1082 2120 non
1096 2097 1146 2125 est,
1160 2092 1193 2119 ad
1213 2099 1244 2119 ea
1258 2091 1375 2119 facienda
1389 2099 1448 2127 qua:
1461 2092 1528 2124 vult,
1543 2091 1602 2118 aliis
1620 2090 1739 2126 indigere
1751 2099 1758 2118 :
1773 2090 1818 2118 Dei

1030 2139 1100 2167 enim
1116 2138 1231 2166 maxime
1245 2137 1389 2173 proprium,
1402 2145 1454 2164 non
1467 2137 1593 2172 indigere.
1609 2135 1668 2172 Ipse
1680 2136 1751 2163 enim
1766 2143 1818 2163 non

1030 2185 1068 2212 sic.
1087 2192 1103 2212 e
1129 2189 1200 2212 terra
1224 2184 1324 2211 semina
1350 2184 1467 2219 protulit,
1491 2183 1539 2211 sed
1565 2188 1664 2210 tantum
1682 2182 1772 2218 jussit,
1793 2186 1819 2210 et

1031 2232 1119 2259 omnia
1134 2232 1358 2266 germinavcrunt.
1374 2231 1406 2258 Et
1418 2238 1523 2258 rursum
1538 2235 1566 2257 ut
1578 2230 1675 2262 discas,
1695 2239 1747 2257 non
1765 2230 1820 2258 ele-

1031 2281 1178 2304 mentorum
1194 2281 1324 2309 naturam,
1341 2276 1387 2303 sed
1409 2276 1492 2311 ipsius
1510 2275 1663 2302 mandatum
1676 2275 1765 2302 omnia
1779 2274 1818 2302 fa-

1029 2331 1101 2356 cere,
1120 2323 1228 2358 ipsaque
1242 2322 1385 2354 elementa,
1405 2329 1465 2356 quas
1485 2329 1538 2348 non
1558 2325 1644 2353 erant,
1659 2320 1818 2355 producere,

1029 2369 1130 2396 Judmis
1153 2368 1251 2396 nullius
1269 2376 1320 2402 ope
1334 2375 1430 2395 manna
1449 2367 1574 2395 demisit:
1589 2367 1697 2400 Panem,
1723 2367 1818 2401 inquit,

1030 2415 1085 2442 caeli
1105 2415 1174 2442 dedit
1193 2415 1229 2441 eis
1251 2413 1336 2448 (Psal.
1351 2414 1394 2440 77.
1408 2412 1465 2449 21).
1489 2409 1523 2440 Et
1536 2412 1599 2448 quid
1613 2412 1673 2440 dico
1685 2412 1770 2439 solem
1786 2412 1818 2439 ad

1029 2461 1161 2488 fructuum
1176 2459 1368 2494 vegetationem
1383 2459 1608 2493 mutationemque
1627 2458 1688 2485 aliis
1700 2458 1819 2492 indigere

1029 2506 1178 2536 elementis,
1189 2513 1249 2532 cum
1261 2509 1288 2532 et
1302 2505 1392 2532 multis
1405 2505 1437 2532 ad
1448 2505 1487 2532 sui
1501 2504 1715 2532 constitutionem
1731 2509 1818 2539 egeat,

1030 2559 1079 2580 nec
1091 2552 1149 2586 ipse
1163 2551 1211 2578 sibi
1226 2550 1349 2578 sufﬁcere
1362 2549 1482 2585 possit’?
1496 2549 1598 2585 Quippe
1610 2554 1639 2577 ut
1649 2549 1739 2581 vadat,
1754 2549 1820 2576 calo

1029 2597 1139 2633 indiget,
1154 2601 1277 2632 tauquam
1290 2596 1440 2631 pavimento
1454 2595 1567 2631 quodam
1580 2595 1718 2630 supposito
1731 2603 1738 2622 :
1752 2600 1779 2622 et
1792 2599 1819 2621 ut

1029 2645 1126 2678 luceat,
1139 2645 1208 2671 aeris
1218 2643 1331 2678 puritate
1344 2648 1372 2671 et
1386 2643 1523 2670 tenuitate.
1537 2641 1612 2676 Quod
1626 2642 1647 2669 si
1665 2641 1711 2669 hic
1724 2645 1818 2676 prmter

1029 2690 1137 2718 modum
1151 2689 1288 2722 densetur,
1299 2689 1343 2716 ille
1358 2689 1444 2716 lucem
1460 2696 1536 2716 suam
1549 2687 1690 2715 ostendere
1705 2695 1758 2714 non
1773 2694 1819 2721 po-

1061 2767 1069 2783 ¹
1086 2767 1128 2791 Hic
1141 2766 1219 2791 sectili
1236 2772 1322 2791 sumus
1334 2765 1454 2791 savilium.
1466 2763 1625 2796 Apudruorel.
1638 2767 1664 2788 et
1681 2761 1817 2796 Montefalc.
1863 2758 1868 2765 ”

1028 2798 1063 2822 sic
1073 2797 1148 2822 habet
1159 2798 1198 2822 hic
1221 2796 1288 2822 locus
1299 2796 1423 2822 mutilatos
1434 2803 1440 2820 :
1453 2793 1555 2825 art-quid
1575 2794 1631 2820 dico
1649 2794 1713 2825 quod
1725 2793 1758 2818 ad
1767 2794 1818 2824 [ru-

1028 2832 1109 2853 ctuum
1121 2828 1288 2860 vegetationem
1306 2828 1361 2860 aliis
1380 2827 1470 2860 indiget
1481 2824 1603 2860 eiementis
1613 2825 1626 2852 1'
1643 2824 1678 2851 ad
1694 2824 1817 2857 propriam

1029 2857 1217 2886 mutationem
1225 2865 1271 2884 non
1282 2858 1400 2891 sufﬁceret
1410 2857 1461 2889 ipse
1472 2857 1526 2884 sibi.
