1962 3121
109 198 152 224 117
625 201 670 228 AD
687 201 845 230 POI‘ULUM
865 195 1108 232 ANTIOCIIENUM
1140 205 1253 234 IIOMIL.
1274 206 1306 234 X.

106 258 151 280 test
165 263 170 280 :
184 259 209 280 et
230 261 264 281 ne
282 256 407 284 omnibus
422 257 457 283 sit
476 257 658 292 intolerabilis,
687 268 772 295 neque
791 266 886 288 cuncta

104 300 242 331 cmnbumt.
260 300 405 335 frigiditate
419 310 511 330 rursus
525 309 586 338 eget
596 312 628 332 ac
640 313 710 333 rore.
723 307 788 333 Cum
802 307 887 341 ipsum

106 346 177 378 ἱιιιΙιιτ
191 346 289 380 reliqum
300 347 407 374 vincattt
419 348 559 381 elementa,
575 355 601 377 et
613 350 695 385 ipsius
707 352 887 386 impotentiam

103 393 256 419 etnendrnt:
271 394 382 421 vincunt
394 395 511 429 quident,
527 396 595 423 sicut
609 398 704 429 nubes,
725 403 752 425 et
767 399 846 432 muri,
860 403 887 426 et

102 438 146 465 alia
154 438 272 467 cun-dam
287 446 401 476 corpora
416 441 497 476 ipsius
509 442 593 470 lucem
607 443 794 472 abscondentia
810 454 816 472 :
829 453 888 473 cor-

102 491 182 518 rigunt
193 491 281 513 autem
303 486 388 521 ipsius
405 488 648 524 intemperantiam,
672 492 741 519 sicut
756 500 842 526 rores,
859 499 886 521 et

101 533 187 564 fontes,
202 539 229 561 et
243 535 316 562 aeris
331 535 470 571 frigidilas,
481 538 615 572 quomodo
630 538 673 566 hic
686 539 755 567 Deus
768 547 827 567 esse
838 549 886 575 po-

101 581 163 607 test?
178 580 259 607 Deum
281 582 355 609 enim
376 590 428 610 non
451 583 568 618 indigere
589 586 765 612 necessarium
787 590 838 619 est,
859 591 885 613 et

104 625 165 652 nulla
191 633 219 652 re
241 634 311 661 opus
331 627 438 660 habere,
449 634 477 656 et
488 630 606 657 ontnium
622 631 743 658 omnibus
756 631 884 659 bonorum

101 678 151 699 esse
164 677 310 704 auctorem,
332 678 359 701 et
379 682 394 700 a
410 674 516 702 nemine
535 675 680 710 prohiberi,
702 677 770 704 sicut
784 677 885 704 scilicet

101 717 130 744 de
138 718 186 745 Deo
193 718 231 745 sit
239 718 342 746 Paulus
354 725 382 748 ct
395 721 522 756 propheta
530 721 668 751 Jercmias.
682 722 724 749 ltic
734 723 839 758 quidem
849 731 884 750 ex

101 764 172 798 ipsius
184 771 310 799 persona,
335 766 445 794 dicens:
461 766 557 794 Culum
573 773 596 795 et
610 773 701 795 terram
721 777 767 804 ego
781 769 883 803 impleo.

100 809 129 836 ait
141 808 260 836 Dominus
271 809 340 845 (Jer.
351 811 468 847 25.24);
484 816 511 839 et
530 818 635 840 rursum
648 821 655 841 :
669 813 734 840 Deus
744 815 884 849 appropin-

100 864 168 889 ηιωιι
181 864 225 889 ego
239 864 309 889 sunt,
320 862 344 883 et
358 866 407 884 non
422 857 489 885 Deus
499 859 598 894 alonge
611 858 702 894 (lb.v.
715 859 762 896 23)
772 868 781 887 :
792 865 819 887 et
826 868 885 887 rur-

100 909 137 927 sus
148 901 222 927 David
234 911 239 927 :
257 901 322 928 Diri
332 902 451 936 Domino,
466 902 535 931 Deus
545 913 613 931 metu
626 913 651 931 es
664 910 700 938 tu,
711 906 830 940 quoniam
841 906 885 933 bo-

100 954 176 972 norum
190 954 302 973 meorum
327 956 377 974 non
393 957 449 983 eges
464 948 548 984 (Psal.
565 950 610 977 15.
625 950 664 985 2).
681 950 776 978 Paulus
794 957 882 979 autettt

99 992 170 1026 ipsius
192 993 298 1026 copiam
323 994 422 1022 nullius
447 995 607 1030 indigentem
633 996 832 1030 demonstrans,
855 1003 883 1026 ct

99 1038 225 1066 ostendens
236 1038 295 1066 haec
308 1040 390 1067 ambo
402 1042 519 1069 maxime
531 1042 576 1069 Dei
588 1050 657 1075 esse,
668 1044 740 1070 nullo
753 1044 880 1078 indigere,

98 1089 120 1110 ct
131 1085 248 1111 omnibus
267 1086 362 1113 omnia
385 1087 597 1121 subministrare,
620 1090 660 1116 sic
679 1090 763 1124 inquit
783 1098 790 1116 :
814 1090 883 1118 Deus

97 1129 133 1162 qui
150 1129 205 1164 fecit
217 1130 314 1158 coelum
329 1136 353 1159 et
371 1137 464 1159 terram
488 1138 512 1163 et
534 1142 613 1167 mare,
635 1135 730 1162 nullius
746 1136 860 1171 indigens
871 1157 880 1170 ,

97 1176 142 1210 ipse
154 1176 226 1202 vitam
240 1178 362 1206 omnibus
387 1179 516 1214 prtebens,
540 1185 564 1208 et
591 1181 726 1215 snit-itum,
751 1187 775 1210 et
796 1183 882 1210 omnia

97 1221 154 1257 (Αιι.
176 1222 217 1249 n.
236 1222 284 1251 ξι.
301 1223 362 1260 25).

127 1266 150 1294 5.
168 1266 276 1297 Licebat
302 1269 410 1304 quidem
434 1275 461 1299 et
483 1271 535 1298 alia
560 1279 716 1307 percurrere
737 1273 879 1308 elementa,

95 1313 188 1347 (telum,
203 1321 310 1347 aerem.
328 1321 439 1350 terram,
453 1325 537 1351 mare,
553 1323 581 1346 et
604 1319 720 1353 ipsorum
737 1320 879 1348 imbecilli-

96 1364 164 1387 tatem
185 1360 387 1396 demonstrare,
408 1369 435 1391 et
454 1365 588 1399 quomodo
613 1366 733 1400 proximo
755 1367 879 1402 quodque

96 1405 194 1440 indiget,
218 1411 245 1434 et
269 1408 332 1436 sine
352 1409 403 1437 hoc
424 1411 494 1445 perit
517 1415 544 1438 et
564 1412 752 1446 corrumpitur.
774 1412 878 1441 Etenim

96 1456 165 1485 terra,
174 1454 194 1480 si
203 1453 332 1483 deﬁciant
341 1463 400 1484 eam
414 1456 511 1490 fontes,
523 1462 550 1485 et
561 1457 701 1485 bumidilas
715 1463 770 1486 tum
783 1466 797 1485 a
811 1460 878 1486 mari

95 1503 143 1525 tum
156 1508 169 1525 a
182 1499 268 1528 ﬂuviis
285 1501 386 1535 infusa,
399 1507 467 1530 tosta
486 1503 559 1531 brevi
572 1504 739 1539 disperdetur
752 1513 759 1531 :
771 1509 798 1532 ct
816 1505 877 1532 reli-

96 1552 139 1579 qua
158 1553 218 1573 vero
240 1547 377 1575 elementa
400 1548 484 1576 altero
504 1550 617 1577 alterum
637 1550 764 1585 indigent,
790 1555 817 1578 ct
832 1559 878 1579 aer

95 1592 151 1622 sole.
162 1592 228 1620 sicut
241 1593 284 1620 sol
301 1601 364 1622 aere
376 1603 382 1621 :
398 1595 444 1622 sed
457 1604 490 1623 ne
500 1596 670 1630 prolixiorem
681 1597 807 1624 faciamus
820 1604 878 1626 ser-

96 1645 199 1671 monem,
218 1646 250 1666 ex
265 1639 348 1667 dictis
371 1641 468 1668 multas
486 1641 639 1670 volentibus
659 1643 813 1670 occasiones
827 1643 877 1671 de-

95 1682 156 1710 disse
170 1684 232 1711 satis
246 1684 340 1712 fuerit.
356 1684 385 1713 Si
398 1686 469 1715 enim
482 1687 553 1713 omni
567 1692 688 1715 creatura
708 1688 746 1715 sol
762 1688 874 1716 admira-

95 1727 161 1755 bilior
196 1734 248 1757 tam
275 1731 417 1759 imbecillis
445 1738 472 1760 et
495 1733 572 1768 inops
600 1741 659 1761 esse
677 1734 731 1769 jam
756 1739 876 1770 apparet,

96 1773 169 1801 multo
182 1775 267 1810 magis
282 1776 343 1804 alia:
354 1777 444 1805 muttdi
460 1783 548 1811 partes
561 1788 568 1806 :
580 1779 651 1814 quod
664 1787 697 1807 eo
715 1779 780 1812 dixi.
795 1785 823 1808 ut
836 1780 877 1808 la-

95 1818 194 1847 boriosis
208 1821 251 1847 illa
263 1822 413 1856 praeberem
428 1824 576 1858 colligenda
596 1834 602 1851 :
618 1826 674 1860 ipse
686 1825 721 1853 de
733 1826 876 1861 Scripturis

96 1864 178 1892 iterum
192 1867 272 1894 vobis
286 1868 426 1901 disserant,
442 1869 639 1903 demonstrans,
655 1878 707 1898 non
727 1871 810 1899 solent
823 1876 877 1899 tan-

95 1914 151 1941 tum,
164 1911 207 1939 sed
223 1917 250 1939 et
266 1917 352 1940 totum
371 1914 498 1941 mundum
511 1916 709 1950 corruptibilem
721 1924 791 1944 esse.
810 1916 875 1945 Cum

95 1956 154 1983 enim
170 1958 305 1986 elementa
326 1967 387 1988 sese
400 1965 493 1988 mutuo
506 1967 673 1995 consumant,
690 1967 718 1990 et
737 1963 801 1990 solis
813 1964 875 1998 qui-

95 2001 145 2028 tleut
154 2005 300 2038 potinttiam
312 2007 503 2040 superveniens
514 2008 598 2041 major
612 2008 738 2043 frigiditas
753 2010 874 2044 castiget,

95 2048 153 2076 hanc
165 2055 252 2078 autem
269 2051 388 2091 vicissim
409 2053 482 2079 calor
502 2052 665 2082 invalescens
682 2061 830 2087 consumat,
848 2060 876 2083 et

93 2097 224 2122 contrarias
233 2097 379 2131 qualitates
388 2103 415 2125 et
424 2098 611 2133 dispositiones
621 2101 733 2128 alterunt
750 2101 775 2128 in
790 2102 874 2129 altero

94 2138 177 2166 iaciant
196 2146 224 2168 et
236 2142 375 2176 patiantur
392 2144 524 2171 elementa
543 2153 550 2171 :
566 2150 668 2173 certum
682 2151 724 2175 est
742 2146 799 2174 inec
815 2156 874 2175 Ina-

94 2190 142 2218 m
163 2188 345 2222 corruptionis
371 2195 554 2224 argumentum
575 2191 703 2226 prmbcre,
725 2197 752 2220 et
778 2201 874 2228 corpus

94 2237 144 2258 esse
154 2240 328 2268 quiscumque
338 2234 471 2263 videntur.
486 2236 537 2264 Sed
551 2237 674 2272 quoniam
687 2239 813 2267 tenuitate
827 2247 876 2266 no-

94 2283 139 2304 stra
152 2279 226 2308 altior
242 2280 287 2308 hic
301 2286 342 2310 est
355 2289 454 2314 sermo,
471 2290 519 2317 age
533 2283 565 2310 ad
580 2283 683 2311 dulcem
695 2292 741 2311 vos
756 2285 875 2320 Scriptu-

95 2331 171 2353 rarum
192 2326 295 2355 fontem
317 2333 439 2362 agentes,
460 2336 538 2357 aures
567 2336 668 2358 Vestras
697 2331 870 2359 mulceamus.

94 2368 142 2397 Non
156 2372 225 2400 enim
237 2372 271 2400 de
281 2373 350 2401 cu'lo
360 2378 387 2401 et
399 2379 468 2401 terra
482 2375 633 2410 singillatim
653 2376 729 2404 vobis
741 2377 872 2410 dicemus,

94 2416 133 2442 sed
143 2416 174 2444 de
185 2419 258 2445 omni
271 2419 372 2454 pariter
384 2424 504 2447 creatura
517 2420 565 2447 ltoc
578 2421 664 2455 ipsum
678 2421 752 2450 vobis
762 2422 874 2449 demon-

93 2465 207 2492 slmntem
213 2466 374 2500 Apostolum
381 2467 569 2499 ostendemus,
575 2467 665 2502 sicque
678 2468 816 2496 manifeste
830 2468 873 2495 di-

95 2514 198 2540 rettlem,
217 2509 288 2545 quod
304 2512 392 2538 omnis
411 2516 532 2538 creatura
547 2514 709 2548 corruptioni
731 2521 801 2542 nnttc
815 2522 873 2542 ser-

93 2554 147 2585 viat,
166 2559 191 2582 et
211 2564 295 2591 quare
314 2556 425 2588 serviat.
447 2563 473 2584 et
491 2559 596 2593 quando
616 2559 769 2592 mutabitur,
796 2565 824 2588 et
846 2561 872 2588 in

94 2599 186 2631 qualem
198 2602 322 2628 transibit
339 2602 529 2629 conditionem.
547 2603 687 2639 Postquam
702 2605 772 2632 enittt
785 2606 870 2632 dixit:

96 2643 146 2671 Non
158 2653 211 2674 sunt
224 2648 358 2683 condigna:
368 2649 497 2682 passiones
511 2651 638 2683 prwsentis
653 2653 771 2686 temporis
782 2653 816 2678 ad
828 2655 871 2687 [u-

95 2698 166 2717 mnnn
180 2693 286 2727 gloriam
300 2702 357 2729 qua:
376 2695 525 2722 revelabitur
544 2696 569 2722 in
584 2697 664 2727 nobis.
680 2697 787 2725 intulit:
804 2698 872 2726 Nam

97 2740 231 2769 mirantia
240 2746 366 2766 creatura:
375 2741 550 2767 reuelationem
561 2742 672 2775 ﬁliorum
683 2742 873 2778 Deiezspcctat.

101 2779 195 2811 Υηηίιιιιέ
216 2786 282 2812 enim
302 2791 420 2812 creatura
441 2787 551 2822 subjecta
569 2792 617 2818 est.
639 2796 688 2814 non
708 2795 806 2823 sponte,
827 2790 871 2817 sed

98 2835 184 2861 Propter
195 2839 261 2862 eam,
275 2833 319 2866 qui
334 2832 440 2866 subjecit
453 2841 508 2859 eunt
522 2833 546 2859 iu
559 2841 604 2867 spe
617 2833 703 2868 (llam.
722 2835 746 2861 S.
764 2836 808 2862 l8.
827 2836 872 2864 19η

97 2871 143 2904 30).
164 2875 233 2909 Quod
255 2881 346 2904 autem
361 2877 436 2908 dicit.
458 2877 604 2911 huiusmodi
621 2881 872 2915 trstzcm'ruptibilis

97 2926 202 2949 creatura
221 2924 288 2952 facta
311 2928 375 2951 est:
393 2923 444 2951 hoc
467 2924 536 2952 cuittt
555 2928 607 2959 est,
626 2923 739 2953 γαιάωιί
760 2927 870 2960 subjecta

943 267 981 288 est
995 270 1004 288 :
1016 263 1196 298 corruptibilis
1210 269 1299 292 autem
1322 265 1390 293 facta
1405 271 1456 299 est,
1473 267 1528 294 Deo
1550 267 1589 295 sic
1601 267 1726 303 jubenle;

938 307 1019 342 jussit
1037 313 1126 336 autent
1149 309 1188 337 sic
1208 310 1278 338 Deus
1298 316 1406 345 propter
1419 319 1503 347 genus
1517 317 1636 340 nostrum
1649 322 1656 340 :
1669 315 1728 349 quia

940 355 1010 381 ettim
1023 355 1155 382 hominem
1170 357 1270 384 nutrire
1281 357 1394 385 debebat
1408 359 1617 394 corruptibilem,
1633 366 1659 388 et
1673 362 1728 396 ipsa

942 400 1001 427 talis
1019 408 1079 428 esse
1100 401 1233 429 debebat:
1249 411 1300 430 non
1323 404 1394 430 ettim
1417 405 1596 443 corruptibilia
1617 414 1729 443 corpora

940 446 1050 474 decebat
1065 448 1089 474 in
1102 447 1292 483 incorruptibili
1304 449 1400 485 degere
1410 438 1618 494 t-reatqrafSed,
1633 438 1726 487 inquit,

939 499 992 518 non
1006 497 1093 520 tamen
1109 493 1170 520 talis
1186 499 1316 526 remanet,
1330 495 1376 522 sed
1391 494 1425 522 Et
1438 493 1497 530 ipsa
1507 501 1622 524 creatura
1639 497 1726 524 libera-

939 536 1004 564 bitur
1026 545 1042 564 α
1061 539 1177 566 servitute
1198 540 1365 574 corruptionis
1385 539 1469 576 (Rom.
1496 542 1522 569 8.
1547 541 1593 577 2|)
1609 551 1617 570 :
1631 542 1727 570 deinde

937 583 1124 611 demonstrans
1139 586 1244 620 quando
1265 585 1315 613 hoc
1330 587 1389 618 erit,
1409 592 1436 614 et
1457 595 1504 621 per
1516 595 1593 623 quos.
1615 588 1702 616 intulit
1716 597 1725 617 :

938 627 971 654 In
985 629 1124 656 libertatem
1138 631 1226 665 gloria:
1240 631 1352 663 ﬁliorum
1374 632 1431 660 Dei.
1452 632 1518 660 Cum
1540 634 1610 660 enint
1636 642 1726 662 resur-

938 675 1095 707 rexeritnus,
1117 675 1212 711 inquit,
1233 681 1260 704 et
1282 677 1433 713 incorrupta
1457 679 1647 713 sumpserimus
1664 687 1726 707 cor-

937 727 1012 754 pora,
1031 724 1094 747 tunc
1109 725 1136 748 et
1153 721 1212 748 αι’ιί
1225 729 1322 757 corpus
1342 727 1369 749 ct
1388 727 1476 755 terrae,
1497 728 1524 751 et
1539 724 1629 751 mundi
1645 725 1725 752 totius

937 765 1118 801 incorruptum
1133 767 1193 799 erit.
1209 771 1236 794 et
1251 768 1481 796 immarcescibile.
1497 769 1563 796 Cum
1584 770 1663 804 igitur
1678 777 1723 797 so-

936 811 987 838 lem
1002 811 1099 839 videris
1110 812 1284 846 exorientem,
1297 817 1445 841 creatorem
1455 814 1604 848 admirare;
1618 815 1724 850 quando

935 855 1021 891 ipsum
1036 865 1066 884 se
1084 858 1214 886 celantem
1228 863 1256 886 et
1268 865 1470 887 evanescentem
1488 860 1597 893 videris,
1620 865 1721 888 natura:

936 901 1143 931 imbecillitatem
1156 904 1240 936 disce,
1255 912 1304 932 nec
1319 905 1403 940 ipsum
1418 910 1448 933 ut
1464 906 1544 933 Deum
1558 906 1663 934 adores.
1677 907 1722 934 ld-

934 948 1006 975 circo
1028 949 1098 976 enim
1118 957 1172 976 non
1197 957 1230 977 ex
1256 950 1306 978 ltoc
1329 951 1387 978 solo
1407 952 1598 980 elementorum
1622 957 1724 980 natura:

935 993 1125 1022 imbecillitatis
1139 996 1392 1024 demonstrationem
1407 998 1475 1025 Deus
1495 998 1614 1030 inseruit,
1631 999 1677 1025 sed
1696 1003 1724 1026 et

938 1041 1089 1069 homittibus
1105 1042 1188 1069 servis
1204 1043 1269 1076 suis,
1284 1048 1314 1070 ut
1333 1044 1371 1070 eis
1392 1045 1563 1078 itnperarenl,
1577 1044 1721 1076 mandavit,

933 1087 995 1114 utsi
1011 1094 1060 1114 nec
1078 1095 1111 1115 ex
1130 1094 1238 1122 aspectu
1254 1089 1370 1123 ipsorum
1389 1090 1543 1117 servitutem
1564 1098 1721 1125 cognoscas,

933 1134 967 1161 ab
990 1134 1181 1168 imperantibus
1205 1135 1302 1168 discas,
1325 1144 1413 1162 ontnta
1436 1143 1564 1163 conserva
1588 1142 1630 1164 tua
1650 1144 1720 1164 esse.

933 1179 995 1207 Ideo
1006 1180 1084 1208 Jesus
1098 1180 1168 1208 Nave
1179 1181 1242 1208 dicit
1254 1191 1261 1208 :
1274 1181 1329 1209 Stet
1341 1182 1380 1208 sol
1389 1187 1476 1209 contra
1487 1181 1590 1209 Gabaon
1603 1203 1610 1213 ,
1625 1187 1649 1209 et
1662 1183 1722 1209 luna

931 1231 1019 1252 contra
1034 1226 1122 1253 vallem
1138 1226 1219 1253 {Elon
1231 1227 1297 1262 (Jos.
1312 1227 1355 1254 l0.
1370 1228 1425 1261 12).
1442 1228 1476 1255 Et
1488 1228 1582 1255 iterum
1594 1228 1720 1263 propheta

931 1271 1013 1298 Isaias
1029 1273 1116 1306 ipsum
1130 1272 1156 1299 in
1171 1272 1332 1299 contrarium
1346 1273 1492 1308 retrogredi
1509 1274 1569 1301 fecit
1582 1274 1632 1300 sub
1652 1274 1720 1300 Eze-

930 1317 991 1345 cltia
1002 1325 1065 1353 rege
1077 1317 1151 1353 (lsai.
1169 1318 1213 1345 '58.
1225 1318 1263 1353 8),
1280 1323 1306 1345 et
1324 1318 1410 1345 Moses
1423 1327 1528 1353 quoque
1544 1319 1597 1345 acri
1614 1323 1642 1346 ct
1656 1319 1720 1346 mari

930 1367 958 1389 et
972 1367 1051 1390 terra:
1074 1367 1102 1390 et
1117 1363 1198 1397 petris
1219 1363 1376 1398 imperavit:
1392 1363 1503 1390 Elisatus
1524 1371 1652 1398 aquarum
1675 1372 1720 1390 tta-

931 1413 1016 1436 luram
1028 1409 1138 1436 mutavit
1149 1409 1186 1443 (4.
1200 1409 1264 1444 Reg.
1279 1409 1317 1444 5),
1333 1413 1386 1436 tres
1401 1409 1475 1444 pueri
1490 1409 1577 1443 ignem
1591 1409 1719 1436 vicerunt.

929 1455 1010 1483 Vides
1029 1456 1163 1491 quomodo
1184 1458 1327 1491 utrumque
1345 1455 1420 1483 nobis
1442 1456 1512 1483 Deus
1527 1457 1652 1490 providit,
1675 1464 1720 1490 per

929 1502 1122 1529 elementorum
1133 1502 1238 1537 quidem
1255 1502 1477 1536 pulchritudinem
1493 1510 1542 1529 nos
1556 1503 1582 1529 in
1593 1503 1719 1530 divinita-

930 1547 964 1575 tis
977 1555 1032 1575 sum
1049 1548 1224 1582 cognitionem
1240 1547 1378 1578 inducens.
1397 1555 1444 1582 per
1463 1548 1643 1576 inlirmitatem
1657 1556 1720 1576 vero

929 1600 981 1620 non
989 1595 1146 1628 permittens
1159 1594 1184 1620 in
1200 1593 1306 1620 illomm
1318 1593 1413 1621 cadere
1425 1593 1627 1620 adorationem?

964 1639 981 1667 6
1012 1639 1119 1666 Muralis
1133 1640 1271 1667 exhortatio
1289 1640 1322 1666 ad
1337 1640 1482 1674 juromenta
1494 1640 1606 1666 uitanda.
1619 1655 1653 1660 —
1666 1640 1718 1668 Su-

928 1692 976 1720 per
991 1685 1023 1713 iis
1036 1693 1100 1721 ergo
1113 1686 1235 1713 omnibus
1245 1685 1330 1720 ipsum
1347 1685 1430 1712 nostri
1443 1685 1646 1720 gubernatorem
1660 1686 1718 1720 glo-

928 1730 1074 1764 rificentus,
1086 1738 1134 1758 nec
1147 1739 1193 1766 per
1205 1731 1286 1759 verba
1297 1735 1409 1762 tantum,
1421 1731 1468 1758 sed
1478 1732 1557 1758 etiam
1569 1739 1616 1766 per
1625 1739 1718 1766 opera,

928 1781 955 1803 et
968 1777 1200 1804 conversationem
1211 1777 1336 1812 optimam
1349 1777 1532 1809 exbibeamus,
1543 1782 1569 1804 ct
1583 1778 1653 1805 circa
1666 1778 1718 1805 alia

928 1826 957 1849 et
969 1822 1039 1850 circa
1058 1822 1244 1850 abstinentiam
1263 1830 1278 1849 a
1295 1823 1464 1857 jurameutis.
1480 1823 1537 1850 Non
1552 1823 1622 1850 ettitn
1635 1830 1717 1850 omne

928 1868 1194 1903 peccatumeamdem
1209 1869 1290 1903 exigu
1301 1875 1417 1903 poenam,
1433 1868 1480 1895 sed
1496 1873 1618 1896 correetn
1631 1869 1717 1896 facilia

928 1914 1055 1949 majorem
1069 1915 1183 1942 alierum
1196 1924 1202 1942 :
1221 1915 1290 1950 quod
1305 1915 1407 1942 scilicet
1421 1920 1447 1942 et
1461 1915 1585 1942 Salomon
1602 1916 1716 1942 inuuens

927 1960 1032 1987 dicebat
1043 1970 1050 1988 :
1060 1960 1119 1987 Non
1134 1961 1237 1993 mirum,
1248 1962 1268 1987 si
1279 1961 1334 1996 quis
1343 1961 1510 1995 deprehensus
1519 1961 1595 1996 fuerit
1610 1961 1698 1994 {armis
1707 1968 1718 1987 :

928 2008 1028 2042 [uratur
1053 2007 1129 2039 enim,
1150 2012 1176 2034 ut
1198 2008 1309 2034 animam
1332 2015 1405 2034 suam
1424 2007 1527 2042 impleat
1548 2006 1717 2038 esurientem;

927 2053 1027 2080 adulter
1044 2061 1101 2080 vero
1113 2058 1215 2089 propter
1227 2053 1340 2087 inopiam
1356 2053 1453 2085 mentis,
1473 2053 1636 2087 perditionem
1654 2051 1713 2078 aui-

927 2106 975 2126 mw
990 2107 1043 2126 sua:
1055 2099 1161 2133 acquirit
1176 2098 1349 2134 (Prov.6.50.
1365 2098 1421 2133 52).
1437 2098 1512 2132 Quod
1528 2102 1616 2125 autem
1636 2097 1714 2128 dicit.

927 2145 979 2171 tale
993 2149 1035 2171 est
1049 2153 1054 2170 :
1070 2145 1157 2179 gravis
1178 2144 1285 2179 quidem
1304 2151 1347 2171 res
1359 2144 1439 2171 etiam
1455 2143 1506 2174 fur,
1531 2145 1577 2170 sed
1594 2151 1646 2169 non
1660 2147 1717 2170 tam

926 2191 1023 2225 gravis,
1037 2198 1116 2224 quant
1129 2190 1231 2217 adulter
1246 2199 1252 2216 :
1267 2190 1310 2217 ille
1322 2190 1394 2217 enim
1407 2189 1457 2216 etsi
1475 2188 1594 2216 frivolattt
1609 2196 1716 2215 causam

927 2235 1016 2269 habet,
1036 2241 1123 2263 tanten
1144 2244 1176 2263 cx
1197 2236 1321 2270 pauperie
1343 2235 1526 2262 neceSsitatetn
1550 2233 1716 2269 prmtendcre

927 2289 1014 2318 potest
1026 2292 1032 2309 :
1046 2283 1088 2310 hic
1102 2290 1165 2310 vero
1178 2282 1248 2309 nulla
1264 2282 1348 2316 ipsunt
1363 2286 1474 2316 cogente
1489 2280 1647 2308 necessitate
1659 2289 1715 2315 pra:

926 2330 1058 2357 dementia
1070 2330 1125 2357 sola
1136 2329 1161 2356 itt
1174 2329 1274 2364 peccati
1289 2328 1441 2362 voraginem
1452 2327 1562 2354 corruit.
1578 2327 1633 2354 lloc
1645 2331 1670 2353 et
1681 2327 1717 2353 du

924 2376 1075 2411 iurantibus
1092 2376 1179 2403 dicere
1195 2375 1274 2402 licet'
1290 2382 1339 2402 nec
1360 2374 1433 2402 enim
1455 2374 1497 2401 isti
1517 2374 1599 2401 ullum
1618 2373 1717 2400 habent

925 2430 1003 2456 quem
1018 2422 1177 2456 pnemitlant
1188 2425 1356 2455 prmtextum,
1367 2420 1413 2447 sed
1423 2424 1604 2454 contemptum
1615 2419 1714 2446 solum.

927 2469 960 2495 Et
974 2468 1034 2495 novi
1052 2468 1157 2503 quidem
1173 2475 1214 2494 nte
1227 2475 1332 2501 gravent
1349 2474 1408 2494 esse
1423 2466 1505 2493 videri
1521 2471 1547 2492 et
1560 2474 1716 2498 onerosum,

926 2520 1005 2548 atqtte
1025 2513 1333 2548 admonitionisjugitate
1356 2512 1495 2539 molestum
1512 2519 1587 2544 esse;
1611 2519 1716 2538 verunt-

925 2563 1015 2586 tamen
1029 2568 1080 2586 nott
1095 2559 1199 2591 desino,
1207 2564 1236 2586 ut
1249 2560 1289 2586 vel
1305 2566 1389 2586 meant
1403 2558 1510 2585 reveriti
1526 2557 1715 2591 impudentiam

926 2606 1045 2640 itnprnba
1065 2606 1274 2640 jurantentorunt
1298 2605 1490 2632 consuetudine
1515 2605 1659 2631 absistatis.
1686 2604 1716 2631 Si

925 2653 995 2680 enim
1007 2652 1087 2686 judex
1108 2651 1152 2679 ille
1166 2652 1275 2679 immitis
1288 2656 1313 2678 et
1327 2659 1423 2683 smvns,
1440 2650 1526 2677 vidua:
1548 2650 1715 2677 vexationem

926 2699 1035 2730 veritus,
1052 2706 1139 2725 mores
1160 2699 1270 2725 mutavit
1283 2699 1356 2733 (Luc.
1373 2698 1415 2726 18.
1430 2699 1457 2725 2.
1471 2697 1545 2734 sqq):
1562 2697 1644 2724 ntulto
1657 2703 1715 2722 nta-

925 2745 1022 2779 gishoc
1036 2752 1082 2771 vos
1098 2743 1209 2776 faciatis,
1225 2748 1251 2771 et
1265 2745 1379 2771 maxime.
1392 2751 1452 2770 cum
1474 2744 1624 2778 supplicans
1640 2742 1714 2768 vobis

926 2798 978 2816 nmt
998 2799 1044 2825 pro
1060 2798 1102 2817 nte
1116 2791 1184 2825 ipso,
1204 2790 1250 2817 sed
1265 2798 1311 2825 pro
1331 2791 1416 2817 salute
1434 2796 1520 2816 vestra
1534 2789 1584 2816 ltoc
1598 2789 1689 2815 faciant
1706 2797 1712 2815 ε

926 2836 980 2862 imo
1002 2844 1064 2862 vero
1079 2841 1104 2863 et
1127 2844 1174 2870 pro
1199 2837 1250 2864 mei
1272 2837 1354 2870 ipsius
1375 2836 1460 2862 salute
1482 2835 1533 2862 ltoe
1555 2835 1642 2862 facete
1661 2842 1715 2861 non

926 2882 1075 2915 negaverim
1094 2891 1100 2908 :
1117 2886 1204 2909 vcslra
1221 2882 1290 2909 ettim
1307 2882 1374 2908 bona
1391 2887 1452 2916 pttto
1466 2889 1524 2907 mea
1536 2887 1594 2907 esse
1608 2879 1714 2906 merita.

930 2927 1028 2953 Vellem
1043 2933 1143 2962 autem,
1164 2931 1235 2960 sicut
1251 2936 1300 2964 ego
1314 2935 1383 2956 nunc
1397 2927 1489 2954 laboro
1509 2932 1536 2954 ct
1559 2926 1652 2960 fatigor
1666 2932 1716 2961 pro
