1962 3121
206 176 254 204 119

204 231 288 259 salute
298 235 396 263 vestra,
411 230 449 258 sic
463 234 490 257 et
504 238 551 258 vos
566 230 661 258 anima:
673 234 768 258 vestrae
779 237 870 257 curam
883 237 991 265 gerere:

203 279 242 305 sic
255 278 332 312 plane
354 278 404 305 hoc
420 283 521 305 tantttnt
544 278 678 313 negotium
699 277 777 305 finem
799 278 940 311 acciperet.
961 276 993 304 Et

204 323 266 357 quid
287 330 353 357 opus
373 327 416 350 est
439 323 520 350 ntttlta
541 323 651 351 dicere?
665 323 686 351 si
709 323 780 351 enim
799 323 918 356 gehenna
940 330 992 349 non

204 374 286 401 esset,
304 377 352 397 nec
367 377 443 404 ptem
467 369 678 401 contumacibus,
703 377 789 405 neque
811 377 914 396 merces
929 369 993 395 ohe-

204 414 347 448 dientibus,
357 423 406 450 ego
421 421 508 443 autem
518 415 550 442 ad
565 422 611 442 vos
625 415 765 447 accedens,
780 415 805 442 in
818 415 908 450 gratim
919 419 994 449 parte

206 461 352 495 petiissetn,
375 469 462 488 nonne
484 469 601 489 annnere
621 461 800 488 debuissetis?
819 469 870 488 non
887 461 993 495 petitio-

207 514 267 533 netn
291 507 448 540 concedere,
469 511 520 533 tam
543 507 628 534 levent
650 507 749 541 petettti
774 507 905 542 gratiam?
927 506 994 534 Cum

207 558 270 578 Vt-ro
293 553 362 579 Deus
386 553 468 588 ipsam
494 558 595 587 petens,
619 558 726 588 propter
749 561 796 580 vos
814 553 919 587 dantes,
941 561 993 581 non

208 604 316 632 propter
337 600 452 633 seipsiun
472 600 661 634 percipientcm
687 600 739 627 ltoc
753 600 849 626 faciat:
863 600 922 634 quis
941 604 994 627 tam

209 644 337 678 ingratus,
355 645 413 679 quis
435 649 487 671 tant
506 646 595 677 miser,
608 650 636 672 et
659 653 835 678 aerumnosas,
852 650 879 672 ut
894 645 995 672 benefi-

572 174 602 203 S.
619 173 756 202 JOANNIS
767 172 1001 202 CIIRYSOSTOMI
1021 170 1180 199 ARClilEP.
1200 169 1464 199 CONSTANTINOP.

1788 172 1837 200 19.0

1046 229 1117 255 ciunt
1137 228 1236 263 petenti
1259 227 1316 255 Deo
1339 235 1392 255 non
1413 227 1558 262 impendat.
1582 231 1611 255 et
1634 227 1751 255 maxime
1774 235 1834 255 eum

1047 275 1103 308 ipse
1117 274 1161 309 qni
1177 274 1315 308 impendit,
1329 274 1364 301 sit
1376 273 1504 301 beneficio
1519 273 1668 308 potiturus?
1681 274 1744 301 Haec
1759 273 1837 309 igitur

1045 320 1202 354 cogitantes,
1217 324 1244 347 et
1257 319 1290 346 ad
1302 327 1349 346 vos
1365 319 1427 346 hinc
1442 319 1606 352 recedentes.
1622 319 1710 346 omnia
1725 320 1838 354 repetito

1045 365 1124 396 dicta,
1147 369 1174 391 et
1195 373 1244 392 eos
1257 365 1301 399 qui
1326 365 1350 391 id
1377 372 1429 391 non
1443 365 1585 391 observant
1603 365 1726 392 omnibus
1751 365 1837 392 modis

1045 411 1181 445 corrigitc,
1200 416 1228 438 ιη
1243 411 1409 445 propriorttm
1430 416 1456 438 et
1473 411 1620 438 alienorum
1636 411 1837 438 retributionem

1046 457 1200 483 meritorum
1220 457 1389 491 recipiamus,
1404 456 1488 491 gratia
1509 461 1535 483 ct
1556 456 1716 492 benignitate
1731 456 1836 484 Domini

1046 502 1129 529 nostri
1143 502 1204 529 Jesu
1219 502 1327 534 Christi,
1349 510 1396 537 per
1409 510 1487 537 quem
1510 506 1537 528 et
1551 510 1611 529 cuin
1624 510 1677 537 quo
1691 501 1764 529 Patri
1778 502 1836 537 glo-

1047 547 1085 574 ria
1107 547 1185 574 simul
1207 552 1234 574 et
1256 553 1349 575 sancto
1367 547 1486 583 Spiritui,
1502 555 1573 575 nunc
1593 552 1622 575 et
1634 555 1751 583 semper,
1767 552 1795 575 et
1810 547 1836 576 in

1047 593 1143 620 smcula
1155 593 1324 620 smcnlorum.
1341 594 1436 620 Amen.

210 758 396 780 GRATIARUM
413 758 504 780 ACTIO
523 759 565 779 AD
586 758 674 779 DEUM
701 757 741 779 OB
762 757 997 780 LIBERATIONEM
1019 759 1037 779 Δ
1059 758 1153 780 ΜΑιιε
1175 758 1217 779 EX
1238 758 1406 779 SEDITIONE
1422 758 1644 786 EXSPECTATIS,
1666 759 1708 780 ΕΤ
1729 758 1836 780 Βοιω-

247 810 318 836 ρυλε
341 810 422 831 ΤυΝο
446 809 645 831 ACCIDEBUNT
659 809 912 830 COMMEMORATIO
927 810 935 830 2
951 809 995 830 ηε

1048 809 1084 829 ER
1106 809 1189 829 VERO
1215 809 1256 829 ΕΤ
1276 808 1400 830 CONTRA
1422 809 1478 830 E05
1492 809 1546 835 QUI
1561 809 1678 831 CORPUS
1692 810 1836 831 NOSTRUM

250 861 509 887 CALl'MNIANTUR,
534 860 573 881 ET
594 860 625 881 IN
647 860 828 882 UNIVERSUM
850 860 891 880 DE
913 859 1044 881 HOMINIS
1065 859 1255 887 CIlEATlONE,
1278 860 1318 881 ΕΤ
1338 859 1395 881 SUB
1410 860 1510 882 FINEM
1532 860 1573 881 DE
1589 860 1727 882 VITANDO
1740 860 1838 882 JUBA‘

247 911 366 932 IENTO.

936 973 963 999 τα
970 973 1100 997 ‹ω›>θ›

526 1042 633 1061 ιιοιιιιιλ
654 1043 690 1060 ΧΙ-

246 1078 271 1104 Ι.
298 1078 364 1105 Cum
389 1079 548 1113 pra-tvritam
574 1084 757 1114 tempestatem
783 1084 810 1107 et
838 1083 996 1115 prrescntem

210 1125 297 1158 cogito
311 1125 537 1160 tranquillitatem,
550 1134 600 1152 noti
610 1126 702 1153 desino
716 1126 804 1153 dicere
819 1135 825 1153 :
839 1125 998 1153 Benedictus

211 1169 282 1197 Deus
301 1171 346 1205 qui
367 1170 429 1198 facit
446 1171 547 1205 omnia,
566 1175 594 1199 et
615 1171 670 1206 ipsa
687 1175 861 1204 transmutat;
878 1171 921 1205 qui
937 1171 998 1198 fecit

210 1215 296 1243 lucem
315 1215 348 1242 de
363 1215 479 1243 tenebris
495 1216 595 1251 (Amos.
612 1217 638 1244 5.
654 1217 681 1244 8.
704 1221 732 1244 et
743 1216 802 1243 Job.
816 1217 861 1243 57.
880 1216 936 1249 15).
952 1215 997 1251 qui

213 1260 322 1288 deducit
335 1262 368 1289 ad
381 1268 475 1298 portas
487 1264 566 1291 inferi
575 1268 600 1290 et
615 1264 718 1291 redttcit
733 1264 772 1299 (f.
786 1264 838 1299 Reg
859 1264 886 1291 2.
901 1265 940 1301 6),
952 1267 1000 1300 qui

211 1308 417 1342 eastigatetnon
427 1309 525 1337 occidit
537 1310 575 1344 ('2.
584 1309 680 1341 Cor.6,
688 1309 715 1344 9)
727 1319 734 1337 :
744 1315 770 1336 et
781 1310 830 1337 hoc
839 1318 885 1337 ros
894 1311 1003 1339 assidue

210 1353 301 1381 dicere
319 1355 389 1386 volo,
406 1363 456 1382 nec
473 1355 617 1382 desistere.
635 1355 662 1381 Si
677 1356 748 1382 enim
768 1355 825 1389 ipse
839 1356 918 1383 ttohis
934 1364 1000 1391 ope-

212 1398 283 1425 ribus
297 1398 441 1432 benefecit,
456 1407 508 1434 qua
530 1407 579 1427 nos
592 1401 667 1427 venia
681 1399 752 1435 digni
769 1407 829 1427 esse
848 1407 996 1434 possemus,

211 1451 245 1471 ne
265 1445 354 1472 verbis
372 1445 479 1480 quidem
504 1446 590 1480 ipsum
615 1446 833 1473 remunerantes?
855 1446 997 1481 Propterea

211 1489 339 1517 exhortor
348 1498 396 1518 vos
411 1499 555 1526 numquam
570 1499 676 1519 cessare
693 1491 741 1526 ipsi
755 1492 852 1526 gratias
866 1499 955 1526 agere.
969 1491 997 1519 Si

211 1535 282 1562 enim
296 1543 344 1570 pro
356 1536 448 1572 primis
465 1537 533 1572 grati
548 1536 685 1569 fuerimus,
702 1542 805 1564 certum
820 1537 889 1572 quod
901 1541 928 1564 et
940 1536 998 1564 aliis

210 1582 354 1615 majoribus
370 1583 509 1617 potiemur.
526 1583 651 1611 Dicamus
665 1583 744 1618 igitur
755 1583 880 1611 continue
892 1592 898 1610 :
912 1583 997 1610 Bene-

208 1626 296 1658 dictus
313 1627 393 1659 Dens,
413 1629 457 1663 qui
472 1633 499 1656 et
518 1628 594 1656 nobis
610 1628 684 1656 dedit
704 1629 807 1656 solitam
823 1637 882 1655 cum
902 1628 996 1656 fiducia

211 1673 284 1701 vobis
300 1681 418 1701 mensam
429 1681 573 1708 apponere.
585 1679 612 1701 et
626 1674 700 1701 vobis
712 1674 824 1709 praebuit
840 1682 934 1702 secure
946 1682 997 1701 nn-

211 1722 280 1746 stros
303 1719 394 1746 audire
421 1727 576 1746 sermones:
593 1719 746 1747 benedictus
766 1719 846 1753 Dens,
872 1720 996 1754 quoniatn

211 1771 264 1791 non
279 1765 393 1799 amplius
406 1766 538 1792 exteriora
557 1764 687 1800 fugientes
701 1765 829 1800 pericula,
844 1765 890 1792 sed
906 1764 997 1792 audire

211 1815 335 1845 optantes
355 1812 405 1838 huc
418 1811 611 1844 concurrimus,
634 1819 687 1838 non
707 1812 820 1846 amplitts
834 1819 894 1838 cum
907 1812 1000 1838 anxie.

211 1859 264 1883 tate
283 1861 310 1883 et
323 1861 437 1883 tremore
445 1861 473 1883 et
483 1856 659 1883 sollicitudine
673 1857 741 1884 inter
754 1864 802 1883 nos
812 1856 996 1888 convenimus.

211 1901 257 1928 sed
266 1909 326 1928 cum
343 1901 436 1929 fiducia
447 1910 553 1929 onmem
561 1902 725 1929 excutientcs
741 1903 873 1933 timorem.
887 1909 940 1937 quo
950 1909 998 1936 per

210 1949 362 1983 superiores
376 1949 434 1976 dies
452 1948 638 1976 fluctuantibus
659 1949 684 1975 itt
701 1948 788 1976 medio
802 1949 879 1981 mari,
892 1952 919 1975 et
932 1956 997 1975 nau-

166 1994 169 1996 ’
211 1993 321 2028 fragium
336 2002 381 2029 per
395 1995 511 2029 singulas
530 1995 608 2021 horas
619 1994 831 2029 exspectantibus
847 1994 928 2020 nihilo
941 2001 997 2020 mc-

210 2040 260 2067 lius
273 2047 321 2066 nos
335 2040 505 2073 habebamus,
525 2040 635 2068 infinitis
651 2045 703 2067 tota
717 2040 759 2067 die
772 2040 920 2067 rmnoribns
936 2040 997 2074 pul-

210 2086 271 2118 sati,
296 2086 437 2120 perturbati
463 2091 490 2113 et
513 2086 627 2121 undique
654 2086 817 2117 eireumacti,
838 2090 865 2112 et
886 2085 996 2120 singulis

209 2134 358 2165 subigentes
372 2131 475 2162 diebus,
488 2136 516 2158 et
535 2131 639 2158 curiose
653 2131 827 2164 sciscitantes,
848 2131 911 2163 Quis
925 2131 997 2158 venit

209 2183 224 2202 e
238 2177 342 2208 castris,
359 2177 420 2210 qttid
442 2184 504 2203 vero
517 2177 626 2204 veniens
648 2177 795 2203 nuntiavit?
809 2176 935 2211 nutttquid
948 2184 995 2204 ve-

210 2230 267 2249 rum
282 2231 314 2249 an
338 2222 430 2250 falsum
446 2222 516 2258 quod
535 2223 648 2250 dicitur?
669 2228 696 2249 et
710 2227 801 2250 noctes
819 2224 877 2250 sine
899 2230 995 2250 somno

211 2269 394 2304 transigentes,
411 2274 438 2296 et
449 2270 581 2297 civitatem
604 2269 774 2304 respicientes
796 2278 856 2296 cum
870 2269 995 2304 lacrymis

209 2320 342 2350 tamquam
357 2323 416 2342 mox
431 2316 582 2350 perituram.
596 2316 737 2350 Propterea
751 2321 778 2342 ct
788 2324 835 2342 ttos
845 2317 995 2350 superiores

209 2360 257 2387 hos
272 2360 329 2387 dies
341 2362 479 2394 tacttimus,
495 2361 618 2392 quoniam
633 2362 725 2388 civitas
736 2366 825 2388 nostra
839 2362 925 2388 omnis
939 2366 995 2388 erat

208 2407 347 2438 exhausta,
361 2414 455 2434 omnes
474 2408 500 2434 itt
522 2408 678 2434 solitudines
692 2408 952 2442 transmigraverant,
969 2413 994 2435 et

210 2452 305 2480 residui
324 2452 437 2479 tristitim
456 2453 524 2479 nube
538 2453 741 2486 caligarcrant‘.
761 2454 855 2480 Anima
869 2454 938 2480 enim
953 2462 993 2479 se-

209 2498 259 2526 tnel
276 2499 381 2526 tristitia
404 2499 514 2532 repleta.
538 2498 602 2525 nihil
624 2499 715 2526 audire
740 2504 781 2526 est
802 2499 905 2527 idonea.
931 2500 994 2526 Pro-

208 2550 296 2579 pterea
307 2545 417 2571 etantiei
428 2544 649 2576 .lohaceedentes,
659 2545 754 2571 domtts
762 2545 993 2579 illiustragtndiatn

207 2595 356 2621 cernentes,
382 2596 484 2616 necnon
504 2589 603 2624 jnsmm
620 2590 644 2616 in
666 2594 782 2616 stercore
796 2590 944 2622 sedentem,
967 2595 994 2617 et

209 2635 339 2661 ulceribus
359 2635 476 2668 pietatm,
494 2635 648 2660 vvstinwnta
669 2643 715 2661 sua
730 2635 901 2665 discidernnt,
917 2636 992 2669 inge—

209 2685 392 2715 mnet-untque,
410 2685 437 2707 ct
450 2688 509 2706 cutn
530 2680 636 2707 silentio
651 2677 686 2709 illi
709 2680 937 2716 assederunttlob
963 2680 990 2707 2.

209 2727 326 2761 Η.-15),
340 2726 517 2761 significantes
532 2726 601 2760 qttod
622 2726 685 2753 nihil
700 2734 714 2752 a
729 2726 857 2761 prittcipio
877 2731 928 2752 tam
942 2725 992 2752 do-

209 2773 322 2800 lentibus
342 2778 529 2808 opportunum,
553 2781 630 2808 quam
655 2773 762 2808 requies
788 2777 815 2800 et
836 2773 990 2799 silentium:

208 2824 266 2848 erat
281 2820 355 2847 enim
368 2819 549 2846 consolatione
568 2819 652 2852 major
671 2818 788 2845 tristitia.
807 2817 950 2851 Propterea
965 2821 990 2844 et

239 2922 249 2937 ι
268 2919 333 2951 Αριιά
341 2920 436 2946 Moutef.
447 2919 592 2952 legebatur:
608 2921 706 2952 την-ραιὶ
720 2925 797 2947 erata.

1052 1033 1135 1061 Judazi
1151 1035 1206 1062 luto
1218 1040 1245 1063 et
1257 1035 1329 1071 operi
1341 1036 1454 1064 lateritio
1465 1037 1562 1071 alligati
1579 1036 1674 1073 (Exod.
1686 1038 1712 1065 5.
1723 1038 1758 1066 £9
1770 1037 1838 1072 -2|),

1050 1078 1150 1107 Mosem
1167 1080 1200 1108 ad
1220 1089 1250 1108 se
1271 1082 1376 1109 venisse
1391 1088 1542 1116 cernentes,
1563 1083 1595 1110 iis
1609 1091 1668 1119 quae
1681 1083 1839 1111 dicebantur

1049 1127 1187 1155 attendere
1201 1135 1252 1155 non
1269 1133 1391 1163 poterant
1404 1137 1458 1164 prae
1479 1130 1695 1164 pusillanimitate
1710 1136 1738 1159 et
1753 1131 1839 1159 tribu-

1050 1175 1156 1207 latione,
1173 1183 1250 1209 qttam
1267 1175 1444 1210 patiebantur.
1458 1176 1492 1204 Et
1505 1176 1569 1212 quid
1585 1177 1691 1209 mirum.
1715 1177 1738 1205 si
1754 1177 1840 1205 homi-

1050 1229 1097 1249 nes
1123 1221 1228 1256 quidam
1255 1222 1436 1257 pusillanimes
1462 1223 1514 1251 hoc
1538 1223 1608 1258 passi
1633 1228 1705 1257 sunt,
1732 1231 1793 1251 cum
1813 1227 1840 1252 et

1049 1266 1146 1295 Christi
1162 1267 1304 1302 discipulos
1319 1267 1345 1295 in
1362 1268 1432 1295 ltunc
1444 1269 1565 1296 morbum
1578 1269 1706 1297 cecidisse
1721 1268 1840 1297 invenia-

1049 1313 1128 1340 mus?
1150 1314 1211 1340 Post
1230 1314 1300 1341 illam
1316 1322 1429 1350 namqtte
1448 1316 1586 1350 mysticam
1604 1323 1707 1343 caenam
1734 1315 1839 1350 quando

1050 1358 1122 1392 ipsns
1143 1363 1293 1394 assmnptos
1307 1359 1429 1386 Christus
1449 1367 1568 1388 seorsum
1590 1360 1783 1395 alloquebatur,
1804 1361 1839 1388 ab

1049 1404 1124 1432 initio
1139 1405 1245 1440 quidem
1261 1405 1346 1440 ipsum
1363 1406 1559 1442 interrogabant
1577 1407 1708 1443 discipuli,
1725 1414 1778 1443 quo
1793 1415 1839 1434 va-

1049 1451 1107 1478 dis?
1119 1456 1146 1478 ut
1156 1459 1218 1479 vero
1228 1452 1294 1479 dixit
1305 1452 1356 1479 illis
1367 1454 1434 1480 mala
1447 1454 1518 1488 ipsos
1526 1454 1604 1488 paulo
1615 1458 1674 1488 post
1684 1458 1839 1490 exceptura,

1050 1499 1128 1531 bella,
1152 1501 1380 1535 persequutiones,
1403 1501 1553 1529 inimicitias
1571 1502 1605 1530 ab
1628 1502 1765 1535 omnibus,
1790 1501 1839 1529 fla-

1049 1546 1128 1581 gella,
1157 1554 1288 1580 carceres,
1310 1547 1419 1581 judicia.
1448 1547 1631 1580 abductiones,
1662 1548 1735 1575 velut
1757 1556 1839 1575 onere

1050 1592 1297 1626 ponderosissimo,
1322 1594 1454 1621 dictorum
1476 1594 1615 1622 formidine
1638 1599 1666 1622 et
1691 1594 1839 1622 futurorum

1051 1638 1153 1665 tristitia
1170 1645 1275 1672 pressus
1288 1643 1349 1666 tunc
1362 1639 1479 1674 ipsorttm
1493 1640 1606 1671 animus,
1619 1645 1709 1674 postea
1719 1640 1840 1675 stupidus

1050 1685 1174 1710 remansit
1190 1693 1196 1711 :
1215 1684 1273 1711 idco
1287 1689 1471 1712 consternatos
1485 1692 1597 1713 cernens
1617 1686 1688 1720 ipsos
1707 1685 1838 1716 Christus,

1050 1728 1100 1755 hoc
1127 1729 1211 1763 ipsum
1237 1729 1400 1764 exprobrans
1423 1730 1527 1757 diccbat
1547 1739 1553 1756 :
1576 1729 1646 1757 Vada
1674 1730 1708 1757 ad
1736 1729 1840 1757 Patrem

1050 1783 1142 1807 meum,
1158 1779 1181 1801 et
1205 1783 1277 1802 nemo
1297 1783 1310 1802 e
1326 1775 1394 1802 vobis
1407 1784 1446 1802 me
1466 1776 1616 1810 interrogat:
1623 1776 1677 1809 Quo
1692 1777 1762 1803 vadis
1772 1777 1786 1803 ?
1796 1776 1840 1803 3rd

1049 1820 1167 1855 quoniam
1180 1821 1232 1847 [nec
1245 1821 1361 1855 loquutus
1383 1829 1438 1847 sum
1451 1821 1529 1854 vobis,
1550 1822 1650 1848 tristitia
1670 1822 1782 1855 implevit
1797 1830 1840 1849 cor

1049 1871 1157 1893 vestrum
1170 1866 1258 1902 (Joan.
1274 1867 1316 1894 16.
1330 1867 1356 1894 5.
1369 1866 1408 1902 6).
1422 1867 1565 1902 Propterea
1582 1875 1629 1895 nos
1640 1875 1746 1902 quoque
1757 1868 1840 1894 tacui-

1049 1919 1108 1939 mns
1129 1912 1261 1946 pra-terito
1283 1917 1412 1947 tempore,
1434 1919 1591 1947 pnesentem
1613 1914 1838 1948 opportunitatem

1049 1962 1243 1992 esspectantes.
1258 1957 1286 1984 Si
1300 1958 1370 1985 enim
1393 1958 1415 1985 is
1427 1959 1470 1993 qui
1484 1959 1598 1993 aliquem
1621 1963 1763 1992 rogaturus
1785 1965 1838 1992 est,

1049 2003 1098 2030 etsi
1123 2003 1216 2030 rationi
1236 2009 1413 2031 consentanea
1437 2005 1630 2039 propositurus,
1651 2005 1781 2039 temporis
1800 2009 1839 2032 ta-

1049 2056 1109 2075 men
1124 2049 1290 2076 occasionem
1311 2054 1456 2084 cxspectat,
1472 2055 1500 2076 ut
1519 2050 1638 2077 sedatum
1651 2055 1678 2077 et
1693 2051 1762 2078 bene
1775 2050 1840 2077 aliis

1048 2099 1119 2121 ctnnt
1138 2102 1198 2122 eum
1219 2095 1347 2127 inveniat,
1363 2095 1407 2130 qui
1432 2096 1585 2130 petitionem
1610 2095 1720 2123 daturus
1740 2101 1792 2129 est,
1810 2101 1839 2123 ut

1049 2141 1176 2175 temporis
1190 2141 1315 2168 auxilium
1331 2146 1423 2168 nactus
1437 2141 1593 2168 beneficium
1607 2141 1727 2168 obtineat
1739 2151 1744 2166 :
1755 2141 1840 2168 multo

1048 2187 1131 2221 magis
1144 2190 1262 2213 orantem
1278 2191 1380 2221 tempus
1395 2194 1515 2222 quzcrere
1535 2187 1704 2214 commodum
1720 2191 1838 2222 oportet,

1049 2237 1077 2259 ut
1089 2232 1157 2267 apud
1171 2233 1238 2260 bene
1252 2232 1374 2260 affectum
1396 2233 1543 2260 auditorem
1555 2237 1582 2260 et
1596 2233 1669 2260 omni
1690 2240 1754 2260 cura
1773 2233 1839 2260 libe-

1047 2283 1134 2306 ratum
1150 2286 1181 2306 ac
1196 2279 1312 2312 tristitia,
1327 2279 1405 2306 verba
1420 2279 1516 2306 faciat:
1530 2279 1600 2314 quod
1617 2279 1737 2314 profecto
1747 2283 1775 2307 et
1789 2287 1838 2307 nos

1047 2332 1116 2352 nunc
1128 2325 1245 2352 fecimus.

1081 2370 1107 2396 2.
1123 2370 1197 2397 Nunc
1207 2371 1284 2405 igitur
1294 2374 1431 2405 postquam
1447 2371 1578 2397 tristitiam
1587 2371 1752 2401 cxcnssistis.
1765 2371 1837 2406 prius

1046 2417 1175 2443 dictorutn
1190 2417 1345 2443 tnetttoriatn
1357 2424 1485 2444 renovare
1497 2416 1629 2448 volumus,
1646 2421 1674 2443 ut
1688 2424 1778 2444 sermo
1791 2425 1838 2443 ro-

1046 2462 1087 2488 his
1100 2461 1146 2488 fiat
1158 2462 1324 2489 manifestior
1339 2471 1344 2488 :
1359 2462 1429 2497 quod
1440 2462 1511 2489 enim
1525 2467 1550 2489 et
1565 2462 1590 2489 in
1602 2461 1693 2488 mundi
1704 2463 1839 2489 creatione

1045 2508 1168 2539 diximus,
1184 2507 1253 2542 qttod
1271 2515 1322 2534 non
1336 2507 1475 2542 pulchrum
1492 2512 1592 2534 tantum
1608 2512 1635 2534 et
1649 2507 1799 2534 mirabilem
1813 2513 1839 2534 c-t

1047 2561 1170 2588 magnum
1194 2554 1262 2580 Deus
1277 2553 1367 2580 fecerit
1392 2554 1488 2588 ipsunt,
1502 2553 1549 2581 sed
1563 2554 1642 2580 etiam
1663 2553 1798 2581 infirmum
1813 2559 1839 2581 rt

1045 2599 1254 2633 corrttptibilem,
1269 2604 1296 2626 et
1310 2600 1404 2626 ltorum
1416 2607 1508 2627 rursus
1526 2600 1624 2627 mttltas
1639 2600 1782 2628 inseruerit
1794 2601 1838 2627 de-

1046 2645 1261 2677 monstrationes,
1276 2651 1387 2679 utraqtte
1400 2645 1431 2672 ad
1447 2646 1584 2672 utilitatem
1596 2651 1713 2673 nostram
1728 2647 1837 2681 dispen-

1045 2701 1116 2725 sans;
1127 2697 1154 2720 et
1165 2700 1212 2728 per
1225 2692 1446 2727 pulchritudinem
1456 2692 1560 2727 quidem
1570 2693 1595 2720 in
1602 2692 1747 2720 conditoris
1758 2693 1838 2720 admi-

1044 2740 1173 2766 rationem
1183 2746 1231 2766 nos
1247 2738 1385 2771 inducens,
1397 2746 1445 2773 per
1455 2738 1632 2765 infirmitatem
1641 2746 1705 2765 vero
1721 2746 1736 2765 a
1745 2739 1833 2765 colen-

1044 2785 1078 2812 da
1094 2792 1142 2812 nos
1154 2784 1288 2812 abducens
1297 2789 1418 2812 creatura
1434 2793 1441 2810 :
1459 2784 1508 2811 hoc
1521 2788 1548 2811 et
1574 2784 1599 2810 in
1618 2791 1731 2818 corpore
1746 2790 1837 2811 nostro

1044 2832 1135 2860 videre
1144 2836 1186 2860 est
1197 2832 1317 2860 evenisse
1337 2841 1344 2859 :
1367 2832 1464 2859 etenim
1478 2831 1512 2859 de
1526 2832 1576 2858 hoc
1596 2839 1701 2866 quoque
1714 2835 1836 2866 quaerunt

1043 2883 1072 2906 et
1091 2879 1209 2906 veritatis
1230 2878 1396 2905 inimicorum
1420 2883 1447 2906 et
1461 2883 1612 2905 nostrorunt
1632 2877 1720 2910 multi,
1734 2884 1785 2912 qua
1802 2876 1835 2903 de

1040 2928 1120 2950 causa
1135 2921 1186 2950 ltoc
1198 2920 1371 2956 corruptibile
1385 2926 1413 2948 et
1427 2921 1538 2948 mortale
1554 2921 1651 2948 factum
1663 2921 1708 2948 sit.
