1962 3121
78 169 123 198 ΩΙ
521 177 566 204 AD
581 176 743 206 POPULUM
762 173 1006 204 ANTIOCHENUM
1035 174 1148 203 HOMIL.
1163 175 1210 203 XI.

105 229 206 257 Contra
229 228 400 258 Manichaee:
421 229 739 265 (aquilum—Gentilium
758 237 823 259 vero
843 234 871 259 et

70 276 254 304 haereticorum
268 275 353 303 multi
367 284 400 304 ne
417 275 513 303 factum
527 276 633 311 quidem
652 285 667 304 a
689 277 744 305 Deo
757 277 868 305 dicunt:

70 322 203 357 indignum
217 321 294 349 enim
310 322 364 350 Dei
377 322 512 350 creatione
530 330 590 350 esse
610 327 714 358 putant,
725 323 830 356 sordes,
844 327 871 350 et

68 369 185 400 sudores,
207 372 237 395 et
253 368 404 404 lacrymas,
418 374 446 397 et
456 370 571 402 labores,
587 373 614 396 et
625 376 768 401 asrumnas,
779 374 811 397 et»
819 369 871 396 alia

67 413 185 447 (σοι-νοτίς
204 414 300 440 omnia
318 419 519 449 percurrentes.
539 414 596 450 Ego
612 419 710 448 autem,
731 418 870 449 postquam

67 460 98 487 de
108 460 148 486 his
159 464 269 494 cceptus
283 466 329 487 est
340 467 432 488 sermo
441 481 448 494 ,
460 460 575 496 primum
587 460 694 495 quidem
708 460 773 488 illud
783 460 872 488 dicere

68 512 170 540 possem
187 513 195 531 :
211 504 252 532 Ne
275 505 349 533 mihi
370 513 505 542 proponas
518 506 654 533 hominem
666 505 736 533 hunc
748 506 873 540 praevari-

67 556 162 581 catum.
176 549 286 578 honore
316 552 466 586 privatum,
479 551 651 584 damnatum;
670 552 716 579 sed
730 551 754 579 si
773 552 813 579 vis
829 551 871 579 di-

69 603 147 628 scere,
160 596 242 630 quale
254 596 341 624 nubis
350 597 383 624 ab
394 597 468 624 initio
480 597 552 625 Deus
560 597 664 624 finxerit
672 604 780 633 corpus,
789 597 816 624 in
826 605 872 632 pa-

70 641 181 668 radisum
188 649 301 674 eamus,
311 648 343 670 et
351 643 384 670 ab
393 643 467 670 initio
476 642 573 670 factum
582 642 714 670 hominem
723 642 871 670 videamus.

70 686 121 713 Non
134 687 206 713 enim
217 687 262 714 sic
272 692 338 715 erat
348 695 445 723 corpus
460 688 523 715 illud
532 688 704 723 θοι-ιυριίιιίιιξ
711 694 738 716 et
748 689 870 722 mortale,

70 733 112 760 sed
125 737 265 767 tatuqttam
285 740 372 761 aurea
395 739 481 761 statua
497 733 530 761 de
550 734 657 762 fornace
677 741 816 770 progressa
830 742 873 762 re-

71 783 154 806 center
169 783 196 806 et
212 779 366 813 splendide
377 780 489 815 fulgens,
505 780 545 808 sic
559 780 632 808 omni
644 781 690 808 tali
702 781 873 815 corruptione

72 826 127 853 illud
139 833 240 860 corpus
254 826 414 854 absolutum
430 832 487 854 erat
500 836 506 854 :
522 831 549 854 et
563 834 649 863 neque
664 827 738 854 labor
750 827 872 860 vexabat,

73 879 150 906 neque
159 872 245 898 sudor
258 873 389 905 nocebat,
404 881 453 900 nec
463 880 534 900 cura:
545 873 745 905 insidiabantur,
762 880 814 900 non
825 873 873 900 ob-

73 917 185 944 sidebant
205 917 341 951 tristium,
366 926 415 946 uec
442 918 512 945 aliud
536 918 679 953 quidquam
694 918 764 953 quod
791 918 872 945 hede-

74 970 117 996 ret,
127 964 299 999 patiebatur;
319 969 460 1000 postquam
471 972 534 992 vero
544 972 597 992 non
613 964 750 992 moderate
763 964 872 991 felicita-

73 1016 119 1037 tem
130 1010 199 1042 tulit,
212 1010 264 1038 sed
278 1011 481 1039 benefactorem
501 1011 582 1038 homo
600 1011 761 1038 contumelia
773 1010 871 1042 affecit,

72 1063 97 1084 et
109 1057 229 1084 fallacem
242 1057 355 1092 putavit
367 1057 516 1085 daemonem
528 1065 598 1090 esse,
613 1057 791 1092 gubernatore
805 1057 871 1090 Deo,

72 1103 111 1137 qui
123 1110 151 1130 se
163 1103 189 1129 in
204 1102 317 1131 honore
330 1105 516 1136 constituerat,
535 1104 586 1131 fide
598 1103 756 1138 digniorem,
770 1108 797 1131 et
806 1103 873 1131 deus

73 1149 123 1176 ﬁeri
140 1150 276 1184 speravit,
293 1155 323 1177 et
346 1150 474 1184 majorem
491 1150 596 1185 propria
608 1149 735 1185 dignitate
751 1150 874 1184 concepit

73 1194 217 1228 opinionem
233 1203 240 1220 :
259 1198 329 1222 tunc
343 1195 471 1230 profecto,
486 1199 549 1222 tunc
560 1199 588 1222 et
600 1203 648 1230 per
661 1196 717 1230 ipsa
728 1195 798 1223 Deus
809 1203 872 1230 ope-

75 1249 99 1267 ra
115 1241 198 1275 ipsum
221 1241 358 1269 erudiens
370 1241 571 1276 corruptibilem
590 1246 617 1269 et
631 1243 769 1270 mortalem
782 1242 873 1270 reddi-

73 1287 116 1318 dit,
127 1292 152 1314 et
166 1287 208 1314 his
219 1288 319 1315 multis
330 1289 450 1316 obvinxit
459 1289 674 1322 necessitatibus,
685 1297 736 1316 non
750 1297 871 1324 perosus,

74 1341 152 1368 neque
165 1340 316 1362 aversatus
327 1355 336 1368 ,
352 1335 398 1362 sed
413 1335 556 1362 consulens
567 1339 595 1363 et
620 1335 768 1369 improbam
788 1336 871 1370 pesti-

75 1380 220 1415 lentemque
243 1380 324 1407 illam
338 1381 371 1408 ab
384 1381 458 1407 initio
474 1386 628 1408 nascentem
644 1380 795 1415 superbiam
811 1389 872 1416 pro-

76 1426 162 1453 hibens
174 1446 182 1458 ,
207 1434 261 1454 nec
281 1427 397 1454 ulterius
418 1427 565 1462 procedere
579 1428 745 1462 permittens,
762 1428 808 1455 sed
825 1435 872 1463 per

76 1471 151 1504 ipsam
164 1479 258 1498 rerum
271 1473 469 1506 experientiam
480 1480 592 1500 monens
605 1481 677 1504 eum,
689 1473 759 1508 quod
770 1479 870 1501 morta-

77 1517 104 1543 lis
116 1520 141 1543 et
156 1518 346 1551 corruptibilis
363 1523 451 1552 esset,
465 1523 492 1546 et
506 1519 541 1546 ita
561 1519 738 1554 persuadens,
752 1524 781 1546 ιιι
795 1528 871 1546 num-

75 1571 147 1597 quam
163 1564 223 1590 talia
239 1565 386 1599 cogitaret,
402 1569 447 1591 aut
459 1565 622 1592 sotnniaret:
638 1566 736 1592 ctenim
750 1566 871 1594 diabolus

76 1608 170 1636 dixerat
184 1617 191 1636 :
206 1609 296 1637 Erilis
308 1611 373 1637 velut
389 1611 426 1636 dii
440 1609 521 1646 (Gen.
538 1611 564 1638 3.
583 1611 627 1646 5).
642 1611 716 1638 Hanc
729 1612 807 1646 igitur
822 1620 870 1638 vo-

78 1656 127 1683 lens
138 1657 305 1683 sententiam
323 1657 448 1684 radicitus
465 1657 597 1689 evellere,
613 1658 765 1685 morbosum
787 1659 871 1693 ipsius

76 1707 100 1729 et
110 1710 295 1730 tumultuosum
308 1710 406 1737 corpus
417 1703 513 1736 olfecit,
526 1711 572 1737 per
585 1703 668 1738 ipsam
683 1704 782 1731 docens
794 1710 870 1733 natu~

78 1757 127 1776 ram
138 1770 146 1781 ,
161 1757 195 1776 ne
209 1757 342 1785 umquam
360 1750 439 1777 talem
453 1751 606 1785 conciperet
622 1751 819 1786 cogitationem.
836 1752 871 1779 Et

78 1795 140 1828 quod
151 1794 201 1822 hoc
215 1796 252 1822 sit
265 1803 371 1827 verum.
387 1796 503 1823 maxime
517 1796 624 1831 quidem
636 1801 663 1823 et
672 1804 705 1824 ex
719 1798 801 1832 gestis
815 1798 868 1824 cir-

79 1849 104 1866 ci
117 1841 199 1874 ipsum
214 1846 257 1868 est
272 1841 442 1869 manifestum
459 1850 466 1868 :
483 1846 543 1876 post
555 1841 627 1869 illam
642 1843 713 1870 enim
729 1849 867 1878 exspecta-

80 1886 168 1913 tionem
183 1886 234 1914 hac
246 1887 393 1915 damnatus
406 1892 447 1914 est
467 1895 555 1922 pcena.
580 1887 615 1916 Et
637 1889 777 1917 considera
804 1889 868 1918 mihi

82 1932 120 1959 Dei
143 1933 313 1967 prudentiam
329 1942 336 1959 :
351 1941 403 1960 non
427 1934 511 1969 ipsum
527 1934 593 1961 mori
608 1935 723 1969 primurn
738 1936 866 1970 permisit,

80 1978 120 2004 sed
133 1978 180 2004 hoc
192 1979 254 2013 ejus
269 1979 353 2006 ﬁliuni
364 1979 428 2014 pati,
442 1984 470 2006 ut
484 1984 546 2007 ante
557 1981 648 2008 oculos
659 1981 798 2009 tabescens
809 1989 868 2010 cor-

82 2032 123 2058 pus
136 2026 246 2053 intuitus
267 2031 295 2054 et
316 2034 494 2060 marcesceus,
508 2034 629 2061 magnam
649 2035 681 2056 ex
696 2027 748 2056 hoc
759 2033 867 2064 aspectu

82 2070 248 2106 philosophia:
274 2071 440 2106 disciplinam
463 2077 581 2107 caperet,
609 2077 637 2100 et
661 2073 776 2102 disceret
803 2074 866 2109 quid

82 2118 162 2141 actum
179 2119 273 2148 esset,
295 2120 376 2151 atque
391 2117 428 2142 ita
445 2114 516 2143 bene
537 2122 677 2145 correctus
701 2118 765 2145 ltinc
779 2118 868 2146 disce-

81 2159 154 2189 deret~

117 2207 234 2242 Deﬁnitio
251 2208 361 2234 hominis
371 2209 507 2235 secundum
520 2208 693 2244 philosophos.
710 2225 745 2229 ——
758 2209 871 2237 Maxime

87 2251 166 2286 igitur,
181 2253 254 2288 quod
274 2253 340 2285 dixi,
362 2258 390 2280 et
403 2261 435 2281 ex
451 2255 506 2288 jam
530 2255 611 2289 gestis
631 2255 682 2282 hoc
703 2256 870 2283 manifestum

86 2303 141 2324 est:
156 2307 203 2327 nec
216 2300 307 2326 minus
329 2308 393 2327 vero
412 2306 438 2327 et
460 2307 493 2328 ex
515 2301 574 2328 aliis
598 2305 658 2336 post
673 2301 730 2329 hmo
751 2302 871 2330 dicendis

88 2349 197 2378 apertum
216 2346 280 2373 erit.
303 2345 329 2373 Si
351 2346 421 2373 enim
442 2346 486 2374 tali
500 2348 620 2381 corporis
643 2348 801 2376 necessitate
821 2356 871 2376 nos

88 2391 217 2424 vinciente,
239 2396 266 2418 et
286 2392 411 2419 omnibus
425 2392 598 2420 morientibus
616 2394 868 2430 corruptionemque

89 2436 238 2469 tuticntibns
250 2441 278 2464 ct
287 2438 513 2464 marcescentibus
524 2442 586 2466 ante
598 2439 716 2466 omnium
728 2439 829 2473 oculos,
844 2444 870 2467 et

88 2483 170 2510 solutis
193 2484 220 2510 in
250 2483 408 2518 pulverem,
431 2488 458 2511 et
482 2485 647 2519 philosophis
669 2493 748 2512 unam
774 2485 842 2513 hanc
860 2487 868 2503 ¹

90 2527 213 2555 hominum
229 2529 335 2562 generis
350 2529 534 2563 complelivam
552 2530 733 2558 definitionem
749 2531 871 2559 facienti-

90 2575 145 2603 bus:
155 2578 308 2613 interrogati
322 2579 504 2614 namqnequid
515 2580 621 2607 tandem
632 2580 666 2607 sit
675 2580 869 2614 homo,animal

91 2624 215 2656 rationale,
225 2625 349 2652 mortale.
357 2626 465 2653 dicunt:
476 2626 498 2653 si
514 2627 593 2661 igitur
602 2627 724 2654 otnnibus
734 2627 789 2654 htec
804 2635 869 2654 con-

91 2671 226 2704 fitentibus,
249 2672 308 2699 ausi
331 2676 393 2699 sunt
413 2673 520 2707 quidam
543 2681 574 2701 se
593 2673 755 2701 immortales
780 2674 870 2701 facere

91 2716 149 2748 apud
163 2717 305 2745 nndtorum
320 2717 478 2753 opiniones,
498 2723 526 2746 et
537 2719 620 2746 oculis
640 2723 754 2746 mortem
776 2719 870 2747 testiﬁ-

91 2762 208 2796 cantihns,
222 2769 250 2790 ut
260 2763 297 2790 dii
309 2763 446 2798 prmdicari
460 2763 664 2795 contenderunt.
676 2769 703 2792 et
718 2769 746 2792 ut
757 2765 793 2792 dii
805 2765 868 2792 culti

92 2812 144 2834 ιιιιιιι
158 2817 164 2834 :
176 2809 224 2836 nisi
237 2809 379 2844 prodiisset
397 2817 469 2836 mors
487 2815 588 2838 natura:
607 2810 794 2838 mortalitatem
808 2818 868 2838 om-

119 2896 126 2910 ι
140 2899 194 2922 'tres
203 2901 257 2922 uss.
268 2900 356 2922 ctsav.
369 2897 393 2922 in
404 2903 482 2928 marg.
496 2904 503 2922 :
519 2901 593 2923 unam
604 2901 627 2924 et
637 2898 757 2924 eamdem.

236 2943 373 2972 Pnaoc.
397 2943 456 2972 Gn.
476 2942 588 2973 XLIX.

1671 179 1722 207 ηεξ

930 238 978 258 nos
1001 231 1100 259 docens
1125 237 1153 260 et
1174 232 1432 268 corruptibilitatem,
1446 233 1481 261 ad
1495 234 1557 269 quid
1579 234 1721 270 impietatis

930 285 982 304 non
993 277 1178 313 prorupissent
1193 278 1329 306 hominum
1341 279 1464 313 plurimi?
1480 280 1548 308 Audi
1560 281 1647 316 itaque
1658 282 1719 316 quid

929 322 999 350 dicat
1013 323 1140 358 propheta
1159 324 1193 351 de
1212 324 1326 359 quodam
1346 325 1459 352 barbaro
1480 334 1542 361 rege
1561 327 1607 354 tali
1631 327 1722 354 furore

929 374 1026 404 capto:
1043 369 1127 404 Super
1138 375 1207 397 astra
1217 370 1265 398 Dei
1286 371 1400 398 exultatio
1415 372 1506 398 saliunt
1527 381 1608 399 uicum
1619 393 1626 404 ,
1642 377 1665 399 et
1680 381 1722 399 ero

929 414 1018 442 similis
1027 406 1307 450 AltissimoUsaL'M.
1325 416 1367 442 l3.
1383 415 1447 451 t4).
1469 416 1555 451 Ipsum
1571 424 1634 443 vero
1647 416 1721 444 deri-

930 461 1006 496 dens,
1028 466 1054 489 et
1075 466 1188 489 mortem
1201 462 1260 496 ejus
1274 462 1424 494 declarans,
1447 462 1532 497 inquit
1554 473 1561 489 :
1588 461 1680 489 Sttbler
1700 468 1722 489 te

929 513 1038 536 uernent
1059 508 1225 543 putredinem,
1248 513 1272 535 et
1286 508 1468 543 operimentum
1489 513 1558 534 tuum
1572 508 1618 535 erit
1632 508 1723 535 vermis

930 554 1012 589 (Ibid.
1029 562 1055 581 v.
1075 554 1132 590 11).
1148 554 1222 588 Quod
1246 559 1334 582 autem
1344 554 1425 586 dicit,
1442 554 1493 581 tale
1506 558 1547 581 est
1561 561 1568 579 :
1585 553 1670 580 Homo
1683 558 1721 580 ta-

930 600 983 627 lem
997 604 1154 635 exspectans
1174 600 1263 632 finem,
1280 600 1344 627 talia
1357 600 1476 635 cogitare
1488 606 1569 626 ausus
1579 598 1628 626 es?
1641 598 1673 625 Et
1688 597 1722 625 de

929 646 982 673 alio
995 646 1102 679 iterum,
1114 653 1203 682 regem
1218 645 1278 673 dico
1293 645 1445 681 Tyriorum,
1461 645 1557 672 similia
1572 649 1719 679 parantem.

929 696 956 719 et
967 691 1046 719 deum
1059 699 1087 719 se
1102 691 1195 719 haberi
1206 691 1338 719 volentem
1354 701 1361 718 :
1377 691 1417 718 Tu
1429 699 1496 724 vero,
1517 690 1611 725 inquit,
1632 698 1682 716 non
1695 698 1721 716 es

929 738 1046 771 deus,sed
1057 738 1142 771 homo,
1165 743 1188 766 et
1202 743 1225 766 te
1238 743 1374 774 pungentes
1395 738 1443 765 hoc
1457 738 1540 765 dicent
1554 735 1659 772 (Ezeclt.
1674 736 1719 763 28.

929 787 967 820 9).
984 785 1077 820 itaque
1088 793 1102 812 a
1117 785 1269 821 primordiis
1282 785 1414 821 superbia:
1427 789 1454 812 et
1466 783 1621 811 idololatriae
1635 787 1721 810 matc-

930 833 995 859 riam
1010 832 1114 866 penitus
1122 831 1256 864 auferens,
1270 831 1340 858 Deus
1352 831 1404 858 tale
1414 830 1490 857 nobis
1500 837 1597 863 corpus
1609 828 1719 863 paravit.

931 879 963 906 Et
976 879 1037 914 quid
1053 879 1168 912 miraris,
1186 879 1208 906 si
1220 880 1247 906 in
1260 886 1372 914 corpore
1386 879 1436 906 hoc
1450 878 1546 905 facttnn
1558 882 1608 909 est,
1623 884 1683 904 cum
1695 881 1721 904 et

930 924 956 950 in
969 924 1057 951 anima
1071 924 1161 952 videre
1180 924 1259 952 liceat
1282 924 1333 952 tale
1357 924 1419 960 quid
1438 923 1561 959 gestum?
1583 922 1720 951 Mortalem

930 977 1026 1004 nempe
1043 970 1111 996 Deus
1125 977 1178 997 non
1201 970 1278 1003 fecit,
1293 970 1339 997 sed
1355 969 1532 997 immortalem
1548 978 1608 998 esse
1622 971 1721 1005 permi-

929 1014 979 1047 sit;
993 1014 1121 1041 oblivioni
1134 1019 1222 1042 atttem
1235 1019 1262 1042 et
1275 1014 1432 1049 ignorantia:
1445 1019 1471 1042 et
1484 1016 1598 1043 tristitia:
1611 1020 1639 1043 et
1650 1016 1721 1043 curis

929 1059 1069 1087 obnoxiam
1095 1060 1178 1095 ipsam
1201 1060 1318 1087 reddidit
1338 1069 1344 1087 :
1361 1065 1388 1087 et
1400 1059 1451 1088 hoc
1463 1060 1534 1094 fecit,
1550 1068 1583 1089 ne
1604 1060 1638 1088 ad
1661 1068 1722 1096 pro-

929 1105 1013 1140 priam
1024 1106 1230 1141 generositatem
1244 1105 1401 1140 respiciens,
1416 1106 1547 1140 majorem
1559 1106 1665 1141 propria
1679 1106 1721 1133 di-

929 1151 1029 1186 gnitate
1043 1151 1196 1185 opinionem
1211 1151 1353 1186 concipiat.
1369 1150 1397 1178 Si
1411 1152 1483 1179 enim
1493 1172 1501 1184 ,
1523 1158 1584 1179 cum
1606 1151 1664 1178 hmc
1684 1151 1720 1179 ita

928 1197 992 1230 sint,
1008 1197 1116 1232 quidam
1137 1196 1227 1224 dicere
1253 1202 1315 1224 sunt
1333 1197 1401 1230 ausi,
1423 1204 1482 1224 eam
1498 1197 1653 1225 substantite
1675 1197 1720 1224 Dei

928 1250 999 1277 esse,
1015 1243 1039 1270 si
1052 1242 1086 1270 ab
1099 1242 1130 1270 iis
1144 1247 1216 1270 esset
1229 1242 1349 1270 absoluta
1366 1242 1545 1277 passionibus,
1559 1242 1591 1270 ad
1605 1242 1667 1278 quid
1681 1241 1720 1269 fu-

929 1288 998 1316 roris
1020 1288 1062 1315 isti
1083 1295 1136 1315 non
1159 1287 1370 1323 pl‘OCBSsiSsenl?
1391 1287 1579 1315 Verumtamen
1599 1287 1670 1322 quod
1688 1287 1720 1315 de

929 1334 1064 1361 creatione
1078 1333 1170 1360 mundi
1193 1333 1325 1366 dicebam,
1342 1332 1394 1360 hoc
1408 1337 1435 1360 et
1456 1332 1490 1360 de
1509 1340 1622 1368 corpore
1640 1332 1701 1360 dico
1712 1353 1720 1365 ,

930 1387 972 1407 me
985 1379 1108 1408 similiter
1121 1384 1230 1415 propter
1243 1379 1300 1407 hinc
1314 1384 1424 1414 utraque
1439 1380 1522 1406 Deum
1537 1379 1679 1411 admirari,
1695 1385 1720 1406 ct

929 1426 999 1462 quod
1011 1425 1184 1461 corruptibile
1196 1426 1282 1460 ipsum
1296 1425 1399 1457 fecerit,
1412 1429 1439 1453 et
1451 1425 1523 1460 quod
1533 1425 1559 1452 in
1573 1425 1722 1459 corruptio.

931 1479 965 1499 ne
977 1471 1111 1507 propriam
1131 1471 1256 1499 virtutem
1272 1475 1299 1499 et
1317 1471 1474 1506 sapientiam
1488 1471 1719 1498 demonstraverit.

930 1517 1006 1550 Quod
1027 1518 1098 1545 enim
1123 1517 1242 1545 melioris
1266 1518 1352 1552 ipsum
1375 1518 1494 1545 materia:
1514 1517 1601 1545 facere
1620 1522 1719 1552 posset,

929 1562 1046 1590 ostendit
1066 1570 1099 1590 ex
1119 1562 1218 1590 cauesti
1233 1569 1347 1598 corpore
1365 1567 1392 1589 et
1410 1562 1500 1589 solari.
1514 1562 1566 1596 Qui
1585 1562 1656 1590 enim
1676 1562 1719 1589 illa

928 1608 992 1636 fecit
1004 1608 1076 1640 talia,
1093 1612 1120 1635 et
1133 1610 1184 1635 hoc
1205 1608 1258 1636 tale
1272 1607 1369 1640 facere,
1388 1608 1411 1635 si
1423 1607 1560 1640 voluisset,
1574 1608 1718 1642 potuisset:

928 1654 975 1681 sed
996 1653 1157 1681 infirmitatis
1171 1660 1251 1680 causa
1270 1657 1313 1681 est
1327 1660 1357 1681 ea
1368 1674 1377 1688 ,
1401 1660 1480 1689 quam
1499 1660 1579 1688 supra
1594 1653 1719 1681 diximus.

927 1699 985 1726 Non
1000 1704 1086 1726 tamen
1101 1699 1151 1726 hoc
1170 1698 1317 1726 mirabilem
1333 1699 1385 1726 vim
1399 1697 1537 1727 Creatoris
1544 1698 1652 1729 deterit,
1673 1698 1719 1726 sed

927 1747 1007 1773 etiam
1026 1745 1140 1780 amplius
1153 1745 1265 1773 intendit
1280 1754 1287 1772 :
1302 1745 1420 1773 materia:
1441 1745 1513 1772 enim
1535 1745 1622 1772 vilitas
1636 1745 1719 1780 magis

927 1793 1094 1821 demonstrat
1117 1793 1182 1820 artis
1202 1793 1305 1827 copiatn
1323 1796 1351 1819 et
1372 1791 1540 1824 facultatem,
1555 1791 1678 1826 quoniam
1693 1791 1718 1818 iii

927 1839 983 1866 luto
996 1843 1024 1866 et
1033 1838 1121 1866 favilla
1136 1843 1234 1866 tantum
1247 1838 1334 1872 posuit
1347 1837 1524 1871 harmoniam,
1539 1842 1567 1865 et
1580 1838 1645 1865 tales
1655 1845 1718 1865 scn-

925 1892 971 1912 sus
985 1889 1039 1912 tant
1055 1885 1142 1912 varios
1156 1889 1183 1912 et
1197 1884 1365 1912 omnimodos
1384 1888 1411 1911 et
1424 1889 1526 1911 tantum
1537 1883 1718 1919 philosophari

925 1930 1052 1958 valentes.

960 1977 987 2004 5.
1003 1976 1092 2010 itaque
1101 1980 1200 2011 quanto
1212 1975 1296 2011 magis
1305 1975 1460 2003 substantiae
1474 1975 1626 2002 tenuitatem
1638 1982 1718 2002 accu-

924 2030 978 2056 sas,
994 2027 1067 2050 tanto
1091 2022 1175 2057 magis
1201 2022 1247 2049 Dei
1261 2021 1327 2049 artis
1346 2021 1553 2057 magnitudinem
1574 2021 1716 2048 admirare.

923 2067 1053 2102 Quoniam
1065 2073 1090 2095 et
1103 2068 1259 2095 statuarium
1269 2067 1397 2100 admiror,
1408 2072 1522 2094 nontam
1537 2075 1571 2095 cx
1585 2074 1650 2094 auro
1660 2067 1718 2101 pul-

923 2114 1014 2141 chram
1028 2113 1167 2141 facientem
1177 2117 1302 2146 statuam,
1314 2121 1394 2148 quam
1405 2120 1439 2140 ex
1452 2113 1508 2140 luto
1523 2112 1655 2140 dilabente
1667 2111 1717 2139 nti-

923 2158 1033 2186 rabilem
1054 2163 1081 2186 et
1101 2158 1331 2194 iuexcogitabilem
1355 2159 1473 2193 figmenti
1493 2158 1715 2193 pulchritudinem

922 2204 987 2232 artis
1003 2204 1127 2232 facultate
1146 2204 1274 2232 exhibere
1294 2205 1435 2232 valentem.
1452 2204 1509 2232 illic
1521 2205 1593 2232 enim
1608 2204 1717 2240 ﬁngenti

923 2251 1034 2279 materia
1052 2258 1158 2286 quoque
1178 2251 1299 2285 confert,
1323 2251 1367 2278 hic
1385 2250 1456 2278 nuda
1477 2255 1519 2279 est
1538 2251 1604 2279 artis
1624 2256 1717 2279 osten-

924 2297 997 2325 latio.

957 2343 1006 2371 Dei
1022 2343 1145 2379 rapientia
1157 2343 1184 2369 in
1201 2342 1333 2369 oculorum
1352 2342 1536 2370 constitutione.
1551 2357 1587 2363 -—
1600 2343 1639 2370 Tu
1653 2351 1718 2370 vero

922 2390 944 2418 si
956 2390 1059 2418 discere
1070 2389 1120 2421 vis,
1131 2393 1229 2424 quanta
1242 2389 1277 2416 sit
1288 2389 1357 2424 ejus.
1369 2389 1412 2423 qui
1428 2395 1476 2416 nos
1486 2389 1594 2421 creavit,
1609 2388 1717 2423 sapien-

924 2437 969 2470 tia,
990 2437 1076 2471 cogita
1097 2435 1159 2471 quid
1172 2443 1205 2462 ex
1224 2435 1280 2462 luto
1291 2435 1336 2462 ﬁat
1349 2444 1357 2463 :
1370 2435 1432 2470 quid
1447 2439 1536 2463 autem
1552 2435 1623 2462 aliud
1637 2443 1716 2470 quam

923 2484 989 2510 later
998 2486 1025 2509 et
1037 2482 1123 2509 testa?
1142 2481 1330 2509 Verumtamen
1349 2481 1466 2516 optimus
1479 2481 1574 2508 artifex
1595 2482 1665 2509 Deus
1685 2490 1716 2509 cx

923 2529 1032 2555 materia
1051 2527 1120 2555 unde
1141 2527 1170 2554 fit
1183 2531 1250 2554 testa
1261 2531 1288 2554 et
1302 2527 1369 2554 later
1383 2527 1530 2560 dumtaxat,
1542 2527 1649 2554 oculum
1665 2532 1716 2553 tam

923 2574 1062 2609 pulchrum
1073 2574 1181 2600 efficere
1193 2573 1287 2607 potuit,
1303 2577 1331 2599 ut
1340 2580 1446 2606 omnes,
1462 2573 1507 2607 qui
1520 2578 1642 2604 cernunt,
1658 2578 1716 2600 stu-

923 2624 1011 2654 peaut,
1022 2624 1049 2646 ct
1059 2622 1158 2645 tantam
1172 2617 1234 2645 huic
1245 2618 1299 2644 vim
1310 2618 1440 2652 inserere,
1452 2623 1480 2644 ut
1490 2619 1559 2646 aeris
1573 2618 1715 2645 immanem

922 2665 1087 2692 altitudinem
1106 2667 1225 2699 spectet.
1245 2668 1274 2691 et
1287 2663 1390 2699 exiguae
1403 2664 1510 2699 pupilla:
1531 2663 1663 2698 adjutorio
1679 2667 1716 2689 tot

922 2719 1033 2746 corpora
1043 2709 1263 2746 comprehendat,
1277 2714 1305 2737 et
1315 2714 1429 2743 montes,
1441 2714 1469 2737 et
1481 2709 1574 2741 saltus,
1586 2714 1612 2736 et
1622 2708 1714 2739 colles,

921 2762 949 2785 et
960 2758 1054 2790 maria,
1069 2763 1095 2784 et
1109 2755 1214 2784 emittm.
1225 2755 1264 2783 Ne
1278 2755 1343 2783 mihi
1355 2755 1430 2782 dicas
1448 2755 1528 2790 igitur
1549 2755 1679 2790 lacrymas
1689 2760 1716 2782 et

921 2802 1093 2838 lippitudines
1117 2810 1125 2828 :
1145 2801 1196 2828 hoc
1216 2801 1288 2829 enim
1309 2805 1418 2836 propter
1437 2805 1574 2835 peccatum
1589 2805 1661 2826 tuum
1677 2799 1716 2826 fam

921 2853 994 2876 ctum
1008 2852 1069 2881 est;
1081 2847 1128 2875 sed
1141 2848 1228 2886 cogita
1242 2847 1324 2882 ipsius
1335 2845 1556 2881 pulchritudinem
1572 2849 1599 2872 et
1609 2844 1715 2872 videndi

923 2895 1058 2927 virttttcm,
1072 2898 1097 2921 ct
1109 2900 1162 2928 quo
1175 2893 1254 2921 modo
1264 2897 1363 2920 tantam
1373 2892 1442 2919 aeris
1455 2890 1643 2925 longitudinem
1655 2897 1714 2925 per<

1522 2940 1540 2970 8
