1962 3121
239 179 286 205 '33
593 176 619 205 S.
640 175 778 203 JO.\NNIS
796 171 1034 202 CIIRYSOSTOMI
1056 168 1213 197 ARCHIEP.
1235 164 1498 194 CONSTANTINOP.

236 241 356 264 eun-rens,
374 240 424 259 non
437 233 548 263 laborat,
564 239 649 266 neque
663 232 784 266 fatigatur
795 239 802 261 ς
814 229 860 257 sed
878 228 957 263 pedes
970 227 1028 262 qui-

236 281 295 306 dem
310 279 443 314 paululum
457 278 588 314 progressi
605 278 727 305 fatiscunt
737 282 764 304 et
776 277 918 308 lassantur,
937 274 1029 300 oculus

238 334 299 352 vero
313 329 412 352 tantam
428 325 591 352 altitudinem
605 331 755 358 permeans,
772 327 924 355 tantamque
939 319 1028 346 latitu-

236 372 336 403 dinem.
350 371 448 399 nullam
458 372 538 398 sentit
549 371 739 398 infirmitatem.
751 368 880 402 Quoniam
892 367 961 394 enitn
972 373 1030 392 om-

238 418 309 443 nium
322 417 501 444 membrorum
513 417 562 443 hoc
577 420 617 443 est
627 415 703 442 nobis
714 414 827 441 maxime
839 411 1029 443 necessarium,

239 463 324 497 ipsum
347 463 436 489 labore
451 461 533 496 prettti
556 469 606 487 tton
623 460 757 496 permisit.
779 459 813 485 ita
833 462 862 485 ut
880 456 1030 492 expeditum

240 509 322 543 ipsius
336 507 521 540 ministerium,
538 511 565 534 et
579 507 689 533 liberum
704 505 780 532 nobis
795 508 876 531 esset.
891 502 955 537 Quis
968 509 1031 528 vero

240 562 346 581 munem
358 554 468 580 membri
480 553 556 588 hujus
568 552 690 579 virtutem
699 558 820 578 sermone
831 549 962 576 disserere
972 554 1032 581 pos-

241 600 300 626 sl-t?
313 600 346 626 Et
357 599 417 634 quid
429 599 462 626 de
481 598 579 633 pupilla
593 597 751 631 videndique
763 595 887 623 facultate
899 594 979 621 dico?
1003 593 1030 620 Si

242 646 312 672 ettim
326 645 396 680 qttod
410 645 527 671 omnittm
540 643 696 670 vilissimum
710 650 770 669 esse
784 641 888 668 videtur
900 640 1032 667 membro-

244 699 314 725 rtun,
322 691 389 718 oculi
407 690 545 725 palpebras
553 689 708 724 exquisieris
718 687 909 718 tantummodo,
917 691 944 714 et
957 687 981 712 in
992 685 1032 712 his

245 736 353 763 multant
370 736 414 762 Dei
430 737 557 762 creatoris
568 735 723 769 sapientiant
741 734 852 760 videbis.
878 732 952 759 Sicut
962 731 1031 758 enim

245 781 270 808 in
291 781 371 812 spicis
392 781 480 807 arista:
499 785 630 814 tamqttatn
646 779 765 814 quatdant
786 782 912 812 prmtenta
933 777 1032 811 spicula

246 834 308 853 aves
324 826 465 860 repellunt,
485 833 536 851 nott
553 826 671 851 sitientes
686 823 780 851 fructui
803 823 927 854 insidere,
947 827 973 848 et
984 822 1032 847 sli-

247 873 332 906 pulam
348 872 518 898 infirmiorem
530 870 748 905 diffringerezsie
762 870 879 904 profecto
894 869 955 896 etin
971 875 1033 894 ecu-

247 917 289 949 lis,
310 918 377 944 velut
397 917 516 951 qua-dam
538 917 625 942 arista:
652 921 679 942 ct
698 915 796 949 spicula
823 918 950 948 pra’tcnta
973 918 1035 940 sunt

248 962 430 996 palpebrarum
460 961 523 995 pili,
546 961 680 995 pulverem
703 965 730 987 et
750 959 863 987 festucas
891 964 918 986 et
945 959 1033 984 omnia

247 1007 368 1032 vexantia
382 1009 547 1033 extrinsecus
562 1006 722 1041 repellentes
735 1005 769 1032 ab
787 1005 881 1036 oculis,
905 1012 953 1031 nec
979 1004 1035 1038 pal-

248 1053 343 1086 pebras
361 1051 478 1078 infestari
502 1053 629 1078 sinentes.
654 1052 749 1078 Videas
763 1055 851 1077 autent
872 1055 898 1076 et
925 1050 1033 1076 alteram

247 1099 404 1132 sapientiam
424 1099 448 1124 in
470 1098 619 1133 superciliis
636 1097 684 1124 hac
704 1105 756 1124 ll0tl
783 1097 944 1124 inferiorem.
971 1097 1035 1128 Quis

247 1144 317 1170 enim
334 1143 418 1178 ipsum
435 1144 514 1170 situtn
529 1151 580 1170 non
595 1143 784 1178 ohstupescat?
803 1142 927 1177 quoniam
949 1149 1035 1175 neque

247 1190 314 1216 ultra
330 1197 480 1216 mettsnraut
495 1191 632 1224 promissa:
644 1194 715 1221 sunt,
729 1189 763 1215 ita
778 1193 805 1215 ut
819 1189 910 1215 oculus
923 1187 1034 1214 obtcne-

247 1235 334 1266 brent,
358 1242 441 1270 neque
461 1243 539 1269 quam
553 1243 620 1269 optts
641 1239 682 1262 est
701 1235 811 1261 interius
832 1233 965 1265 resident;
990 1232 1034 1258 sed

247 1280 319 1307 velut
332 1281 426 1308 domus
441 1281 600 1315 suggrunda.
621 1281 659 1308 sic
674 1287 788 1314 superne
806 1280 932 1310 eminent,
954 1279 1034 1305 sudo-

247 1333 304 1352 rem
318 1327 402 1360 capite
416 1326 574 1352 defluentem
585 1318 826 1360 snscipientes,nec
840 1325 930 1352 oculos
939 1324 1035 1351 lmdere

247 1371 441 1404 permittentes.
465 1371 605 1405 Propterea
626 1371 731 1406 quidem
755 1376 780 1398 et
797 1371 840 1405 pili
867 1370 930 1404 ipsis
952 1370 1032 1395 tuttali

248 1421 319 1446 sunt,
332 1417 462 1444 densitate
484 1416 625 1444 defluentia
648 1422 811 1447 coercentes,
831 1423 856 1443 ct
875 1417 957 1443 multa
975 1424 1034 1442 eum

247 1462 382 1497 diligentia
400 1468 585 1498 protegentes,
609 1463 802 1498 afferentcsque
823 1463 931 1489 multam
953 1463 1035 1489 oculis

248 1508 449 1535 fitrtttositatem.
464 1509 517 1536 Nec
530 1509 579 1535 hoc
594 1514 693 1535 tantmn
709 1509 767 1543 quis
787 1508 910 1535 admirari
928 1514 1014 1543 posset
1025 1528 1033 1541 ,

248 1554 294 1580 sed
306 1559 331 1580 cl
345 1554 416 1580 aliud
425 1561 477 1581 non
492 1555 578 1582 mimis
592 1561 669 1589 quam
680 1555 736 1581 hoe.
747 1555 803 1587 Qua
816 1555 886 1581 enim
900 1554 932 1581 de
945 1562 1032 1586 causa,

248 1607 348 1634 qua-so,
360 1601 456 1634 capitis
470 1601 575 1636 quidem
591 1601 679 1635 capilli
701 1607 823 1628 crescunt
840 1606 866 1627 et
887 1601 1034 1627 detundcu-

249 1651 299 1676 tur.
316 1647 516 1681 superciliorum
531 1655 592 1674 vero
602 1646 728 1674 minime?
743 1654 827 1681 neque
842 1647 911 1673 enim
930 1646 979 1673 hoc
987 1654 1036 1672 no-

248 1692 288 1719 bis
302 1697 401 1720 temere
410 1698 437 1720 et
453 1701 515 1720 casu
531 1693 627 1720 factum
640 1697 689 1725 est,
706 1693 752 1720 sed
768 1701 800 1719 ne
817 1700 845 1719 sc
866 1692 1036 1719 demittendi

249 1740 339 1765 oculos
353 1740 567 1773 obtenebrarcnt,
586 1741 655 1775 quod
675 1741 802 1775 decrepiti
829 1749 908 1768 settes
931 1742 1035 1776 patiun—

250 1789 300 1811 tur.
317 1786 379 1818 Quis
389 1790 477 1812 atttetn
489 1791 576 1820 posset
592 1787 748 1821 sapientiam
772 1794 877 1814 omnem
894 1795 940 1821 per
959 1795 1034 1814 cere-

250 1830 542 1858 brumdenton~.tratatn
566 1833 797 1859 commemorare?
818 1832 905 1860 Primo
927 1833 1034 1868 quidem

249 1875 332 1910 ipsum
348 1876 429 1902 mullo
440 1876 510 1909 fecit,
531 1877 655 1912 quoniant
670 1877 792 1904 sensibus
808 1877 894 1905 fontes
911 1878 1035 1905 euntibus

249 1921 379 1948 ministrat
396 1930 401 1948 :
419 1928 507 1956 postea
523 1931 555 1950 ne
571 1928 677 1958 propter
689 1924 824 1958 propriam
835 1923 947 1951 laedatur
960 1929 1035 1951 natu-

248 1973 314 1998 ram,
332 1967 416 2000 ipsum
433 1967 537 1995 ossibus
547 1968 661 2003 undique
674 1967 802 1995 munivit:
823 1975 930 1995 rursum
944 1976 978 1996 ne
992 1976 1034 1996 os-

247 2013 315 2039 sium
336 2013 477 2047 asperitate
497 2014 615 2041 attritum
632 2018 752 2046 vexetur,
770 2015 952 2041 membranam
978 2023 1035 2042 me-

247 2058 316 2084 diam
337 2058 466 2091 obtendit,
492 2065 542 2086 nec
567 2066 645 2086 unam
670 2059 765 2092 solam,
793 2060 840 2086 sed
865 2065 891 2087 et
912 2060 1034 2094 alteram,

248 2113 325 2132 uuam
346 2104 452 2139 quidem
466 2104 587 2131 calvarim
608 2104 717 2132 inferius
734 2105 908 2139 subtendens,
924 2105 1035 2134 alteram

247 2158 311 2177 vero
326 2158 441 2185 superne
454 2151 556 2178 cerebri
570 2150 642 2178 carni
653 2150 874 2184 circumvolvens,
895 2157 921 2179 et
936 2156 977 2178 est
992 2152 1035 2180 illa

247 2197 297 2224 hac
310 2197 410 2224 durior.
427 2197 482 2224 Hoc
490 2201 578 2224 autem
594 2195 658 2224 fecit
673 2201 727 2224 tum
742 2202 851 2231 propter
870 2204 1036 2224 commemo-

247 2247 330 2270 ratam
343 2249 463 2275 causam,
480 2246 535 2269 tum
548 2246 576 2269 ut
594 2241 681 2269 illatas
694 2243 772 2277 capiti
792 2242 882 2277 plagas
904 2250 956 2269 non
982 2244 1036 2277 pri-

251 2295 323 2314 tnutn
339 2288 454 2322 excipiat
472 2288 622 2321 cerebrum,
636 2287 683 2315 sed
697 2293 921 2322 pra-occurrentes
944 2289 1035 2323 hujus-

249 2334 319 2360 modi
335 2334 497 2360 membratim
518 2333 612 2360 ictibus
627 2338 815 2360 nocumcntum
839 2341 918 2361 omne
939 2335 1036 2362 dissol-

249 2386 322 2413 vant,
336 2385 361 2407 et
375 2380 485 2407 illmsum
502 2380 587 2414 ipsunt
597 2383 764 2407 conservent.
780 2379 848 2413 Quin
863 2385 890 2407 et
902 2380 972 2415 quod
983 2389 1034 2409 non

247 2427 419 2454 continuctur
430 2432 457 2454 et
472 2433 552 2453 unum
566 2426 602 2453 sit
615 2433 645 2452 os
656 2426 740 2460 ipsum
754 2426 891 2460 obtegens.
908 2426 954 2453 sed
969 2427 1036 2453 mul-

249 2480 288 2502 tas
304 2481 337 2501 ex
353 2473 442 2500 multis
458 2473 576 2508 partibus
591 2472 686 2500 haheat
699 2477 813 2504 suturas,
831 2473 919 2500 multa:
931 2481 1034 2500 rursum

247 2520 398 2547 securitatis
411 2519 460 2553 ipsi
475 2525 554 2545 causa
580 2523 630 2545 est.
657 2518 690 2544 Et
703 2525 829 2552 vaporum
854 2519 923 2546 enim
949 2519 1034 2554 ipsum

247 2566 441 2593 continentium
455 2564 539 2591 facilis
559 2572 606 2598 per
629 2570 743 2595 suturas,
767 2563 824 2590 illas
839 2564 956 2591 exterius
978 2564 1034 2591 fieri

248 2616 335 2646 potest
349 2611 499 2645 respiratio,
515 2611 550 2637 ita
565 2615 592 2636 ut
604 2618 655 2636 non
670 2609 814 2637 suffocatur
833 2618 839 2636 ε
865 2615 892 2637 et
913 2610 936 2637 si
959 2611 1033 2645 plaga

247 2659 370 2687 alicunde
382 2658 521 2691 inferatur,
538 2666 590 2685 nett
613 2658 709 2692 ubique
733 2657 762 2684 fit
784 2662 982 2685 nocntnentum.
1006 2657 1034 2685 Si

247 2705 317 2732 enim
327 2705 412 2732 solum
425 2709 452 2732 et
464 2705 617 2732 continuum
631 2711 661 2730 os
671 2709 752 2736 esset,
779 2704 803 2730 in
828 2711 906 2730 uuam
933 2708 1034 2738 partem

247 2752 334 2779 delata
356 2748 431 2787 plaga
452 2755 534 2779 totum
549 2751 681 2783 laesisset;
710 2758 780 2778 nunc
804 2755 892 2778 autem
921 2759 980 2778 cum
1008 2752 1034 2778 iu

247 2799 327 2824 multa
352 2798 464 2825 divisum
490 2798 534 2830 sit,
556 2797 607 2824 hoc
631 2797 686 2824 fieri
699 2804 750 2824 non
764 2801 862 2831 posset.
884 2798 939 2824 Etsi
963 2798 1033 2824 enim

250 2853 328 2872 uuam
343 2849 443 2878 partem
459 2844 588 2870 vulnerari
604 2843 717 2874 accidat,
738 2851 768 2870 os
783 2851 860 2871 seeos
879 2844 949 2871 illam
971 2851 1033 2878 par-

247 2895 298 2917 tem
322 2891 399 2917 silum
424 2890 526 2916 laeditur
540 2890 638 2920 solum,
656 2889 754 2925 reliqua
767 2898 828 2917 vero
842 2895 933 2917 cuncta
948 2897 1035 2917 rema-

1825 159 1875 186 194

1085 225 1254 256 nentillassa,
1272 224 1353 258 plngre
1378 223 1552 249 eontinuitate
1563 229 1594 248 ex
1619 220 1719 247 ossium
1745 218 1876 245 divisione

1083 272 1185 298 sublata
1196 291 1203 302 ,
1216 278 1266 297 nec
1279 270 1304 296 in
1317 269 1463 304 proximam
1477 267 1582 295 extendi
1598 266 1712 293 valente.
1731 265 1876 298 Propterea

1084 325 1116 344 cx
1129 317 1217 343 multis
1229 316 1311 350 ipsius
1322 320 1444 349 tegumen
1458 313 1562 340 ossibus
1573 312 1642 339 Deus
1655 309 1807 344 composuit
1819 317 1826 335 :
1848 312 1876 335 et

1084 364 1151 390 sicut
1165 363 1273 389 domum
1287 361 1382 396 aliquis
1396 359 1540 392 ardificans,
1557 363 1654 385 tectum
1668 361 1694 383 et
1707 355 1812 389 tegulas
1827 361 1874 380 su-

1085 409 1207 443 perponit
1222 415 1228 434 :
1246 408 1285 435 sic
1298 414 1378 441 supra
1390 411 1471 440 caput
1485 405 1555 432 Deus
1568 411 1628 431 ossa
1642 402 1738 430 locavit
1752 405 1780 427 et
1793 399 1877 434 capil-

1084 455 1123 482 los
1137 455 1197 482 fecit
1211 453 1372 489 germinare,
1398 458 1426 479 ιιι
1443 459 1490 486 pro
1502 449 1658 485 quibtedam
1672 447 1771 482 galeris
1798 444 1876 479 capiti

1084 504 1183 527 essent.
1199 499 1254 526 lloc
1264 499 1350 533 ipsum
1362 496 1515 531 profectoet
1530 495 1555 521 in
1569 494 1649 522 corde
1661 492 1733 519 fecit.
1743 490 1875 524 Quoniam

1085 546 1154 572 enim
1170 553 1217 572 cor
1241 544 1423 571 membrorum
1444 546 1596 569 nostrorum
1625 537 1876 574 principalissimum

1085 595 1135 622 cst,
1149 590 1177 618 e't
1190 590 1269 617 totius
1282 590 1343 616 vita:
1354 592 1452 616 nostra:
1467 588 1578 615 firmitas
1591 592 1631 614 est
1646 586 1695 621 ipsi
1720 584 1826 614 tradita.
1847 588 1875 611 et

1086 637 1144 671 ipo
1157 636 1404 671 quomodocumque
1418 641 1544 669 percusso
1560 640 1632 660 mors
1646 631 1752 663 accidit,
1781 630 1877 657 solidis

1085 687 1111 708 et
1124 681 1197 708 duris
1211 681 1315 708 ossibus
1342 681 1391 708 hoc
1406 680 1522 714 undiqtte
1546 677 1770 710 eireummunivit,
1783 681 1811 704 et
1832 684 1878 711 pe-

1085 730 1166 756 ctoris
1181 729 1364 764 prontinentiis
1376 732 1403 756 et
1423 727 1488 762 tergi
1506 727 1621 761 scapulis
1636 726 1721 760 ipsum
1745 723 1879 759 posterius

1087 776 1208 802 numiens
1223 783 1229 801 :
1245 779 1271 802 et
1283 773 1353 810 qttod
1367 774 1394 800 in
1409 773 1512 801 cerebri
1527 771 1688 799 membranis
1713 771 1784 801 fecit.
1798 774 1825 797 et
1851 769 1878 796 in

1088 822 1213 848 hocidem
1231 821 1327 848 factum
1339 825 1389 847 est.
1404 819 1444 847 Ad
1460 819 1510 845 hoc
1523 819 1592 845 enim
1620 825 1652 844 ne
1667 816 1820 851 frequenter
1832 822 1878 841 sa-

1089 868 1166 898 liens.
1181 873 1207 894 et
1222 867 1246 894 in
1260 868 1296 894 ira
1310 865 1513 901 hnjusmodiqne
1528 864 1641 891 molibus
1665 863 1806 898 palpitans,
1830 868 1878 887 os-

1088 914 1155 940 sium
1172 913 1306 948 asperitati
1327 912 1552 939 circumstantium
1578 908 1699 943 infligcns
1724 910 1879 934 conteratur

1087 966 1112 987 et
1123 961 1219 989 doleat,
1235 959 1329 985 multas
1343 963 1369 985 et
1380 958 1415 984 ibi
1429 956 1596 983 membranas
1609 954 1752 985 subteudit,
1767 958 1794 980 et
1816 952 1878 986 pul—

1088 1015 1193 1033 llttIllClll
1207 1005 1355 1040 supposuit,
1371 1005 1442 1031 velut
1456 1003 1535 1030 molle
1548 1001 1681 1036 quoddam
1702 1004 1813 1027 stratttm
1835 999 1878 1032 ip-

1087 1053 1142 1079 sius
1156 1052 1265 1078 saltibus
1278 1057 1425 1085 apponens,
1438 1053 1465 1076 ut
1486 1049 1592 1082 impune
1609 1054 1751 1080 ertttnpens
1775 1053 1808 1071 ex
1829 1043 1878 1070 hoc

1090 1099 1152 1126 nihil
1170 1098 1280 1124 noxium
1295 1097 1418 1130 patiatttr.
1443 1095 1475 1122 Et
1489 1093 1553 1128 qttid
1575 1093 1635 1119 dico
1661 1092 1694 1118 de
1719 1090 1832 1118 cerebro
1852 1093 1878 1116 el

1090 1145 1178 1175 corde,
1195 1151 1253 1170 cum
1265 1144 1353 1176 utique
1366 1143 1387 1169 si
1403 1141 1462 1176 quis
1475 1140 1514 1167 vel
1528 1139 1561 1166 de
1572 1139 1635 1174 ipsis
1648 1138 1778 1173 unguibus
1802 1137 1879 1163 inve-

1088 1191 1167 1225 stiget
1180 1189 1288 1216 multam
1300 1193 1327 1215 et
1343 1187 1368 1214 iu
1392 1187 1432 1214 his
1449 1186 1494 1212 Dei
1509 1185 1665 1219 sapientiam
1688 1183 1776 1210 videat
1797 1189 1879 1216 appa-

1090 1241 1201 1266 rentem,
1218 1239 1272 1261 tmn
1289 1241 1320 1260 ex
1338 1233 1453 1267 ipsarum
1469 1231 1564 1263 forma,
1577 1234 1631 1257 tum
1643 1237 1673 1256 ex
1689 1228 1836 1255 substantia
1850 1231 1878 1254 et

1088 1282 1138 1308 situ
1150 1281 1161 1307 ?
1175 1280 1282 1308 Licebat
1297 1280 1395 1309 dicere.
1410 1285 1492 1313 quare
1516 1282 1542 1304 et
1561 1276 1740 1311 magnitudine
1762 1275 1879 1308 impares

1089 1328 1164 1354 nobis
1178 1327 1249 1361 digiti
1264 1327 1326 1358 sint,
1341 1331 1366 1352 et
1381 1325 1462 1351 multa
1476 1324 1525 1350 alia
1551 1323 1591 1349 his
1618 1322 1709 1357 plura;
1730 1320 1776 1347 sed
1800 1319 1879 1348 suffi-

1089 1375 1188 1400 cienter
1199 1381 1230 1399 ex
1245 1372 1323 1399 dictis
1338 1371 1475 1397 attendere
1489 1369 1637 1396 volentibus
1650 1367 1779 1394 creatoris
1793 1366 1879 1393 nostri

1089 1420 1215 1454 sapientia
1232 1418 1276 1444 Dei
1291 1417 1400 1451 refulget
1415 1425 1421 1442 2
1437 1419 1575 1450 propterea
1591 1419 1690 1448 partem
1709 1412 1777 1439 hanc
1802 1411 1879 1437 labo-

1088 1466 1164 1492 riosis
1190 1465 1340 1498 relinquens
1367 1462 1555 1497 quuirendam
1588 1467 1647 1486 cum
1676 1458 1811 1493 diligentia
1845 1457 1879 1484 ad

1088 1512 1165 1538 aliam
1180 1515 1322 1537 convertar
1336 1509 1540 1544 oppositionem.

1124 1558 1150 1584 .5.
1169 1556 1250 1583 Homo
1265 1555 1415 1582 animalibus
1430 1553 1545 1581 omnibus
1572 1556 1684 1586 prwslnt,
1700 1550 1879 1584 quomodo.—

1089 1602 1159 1629 Multi
1177 1609 1290 1636 namque
1306 1604 1402 1635 prceler
1417 1599 1487 1626 dicta
1509 1602 1536 1625 et
1559 1596 1622 1624 illud
1645 1600 1799 1630 opponunt:
1815 1594 1880 1628 quid

1089 1648 1193 1674 tandem
1209 1647 1231 1673 si
1247 1646 1383 1673 brutorum
1398 1652 1444 1672 rex
1459 1644 1597 1672 esthomo.
1611 1647 1638 1670 et
1651 1641 1747 1668 robore
1761 1640 1878 1675 ctagili-

1089 1698 1141 1720 tate
1154 1697 1182 1720 et
1202 1692 1338 1719 celeritate
1364 1689 1446 1717 multa
1473 1690 1558 1724 ipsum
1581 1691 1707 1722 superant
1730 1685 1880 1713 animalia?

1088 1738 1185 1765 etenim
1201 1737 1308 1764 homine
1319 1736 1435 1763 velocior
1449 1741 1535 1770 equus
1559 1739 1587 1761 et
1599 1732 1756 1760 tolerantior
1768 1732 1829 1764 bos,
1850 1736 1878 1757 et

1087 1784 1170 1810 levior
1183 1782 1282 1817 aquila,
1298 1786 1324 1809 et
1336 1780 1429 1808 fortior
1442 1779 1494 1807 leo.
1510 1778 1577 1813 Quid
1597 1778 1676 1813 igitur
1694 1777 1727 1804 ad
1752 1776 1812 1804 h:rc
1835 1776 1879 1802 di-

1087 1838 1150 1858 cere
1163 1827 1326 1864 possumus?
1340 1826 1416 1860 Quod
1431 1831 1458 1854 et
1478 1825 1540 1853 ltinc
1561 1824 1676 1852 maxime
1701 1823 1747 1850 Dei
1773 1822 1880 1857 sapien-

1089 1877 1151 1903 tiam
1171 1875 1364 1909 cognoscimus,
1383 1878 1409 1900 et
1433 1872 1561 1899 honorem
1581 1878 1634 1905 quo
1656 1876 1706 1896 nos
1727 1868 1879 1896 decoravit.

1088 1920 1212 1948 Velocior
1226 1919 1323 1954 quippe
1337 1925 1419 1953 equus
1429 1922 1470 1944 est
1484 1917 1602 1947 homine.
1618 1915 1664 1942 sed
1679 1914 1712 1942 ad
1724 1914 1880 1950 poregrina~

1088 1967 1167 1994 tionis
1193 1965 1360 1993 velocitatem
1384 1970 1453 1998 equo
1475 1961 1640 1990 commodior
1665 1959 1755 1987 homo.
1788 1959 1880 1994 Equus

1088 2021 1193 2048 nempe,
1214 2011 1333 2047 quamvis
1345 2010 1463 2038 omnium
1476 2007 1659 2035 velocissimus
1669 2010 1697 2033 et
1717 2005 1880 2032 fortissimus

1087 2061 1130 2093 sit,
1146 2061 1187 2087 vix
1198 2059 1311 2086 ducenta
1324 2056 1408 2085 stadia
1422 2063 1476 2083 uno
1489 2055 1533 2082 die
1552 2058 1657 2085 curret;
1683 2052 1766 2079 homo
1788 2055 1881 2078 autem

1088 2108 1184 2135 multos
1198 2113 1230 2133 ex
1240 2103 1409 2132 successione
1427 2109 1510 2137 equos
1534 2100 1568 2128 ad
1589 2107 1695 2128 currum
1715 2099 1831 2134 iungens
1851 2102 1880 2126 et

1088 2153 1140 2181 duo
1153 2152 1297 2180 stadiorum
1319 2149 1400 2176 millia
1422 2147 1548 2182 expedire
1567 2145 1673 2181 poterit.
1694 2144 1786 2179 Itaque
1806 2143 1880 2178 quod

1088 2199 1126 2226 illi
1141 2198 1276 2228 velocitas,
1290 2195 1352 2222 huic
1364 2195 1432 2222 ratio
1447 2198 1474 2221 et
1487 2200 1531 2220 ars
1543 2199 1604 2220 cum
1618 2190 1712 2226 majori
1727 2190 1822 2217 tribuit
1832 2197 1879 2216 su-

1089 2242 1297 2279 perabanduutia
1310 2249 1318 2269 :
1334 2246 1359 2269 et
1374 2244 1426 2267 tam
1441 2239 1547 2266 veloces
1559 2237 1665 2272 quidem
1687 2236 1768 2270 pedes
1797 2235 1880 2262 homo

1089 2300 1141 2318 non
1164 2290 1334 2324 habetqnam
1353 2287 1406 2320 ille,
1433 2286 1512 2313 habet
1539 2291 1602 2312 vero
1625 2283 1707 2319 pedes
1729 2283 1799 2309 illius
1824 2289 1879 2308 nou

1088 2339 1174 2364 minus
1188 2343 1266 2371 quam
1281 2342 1344 2361 suos
1359 2333 1409 2360 sibi
1423 2332 1615 2359 ministrantes.
1641 2330 1782 2356 Brutorum
1807 2328 1879 2355 enim

1089 2383 1187 2410 nullunt
1201 2380 1297 2408 animal
1311 2378 1381 2406 aliud
1396 2377 1428 2405 ad
1442 2384 1518 2404 usum
1532 2383 1608 2403 suum
1632 2374 1774 2409 subjugare
1800 2377 1879 2407 pote-

1088 2430 1143 2460 rit,
1160 2428 1239 2454 homo
1255 2430 1344 2453 autem
1360 2423 1448 2452 omnia
1470 2421 1631 2457 aggreditur,
1655 2424 1683 2447 et
1704 2426 1753 2454 per
1776 2419 1880 2445 variam

1087 2472 1267 2502 artemaDeo
1286 2470 1336 2498 sibi
1362 2469 1495 2500 traditam,
1521 2466 1554 2493 ad
1579 2473 1657 2493 usum
1686 2463 1736 2492 sibi
1762 2463 1880 2491 maxime

1087 2519 1287 2547 convenientem
1308 2514 1460 2542 animalium
1481 2511 1604 2548 quodque
1626 2510 1733 2545 subigit.
1756 2509 1786 2538 Si
1815 2517 1880 2537 vero

1088 2571 1141 2592 tam
1157 2564 1237 2590 fortes
1253 2562 1388 2589 hominum
1403 2559 1483 2594 pedes
1495 2565 1575 2592 quam
1588 2563 1717 2591 equorum
1744 2555 1877 2587 fuissent;

1088 2611 1120 2638 ad
1133 2610 1183 2636 alia
1195 2606 1433 2637 fuissentinutiles,
1454 2604 1488 2631 ad
1513 2604 1631 2631 locorum
1655 2601 1829 2629 dtfficultates
1852 2605 1879 2628 et

1088 2656 1216 2683 montium
1235 2653 1349 2681 vertices
1361 2656 1388 2679 et
1407 2651 1532 2678 arborum
1557 2648 1728 2676 ascensiones
1744 2655 1752 2675 :
1780 2647 1878 2682 ungula

1087 2703 1157 2730 enim
1172 2701 1205 2727 ad
1219 2700 1279 2726 talia
1291 2705 1398 2734 gressus
1409 2695 1536 2730 intpcdire
1548 2694 1627 2722 solet.
1639 2693 1731 2728 itaque
1742 2692 1795 2720 etsi
1810 2693 1877 2718 mol-

1088 2749 1167 2775 liores
1180 2747 1297 2780 ipsorum
1313 2743 1403 2779 pedes,
1418 2747 1505 2770 tamen
1518 2741 1638 2775 pluribus
1651 2739 1795 2774 opportuni
1812 2743 1874 2765 sunt

1087 2794 1254 2826 utilitatibus,
1277 2796 1304 2819 ot
1327 2790 1392 2818 nihil
1413 2797 1447 2817 ex
1474 2787 1625 2816 infirmitate
1647 2786 1790 2818 laeduntur,
1819 2786 1877 2819 equi

1088 2846 1185 2869 Virtute
1199 2840 1247 2868 sibi
1262 2839 1403 2870 serviente,
1420 2840 1446 2863 et
1462 2843 1508 2869 per
1522 2841 1627 2869 gressus
1650 2831 1781 2858 varietate
1809 2838 1877 2864 pne-

1086 2889 1195 2916 cellunt.
1209 2887 1319 2913 llursum
1336 2890 1376 2913 cst
1390 2883 1483 2920 aquibe
1499 2881 1583 2909 levior
1604 2879 1655 2911 ala,
1671 2877 1717 2906 sed
1746 2881 1787 2904 est
1815 2875 1877 2902 mihi
