1962 3121
91 147 137 176 125
595 144 639 172 AD
658 142 818 172 POPULUM
836 141 1077 172 ANTIOCHENUM
1107 141 1220 170 HOMIL.
1237 141 1282 169 XI.

89 204 151 229 ratio
160 207 187 228 et
199 210 253 232 ars.
271 209 322 236 per
344 209 425 237 quam
452 207 557 236 possunt
583 200 671 226 omnia
692 199 807 227 volanti:
829 199 877 227 de-

88 248 189 276 trahere
201 247 333 274 animalia
345 251 374 274 et
388 254 494 281 capere.
504 246 532 274 Si
543 254 606 273 vero
619 246 659 272 vis
669 251 696 272 et
707 246 777 272 alam
791 252 878 272 meam

89 295 182 321 ridere:
194 293 284 320 habeo
295 294 342 320 illa
355 294 441 321 multo
455 293 592 323 leviorem.
608 299 660 319 non
676 291 802 326 usquead
817 296 874 318 sta-

86 340 124 366 dia
138 339 242 370 decem,
259 339 303 365 vel
321 337 425 375 viginti.
441 346 491 365 nec
501 345 583 373 usqtte
592 338 626 364 ad
635 338 740 367 uelum.
757 337 802 365 sed
829 344 874 364 su-

87 393 128 420 per
146 385 232 418 ipsum
246 384 346 411 ewlum
361 385 509 411 evolantem
523 388 550 410 et
562 391 643 418 super
654 384 749 410 coelum
768 383 828 411 (ναειί
841 391 882 410 su-

89 430 182 463 perius,
197 429 243 456 ubi
259 435 303 456 est
314 429 436 457 Christus
450 429 474 456 in
487 429 580 456 dextra
601 429 647 456 Dei
670 429 776 456 sedens.
801 429 881 456 Bruta

87 483 185 501 rursum
201 475 227 501 ili
243 482 364 510 corpore
376 479 471 510 gerunt
493 482 566 502 arma
583 483 590 501 ε
615 478 677 509 puta
701 474 748 502 bos
770 482 880 505 cornua.

85 521 172 547 dentes
180 527 258 554 aper,
273 528 378 555 ungues
392 521 432 548 leo
447 530 455 553 ς
470 520 535 547 mihi
557 527 621 547 vero
636 527 688 546 non
712 520 738 546 in
761 520 882 555 corporis

87 573 171 593 natura
187 566 260 593 Deus
274 574 354 593 arma
379 566 507 601 reposuit.
531 566 578 593 sed
606 571 682 592 extra
701 573 797 600 corpus
810 586 817 597 .
832 565 881 593 de-

87 616 231 638 monstrans
241 611 319 646 quod
334 612 432 638 animal
444 612 507 638 mite
530 612 564 638 sit
585 611 675 643 homo,
698 615 726 638 et
735 610 806 645 quod
829 618 882 638 non

87 657 144 684 mihi
166 664 277 691 semper
291 657 388 684 ltornm
405 662 509 692 tempus
531 665 666 684 armorum
684 665 691 682 :
709 657 806 684 etenim
830 656 884 684 frc-

88 707 193 736 qnentcr
213 702 328 737 quidem
350 703 405 737 ip~a
431 703 553 737 depono,
583 710 771 737 nonnunquam
795 707 882 730 autem

89 749 203 776 inanibus
213 756 310 776 sumo.
330 749 364 777 Ut
381 749 459 784 igitur
473 750 539 776 liber
555 754 582 776 et
604 749 742 776 absolutus
764 749 825 780 sim,
849 755 883 776 ne

88 801 186 828 semper
197 798 313 829 gestare
325 802 406 828 cogar
424 802 510 826 arma,
527 802 542 821 a
567 799 660 821 natura
675 802 733 821 utea
761 799 882 829 separata

90 840 144 867 fecit
161 840 217 875 ipsa
240 840 328 868 Deus.
358 842 416 868 Non
443 842 514 869 enim
539 846 652 873 tantum.
676 841 735 876 quia
762 846 883 868 naturam

90 885 208 912 habemus
221 886 400 918 rationalem,
423 886 501 913 bruta
514 894 680 921 superamus,
705 886 752 914 sed
774 891 800 914 et
821 894 883 914 cor-

91 939 145 965 pore
157 931 222 966 ipsis
234 938 418 966 praestamus:
445 937 471 959 et
486 932 535 959 hoc
549 933 619 959 enim
634 933 730 959 anima:
749 932 884 967 generosi-

91 978 130 1004 Liti
153 978 332 1010 conveniens,
371 982 399 1005 et
423 978 553 1005 mandatis
578 977 637 1012 ejus
660 977 784 1005 idoneum
813 978 884 1006 Deus

90 1023 261 1058 pnnparavit:
279 1024 383 1050 ctenim
396 1031 493 1058 corpus
508 1024 559 1050 tale
569 1031 621 1051 nor.
633 1028 732 1050 temere
744 1024 815 1057 fecit,
837 1024 884 1050 sed

89 1070 158 1104 quale
170 1070 249 1096 decet
260 1077 327 1096 esse
348 1063 471 1096 rationali
487 1073 588 1096 natura:
601 1068 756 1096 ministrans
780 1077 786 1095 :
813 1069 884 1104 quod

89 1116 132 1142 nisi
147 1116 197 1142 tale
211 1120 300 1148 esset,
322 1116 494 1143 vehementer
508 1115 642 1150 impedita:
657 1115 772 1142 fuissent
788 1116 885 1142 anima:

90 1162 276 1195 υννιντιιίυιιοςι
297 1167 327 1188 et
353 1162 404 1188 hoe
422 1169 455 1189 ex
477 1161 678 1197 mgritttdiuibus
703 1161 884 1191 manifestum.

89 1207 112 1234 Si
124 1207 191 1234 enim
207 1207 350 1234 modicum
367 1207 429 1242 quid
442 1215 457 1234 a
473 1214 578 1242 propria
596 1207 786 1234 constitutione
810 1214 886 1234 aver-

91 1258 153 1279 tatur
166 1254 221 1287 ipse
237 1254 335 1280 carnis
358 1258 453 1286 status,
469 1252 558 1279 multae
571 1260 602 1280 ex
630 1253 726 1279 aninme
750 1252 885 1286 operatio-

90 1298 160 1325 nibus
172 1298 373 1332 impediuntur,
390 1303 451 1332 puta
466 1298 487 1324 si
501 1297 612 1324 calidius
627 1297 670 1324 vel
696 1297 816 1332 frigidius
842 1305 886 1325 ce-

89 1344 189 1371 rebrum
204 1346 260 1371 liat.
274 1343 371 1379 Itaque
385 1348 412 1371 et
423 1352 456 1371 ex
468 1350 581 1378 corpore
593 1343 703 1370 multam
725 1343 772 1370 Dei
797 1343 887 1378 provi—

90 1390 198 1417 dentiam
215 1399 336 1418 ceruere
350 1391 420 1423 licet,
435 1397 486 1418 nou
501 1394 602 1417 tantum
616 1390 741 1424 quoniam
755 1390 788 1417 ab
812 1390 887 1417 initio

92 1437 169 1470 ipsum
183 1436 294 1468 nudius,
308 1444 387 1470 quam
402 1443 471 1463 nunc
483 1440 534 1468 est,
556 1435 627 1462 Deus
653 1434 725 1467 fecit,
747 1434 795 1462 sed
820 1442 886 1470 quo-

91 1482 155 1508 niam
169 1487 195 1509 et
207 1481 241 1508 ad
257 1482 377 1517 gloriam
393 1481 476 1508 multo
489 1480 617 1515 majorem
640 1487 745 1507 rursum
770 1479 884 1507 resusci-

92 1529 162 1556 tabil.
173 1527 201 1556 Si
218 1535 285 1555 vero
303 1532 331 1555 et
343 1527 450 1555 aliunde
469 1526 572 1554 discere
593 1526 642 1559 vis,
663 1530 789 1562 quantam
820 1526 888 1553 Deus

92 1575 242 1608 sapientiam
256 1575 334 1601 circa
349 1581 447 1608 corpus
460 1572 692 1605 demonstraverit,
716 1571 803 1599 dicam
826 1571 886 1604 hoc,

92 1621 156 1654 quod
169 1621 294 1647 omnium
307 1620 422 1648 maxime
433 1619 529 1647 Paulus
539 1618 664 1645 admirari
686 1617 793 1645 assidue
813 1618 888 1645 vide-

94 1671 139 1693 tur.
164 1666 233 1700 Quid
257 1671 354 1693 autem
374 1666 425 1693 hoc
452 1665 514 1693 est?
537 1664 654 1692 Membra
677 1664 789 1691 alterum
812 1664 889 1691 alteri

94 1717 212 1747 put-stare
225 1711 306 1744 fecit,
322 1719 375 1738 non
389 1711 415 1737 in
429 1711 533 1743 iisdem,
549 1710 596 1737 sed
611 1709 669 1736 hinc
695 1709 801 1744 quidem
827 1709 889 1744 pul-

95 1760 238 1787 chritudine
249 1760 402 1795 praevalere
415 1759 517 1792 statuit,
531 1758 576 1785 illa
585 1765 648 1784 vero
663 1756 760 1784 robore
776 1765 783 1783 :
813 1761 889 1791 puta,

95 1807 197 1841 pulcher
209 1807 324 1839 oculus,
339 1806 385 1833 sed
401 1806 523 1833 furtim-es
538 1806 619 1840 pedes
634 1813 640 1831 ε
653 1805 798 1840 pretiosutn
811 1808 891 1838 caput

99 1853 139 1880 Sed
161 1853 251 1880 dicere
265 1861 323 1879 nou
336 1856 422 1887 potest
438 1850 558 1886 pedibus,
573 1851 648 1878 vobis
660 1858 727 1884 opus
740 1857 791 1876 non
806 1849 891 1877 habeo

97 1899 138 1932 (l.
153 1899 210 1925 Cor.
229 1898 277 1926 12.
295 1898 326 1925 2i
343 1897 365 1935 ).
382 1897 437 1926 Hoc
451 1902 480 1925 et
493 1898 520 1925 in
529 1897 613 1925 brutis
627 1904 737 1924 cernere
749 1896 821 1927 licet,
837 1895 890 1922 hoc

97 1951 120 1972 ct
132 1946 155 1972 in
171 1951 224 1973 tota
239 1946 346 1981 pariter
357 1946 419 1972 vita.
431 1945 487 1972 Rex
502 1945 580 1980 igitur
590 1943 704 1970 subditis
714 1950 781 1978 opus
798 1941 888 1974 habet,

96 1992 187 2020 solutiti
203 2001 285 2028 rege,
300 1993 367 2020 sicut
378 1995 458 2026 caput
469 1990 590 2026 pedibus.
603 1990 636 2017 Et
645 1996 750 2017 rursum
766 1989 792 2016 in
806 1987 892 2016 brutis

99 2039 149 2067 h:ec
167 2040 282 2074 quidem
304 2044 366 2067 sunt
389 2038 509 2070 fortiora,
529 2037 587 2064 haec
609 2033 891 2069 autemspeciosiora;

99 2085 147 2112 hac
162 2093 210 2112 nos
223 2085 374 2115 delectant.
389 2084 445 2111 hate
460 2088 549 2110 autem
580 2081 706 2109 amiciunt
719 2089 726 2107 :
746 2085 808 2116 puta
819 2080 893 2107 dele-

100 2135 149 2158 ctat
162 2139 230 2166 pavo
239 2152 247 2164 ,
277 2131 397 2158 nutriunt
411 2129 515 2164 gallina:
528 2135 559 2156 ac
573 2135 651 2160 sues;
667 2135 730 2154 oves
743 2130 830 2153 autem
846 2133 892 2152 ve-

100 2177 174 2203 stiunt
187 2181 216 2204 et
229 2184 333 2211 caprze,
342 2175 506 2203 collaborant
520 2173 568 2201 bos
579 2177 606 2200 et
616 2172 715 2199 asinus.
725 2171 792 2199 Sunt
803 2176 893 2198 autem

101 2223 193 2256 ctalia,
207 2231 268 2258 quae
283 2223 380 2249 horum
409 2221 514 2256 quidem
527 2219 591 2247 nihil
614 2219 742 2254 przebent,
765 2222 894 2245 exercent

101 2274 183 2296 autem
195 2269 325 2296 virtutem
336 2272 466 2300 nostram,
487 2265 590 2293 utfera:
614 2269 769 2292 venatorum
797 2267 895 2298 augent

103 2314 279 2342 fortitudinem
300 2317 329 2341 et
351 2313 445 2340 timore
472 2319 556 2347 genus
578 2315 697 2338 nostrum
708 2309 843 2342 erudiunt,
868 2313 895 2335 et

103 2361 198 2388 cautius
209 2361 338 2392 reddunt,
351 2367 400 2387 nec
411 2359 543 2386 modicqu
556 2358 588 2384 ad
600 2357 757 2384 medicinam
768 2355 894 2383 tribututn

105 2407 175 2434 nobis
187 2407 220 2434 de
232 2406 350 2442 propriis
362 2405 502 2433 conferunt
517 2404 653 2432 membris.
668 2403 758 2438 Itaque
770 2410 831 2430 cum
847 2402 894 2430 tibi

104 2453 160 2486 quis
171 2453 280 2485 dixerit,
292 2451 428 2487 quomodo
440 2451 577 2478 brutorum
587 2457 616 2477 es
640 2449 774 2480 dominus,
800 2455 845 2483 qui
861 2447 894 2474 ti-

106 2505 159 2524 mes
169 2499 272 2525 le0nem
286 2497 298 2524 ?
315 2496 449 2531 responde
465 2496 499 2523 ab
512 2495 588 2522 initio
598 2502 651 2521 non
669 2494 704 2520 ita
729 2501 759 2521 se
783 2500 828 2520 res
849 2492 897 2520 ha-

107 2545 200 2577 bnisse,
211 2544 320 2580 quando
343 2543 414 2578 apud
440 2543 522 2570 Deum
549 2542 576 2569 in
601 2540 797 2569 existimatione
819 2543 897 2567 erant

109 2590 223 2617 homines
235 2610 243 2623 ,
259 2589 367 2625 quando
380 2589 406 2615 in
418 2588 542 2623 paradiso
556 2586 727 2614 morabantur
740 2593 748 2617 ;
759 2585 805 2613 sed
822 2590 896 2620 post-

109 2643 182 2668 quam
196 2636 338 2663 Dominum
353 2633 462 2666 oll'endi,
478 2633 562 2660 servis
577 2632 660 2659 factus
673 2640 732 2658 sum
746 2631 894 2664 obnoxius,

111 2686 258 2708 nontamen
278 2680 402 2714 omnino,
432 2679 478 2707 sed
500 2679 585 2706 habeo
604 2678 718 2713 aliquam
741 2682 825 2704 artem
850 2683 897 2711 per

111 2726 264 2760 quatnferus
274 2725 465 2761 supcrcm.Sic
478 2725 544 2752 etin
572 2724 696 2752 domibus
717 2723 820 2758 magnis
846 2730 896 2750 usu

113 2771 186 2804 venit,
201 2778 226 2799 ut
242 2766 298 2804 lilii,
313 2771 436 2807 quamvis
447 2770 549 2798 nobiles
561 2770 624 2802 sint,
646 2769 709 2796 dum
732 2775 825 2803 parum
848 2775 895 2793 va-

115 2817 342 2850 lenlaurtoritate,
369 2825 506 2844 servorum
530 2816 627 2843 multos
646 2814 807 2844 formident;
834 2821 896 2840 cum

116 2868 195 2892 autem
209 2870 232 2892 et
244 2864 425 2899 pcccavcrint,
437 2862 518 2889 multo
532 2861 614 2897 magis
634 2860 752 2888 anxietas
776 2858 895 2886 intenda-

1674 144 1723 172 1‘26

932 203 983 226 tur.
1000 198 1062 226 litec
1073 203 1100 226 et
1112 198 1146 226 de
1157 199 1324 233 serpentibus
1337 203 1363 226 et
1371 201 1480 234 scorpiis
1494 205 1521 228 et
1541 201 1639 236 viperis
1659 202 1720 230 licet

931 245 1032 277 dicere,
1044 245 1113 280 quod
1125 251 1231 279 propter
1246 250 1381 280 peccatum
1397 246 1473 273 nobis
1484 247 1537 274 sint
1553 248 1696 276 terribiles.

968 291 995 318 5.
1012 290 1066 318 Nec
1078 298 1142 317 vero
1158 295 1256 317 tantum
1274 291 1299 317 in
1317 298 1428 326 corpore
1449 297 1540 319 nostro
1558 294 1719 321 conditioni-

933 337 1035 372 busque
1055 338 1152 369 variis,
1171 342 1198 364 et
1221 337 1246 364 in
1269 337 1361 369 brutis,
1383 345 1473 364 verum
1491 343 1518 365 et
1538 339 1563 366 in
1586 341 1725 368 arboribus

933 383 1088 411 varietatem
1100 384 1168 410 hanc
1182 388 1303 417 spectare
1315 384 1385 416 licet,
1399 389 1426 412 et
1438 386 1555 412 omnium
1569 387 1724 415 viliSsimam

934 436 1005 463 stupe
1020 429 1110 456 videas
1126 429 1253 463 majorem
1268 437 1406 464 superare,
1425 438 1473 458 nec
1486 431 1574 458 omnia
1590 432 1615 459 in
1630 434 1720 468 singu-

934 475 966 502 lis
981 482 1055 508 esse,
1079 480 1107 502 ut
1128 476 1216 502 omnia
1237 476 1313 503 nobis
1332 476 1384 503 sint
1401 478 1550 505 necessaria
1561 499 1569 511 ,
1585 483 1611 506 et
1626 481 1724 507 variam

935 520 1041 547 Domini
1058 521 1211 548 noverimus
1225 522 1392 556 sapientiam.
1408 523 1466 550 Noli
1483 523 1561 559 igitur
1576 524 1657 552 Dentu
1671 535 1727 559 pro-

935 569 993 600 pter
1006 567 1126 600 corporis
1137 568 1333 602 corruptionem
1346 575 1481 602 accusare,
1494 569 1540 597 sed
1557 575 1665 605 propter
1677 571 1726 598 hoc

934 613 1018 648 magis
1038 614 1123 648 ipsmn
1148 614 1228 642 adora
1242 635 1249 647 ,
1275 620 1302 642 et
1322 616 1479 650 sapientiam
1492 622 1517 644 et
1534 617 1726 652 pr0\'idt'llliilll|

935 659 1018 694 ipsius
1029 659 1161 688 admirare
1172 661 1345 695 :sapientiam
1360 662 1477 697 quidem,
1491 664 1615 698 quoniam
1630 664 1656 691 in
1672 670 1724 691 lani

935 705 1100 740 corruptibili
1120 713 1232 741 corpore
1250 711 1349 734 tantam
1365 709 1450 742 potuit
1466 708 1632 738 harmoniam
1649 711 1727 738 exhi-

935 749 1017 782 bere;
1035 751 1228 785 providentiam
1253 760 1334 786 vero,
1348 754 1473 786 quoniam
1493 755 1727 791 ipsum-corrupti-

936 795 989 824 bile
1011 797 1045 824 ad
1066 799 1162 825 anima:
1183 798 1246 826 fecit
1268 799 1425 832 utilitatem,
1449 804 1477 828 ut
1495 801 1576 836 ipsius
1595 806 1727 830 tumorem

935 844 1092 877 comprimat
1105 864 1111 876 ,
1131 849 1158 872 et
1172 845 1324 879 superbiam
1338 847 1458 881 castiget.
1475 847 1562 881 Quare
1582 849 1660 883 igitur
1673 856 1729 876 non

935 889 969 916 ab
981 889 1056 916 initio
1071 889 1155 924 ipsum
1171 891 1223 919 tale
1238 891 1300 918 fecit
1313 892 1382 919 Deus
1396 913 1403 925 ,
1418 892 1502 927 inquit
1514 893 1628 928 aliquis?
1638 894 1728 922 Excu-

936 942 998 962 sans
1011 943 1040 963 se
1055 936 1100 964 tibi
1115 944 1162 971 per
1176 937 1232 971 ipsa
1245 945 1336 972 opera,
1349 943 1377 966 ct
1390 943 1490 966 tantum
1502 947 1556 967 non
1565 940 1658 968 dicens
1675 948 1724 976 per

936 986 1060 1008 eventum
1075 990 1081 1009 :
1099 982 1156 1018 Ego
1170 982 1277 1018 quidem
1294 988 1319 1010 te
1333 983 1366 1011 ad
1386 985 1514 1019 majorem
1528 985 1655 1013 vocabam
1675 987 1727 1015 lto.-

937 1035 1040 1060 norem,
1056 1033 1083 1055 tu
1098 1037 1162 1056 vero
1177 1030 1289 1064 teipsum
1304 1038 1415 1058 munere
1427 1031 1563 1066 indignum
1577 1032 1728 1066 reddidisti,

937 1074 1060 1108 paradiso
1082 1075 1223 1107 excidens;
1241 1081 1421 1104 verumtamen
1438 1085 1523 1112 neque
1544 1078 1583 1106 sic
1603 1083 1628 1106 te
1641 1079 1729 1114 despi-

937 1121 1016 1154 ciam,
1033 1122 1079 1149 sed
1102 1128 1238 1157 peccatutn
1255 1129 1328 1150 tuum
1342 1125 1480 1159 corrigens
1496 1125 1521 1152 in
1535 1125 1631 1153 cmlum
1646 1126 1727 1153 redu-

937 1174 1006 1194 cam.
1024 1168 1127 1194 Etenim
1145 1173 1284 1203 propterea
1301 1174 1325 1196 te
1341 1170 1476 1197 tabescere
1489 1176 1513 1197 et
1524 1171 1657 1206 corrumpi
1672 1175 1730 1198 tau-

938 1216 992 1239 tnm
1019 1214 1145 1247 temporis
1169 1215 1296 1249 permisi,
1321 1220 1350 1242 ut
1375 1215 1401 1242 in
1427 1216 1554 1251 temporis
1580 1217 1731 1251 prolixitate

938 1257 1039 1284 stabilis
1051 1259 1059 1273 ί
1076 1258 1121 1285 tibi
1145 1259 1190 1286 iiat
1205 1259 1361 1287 humilitatis
1375 1260 1530 1295 disciplina,
1547 1267 1574 1288 et
1586 1269 1729 1296 numquam

938 1305 1053 1339 priorem
1077 1312 1197 1332 resumas
1219 1310 1346 1334 mentem.
1370 1306 1421 1334 Pro
1443 1306 1484 1334 his
1505 1307 1629 1334 omnibus
1653 1307 1730 1342 igitur

937 1350 1035 1384 gratias
1045 1358 1154 1385 agamus
1166 1350 1281 1386 benigno
1296 1352 1359 1384 Deo,
1373 1356 1400 1379 et
1413 1359 1460 1386 pro
1474 1353 1518 1379 tali
1538 1360 1600 1381 cura
1618 1353 1729 1388 gratiam

940 1395 1129 1430 rependamus.
1144 1404 1204 1431 qua:
1215 1397 1291 1424 nobis
1305 1397 1385 1425 etiam
1400 1398 1434 1425 sit
1453 1399 1522 1425 utilis
1536 1407 1542 1425 :
1558 1403 1585 1426 et
1603 1400 1731 1433 mandati,

939 1441 973 1469 de
994 1449 1047 1476 quo
1071 1442 1145 1470 vobis
1168 1443 1266 1477 smpius
1290 1443 1422 1476 disserui,
1448 1445 1564 1472 studium
1589 1444 1732 1473 habeamus

940 1488 1095 1514 maximum.
1119 1487 1211 1523 Neque
1227 1489 1298 1516 enim
1314 1488 1459 1521 desistam,
1473 1489 1559 1518 donec
1572 1490 1637 1518 illud
1649 1499 1732 1526 expe-

939 1533 1041 1560 dieritis
1055 1543 1062 1560 :
1079 1533 1203 1569 quoniam
1218 1534 1269 1561 hoc
1281 1542 1333 1562 non
1345 1536 1472 1570 qumritur
1482 1543 1496 1562 a
1509 1536 1595 1569 nobis,
1608 1537 1733 1571 paucisne

940 1587 973 1606 an
996 1579 1087 1607 multis
1108 1585 1214 1607 utamur
1235 1580 1480 1614 admonitionibus,
1498 1582 1546 1609 sed
1562 1587 1589 1610 ut
1602 1589 1635 1610 eo
1651 1590 1733 1617 usque

940 1632 1099 1652 moneamus
1111 1645 1119 1658 ,
1133 1625 1219 1653 donec
1232 1626 1306 1653 vobis
1322 1627 1541 1661 persuaserimus.
1558 1627 1657 1655 Juda'is
1673 1628 1733 1662 qui-

941 1670 1001 1698 dem
1015 1671 1084 1699 Deus
1099 1679 1147 1706 per
1166 1672 1323 1706 prophetam
1342 1672 1467 1700 dicebat:
1483 1673 1512 1700 Si
1535 1674 1568 1700 ad
1587 1674 1688 1709 judicia
1710 1679 1732 1700 et

940 1718 1110 1744 contentione:
1117 1718 1251 1752 jejunulis,
1265 1723 1292 1745 ut
1305 1718 1366 1753 quid
1374 1719 1498 1753 jejunalis
1509 1718 1629 1754 (13411258.
1640 1720 1668 1746 4.
1683 1719 1710 1754 5)
1721 1719 1733 1746 'l

942 1764 993 1790 Per
1007 1771 1056 1791 nos
1069 1771 1133 1790 vero
1146 1763 1219 1790 vobis
1234 1763 1315 1796 dicet,
1327 1763 1354 1791 Si
1367 1764 1401 1790 ad
1412 1764 1563 1798 iuramenta
1577 1769 1605 1792 et
1620 1766 1734 1799 perjuria

939 1808 1066 1843 jejunatis
1076 1828 1083 1841 ,
1099 1815 1128 1836 ut
1141 1809 1202 1844 quid
1219 1809 1366 1844 jejunatis?
1384 1809 1524 1844 Quomodo
1544 1811 1615 1837 enim
1629 1818 1733 1837 sacrum

942 1854 1092 1882 videbimus
1112 1855 1230 1891 pascha?
1253 1856 1387 1890 quomodo
1411 1861 1532 1884 sanctum
1559 1858 1737 1892 suscipiemus

942 1901 1265 1936 sacrilicium?quomodo
1293 1901 1458 1928 mirabilibus
1480 1902 1736 1929 connimnicahimus

944 1948 1079 1983 mysteriis
1095 1947 1182 1982 lingua
1198 1947 1241 1974 illa
1256 1955 1306 1982 qua
1319 1947 1368 1974 Dt-i
1383 1948 1467 1982 legem
1478 1947 1734 1980 conculcaverimus,

944 1994 1032 2028 lingua
1045 1993 1099 2026 illa,
1114 2001 1166 2028 qua
1180 1994 1297 2020 animam
1308 1993 1594 2020 eontaminaverimus?
1607 1992 1634 2021 Si
1658 2001 1736 2020 nemo

944 2047 1058 2074 namque
1073 2047 1215 2074 purpuram
1230 2038 1346 2074 regalem
1363 2039 1485 2066 manibus
1502 2039 1623 2073 accipere
1646 2039 1733 2073 inqui-

945 2085 1013 2112 natis
1034 2084 1162 2117 auderet,
1183 2084 1317 2120 quomodo
1341 2083 1507 2111 Dominicnm
1529 2091 1626 2118 corpus
1649 2084 1734 2118 lingua

945 2130 1043 2166 polluta
1058 2130 1253 2165 suscipiemus?
1267 2130 1452 2158 Juramentmu
1468 2129 1538 2156 enim
1554 2129 1658 2163 maligni
1670 2149 1680 2160 ,
1691 2137 1736 2156 sa-

944 2177 1072 2204 crificium
1089 2184 1152 2205 vero
1166 2177 1281 2204 Domini.
1298 2176 1362 2209 Quae
1383 2175 1460 2210 igitur
1477 2175 1670 2203 centumuiralia
1689 2175 1737 2201 luci

945 2223 979 2250 ad
1001 2222 1129 2254 tenebras,
1150 2223 1188 2249 vel
1206 2229 1263 2258 qua
1283 2221 1454 2249 convenienlt'a
1477 2220 1576 2248 Christo
1600 2220 1633 2246 ad
1657 2219 1738 2246 Belial

947 2269 993 2304 (2.
1009 2268 1068 2297 Cor.
1086 2269 1113 2296 6.
1132 2270 1175 2296 l4.
1191 2267 1352 2303 15)?Quod
1367 2267 1445 2302 igitur
1461 2266 1510 2293 hac
1524 2266 1629 2293 liberari
1644 2266 1737 2299 impie-

947 2319 1001 2342 tate
1025 2314 1194 2346 studueritis,
1222 2313 1361 2341 manifeste
1385 2312 1458 2344 scio;
1481 2311 1528 2339 sed
1550 2311 1674 2346 quoniam
1693 2319 1738 2345 per

947 2360 1063 2394 seipsum
1087 2367 1139 2387 non
1164 2359 1243 2386 facile
1265 2359 1377 2394 quisque
1399 2357 1463 2384 illud
1483 2357 1609 2392 expedire
1635 2362 1737 2392 potest,

947 2406 1075 2435 faciamus
1096 2406 1218 2434 sodalitia
1237 2410 1265 2434 et
1285 2406 1407 2433 classes:
1423 2410 1450 2433 et
1471 2406 1542 2440 quod
1563 2405 1590 2432 in
1612 2405 1740 2433 conviviis

948 2460 1078 2487 pauperes
1093 2451 1209 2484 faciunt,
1223 2451 1349 2486 quoniam
1364 2458 1417 2478 non
1437 2455 1526 2485 potest
1539 2451 1651 2486 quisque
1668 2451 1740 2477 solus

948 2498 1098 2525 convivium
1113 2497 1241 2524 exhibere
1262 2496 1408 2531 perfectum
1421 2517 1430 2530 ,
1443 2497 1636 2524 convenientes
1648 2503 1740 2523 omnes

947 2552 981 2571 ex
1003 2543 1125 2579 symbolo
1145 2542 1294 2570 convivium
1314 2542 1456 2570 conferunt
1471 2551 1478 2569 :
1494 2542 1544 2570 hoc
1557 2547 1584 2569 et
1597 2549 1647 2569 nos
1661 2541 1741 2569 facia-

949 2597 1019 2622 mus,
1031 2587 1136 2623 quando
1150 2595 1197 2622 per
1212 2595 1261 2615 nos
1272 2587 1344 2622 ipsos
1359 2587 1455 2622 torpidi
1469 2595 1561 2614 sumus
1572 2607 1581 2619 ,
1594 2587 1689 2614 divisis
1702 2587 1741 2613 iu-

949 2640 990 2662 ter
1002 2642 1050 2661 nos
1063 2634 1134 2661 curis
1147 2642 1180 2661 ex
1195 2639 1275 2668 pacto
1287 2638 1435 2660 statuamus
1450 2633 1574 2660 conferre
1588 2633 1739 2663 consilium,

949 2680 1121 2708 tuonitionem
1132 2700 1139 2711 ,
1153 2678 1367 2707 exhortationem
1377 2699 1385 2712 ,
1400 2671 1606 2712 increpationem
1618 2698 1624 2710 ,
1637 2678 1722 2704 minas
1731 2696 1739 2710 ,

948 2732 977 2754 ttt
991 2734 1023 2754 ex
1038 2725 1202 2760 singulorum
1218 2725 1306 2753 studio
1325 2732 1419 2752 omnes
1443 2729 1515 2751 recte
1533 2731 1650 2758 agamus.
1666 2724 1739 2756 Quo-

948 2773 1018 2800 niam
1040 2772 1110 2800 enitn
1133 2772 1314 2807 proximorum
1337 2779 1380 2799 res
1396 2772 1500 2798 acutius
1522 2771 1641 2796 videmus
1660 2777 1737 2804 quam

981 2864 989 2878 ⁸
1007 2861 1104 2891 Quidam
1116 2863 1169 2885 Ms».
1181 2867 1187 2885 ι
1204 2859 1300 2891 Regula,
1314 2858 1374 2886 loco.
1387 2857 1486 2883 stabilis.
