1962 3121
249 115 300 143 127
601 117 629 145 5.
650 117 789 146 JOANNIS
802 119 1040 150 CHRYSOS’I‘OMI
1060 123 1215 151 ARCHIEP.
1236 125 1501 156 CUNSTANTINOP.

244 179 358 207 nostras,
373 180 425 200 non
439 172 505 201 alios
517 173 697 202 custodiamus
707 195 715 208 ,
731 180 758 202 et
773 176 856 203 nostri
871 176 922 203 illis
936 181 1027 204 custo-

242 221 311 247 diam
327 220 499 254 mandemus,
518 226 545 248 et
567 221 617 249 hoc
637 222 774 256 pulchrum
796 222 924 250 faciamus
944 228 1032 250 certa-

241 275 312 298 men,
328 271 358 294 ut
372 266 407 293 ita
423 272 526 302 turpem
540 267 609 295 hanc
623 269 843 297 consuetudinem
858 274 1030 304 superantes,

241 319 301 338 cum
322 312 418 339 ﬁducia
437 312 471 339 ad
486 312 553 340 hanc
576 319 694 340 sanctam
718 314 856 341 veniamus
877 314 1032 341 solemnita-

240 363 310 390 tem,
325 362 350 384 et
372 358 457 385 sancti
480 359 621 394 participes
641 360 725 386 simus
745 360 867 388 sacriﬁcii
879 368 939 387 eum
954 359 1031 387 beata

1837 134 1888 163 19.8

1087 186 1145 213 spe,
1159 185 1186 207 et
1199 181 1360 208 conscientia
1372 182 1450 215 bona,
1462 184 1545 218 gratia
1560 190 1587 212 et
1601 185 1765 221 benignitate
1775 188 1883 216 Domini

1089 227 1170 253 nostri
1195 226 1258 254 Jesu
1280 228 1396 261 Christi,
1425 237 1472 264 per
1494 238 1572 265 quem
1598 238 1625 259 et
1649 241 1709 260 cum
1732 243 1787 269 quo
1814 236 1886 263 Patri

1087 271 1170 305 gloria
1186 280 1236 299 una
1251 280 1311 300 cum
1324 273 1423 302 Sancto
1435 275 1545 310 Spiritu,
1560 277 1587 304 in
1602 279 1698 305 satcula
1708 281 1884 308 saeculorum.

1089 318 1184 344 Amen.

252 415 1880 431 W

243 450 347 472 annuo
368 451 410 472 an
431 452 521 473 DEUM
542 452 729 473 GRATIARUM
751 453 844 474 ACTIO
866 452 926 473 Ριιο
947 452 1087 474 ACCEP’I‘A
1110 450 1204 472 VENIA
1225 450 1452 474 COMMISSORUM
1473 453 1597 476 CONTRA
1618 455 1854 480 IMPERATOREM
1872 461 1879 479 :

279 500 320 522 ΕΤ
340 501 516 522 Μτυιυιιε
537 501 579 522 DE
601 501 712 523 MUNDO
733 502 968 524 SERMOCINATIO
992 503 999 522 ε

278 550 430 571 τυκΑιΕΜ
451 550 618 572 INDIDERIT
641 551 648 570 ε

1023 502 1063 522 ET
1084 500 1168 526 QUOD
1191 500 1340 522 HOMINEM
1361 501 1481 524 CREANS
1504 504 1584 526 DEUS
1607 505 1712 528 LEGEM
1736 507 1797 529 IPSI
1821 509 1879 530 NA-

673 551 713 572 ΕΤ
734 551 776 572 DE
800 551 990 573 JURAMENTO
1011 550 1090 572 OMNI
1113 549 1297 572 DILIGENTIA
1319 551 1471 574 VITANDO.

953 602 1163 632 me

545 662 653 683 ποιιιιΛ
674 663 688 682 ἰ
692 663 710 682 ll
714 674 721 682 ι

272 703 299 731 Ι.
315 702 348 730 Et
370 702 427 730 beri
448 701 523 734 dixi,
545 701 707 729 Benedictus
721 701 809 734 Deus,
829 705 857 728 et
878 699 958 726 hodie
977 699 1028 726 hoc

235 749 321 784 ipsum
336 755 429 776 rursus
441 747 538 776 dicam.
553 747 609 774 Etsi
623 747 695 775 enim
716 747 806 782 gravia
824 746 1025 781 praeterierunt,

236 799 325 822 tamen
339 793 460 829 gravium
474 793 603 821 memoria
618 801 652 820 ne
666 796 818 827 prmtereat,
832 799 884 819 non
899 795 928 818 ut
940 790 1027 818 dolea-

234 846 304 872 mus,
319 839 365 866 sed
379 843 408 866 ut
418 838 515 874 gratias
528 846 646 874 agamus.
657 838 685 866 Si
695 837 766 866 enim
779 837 910 865 malorum
920 843 1023 864 memo-

233 885 274 912 ria
292 885 435 917 manserit,
457 884 587 911 malorum
610 884 774 919 experientia
788 891 931 919 numquam
947 889 1025 918 urge-

233 930 281 959 bit.
295 930 363 965 Quid
377 931 448 958 enim
462 930 627 965 experientia
641 937 709 965 opus
731 935 773 958 est
782 951 790 963 ,
813 938 874 958 cum
895 929 1023 957 memoria

233 984 282 1005 nos
301 976 438 1011 corrigat?
453 975 528 1004 Sicut
548 976 628 1011 igitur
648 976 784 1012 submergi
807 983 856 1003 nos
881 976 950 1003 Deus
969 982 1022 1002 non

232 1024 353 1059 permisit
367 1023 543 1059 praesentibus
564 1023 704 1058 procellis,
726 1022 764 1051 sic
788 1030 874 1058 neque
888 1030 936 1050 nos
951 1023 1023 1057 ipsos

232 1069 286 1096 illis
299 1069 410 1096 sublatis
422 1068 520 1096 resolvi
534 1068 662 1096 sinamus.
673 1068 833 1097 Consulatus
847 1073 887 1096 est
901 1075 950 1095 nos
959 1071 1022 1096 tunc

230 1121 373 1143 mcereutes
384 1137 392 1148 ,
408 1116 506 1151 gratias
520 1115 570 1150 ipsi
585 1123 656 1144 nunc
676 1115 796 1144 laetantes
810 1122 919 1151 agamus
934 1124 940 1142 :
956 1122 1021 1143 con-

228 1161 330 1188 solatus
341 1166 382 1189 est
397 1162 572 1197 suspirantes,
588 1169 675 1197 neque
689 1161 807 1189 deseruit
819 1170 826 1190 :
841 1161 920 1197 igitur
933 1168 1021 1196 neque

229 1216 279 1236 nos
301 1209 373 1244 ipsos
394 1215 521 1243 prospere
542 1214 652 1243 agentes
666 1208 826 1244 prodamus,
844 1208 871 1234 in
885 1212 1019 1242 torporem

229 1254 394 1282 declinantes
411 1263 417 1281 :
435 1261 496 1280 nam
514 1254 642 1289 scriptum
662 1258 721 1281 est:
739 1253 882 1281 Recordare
900 1253 1019 1288 temporis

228 1301 302 1334 famis
324 1300 350 1327 in
370 1300 411 1327 die
429 1300 550 1328 satietatis
573 1299 674 1336 (Ereti.
688 1299 732 1328 i8.
747 1299 783 1328 25
795 1300 815 1335 ).
835 1299 1019 1327 Recordemur

227 1346 317 1382 itaque
330 1351 480 1381 temporum
494 1346 649 1374 tentationis
663 1350 690 1373 et
704 1353 754 1373 nos
769 1345 795 1373 in
815 1345 859 1373 die
879 1345 1016 1373 remissio-

226 1393 284 1425 nis;
299 1393 363 1428 quin
386 1397 413 1420 ct
437 1392 465 1420 in
488 1392 603 1427 peccatis
616 1393 668 1420 hoc
682 1392 769 1427 ipsum
788 1391 926 1419 faciamus.
947 1391 981 1419 Et
994 1392 1015 1419 si

226 1438 392 1473 peccaveris,
408 1443 435 1465 et
450 1438 496 1466 tibi
520 1442 627 1473 peccata
648 1438 720 1466 Deus
740 1437 886 1471 remiserit,
910 1437 1016 1466 veniam

225 1483 332 1518 quidem
347 1484 462 1518 suscipe,
478 1487 506 1511 et
517 1484 614 1518 gratias
628 1491 694 1518 age;
711 1483 813 1518 peccati
826 1490 889 1511 vero
903 1490 937 1510 ne
949 1483 1016 1510 obli-

223 1530 337 1561 viscere,
353 1537 406 1556 non
421 1534 449 1556 ut
463 1529 575 1564 teipsum
587 1529 747 1564 cogitatione
760 1536 911 1562 consumas,
925 1529 972 1557 sed
987 1534 1016 1557 ut

223 1575 338 1601 animum
362 1574 458 1602 doceas
481 1582 534 1602 non
555 1573 695 1607 lascivire,
711 1582 796 1610 neque
805 1582 911 1602 rursum
925 1574 952 1602 in
967 1582 1015 1602 ea-

222 1620 283 1647 dem
300 1619 393 1647 relabi.
408 1620 456 1648 Sie
465 1624 493 1648 et
511 1620 608 1647 Paulus
623 1620 684 1648 fecit
699 1629 705 1647 :
721 1627 780 1648 cum
795 1620 869 1648 enim
881 1620 992 1649 dixisset
1005 1630 1012 1648 :

222 1665 335 1693 Fidelem
349 1673 389 1692 me
402 1666 564 1698 existimavit,
580 1673 676 1700 ponens
693 1666 719 1693 in
740 1666 888 1699 ministerio,
903 1666 992 1694 intulit
1005 1675 1012 1695 :

222 1711 272 1744 Qui
286 1711 355 1745 prius
366 1710 526 1745 blasphemus
538 1711 577 1745 fui
588 1714 611 1737 et
623 1717 795 1747 persequutor,
811 1715 835 1738 et
847 1712 1013 1739 contumelio-

220 1765 264 1784 sus
275 1757 314 1792 (1.
331 1756 396 1783 Tim.
409 1757 435 1784 1.
452 1757 495 1784 12.
508 1757 564 1791 15).
576 1756 751 1791 Traducatur,
763 1757 856 1793 inquit,
866 1758 920 1786 vita
931 1758 1011 1792 servi,

221 1807 251 1829 ut
264 1807 390 1837 appareat
402 1802 551 1830 humanitas
563 1801 675 1830 domini.
688 1803 743 1830 Etsi
757 1803 829 1831 enim
843 1808 1011 1838 peccatorum

222 1847 328 1875 veniam
342 1847 432 1883 accepi
444 1867 451 1880 ,
466 1855 518 1874 non
531 1851 620 1875 tamen
633 1847 712 1883 ejicio
726 1852 896 1883 peccatorum
910 1856 1012 1877 memo-

219 1894 297 1921 riam.
308 1893 363 1920 Nec
374 1893 460 1920 solum
472 1892 575 1920 Domini
586 1893 637 1920 hoc
646 1893 835 1928 benignitatem
843 1893 1011 1921 demonstra-

218 1939 273 1970 bat,
287 1938 333 1966 sed
348 1943 375 1966 et
389 1939 462 1965 illum
475 1938 618 1966 clariorem
629 1938 750 1967 faciebat.
764 1938 831 1967 Cum
850 1939 921 1967 enim
939 1940 1009 1967 didi-

167 1986 170 1989 “
216 1986 295 2017 ceris,
307 1985 366 2020 quis
375 1985 450 2020 prius
461 1985 548 2018 fuerit,
558 1989 621 2013 tunc
631 1985 715 2020 ipsum
726 1986 810 2021 magis
820 1986 1008 2014 admiraberis:

215 2036 315 2058 etcum
331 2030 430 2058 videris
441 2038 474 2058 ex
490 2038 544 2065 que
557 2031 616 2065 quis
631 2031 715 2058 factus
730 2031 827 2066 fuerit,
847 2036 908 2059 tunc
922 2032 1007 2068 ipsum

215 2078 299 2112 magis
312 2076 512 2104 commcndabis
526 2085 532 2103 :
546 2081 574 2104 et
587 2077 609 2104 si
623 2077 734 2104 multum
746 2078 906 2112 peccaveris,
922 2083 1009 2105 muta-

215 2127 256 2150 tus
271 2122 332 2149 inde
344 2123 440 2150 bonam
454 2129 528 2157 spem
544 2121 673 2149 habebis:
687 2130 748 2149 nam
767 2128 862 2157 praeter
880 2123 948 2150 dicta
958 2144 965 2157 ,
982 2128 1009 2151 et

216 2170 242 2196 in
255 2169 439 2203 desperatione
452 2169 553 2203 positOS
566 2169 716 2203 exemplum
730 2169 812 2196 allicit
824 2175 851 2197 et
865 2177 1009 2205 exsurgere

214 2215 288 2242 facit.
301 2214 379 2247 Quod
390 2214 496 2249 quidem
515 2218 542 2241 et
563 2214 589 2241 in
608 2214 715 2241 civitate
728 2219 818 2242 nostra
831 2215 883 2242 erit
897 2224 903 2241 τ
919 2216 1008 2243 omnia

213 2261 284 2288 enim
299 2268 357 2295 qua)
373 2260 558 2295 contigerunt,
579 2265 606 2287 et
620 2260 745 2288 virtutem
764 2265 880 2288 vestram
895 2262 1007 2289 demon-

213 2310 310 2338 strant,
326 2306 372 2341 qui
384 2313 432 2340 per
447 2306 628 2340 pmnitentiam
644 2311 745 2333 tantum
754 2306 801 2334 ira:
812 2307 948 2342 depellere
960 2315 1007 2342 po-

213 2351 334 2383 tueritis;
355 2356 384 2378 et
404 2351 452 2379 Dei
473 2351 643 2379 clementiam
658 2352 819 2386 praedicant,
838 2352 882 2387 qui
896 2353 931 2381 ob
948 2361 1007 2381 mo-

212 2397 299 2425 dicam
326 2397 546 2430 conversionem,
577 2402 676 2425 tantam
698 2398 798 2426 nubem
824 2399 1005 2426 imminentem

212 2443 340 2470 abstulit:
354 2442 380 2469 iu
393 2442 582 2478 desperatione
593 2450 699 2478 quoque
711 2444 812 2479 positos
825 2452 920 2473 omnes
931 2445 1006 2472 exci-

213 2493 266 2522 tat,
280 2488 414 2516 discentes
429 2496 461 2516 ex
476 2488 557 2517 rebus
570 2489 669 2517 nostris
682 2496 759 2522 eum,
776 2490 820 2526 qui
834 2489 867 2517 ad
881 2490 1004 2519 sublimia

211 2539 240 2561 ct
253 2534 287 2561 ad
300 2534 347 2562 Dei
359 2533 487 2562 auxilium
500 2534 636 2569 respiciat,
647 2535 768 2570 quamvis
779 2535 873 2563 inﬁniti
888 2535 1005 2571 undique

211 2579 307 2606 ﬁuctus
329 2579 501 2614 obstrepant,
521 2579 655 2615 submergi
674 2588 728 2609 non
749 2588 839 2616 posse.
855 2582 919 2615 Quis
931 2582 1003 2611 enim

215 2625 292 2657 vidit,
308 2625 368 2661 quis
381 2625 482 2653 audivit
496 2634 622 2661 umquam
643 2628 741 2655 nostris
759 2629 866 2656 casibus
885 2629 1004 2658 similia?

212 2671 332 2706 quotidie
352 2671 486 2699 civitatem
510 2677 628 2700 nostram
650 2680 710 2700 cum
733 2675 789 2701 suis
811 2674 1003 2704 habitatoribus

211 2716 328 2743 ﬁmditus
343 2716 485 2744 tollendam
498 2724 559 2745 esse
572 2718 772 2753 suspicabamur
784 2728 791 2746 :
804 2720 850 2747 sed
869 2728 929 2748 cum
943 2721 1002 2748 dia-

209 2762 288 2789 bolus
311 2763 443 2798 navigium
469 2764 639 2797 submergere
660 2763 801 2798 sperabat,
823 2769 886 2793 tunc
910 2774 1001 2801 puram

211 2808 325 2836 reddidit
339 2809 410 2837 Deus
423 2810 648 2843 tranquillitatem.
667 2809 705 2837 Ne
720 2810 798 2845 igitur
811 2811 1001 2840 obliviscamur

211 2854 399 2888 magnitudinis
414 2855 543 2882 malorum
555 2876 561 2886 ,
579 2861 607 2882 ut
619 2855 808 2885 beuclicmrum
823 2866 838 2886 a
852 2858 905 2887 Deo
918 2859 999 2887 colla-

1087 663 1174 688 turum
1193 662 1400 698 magnitudiiietn
1415 665 1609 695 recordemur:
1623 669 1722 696 statim
1741 671 1788 705 qui
1807 679 1877 699 tuor-

1084 705 1177 733 borum
1193 712 1313 735 natnram
1329 710 1423 744 nescit,
1438 711 1534 740 medici
1546 717 1630 741 artem
1643 723 1790 750 numquam
1800 718 1875 746 sciet.

1083 750 1147 779 Htec
1161 757 1188 780 et
1203 755 1292 788 pueris
1305 756 1405 784 nostris
1416 757 1552 792 dicamus,
1571 765 1598 787 et
1611 761 1636 787 in
1651 762 1725 790 mille
1740 763 1877 792 mittamus

1080 799 1275 832 generationes,
1290 805 1318 828 et
1330 808 1424 829 omnes
1436 803 1550 838 discant,
1563 807 1698 840 quomodo
1711 808 1837 837 diabolus
1850 816 1876 837 et

1079 842 1194 871 civitatis
1216 845 1301 873 solum
1316 846 1408 875 delere
1420 849 1564 883 studuerit,
1585 856 1613 879 et
1632 855 1768 888 quomodo
1790 856 1874 890 ipsam

1082 887 1151 916 Deus
1164 889 1265 925 lapsam
1280 897 1307 920 et
1320 893 1452 925 iacentem
1465 903 1557 924 rursus
1569 887 1672 932 erigere
1684 887 1814 935 potuerit,
1829 910 1874 930 ne-

1078 942 1130 969 que
1145 936 1226 964 ultum
1241 938 1294 973 pati
1309 939 1435 968 damnum
1449 945 1621 977 concesserit,
1634 945 1668 973 ad
1684 946 1735 974 hoc
1748 952 1777 975 et
1796 949 1874 976 timo-

1077 988 1134 1008 rem
1148 983 1303 1018 sustulerit,
1316 990 1344 1013 et
1355 987 1487 1021 repulerit
1501 996 1561 1016 cutn
1575 991 1658 1018 multa
1671 992 1813 1021 celeritate
1827 1002 1873 1029 pe-

1076 1027 1199 1056 riculum.
1209 1029 1314 1058 Etenim
1323 1032 1488 1062 hebdomada
1500 1038 1632 1070 praeterita
1644 1037 1784 1068 facultates
1791 1027 1871 1076 diripi

1075 1079 1169 1101 omnes
1181 1077 1401 1110 exspectabamus
1411 1099 1419 1111 ,
1434 1083 1462 1106 et
1477 1080 1576 1109 milites
1591 1083 1668 1110 nobis
1690 1085 1798 1113 immitti
1811 1106 1819 1119 ,
1844 1092 1871 1114 et

1075 1116 1177 1145 inﬁnita
1191 1119 1242 1147 alia
1256 1122 1325 1149 mala
1339 1124 1555 1159 suspicabamur;
1571 1127 1620 1155 sed
1632 1136 1695 1156 ecce
1715 1130 1760 1157 illa
1780 1116 1870 1159 omnia

1073 1164 1269 1199 praeterierunt,
1286 1171 1420 1203 tamquam
1434 1169 1530 1201 nubes.
1547 1173 1754 1201 etvelutumbra
1762 1180 1870 1209 praeter-

1075 1210 1145 1244 iens,
1176 1215 1203 1238 et
1217 1212 1274 1240 sola
1294 1214 1474 1242 calamitatum
1495 1219 1693 1252 exspectatione
1716 1221 1802 1255 puniti
1824 1229 1870 1250 su-

1072 1262 1147 1288 mus;
1171 1257 1224 1285 imo
1247 1266 1313 1286 vero
1334 1268 1383 1288 nec
1408 1263 1490 1296 puniti
1513 1271 1615 1298 sumus,
1637 1265 1684 1292 sed
1703 1268 1819 1295 correcti
1842 1275 1868 1297 et

1072 1301 1197 1330 meliores
1217 1303 1300 1338 facti,
1321 1307 1383 1341 quia
1397 1307 1467 1336 Deus
1478 1308 1651 1343 Imperatoris
1665 1319 1712 1339 cor
1724 1314 1866 1342 emollivit.

1073 1346 1196 1376 Dicamus
1209 1349 1288 1384 igitur
1301 1358 1407 1386 semper
1417 1357 1444 1380 et
1454 1355 1571 1389 quotidie
1587 1365 1594 1383 :
1608 1356 1769 1386 Benedictus
1783 1360 1865 1394 Deus,

1071 1398 1098 1421 et
1111 1401 1171 1422 cum
1187 1396 1280 1431 majori
1294 1398 1381 1425 studio
1392 1401 1485 1435 synaxi
1497 1409 1631 1436 vacemus,
1644 1409 1672 1431 et
1683 1412 1822 1433 curramus
1832 1408 1865 1434 ad

1072 1440 1212 1468 ecclesiam
1223 1463 1231 1475 ,
1246 1443 1317 1471 unde
1330 1445 1470 1473 utilitatem
1490 1451 1590 1475 tantam
1610 1450 1773 1484 accepimus.
1786 1452 1866 1479 Scitis

1069 1486 1140 1512 enim
1161 1487 1195 1514 ab
1215 1488 1290 1516 initio
1312 1497 1366 1525 quo
1385 1491 1574 1527 confugeritis,
1595 1502 1648 1529 quo
1663 1498 1864 1531 concurreritis,

1069 1531 1140 1559 unde
1154 1531 1222 1560 facta
1243 1534 1278 1561 sit
1299 1535 1376 1563 nobis
1391 1537 1473 1565 salus.
1490 1538 1642 1567 Teueamus
1662 1541 1742 1576 igitur
1759 1550 1863 1570 sacram

1068 1583 1211 1612 ancoram,
1231 1584 1259 1607 et
1279 1580 1347 1608 sicut
1363 1581 1391 1609 in
1407 1587 1526 1618 tempore
1539 1585 1717 1619 periculorum
1738 1595 1788 1615 nos
1811 1596 1863 1616 nou

1067 1622 1193 1657 prodidit,
1209 1625 1248 1652 sic
1261 1633 1347 1661 neque
1361 1635 1410 1655 nos
1425 1628 1509 1662 ipsam
1522 1629 1547 1656 in
1563 1634 1683 1666 tempore
1695 1633 1863 1662 remissionis

1068 1668 1266 1704 relinquamus;
1288 1672 1337 1699 sed
1359 1680 1421 1700 cum
1442 1681 1506 1701 cura
1525 1683 1689 1709 maneamus,
1702 1682 1730 1705 et
1744 1679 1863 1714 quotidie

1067 1713 1194 1742 faciamus
1215 1722 1363 1745 conventus
1384 1725 1546 1755 precesque,
1563 1721 1703 1758 divinaque
1721 1724 1863 1752 audiamus

1067 1758 1172 1794 eloquia
1185 1768 1193 1787 :
1208 1765 1235 1788 et
1249 1762 1320 1797 quod
1335 1762 1555 1799 impendebamus
1571 1767 1654 1794 otium
1670 1772 1823 1803 satagentes
1835 1774 1861 1797 et

1065 1806 1171 1834 curiose
1183 1807 1358 1843 sciscitantes,
1370 1817 1385 1837 e
1395 1811 1491 1838 castris
1501 1813 1635 1847 profectos
1645 1813 1860 1843 circumcurren-

1065 1855 1116 1885 tes,
1131 1860 1181 1887 pro
1192 1853 1350 1882 instantibus
1365 1856 1444 1884 malis
1457 1864 1548 1885 curam
1563 1863 1695 1893 gerentes,
1712 1860 1764 1888 hoc
1776 1866 1859 1890 totum

1064 1897 1167 1927 divinas
1188 1900 1260 1936 leges
1281 1901 1414 1930 audiendo
1434 1903 1637 1939 impendamus,
1655 1914 1708 1933 non
1728 1912 1819 1936 autem
1834 1909 1858 1936 in

1066 1942 1231 1978 importunas
1252 1951 1280 1974 et
1303 1947 1410 1975 inutiles
1430 1949 1652 1983 exercitationes,
1669 1959 1703 1979 ne
1721 1960 1816 1981 rursus
1832 1954 1858 1981 in

1063 1989 1135 2017 illius
1147 1991 1247 2026 negotii
1260 1994 1446 2021 necessitatem
1462 2003 1510 2022 nos
1525 1996 1597 2030 ipsos
1610 1997 1774 2033 redigamus.

1097 2035 1124 2063 2.
1140 2036 1234 2064 Tribus
1249 2038 1328 2073 igitur
1342 2041 1481 2074 prmteritis
1494 2041 1587 2070 diebus
1599 2051 1680 2070 unum
1694 2046 1858 2080 cognitionis

1063 2082 1109 2109 Dei
1125 2083 1230 2110 modum
1246 2086 1439 2120 qumrebamus,
1453 2088 1592 2123 ipsumque
1607 2089 1633 2117 in
1647 2090 1726 2118 ﬁnem
1740 2092 1857 2120 deduxi-

1063 2134 1133 2159 mus,
1150 2128 1354 2163 iuterpretantes
1365 2151 1374 2165 ,
1394 2133 1528 2167 quomodo
1546 2134 1609 2162 (Σίσιὶ
1623 2142 1728 2164 narrant
1748 2139 1857 2174 gloriam

1061 2172 1110 2199 Dei
1123 2173 1212 2208 (Psal.
1229 2175 1270 2202 18.
1286 2175 1323 2212 2)
1335 2185 1342 2203 :
1357 2181 1384 2204 et
1397 2179 1474 2213 quale
1488 2180 1594 2207 tandem
1608 2182 1643 2208 sit
1654 2182 1726 2210 Pauli
1741 2172 1854 2218 dictum,

1061 2217 1202 2247 Invisibilia
1212 2221 1290 2256 ipsius
1297 2231 1313 2248 a
1322 2228 1435 2250 creatura
1443 2226 1531 2252 mundi
1543 2235 1588 2261 per
1597 2235 1635 2259 ea,
1645 2237 1702 2263 quin
1711 2231 1781 2265 facta
1787 2236 1855 2265 sunt,

1060 2263 1186 2292 intellecta
1199 2269 1389 2301 conspiciuntur
1402 2268 1412 2304 (
1424 2269 1498 2297 Rom.
1516 2271 1542 2298 i.
1557 2272 1611 2307 20)
1626 2282 1633 2299 :
1648 2278 1675 2300 et
1687 2263 1856 2303 demonstra;

1059 2310 1147 2338 vimus
1156 2331 1165 2344 ,
1178 2313 1312 2346 quomodo
1325 2321 1338 2340 a
1354 2319 1474 2342 creatura
1487 2317 1578 2344 mundi
1591 2338 1598 2348 ,
1616 2323 1644 2346 et
1655 2321 1794 2354 quomodo
1809 2329 1856 2356 per

1058 2354 1154 2384 caelum
1169 2361 1196 2384 et
1209 2361 1307 2385 terram
1321 2363 1348 2386 et
1367 2367 1442 2388 mare
1455 2360 1565 2390 Creator
1576 2363 1750 2398 gloriﬁcatur.
1772 2354 1855 2395 Hodie

1058 2408 1122 2428 vero
1133 2402 1268 2438 paulisper
1278 2404 1304 2431 in
1314 2404 1383 2432 hanc
1393 2414 1498 2434 rursum
1509 2408 1687 2444 philosophati
1701 2413 1852 2445 materiam,

1057 2446 1092 2474 ad
1115 2447 1195 2475 alium
1215 2449 1387 2477 transibimus
1406 2458 1557 2480 sermonem
1573 2463 1580 2481 :
1596 2462 1648 2482 non
1665 2457 1737 2483 enim
1751 2461 1852 2485 tantum

1057 2492 1120 2521 fecit
1129 2493 1266 2527 mundum,
1280 2495 1328 2523 sed
1338 2497 1419 2524 etiam
1429 2503 1457 2525 ut
1471 2499 1556 2527 factus
1568 2507 1734 2536 operaretur,
1746 2503 1852 2532 etfecit:

1057 2545 1144 2574 neque
1157 2543 1241 2567 totum
1255 2540 1419 2570 immobilem
1432 2543 1570 2572 dimittens
1583 2566 1591 2578 ,
1605 2553 1692 2581 neque
1707 2551 1793 2575 totum
1806 2549 1851 2583 ju-

1057 2584 1124 2613 bens
1137 2586 1238 2614 moveri
1250 2606 1258 2618 ,
1274 2587 1321 2615 sed
1334 2588 1430 2617 cmlum
1445 2590 1553 2624 quidem
1568 2592 1708 2620 immotum
1723 2601 1851 2629 perman-

1056 2630 1101 2664 sit,
1115 2631 1184 2659 sicut
1195 2631 1324 2667 propheta
1339 2633 1424 2668 inquit
1439 2643 1445 2662 :
1459 2635 1510 2669 Qui
1523 2637 1610 2663 statuit
1622 2638 1711 2665 mlum
1724 2644 1851 2673 tamquam

1056 2677 1216 2710 testudinem,
1230 2682 1253 2704 et
1266 2678 1376 2705 extendit
1388 2680 1472 2715 ipsum
1486 2686 1614 2717 tamquam
1628 2685 1764 2711 tentorium
1777 2694 1847 2721 super

1055 2727 1146 2751 terram
1158 2723 1168 2759 (
1178 2723 1240 2751 Isai.
1252 2724 1295 2751 40.
1307 2725 1359 2760 22)
1373 2734 1380 2753 :
1395 2727 1434 2754 sol
1448 2735 1511 2755 vero
1521 2737 1581 2756 cum
1597 2730 1706 2765 reliquis
1718 2731 1850 2759 sideribus

1055 2768 1174 2803 quotidie
1186 2769 1270 2796 currit
1284 2778 1291 2796 :
1307 2776 1334 2797 et
1349 2778 1455 2800 rursum
1472 2777 1541 2800 terra
1558 2774 1607 2802 ﬁxa
1623 2780 1681 2808 est,
1696 2784 1773 2811 aqua:
1787 2785 1849 2805 vero

1057 2823 1164 2851 semper
1177 2821 1318 2845 moventur
1331 2826 1339 2844 :
1355 2825 1404 2845 nec
1417 2826 1493 2854 aqua:
1507 2825 1607 2848 tantum
1621 2842 1629 2854 ,
1645 2822 1691 2849 sed
1704 2827 1732 2850 et
1747 2823 1830 2851 nubes
1841 2845 1849 2857 ,

1054 2867 1080 2889 et
1096 2863 1197 2891 imbres
1214 2863 1367 2899 frequentes
1387 2870 1413 2893 et
1434 2867 1579 2895 successivi
1601 2871 1721 2904 tempore
1744 2870 1847 2905 proprie
