1962 3121
169 125 220 154 I29

168 184 259 220 φύσις,
274 184 390 221 διάφορα
399 185 428 212 δὲ
440 185 474 212 τὰ
485 183 514 217 ἐξ
528 185 617 212 αὐτῶν
631 187 762 222 γινόμενα
784 193 812 207 κ’
834 189 882 215 καὶ
905 188 960 224 γὰρ
975 189 1003 214 ἐν

169 229 284 265 ἀμπέλῳ
304 229 408 264 γίνεται
418 227 489 262 οἶνος
507 232 522 257 6
536 231 622 263 ὑετὸς,
639 233 685 258 καὶ
702 231 790 258 ἔλαιον
805 233 833 259 ἐν
852 231 938 268 ἐλαίᾳ,
957 233 1004 259 κα)⁸

170 277 200 301 ἐν
215 275 270 306 τοῖς
295 273 385 305 ἄλλοις
408 273 436 300 δέ
460 275 554 309 φυτοῖς
571 275 640 310 πρὸς
653 275 716 307 τοὺς
733 275 823 302 αὐτῶν
848 275 1008 311 μεθίσταται

169 317 282 354 χυμούς.
299 317 354 345 Καὶ
371 317 421 353 μία
439 317 467 344 δὲ
484 318 532 353 τῆς
552 320 601 353 γῆς
627 320 644 353 ἡ
669 319 775 355 γαστὴρ
796 319 843 346 καὶ
864 319 1009 354 διαφόρους

169 362 246 398 φέρει
267 361 403 396 καρπούς·
428 361 476 389 καὶ
501 362 550 398 μία
575 363 625 398 μὲν
646 363 663 399 ἡ
684 364 734 399 τῆς
755 363 872 399 ἡλιακῆς
899 364 1009 395 ἀκτῖνος

169 407 259 442 θέρμη
284 407 332 433 καὶ
348 405 483 441 διαφόρως
505 405 615 434 ἃπαντα
637 407 774 438 πεπαίνει.
790 406 825 434 τὰ
845 408 895 443 μὲν
912 407 1009 444 βραδύ-

168 459 258 486 τερον,
276 451 310 476 τὰ
325 449 354 476 δέ
370 449 518 486 ταχύτερον
530 449 599 486 πρὸς
613 450 704 486 ἀκμὴν
718 451 834 484 ἄγουσα.
850 452 899 483 Τίς
912 453 962 478 οὐκ
976 452 1009 479 ἂν

167 494 254 521 ταῦτα
269 494 419 530 ἐκπλαγείη
441 494 489 521 κα)⁸
514 494 684 530 Θαυμάσειε;
713 495 813 530 μᾶλλον
832 495 860 522 δὲ
882 496 912 522 οὐ
930 495 1010 523 τοῦτο

169 537 250 573 μόνον
267 538 326 564 ἐστὶ
343 537 375 564 τὸ
391 537 558 572 θαυμαστὸν,
576 538 617 565 ὅτι
638 538 765 575 ποικίλην
781 539 867 575 αὐτὴν
887 540 934 566 καὶ
952 540 1008 567 διάυ

168 590 250 618 φορον
263 581 473 613 κατεσκεύασεν,
490 582 547 608 ἀλλ’
560 583 601 609 ὅτι
613 583 660 609 καὶ
672 583 765 617 κοινὴν
776 583 860 619 αὐτὴν
874 583 1010 618 προσέθη-

168 634 216 653 κεν
231 625 328 658 ἀπασι,
344 626 390 652 καὶ
408 625 546 657 πλουσίοις
564 626 611 653 καὶ⁵
633 626 747 662 πένησι,
769 628 817 654 καὶ
836 627 1009 662 ἁμαρτωλοῖς

168 675 216 697 καὶ¹
231 670 355 701 δικαίοις.
373 670 463 706 Ὅπερ
477 667 523 697 οὖν
538 671 585 697 καὶ
600 672 615 698 6
632 671 749 706 Χριστὸς
769 670 870 705 ἔλεγεν,
887 671 929 698 ὅτι
954 671 1009 698 Τὸν

169 714 258 748 ἣλιον
271 714 366 741 αὐτοῦ
377 714 537 741 ἀνατέλλει
553 715 602 741 ἐπὶ
618 715 770 749 πονηροὺς
790 716 839 742 καὶ
865 715 1007 749 ἀγαθοὺς,

169 758 219 785 καὶ
226 757 331 793 ,βρέχει
345 758 394 785 ἐπὶ
406 758 542 791 δικαίους
553 758 602 785 καὶ
616 759 741 792 ἀδίκους
750 767 758 774 θ
774 760 822 786 καὶ
841 759 947 794 μυρίων
961 760 1009 785 αὐ-

168 803 217 839 τὴν
231 802 308 834 ζώων
324 802 477 838 ἐμπλήσας,
492 803 540 830 καὶ
553 803 656 838 φυσικὰ
674 804 732 835 τοῖς
747 803 827 836 ζώοις
841 803 930 835 ἐνθεὶς
942 802 1007 839 ἤθη,

167 846 203 873 τὰ
221 847 272 881 μὲν
297 846 455 882 μιμεῖσθαι,
478 847 513 873 τά
533 846 562 872 δὲ
585 846 698 881 φεύγειν
723 847 878 874 ἐκέλευσεν.
894 844 958 874 Οἷόν
982 855 1008 874 τι

168 890 241 925 λέγω
250 899 256 905 ’
274 890 418 925 φιλόπονόν
430 891 504 917 ἐστιν
517 891 532 917 6
545 890 667 926 μύρμηξ,
685 891 734 917 καὶ
750 891 878 917 ἐπίπονον
890 892 1009 918 ποιεῖται

168 935 217 970 τὴν
231 935 378 970 ἐργασίαν
393 935 427 962 ἂν
446 935 536 961 τοίνυν
553 934 701 970 προσέχῃς,
719 935 851 970 μεγίστην
867 935 944 972 παρὰ
960 935 1008 962 τοῦ

168 978 239 1010 ζώου
251 978 315 1015 δέξῃ
325 978 497 1014 παραίνεσιν,
511 978 582 1005 ὥστε
599 979 637 1014 μὴ
653 979 925 1014 καταμαλακίζεσθαι
942 979 1008 1014 μηδὲ

169 1022 280 1057 φεύγειν
292 1022 406 1058 ἱδρῶτας
417 1023 463 1049 καὶ
477 1022 584 1054 πόνους.
600 1022 651 1049 Διά
671 1022 752 1050 τοῦτο
763 1023 808 1050 καὶ
825 1024 841 1058 ὴ
856 1023 951 1059 Γραφὴ
963 1024 1009 1050 τὸν

168 1066 282 1102 ὀκνηρὸν
306 1065 375 1101 πρὸς
400 1066 502 1092 ἐκεῖνον
522 1065 628 1101 ἔπεμψε
646 1066 774 1100 λέγουσα·
797 1067 848 1093 Ἴθι
864 1066 938 1101 πρὸς
957 1067 1011 1094 τὸν

167 1111 316 1144 μύρμηκα.
331 1108 355 1137 ὧ
368 1109 489 1144 ὀκνηρέ,
509 1110 560 1138 καὶ
575 1109 712 1143 ζῆλωσον
724 1112 779 1143 τὰς
797 1110 888 1144 ὁδοὺς
904 1111 1008 1142 αὐτοῦ,

168 1155 218 1182 καὶ
232 1155 321 1190 γενοῦ
335 1154 454 1182 ἐκείνου
468 1154 648 1189 σοφώτερος.
663 1155 700 1181 Ού
713 1154 812 1190 βούλει.
823 1155 907 1190 φησὶ,
935 1155 1011 1191 παρὰ

167 1199 222 1225 τῶν
237 1199 377 1234 Γραφῶνδ
392 1199 487 1234 μαθεῖν
497 1199 538 1225 ὄτι
551 1198 632 1225 καλὸν
648 1198 679 1232 τὸ
692 1198 868 1233 ἐργάξεσθαι,
883 1199 930 1225 καὶ
941 1199 982 1225 ὅτι
997 1200 1011 1226 6

170 1243 207 1279 μὴ
224 1242 408 1278 ἐργαζόμενος
429 1242 490 1269 οὐδὲ
511 1241 612 1269 ἐσθίειν
635 1242 755 1276 ὀφείλει;
772 1242 804 1269 οὐ
822 1242 911 1277 βούλει
934 1243 1011 1278 παρὰ

167 1287 222 1313 τῶν
235 1286 403 1313 διδασκάλων
418 1286 534 1313 ἀκοῦσαι
556 1286 652 1319 τοῦτο;
678 1286 838 1322 παιδεύθητι
860 1286 936 1322 παρά
955 1286 1010 1313 τῶν

167 1330 284 1365 ἀλόγων.
301 1330 381 1357 Ούτω
401 1330 448 1357 καὶ¹
463 1331 492 1357 ἐν
508 1331 568 1362 ταῖς
590 1330 690 1362 οἰκίαις
714 1330 859 1365 ποιοῦμεν,
880 1329 1010 1362 πολλάκις

167 1375 230 1406 τοὺς
243 1374 370 1410 μείζονας
384 1375 431 1401 καὶ
442 1374 632 1410 ἐντιμοτέρους
646 1372 717 1401 εἶναι
729 1374 884 1407 δοκοῦντας,
899 1373 1010 1402 ἐπειδὰν

168 1419 324 1455 ἁμάρτωσι,
341 1419 458 1450 παιδίοις
469 1419 584 1454 νήφουσι
597 1418 742 1454 προσέχειν
763 1417 1009 1455 παρακελευόμεθα

168 1463 307 1498 λέγοντες’
332 1463 419 1489 Βλέπε
439 1463 485 1489 τὸν
505 1468 517 1481 ο
539 1463 699 1499 μικρότερόν
720 1471 766 1489 σου
783 1462 842 1494 πῶς
856 1463 914 1489 ἐστι
929 1471 1011 1489 σπου-

167 1507 241 1539 δαῖος
254 1508 300 1535 καὶ
313 1506 535 1542 διεγηγερμένος.

203 1551 260 1577 Καὶ
271 1550 304 1577 σὺ
317 1550 409 1577 τοίνυν
437 1550 514 1586 παρά
534 1549 581 1576 τοῦ
599 1549 668 1582 ξώου
681 1549 776 1576 τούτου
793 1550 925 1585 μεγίστην
943 1549 1010 1576 λάϐε

169 1594 328 1629 φιλοπονίας
339 1595 512 1630 παραίνεσιν,
523 1594 570 1621 καὶ
581 1593 722 1629 θαύμασόν
738 1603 785 1620 σου
794 1593 841 1620 τὸν
855 1593 1004 1628 Δεσπότην,

170 1638 207 1674 μὴ
222 1638 316 1674 ἐπειδὴ
330 1639 406 1674 ἥλιον
419 1639 532 1673 ἐποίησε
545 1638 625 1673 μόνον
640 1638 686 1665 καὶ
698 1637 822 1673 οὔρανὸν,
840 1637 897 1663 ἀλλ’
915 1636 1010 1673 ἐπειδὴ

168 1682 216 1709 καὶ
231 1681 365 1718 μύρμηκα
377 1682 508 1718 ἐποίησεν
521 1690 529 1697 ·
542 1682 566 1708 εί
579 1681 633 1717 γὰρ
642 1682 690 1708 καὶ
704 1681 791 1718 βραχὺ
805 1681 836 1707 τὸ
849 1680 930 1712 ζῶον,
942 1680 1011 1707 ἀλλά

168 1725 216 1752 τοῦ
226 1726 358 1762 μεγέθους
368 1726 419 1761 τῆς
434 1725 530 1760 σοφίας
541 1725 588 1752 τοῦ
603 1725 671 1752 Θεοῦ
687 1724 789 1760 πολλὴν
806 1724 862 1760 ἔχει
873 1724 924 1760 τὴν
941 1724 1010 1751 ἀπό-

167 1770 259 1802 δειξιν.
282 1770 424 1805 Ἐννόησον
435 1769 501 1804 γοῦν
512 1769 570 1800 πῶς
586 1770 644 1796 ἐστι
658 1769 778 1801 συνετὸν,
794 1769 840 1796 καὶ
856 1768 1009 1804 θαύμασον,

169 1814 228 1846 πῶς
261 1814 371 1849 ἴσχυσεν
390 1813 404 1839 6
425 1813 491 1845 Θεὸς
505 1813 534 1839 ἐν
555 1812 627 1840 οὕτω
645 1812 741 1848 βραχεί
755 1813 862 1848 σώματι
874 1812 1010 1848 τοσαύτην

170 1857 361 1892 ἐγκαταθεῐναι
379 1857 512 1893 ἐργασίας
529 1856 677 1891 ἐπιθυμίαν
691 1856 872 1883 ἀδιάπτωτον.
889 1855 944 1882 Καὶ
955 1855 1011 1882 ἀπὸ

168 1901 267 1928 τούτου
283 1902 331 1936 μὲν
347 1901 378 1927 τὸ
404 1901 557 1935 φιλόπονον,
577 1899 631 1926 ἀπὸ
654 1899 683 1926 δέ
705 1900 756 1935 τῆς
768 1900 895 1935 μελίττης
913 1900 961 1927 καὶ
979 1899 1010 1926 τὸ

169 1945 314 1980 φιλόκαλον
327 1945 375 1971 καὶ
389 1945 418 1971 τὸ
431 1944 574 1979 φιλόπονον
589 1943 709 1979 μάνθανε
732 1944 780 1971 καὶ
793 1944 825 1970 τὸ
834 1943 1007 1979 φιλάλληλον.

170 1990 225 2017 Καὶ
239 1989 293 2025 γὰρ
310 1989 400 2022 ἐκείνη
418 1988 468 2024 οὺχ
481 1989 564 2024 ἐαυτῇ
583 1988 682 2022 μᾶλλον
695 1988 711 2024 ἢ
728 1988 793 2024 ἡμῖν
805 1989 884 2014 πονεῖ
900 1988 947 2014 καὶ
958 1996 1007 2014 τα-

169 2033 347 2069 λαιπωρεῐται
359 2032 420 2060 καθ’
433 2033 552 2067 ἑκάστην
564 2032 671 2068 ἡμέραν
680 2041 687 2047 ·
701 2032 716 2058 6
731 2031 848 2067 μάλιστα
862 2032 929 2059 ῐδιον
942 2033 1009 2068 Χρι-

170 2077 281 2113 στιανῷ,
297 2077 327 2104 τὸ
349 2077 386 2112 μὴ
409 2077 443 2104 τὰ
463 2076 560 2103 ἐαυτοῦ
575 2076 678 2111 ζητεῖν,
691 2076 760 2103 ἀλλὰ
773 2075 807 2103 τὰ
821 2076 876 2103 τῶν
893 2077 1008 2112 ἐτέρων.

171 2122 276 2158 Ὥσπερ
295 2119 341 2148 οὖν
358 2121 449 2156 ἐκείνη
467 2121 570 2152 πάντας
589 2120 769 2156 περιίπταται
783 2121 846 2152 τοὺς
860 2120 1008 2155 λειμῶνας,

170 2166 215 2192 ἵνα
231 2165 343 2201 ἑτοίμην
357 2165 442 2200 ἑτέρῳ
451 2165 647 2200 παρασκευάσῃ
661 2164 800 2200 τράπεζαν
809 2173 815 2179 ·
833 2164 904 2191 οὕτω
916 2165 965 2191 καὶ⁹
975 2165 1008 2192 σὺ

171 2209 293 2245 ποίησον,
306 2209 444 2244 ἀνθρωπε,
464 2208 515 2235 κᾶν
535 2210 664 2244 χρήματα
683 2208 826 2243 συλλέγῃς,
843 2208 883 2240 εἰς
898 2207 1010 2244 ἐτέρους

170 2253 336 2289 δαπάνησον,
352 2253 404 2279 κᾶν
416 2252 512 2286 λόγους
522 2252 696 2284 διδασκαλίας
708 2252 783 2288 ἔχῃς,
799 2252 836 2288 μὴ
845 2252 1008 2289 κατορύξῃς,

170 2297 239 2324 ἀλλὰ
255 2296 355 2332 πρόθες
367 2295 444 2332 [126]
457 2296 498 2328 εἰς
513 2295 594 2331 μέσον
609 2297 665 2327 τοῖς
684 2295 832 2331 δεομένοις,
852 2295 903 2322 κᾶν
916 2296 1010 2332 ἕτερον

170 2341 236 2377 ἔχῃς
260 2340 462 2375 πλεονέκτημα,
487 2339 566 2373 γενοῦ
585 2340 719 2374 χρήσιμος
735 2341 791 2370 τοῖς
807 2339 946 2374 δεομένοις
955 2339 1010 2367 τῶν

172 2386 226 2412 σῶν
239 2383 385 2411 ἀπολαύειν
406 2383 506 2410 πόνων.
523 2384 580 2418 Οὐχ
594 2384 659 2418 ὁρᾷς
677 2383 718 2410 ὅτι
731 2383 775 2410 διὰ
789 2383 868 2410 τοῦτο
893 2383 1011 2419 μάλιστα

170 2429 225 2456 τῶν
235 2427 403 2456 ἀλλωνέστὶν
419 2427 579 2462 ἐντιμοτέρα
591 2426 666 2459 ζώων
681 2427 696 2462 ἡ
713 2427 835 2462 μέλιττα,
852 2427 902 2454 οὐκ
917 2427 1010 2463 ἐπειδὴ

171 2475 259 2505 πονεῖ,
283 2473 340 2500 ἀλλ’
366 2471 460 2507 ἐπειδὴ
489 2471 592 2507 ἐτέροις
608 2473 701 2503 πονεῖ;
717 2472 779 2499 ἐπεὶ
796 2473 842 2499 καὶ
859 2473 873 2499 6
888 2473 1009 2508 ἀράχνης

172 2518 247 2545 πονει
282 2516 328 2544 καὶ
358 2515 571 2551 ταλαιπωρεῖται
599 2516 646 2542 καὶ
669 2515 756 2542 λεπτά
785 2515 912 2542 διατείνει
940 2516 1010 2544 κατά

170 2563 234 2593 τοὺς
257 2561 363 2596 τοίχους
394 2558 543 2594 ὑφάσματα
563 2560 654 2586 πᾶσαν
677 2559 804 2593 γυναικὸς
817 2559 912 2594 σοφίαν
924 2560 1010 2595 ὑπερ-

172 2605 315 2636 ϐάλλοντα,
337 2603 394 2630 ἀλλ’
413 2602 486 2629 ἐστιν
505 2602 602 2637 ἄτιμον
623 2602 654 2629 τὸ
676 2602 756 2635 ζῶον,
779 2603 872 2639 ἐπειδὴ
884 2603 915 2629 τὸ
929 2603 1010 2638 ἔργον

171 2650 237 2685 ἡμῖν
251 2647 369 2684 οὐδαμοῦ
396 2647 540 2682 χρήσιμον.
558 2646 680 2673 Τοιοῦτοί
692 2648 760 2673 εἰσιν
775 2648 800 2673 οἱ
817 2647 925 2679 ἑαυτοῖς
958 2647 1009 2674 κά-

173 2701 285 2729 μνοντες
299 2692 347 2719 καὶ
360 2691 622 2726 ταλαιπωρούμενοι.
638 2690 762 2726 Μίμησαι
775 2690 826 2725 τῆς
847 2692 1010 2727 περιστερᾶς

170 2737 202 2765 τὸ
226 2736 368 2772 ἀκέραιον,
393 2735 510 2770 μίμησαι
528 2734 576 2761 τοῦ
601 2734 662 2760 ὸνου
690 2734 720 2761 τὸ
743 2734 932 2768 φιλοδέσποτον
962 2735 1010 2762 καὶ

169 2782 218 2809 τοῦ
247 2780 318 2816 βοὸς,
346 2779 464 2815 μίμησαι
488 2778 543 2805 τῶν
564 2777 680 2814 ὀρνίθων
705 2777 736 2804 τὸ
763 2777 930 2813 ἀμέριμνον·
950 2778 1009 2806 ἐστι

202 2856 213 2869 ⁸
229 2856 270 2882 Sic
279 2855 355 2889 Savil.
367 2859 492 2889 etplane;
501 2860 633 2889 pene‘r-nss.
649 2853 736 2877 Morel.
749 2860 807 2889 gero
817 2854 939 2889 γενόμενα.
952 2854 1008 2879 Mox

171 2891 225 2919 "$6
235 2894 292 2919 mss.
303 2888 361 2919 πρὸς
371 2887 420 2919 τοῖς
432 2885 527 2910 ἐκείνων
537 2885 677 2919 καθίσταξαι
688 2885 782 2919 χμμοῖς,
794 2886 835 2909 καὶ
848 2885 900 2916 μία.

203 2918 219 2954 ιζ
231 2918 305 2954 ξενίῃ
319 2916 347 2943 él
355 2917 454 2954 quidam
463 2923 522 2942 mss.
534 2916 562 2941 ἐκ
573 2917 620 2940 τῶν
632 2916 738 2947 Γραφών.

205 2948 219 2966 θ
232 2948 282 2975 Alii
292 2949 338 2983 ὅροι
346 2948 397 2974 τόν.

551 127 580 155 S.
600 127 746 156 JOAN‘A'IS
762 129 1012 158 CHRYSOSTOMI
1031 129 1190 158 ARCHIEP.
1212 119 1494 159 CONS’IAN'IINUPT

1849 135 1899 162 13η

1056 187 1120 223 γάρ,
1144 188 1200 215 ἐστι
1225 188 1332 223 μεγάλα
1359 188 1414 216 ἀπὸ
1438 188 1493 215 τῶν
1517 189 1622 223 ἀλόγων
1643 191 1846 226 καρπώσασθαι
1861 196 1899 224 εις

1057 232 1130 266 ἠθῶν
1146 232 1299 269 διόρθωσιν.
1313 233 1380 259 Ἀπὸ
1395 233 1497 260 τούτων
1515 234 1561 260 καὶ
1576 236 1590 261 6
1603 235 1720 270 Χριστὸς
1737 237 1804 272 ἡμῖν
1817 237 1904 264 διαλέ-

1056 284 1134 310 γεται
1148 277 1203 303 τῶν
1220 276 1297 309 ζώων
1309 285 1315 291 ·
1329 278 1456 304 Γίνεσθε
1468 278 1524 313 γὰρ
1544 279 1690 313 φρόνιμοι,
1703 281 1799 315 φησὶν,
1821 280 1861 312 ὡς
1871 281 1898 307 οι

1057 319 1151 354 ὄφεις,
1175 321 1225 347 καὶ
1247 321 1377 356 ἀκέραιοι
1402 321 1442 354 ὡς
1460 323 1490 348 al
1518 323 1699 356 περιστεραί.
1722 324 1779 350 Καὶ
1803 324 1896 351 πάλιν

1063 364 1247 399 Ἐμόλέψατε
1261 366 1304 398 εΙς
1318 365 1353 392 τὰ
1364 366 1485 392 πετεινὰ
1494 365 1547 392 τοῦ
1560 366 1700 400 οὐρανοῦ,
1711 367 1756 394 ὅτι
1766 368 1803 394 οὐ
1817 369 1898 394 σπεί-

1053 417 1098 442 ρει
1112 409 1184 436 οὐδὲ
1197 409 1258 443 θερί
1261 408 1310 442 ζει,
1325 409 1374 436 καὶ
1387 411 1403 436 ό
1415 409 1516 444 Πατὴρ
1525 409 1609 444 ὐμῶν
1620 412 1636 437 ό
1649 411 1792 445 οὐράνιος
1803 411 1899 446 τρέξι-ει

1057 452 1144 481 αὐτά.
1174 453 1230 480 Καὶ
1247 453 1262 479 6
1278 454 1421 488 προφήτης
1449 453 1477 479 δὲ
1503 454 1639 489 ἐντρέπων
1656 456 1719 486 τοὺς
1739 455 1897 490 ἀγνώμονας

1063 494 1216 527 Ἰουδαίους,
1233 496 1305 523 οὕτω
1318 496 1376 528 πώς
1392 505 1489 531 φησιν·
1509 498 1604 532 Ἔγνω
1616 497 1694 530 βοῦς
1714 499 1771 524 τὸν
1790 498 1896 531 κτησιίη

1054 547 1158 574 μενον,
1166 540 1215 566 καὶ
1226 540 1295 573 ὄνος
1302 540 1360 574 τὴν
1368 540 1486 575 φάτνην
1494 540 1546 567 τοῦ
1554 543 1657 575 κυρίου
1666 542 1772 573 αὑτοῦ,
1782 541 1896 576 Ἰσραὴλ

1056 582 1090 610 δέ
1109 591 1148 618 με
1179 584 1235 611 οὐκ
1259 583 1345 619 ἔγνω.
1372 585 1428 612 Καὶ
1450 585 1542 616 πάλιν,
1567 585 1686 620 Τρυγὼν
1706 586 1755 612 καὶ
1772 586 1896 620 χελιδὼν

1056 627 1162 661 ἀγροῦ,
1178 629 1332 661 στρουθία,
1362 629 1500 660 ἔγνωσαν
1513 628 1635 662 καιροὺς
1651 628 1780 655 εἰσόδων
1791 629 1895 660 αὐτῶν,

1056 672 1074 698 ὁ
1089 671 1124 697 δὲ
1136 672 1212 704 λαός
1226 680 1285 706 μου
1296 673 1352 698 οὐκ
1365 672 1443 706 ἔγνω
1451 672 1487 699 τὰ
1495 672 1622 712 κρίματα
1632 674 1743 706 Κυρίου
1755 672 1811 699 τοῦ
1827 673 1896 699 Θεοῦ

1055 714 1158 742 αὑτοῦ.
1175 714 1242 741 Ἀπὸ
1257 715 1306 750 μὲν
1316 715 1419 742 τούτων
1428 717 1476 742 καὶ
1488 716 1542 742 τῶν
1554 716 1682 743 τοιούτων
1690 715 1769 748 ζώων
1781 715 1895 751 μάνθανε

1056 758 1206 794 κατορθοῦν
1221 760 1331 795 ἀρετὴν,
1348 759 1404 786 ἀπὸ
1423 759 1451 786 δέ
1466 759 1522 787 τῶν
1536 760 1666 786 ἐναντίων
1689 759 1821 786 παιδεύου
1835 760 1895 794 φεύ-

1055 811 1115 836 γειν
1140 803 1250 830 κακίαν.
1269 803 1375 838 ’Ὠσπερ
1394 803 1450 839 γὰρ
1474 803 1618 838 φιλόκαλον
1633 805 1649 839 ἡ
1663 803 1791 839 μέλιττα,
1813 803 1896 836 οὓτως

1056 846 1176 882 ὀλέθριον
1192 848 1209 882 ἡ
1225 846 1325 879 ἀσπίς·
1348 847 1542 883 ἀποστράφηθι
1562 847 1648 874 τοίνυν
1662 847 1713 883 τὴν
1728 848 1841 881 κακίαν,
1856 849 1895 875 ἵνα

1058 891 1095 926 μὴ
1103 891 1232 926 ἀκούσῃς·
1252 891 1304 924 Ἰὸς
1311 891 1450 918 ἀσπίδων
1459 891 1518 919 ὑπὸ
1528 891 1563 918 τὰ
1575 892 1662 926 χείλη
1679 891 1791 919 αὐτῶν.
1808 892 1895 918 Ἀναί-

1057 943 1171 970 σχυντον
1187 935 1269 962 πάλιν
1284 936 1299 962 6
1317 935 1390 962 κύων
1403 944 1410 951 ο
1433 935 1547 971 μίσησον
1565 935 1612 962 καὶ
1631 935 1734 970 ταύτην
1749 935 1802 971 τὴν
1816 944 1896 971 πονη-

1058 979 1129 1014 ρίαν.
1156 979 1270 1016 Δολερὸν
1289 980 1335 1006 καὶ
1355 979 1510 1015 πανοῦργον
1528 980 1546 1014 ἡ
1567 978 1696 1015 ἀλώπηξ·
1713 979 1751 1014 μὴ
1775 979 1896 1014 ζηλώσῃς

1056 1024 1086 1050 τὸ
1101 1024 1223 1059 νόσημα·
1240 1023 1309 1050 ἀλλὰ
1322 1022 1446 1058 καθάπερ
1461 1024 1478 1058 ἡ
1496 1022 1608 1057 μέλιττα
1619 1024 1674 1054 τοῖς
1687 1022 1821 1058 λειμῶσιν
1849 1023 1894 1056 ἐφ-

1059 1067 1195 1103 ιπταμένη
1217 1067 1247 1094 οὺ
1263 1067 1352 1094 πάντα
1364 1067 1480 1101 ἐκλέγει,
1497 1066 1565 1094 ἀλλὰ
1579 1067 1613 1093 τὰ
1631 1067 1754 1103 χρήσιμα
1772 1064 1894 1098 λαϐοῦσα,

1057 1111 1091 1138 τά
1111 1111 1192 1138 λοιπά
1212 1111 1335 1147 ἀφίησιν,
1357 1110 1428 1138 οὕτω
1452 1111 1499 1138 καὶ
1524 1111 1556 1137 σὺ
1571 1110 1683 1145 ποίησον
1695 1118 1701 1124 ·
1719 1109 1776 1136 τῶν
1795 1109 1896 1144 ἀλόγων

1060 1155 1182 1182 ἐπελθὼν
1193 1155 1225 1181 τὸ
1236 1155 1325 1190 γένος,
1338 1154 1395 1182 εῐτι
1403 1155 1547 1190 χρήσιμον,
1562 1155 1626 1190 παρ’
1637 1153 1749 1180 ἐκείνων
1757 1153 1878 1189 λάμῦανε
1886 1162 1893 1168 θ

1058 1200 1105 1226 καὶ
1121 1199 1310 1235 άπερέχουσιν
1323 1200 1352 1226 ἐν
1371 1200 1405 1235 τῇ
1420 1199 1500 1234 φύσει
1515 1198 1750 1233 πλεονεκτήματα,
1765 1197 1851 1224 ταῦτα
1865 1199 1894 1224 σὺ

1057 1248 1102 1274 διὰ
1117 1248 1167 1283 τῆς
1197 1248 1384 1284 προαιρέσεως
1407 1247 1580 1284 κατόρθωσον
1590 1255 1597 1261 ·
1619 1247 1666 1273 καὶ
1684 1246 1739 1281 γὰρ
1753 1247 1802 1272 καὶ
1814 1246 1896 1282 ταύτῃ

1058 1297 1134 1332 παρὰ
1160 1296 1208 1324 τοῦ
1230 1297 1297 1324 Θεοῦ
1319 1298 1476 1333 τετίμησαι,
1488 1296 1530 1323 ὃτι
1548 1296 1582 1323 τὰ
1597 1296 1700 1330 φυσικά
1709 1296 1800 1324 αὐτῶν
1809 1296 1894 1322 πλεο-ιι

1055 1342 1200 1379 εκτήματα
1234 1345 1267 1371 ἐκ
1279 1344 1465 1380 προαιρέσεώς
1483 1353 1524 1371 σοι
1543 1344 1664 1380 παρέσχε
1677 1343 1839 1379 κατορθοῦν,
1856 1344 1895 1369 ἵνα

1058 1392 1106 1420 καὶ
1119 1391 1233 1427 βραϐεἰα
1258 1393 1356 1430 λάϐῃς.
1383 1393 1514 1424 Ἐκείνοις
1525 1393 1580 1428 γάρ
1592 1393 1643 1419 οὐκ
1663 1394 1696 1419 ἐκ
1713 1391 1895 1428 προαιρέσεως

1058 1436 1106 1463 καὶ
1117 1436 1197 1471 λόγου
1210 1437 1244 1464 τὰ
1256 1436 1465 1472 κατορθώματα.
1476 1436 1532 1464 ἀλλ’
1545 1436 1599 1464 ἀπὸ
1611 1436 1718 1471 φύσεως
1729 1436 1824 1471 μόνης.
1837 1433 1896 1461 Οἷόν

1057 1493 1084 1511 τι
1096 1484 1180 1519 λέγων
1198 1487 1214 1521 ἡ
1232 1486 1341 1520 μέλιττα
1357 1485 1532 1521 μελιτουργεῖ
1549 1486 1579 1512 οὺ
1593 1485 1666 1520 λόγῳ
1681 1483 1808 1519 μαθοῦσα
1822 1483 1896 1510 τοῦτο

1060 1533 1106 1560 καὶ
1123 1533 1254 1570 λογισμῷ,
1271 1534 1328 1561 ἀλλ’
1343 1533 1397 1561 ἀπὸ
1410 1533 1459 1569 τῆς
1472 1533 1579 1568 φύσεως
1590 1532 1768 1560 παιδευθεῖσα
1778 1541 1784 1547 -
1804 1532 1864 1559 ἐπεὶ
1873 1532 1895 1557 ει

1060 1581 1097 1617 μὴ
1111 1582 1223 1616 φυσικὸν
1237 1580 1271 1618 ἦν
1284 1583 1316 1610 τὸ
1330 1582 1422 1618 ἔργον,
1439 1581 1507 1618 μηδὲ
1531 1580 1570 1617 τῷ
1584 1580 1659 1618 γένει
1676 1580 1894 1616 συγκεκλήρωτο,

1057 1615 1110 1656 ἐδει
1118 1615 1231 1662 πάντως
1241 1615 1317 1662 τινὰς
1329 1615 1359 1663 ἐξ
1369 1615 1618 1665 γαὺτῶνἾάπείρουξ
1630 1627 1699 1656 εἶναι
1712 1629 1764 1664 τῆς
1778 1628 1874 1664 τέχνης
1888 1637 1894 1644 ·

1060 1678 1108 1705 νῦν
1124 1678 1152 1705 δὲ
1163 1678 1193 1711 ἐξ
1208 1675 1239 1705 οὗ
1251 1678 1362 1713 γέγονεν
1372 1679 1386 1705 6
1399 1678 1501 1714 κόσμος
1520 1677 1600 1713 μέχρι
1611 1677 1661 1712 τῆς
1675 1676 1819 1713 παρούσης
1831 1676 1896 1712 ἡμέ-

1059 1735 1119 1763 ρας,
1130 1727 1218 1759 οὺδεὶς
1230 1725 1282 1754 εἶδε
1295 1727 1423 1763 μελίττας
1432 1726 1620 1763 ήσυχαζούσας
1637 1726 1684 1753 καὶ
1698 1726 1736 1761 μὴ
1755 1726 1895 1762 μελιτουρ-

1057 1775 1169 1809 γούσας.
1189 1775 1310 1803 Τοιαῦτα
1335 1776 1436 1812 γὰρτά
1450 1775 1554 1810 φυσικά
1571 1773 1648 1801 κοινά
1662 1773 1710 1800 τοῦ
1731 1773 1834 1806 παντὸς
1850 1774 1896 1808 γέ-

1058 1832 1119 1856 νους
1132 1824 1190 1851 ἐστί
1200 1833 1207 1839 ·
1223 1825 1256 1852 τά
1273 1825 1302 1851 δὲ
1314 1824 1345 1851 ἐκ
1364 1823 1554 1860 προαιρέσεως
1569 1823 1619 1849 οὐκ
1633 1822 1692 1849 ἐστι
1708 1821 1789 1849 κοινά
1799 1830 1806 1838 ·
1818 1822 1895 1851 πόνου

1059 1872 1113 1907 γὰρ
1128 1872 1212 1899 δεῖται
1230 1873 1298 1910 πρὸς
1313 1873 1344 1900 τὸ
1356 1872 1572 1908 κατορθωθῆναι.

1093 1925 1127 1956 γ’.
1140 1921 1232 1948 Πάντα
1239 1921 1327 1947 τοίνυν
1335 1921 1368 1948 τὰ
1379 1920 1508 1947 κάλλιστα
1520 1919 1608 1946 λαϐὼν
1617 1917 1777 1954 περιϐαλοῦ·
1788 1919 1834 1945 καὶ
1845 1918 1896 1954 γὰρ

1060 1969 1186 2005 βασιλεὺς
1205 1966 1230 1995 εἴ
1241 1969 1296 1995 τῶν
1308 1969 1413 2003 ἀλόγων
1423 1977 1430 1984 ·
1446 1968 1470 1995 οἱ
1487 1968 1515 1994 δέ
1528 1967 1656 2003 βασιλεῖς,
1675 1967 1702 1993 ετ
1714 1975 1740 1993 τι
1757 1966 1896 1994 κάλλιστόν

1058 2021 1132 2046 ἐστιν
1142 2020 1170 2046 ἐν
1182 2020 1238 2051 τοῖς
1261 2019 1402 2054 ὑπηκόοις,
1423 2018 1477 2045 εἴτε
1497 2017 1609 2054 χρυσὸς,
1627 2018 1682 2044 εἴτε
1697 2018 1830 2053 ἄργυρος,
1844 2017 1896 2043 ειτε

1059 2068 1127 2096 λίθοι
1138 2069 1233 2104 τίμιοι,
1247 2069 1300 2095 εἴτε
1314 2067 1410 2102 ἱμάτια
1421 2066 1565 2102 πολυτελῆ,
1574 2065 1660 2093 ταῦτα
1673 2065 1732 2101 μεθ’
1746 2065 1897 2100 ὑπερϐολῆς

1063 2117 1140 2144 αὐτοὶ
1168 2117 1316 2152 κέκτηνται
1328 2124 1334 2131 ·
1352 2115 1398 2143 καὶ
1416 2114 1540 2150 θαύμαζέ
1562 2122 1609 2140 σου
1626 2114 1672 2140 τὸν
1691 2114 1831 2149 Δεσπότην
1845 2114 1897 2140 ἀπὸ

1058 2167 1107 2202 τῆς
1120 2165 1248 2197 κτίσεως.
1260 2166 1291 2192 Εἰ
1305 2164 1333 2191 δέ
1348 2165 1375 2191 τί
1395 2172 1424 2190 σε
1442 2163 1602 2199 ὑπερϐαίνει
1612 2162 1666 2189 τῶν
1679 2162 1838 2198 ὁρωμένων,
1852 2163 1897 2189 καὶ

1058 2215 1104 2241 τὸν
1122 2214 1200 2249 λόγον
1214 2215 1244 2241 οὐ
1256 2214 1367 2241 δύνασαι
1390 2213 1492 2247 εὑρεῖν,
1511 2212 1558 2238 καὶ
1568 2211 1612 2238 διὰ
1627 2211 1705 2238 τοῦτο
1722 2211 1836 2244 δόξασον
1852 2211 1896 2238 τὸν

1059 2265 1219 2300 ποιήσαντα,
1237 2263 1278 2289 ὅτι
1303 2261 1463 2297 ὑπερϐαίνει
1483 2269 1530 2287 σου
1547 2260 1597 2295 τὴν
1611 2259 1763 2294 κατάληψιν
1782 2260 1799 2295 ἡ
1819 2259 1896 2294 σοφία

1058 2311 1114 2338 τῶν
1125 2310 1200 2348 1127]
1210 2311 1370 2346 γινομένων.
1380 2309 1494 2344 Μὴλέγε
1505 2316 1511 2323 ·
1523 2308 1571 2334 Διὰ
1577 2308 1603 2334 τί
1615 2307 1703 2339 τοῦτο;
1713 2307 1753 2340 είς
1767 2308 1793 2333 τί
1803 2307 1894 2340 τοῦτο;

1059 2359 1174 2386 ἕκαστον
1185 2360 1239 2395 γὰρ
1251 2359 1384 2395 χρήσιμόν
1393 2358 1476 2388 ἐστιν,
1490 2357 1515 2383 εἰ
1528 2357 1576 2383 καὶ
1590 2356 1636 2382 τὸν
1652 2355 1730 2390 λόγον
1745 2356 1896 2391 ἀγνοοῦμεν

1058 2409 1149 2443 ἡμεῖς.
1163 2407 1269 2443 Ὥσπερ
1296 2405 1342 2433 οὖν
1362 2406 1410 2432 ἐάν
1429 2406 1469 2436 είς
1487 2405 1602 2440 ἰατρεῖον
1627 2403 1761 2440 εἰσέλθῃς,
1778 2405 1827 2431 καὶ
1841 2404 1896 2440 ῐδῃς

1059 2455 1189 2492 ἐργαλεῖα
1209 2455 1295 2482 πολλὰ
1322 2454 1500 2490 προκείμενα,
1526 2451 1676 2487 θαυμάζεις
1694 2452 1744 2486 τὴν
1759 2451 1895 2478 ποικιλίαν

1058 2504 1112 2531 τῶν
1133 2504 1266 2540 ὀργάνων,
1287 2503 1375 2530 καίτοι
1397 2510 1429 2536 γε
1445 2501 1494 2532 τὰς
1512 2500 1606 2536 χρείας
1622 2500 1712 2527 αὐτῶν
1730 2501 1782 2526 οὐκ
1798 2500 1874 2532 εἰδώς
1887 2507 1894 2515 ·

1058 2553 1130 2580 οὕτω
1144 2553 1192 2579 καὶ
1209 2552 1254 2578 ἐπὶ
1263 2551 1313 2586 τῆς
1329 2550 1444 2582 κτίσεως
1459 2549 1583 2585 ποίησον,
1599 2548 1650 2575 κᾶν
1670 2548 1728 2583 ἴδῃς
1740 2548 1828 2575 πολλὰ
1843 2549 1895 2574 τῶν

1061 2600 1139 2633 ζώων
1159 2600 1206 2627 καὶ
1229 2599 1284 2626 τῶν
1299 2598 1418 2634 βοτανῶν
1434 2598 1482 2625 καὶ
1495 2597 1549 2624 τῶν
1564 2596 1655 2631 φυτῶν
1669 2596 1717 2622 καὶ
1736 2596 1792 2622 τῶν
1811 2596 1895 2624 ἄλλων

1061 2649 1232 2685 πραγμάτων
1252 2644 1290 2675 ὦν
1313 2647 1362 2679 τὰς
1384 2646 1479 2683 χρείας
1490 2646 1541 2672 οὐκ
1553 2645 1636 2676 οἶδας,
1651 2644 1793 2680 θαύμασον
1808 2644 1895 2671 αὐτῶν

1058 2699 1107 2734 τὴν
1123 2697 1271 2728 ποικιλίαν,
1283 2697 1332 2724 καλ⁵
1345 2694 1500 2730 ὲκπλάγηθι
1513 2694 1560 2721 καὶ
1568 2693 1612 2720 διὰ
1629 2693 1708 2720 τοῦτο
1723 2693 1769 2720 τὸν
1784 2693 1895 2728 ἀριστο-

1057 2747 1155 2782 τέχνην
1182 2746 1260 2777 Θεὸν,
1286 2745 1327 2772 ὃτι
1341 2744 1403 2771 οὔτε
1427 2752 1468 2770 σοι
1491 2742 1579 2770 πάντα
1594 2742 1661 2777 δῆλα
1679 2742 1819 2777 ἐποίησεν,
1836 2739 1895 2768 οὕτε

1059 2795 1146 2822 πάντα
1159 2795 1264 2830 ἀφῆκεν
1276 2793 1372 2829 ἀδηλα.
1390 2793 1447 2819 Ούκ
1463 2792 1553 2827 ἀφῆκε
1566 2791 1616 2826 μὲν
1625 2790 1680 2826 γὰρ
1697 2791 1787 2817 πάντα
1800 2789 1894 2824 ἄδηλα,

1058 2843 1101 2870 ἵνα
1120 2843 1157 2878 μὴ
1172 2842 1328 2878 ἀπρονόητα
1356 2839 1425 2868 εῖναι
1441 2840 1524 2877 λέγῃς
1540 2839 1573 2866 τὰ
1593 2839 1658 2866 δντα
1668 2847 1675 2854 '
1693 2839 1745 2865 οὐκ
1764 2838 1853 2874 ἀφῆκε
1867 2838 1896 2865 δέ

1058 2898 1100 2916 σοι
1108 2889 1196 2916 πάντα
1204 2890 1330 2925 γνώριμα
1343 2887 1423 2921 εἶναι,
1433 2888 1477 2915 ⁵ίνα
1489 2888 1526 2923 μὴ
1535 2887 1566 2914 τὸ
1579 2886 1693 2922 μέγεθος
1710 2886 1761 2921 τῆς
1768 2885 1894 2920 γνώσεως

1059 2939 1098 2972 εἰς
1112 2939 1240 2966 ἀπόνοιαν
1261 2947 1291 2965 σε
1312 2939 1413 2975 ἐπάρῃ.
1432 2938 1511 2965 Οὕτω
1530 2937 1595 2974 γοῦν
1611 2937 1657 2964 καὶ
1671 2937 1717 2964 τὸν
1733 2936 1838 2972 πρῶτον
1850 2935 1897 2969 ἄν.
