1962 3121
142 151 190 179 129

140 217 230 245 redditi
244 226 250 243 :
266 222 294 244 et
311 226 364 246 una
379 219 484 254 quidem
504 218 627 245 imbrium
640 222 681 245 est
695 222 788 245 natura
801 238 808 250 ,
822 217 927 244 diversa

132 251 198 291 ivero
209 271 268 298 qua:
281 271 314 291 ex
329 251 396 299 ipsis
412 265 477 292 fiunt
492 273 498 291 :
512 265 608 292 etenim
621 265 645 290 in
658 264 710 291 vite
724 265 814 291 vinum
829 264 857 291 fit
871 264 931 298 plu-

139 315 175 335 ria
186 328 193 340 ,
208 309 297 335 oleum
312 309 339 336 in
356 310 413 338 olea
423 330 432 343 ,
447 315 474 337 et
489 311 514 337 in
535 309 594 336 aliis
608 310 704 344 plantis
719 309 745 336 in
760 309 864 336 illarum
879 309 929 336 hu-

137 362 220 382 mores
231 359 365 382 mutatur.
381 356 413 383 Et
425 364 492 383 unus
505 355 610 390 quidem
625 362 666 382 est
679 361 756 382 terrae
769 359 872 386 venter.
881 354 929 382 sed

136 399 284 428 differentes
310 401 413 436 profert
436 401 536 429 fructus
553 410 559 428 :
576 409 644 429 unus
666 401 761 428 solaris
782 401 930 436 splendoris

133 450 171 483 est
183 446 266 476 calor.
284 447 334 474 sed
348 447 502 474 difl'erenter
513 448 601 474 omnia
616 451 739 479 maturat,
754 447 811 474 haec
823 447 929 482 quidem

133 492 231 518 tardius
242 512 250 523 ,
268 491 329 519 haec
345 500 408 519 vero
424 493 502 520 citius
521 492 554 520 ad
575 493 829 520 consummationem
843 492 930 520 dedu-

132 544 203 564 cens.
216 537 284 571 Quis
307 538 368 565 hazc
382 547 435 565 non
455 538 625 574 Obstupescat
643 543 669 566 et
692 538 860 566 admiretur?
876 539 929 565 imo

132 591 192 610 vero
218 592 273 611 non
296 585 350 612 hoc
372 585 458 612 solum
480 590 521 612 est
539 584 695 612 admirabile
710 605 717 617 ,
738 584 808 619 quod
827 585 929 611 Varium

132 629 214 664 ipsum
235 634 263 656 et
286 629 458 657 differentem
478 630 667 662 fabricaverit,
691 630 739 657 sed
758 629 837 657 etiam
859 629 929 663 quod

132 675 214 708 ipsum
229 675 361 702 omnibus
372 683 542 702 communem
557 675 724 709 proposuerit
735 693 743 706 ,
763 679 790 701 et
805 674 930 701 divitibus

131 725 156 746 et
170 720 338 754 pauperibus
350 741 358 753 ,
373 725 399 748 et
414 721 598 756 peccatoribus
611 725 639 748 et
648 720 737 755 justis.
752 719 828 753 Quod
839 720 930 754 utique

131 771 156 793 et
168 766 294 793 Christus
308 766 416 793 dicebat
430 775 437 792 :
453 766 539 794 Solem
554 775 628 793 suum
647 767 708 793 oriri
720 766 780 801 facit
795 773 871 800 super
883 766 929 792 bo-

131 816 209 838 noset
223 820 305 847 super
328 813 410 839 malos
424 833 431 844 ,
452 817 476 839 et
499 812 562 847 pluit
584 821 661 847 super
672 813 757 848 justas
781 816 802 838 et
823 812 930 845 injustas

132 857 236 893 (Matth.
251 858 280 885 5.
295 858 345 894 45)
359 864 403 886 :et
416 858 525 886 inﬁnitis
538 859 623 893 ipsum
638 859 794 885 animalibus
806 858 928 892 implens,

132 907 158 930 et
171 903 312 931 naturales
327 904 412 931 brutis
427 904 547 931 inserens
562 911 650 931 mores
660 924 667 936 ,
686 903 735 930 llos
748 903 853 938 quidem
869 903 930 929 imi-

133 950 179 976 tari
192 971 199 981 ,
215 949 266 976 hos
281 957 349 977 vero
364 950 454 985 fugere
469 957 518 977 nos
529 949 617 984 jussit.
634 949 713 976 Verbi
727 950 809 984 gratia
827 958 835 977 :
851 948 930 975 indu—

132 996 192 1022 stria
211 1000 255 1023 est
274 995 387 1023 formica
400 1016 408 1029 ,
426 1001 452 1023 et
466 996 627 1023 laboriosum
641 995 703 1022 facit
717 1002 793 1030 opus.
808 994 834 1022 Si
851 994 931 1029 igitur

131 1042 262 1074 attendas,
279 1043 426 1069 maximam
438 1044 472 1070 ab
486 1042 536 1070 hoc
548 1042 654 1069 animali
668 1042 757 1076 capies
771 1040 931 1068 admonitio-

133 1095 202 1120 nem,
219 1093 248 1114 ut
261 1096 318 1115 non
333 1088 493 1120 emolliaris,
508 1095 576 1115 neve
590 1087 674 1122 fugias
689 1087 793 1114 labores
806 1091 833 1114 et
847 1086 930 1113 sudo-

131 1141 190 1160 res:
203 1140 351 1168 propterea
361 1138 389 1160 et
401 1133 538 1168 Scriptura
555 1137 702 1167 torpentem
717 1132 750 1159 ad
764 1132 834 1159 illam
851 1132 932 1159 mittit

132 1179 221 1206 dicens
233 1189 240 1205 :
259 1179 331 1206 Vade
341 1179 374 1205 ad
383 1179 525 1215 formicam,
537 1187 551 1205 ο
563 1178 644 1214 piger,
651 1183 675 1205 et
688 1177 786 1204 imitare
799 1178 851 1204 vias
864 1178 929 1212 ejus,

133 1231 154 1252 rt
168 1231 219 1252 esto
234 1227 284 1253 illa
299 1226 438 1261 sapientior
451 1225 541 1258 (Prov.
557 1226 583 1252 6.
599 1225 637 1259 6).
653 1223 711 1251 Non
725 1224 775 1257 vis,
789 1224 884 1259 inquit,
898 1231 931 1250 ex

133 1271 283 1305 Scripturis
298 1271 403 1298 discere
414 1270 486 1306 quod
504 1271 602 1297 bonum
621 1270 657 1297 sit
675 1270 800 1304 operari,
818 1274 845 1296 et
860 1268 930 1304 quod

134 1324 184 1344 nan
200 1325 320 1351 operans
335 1325 421 1353 neque
434 1316 595 1344 manducare
609 1315 724 1343 debeat?
738 1323 791 1342 non
804 1316 844 1342 vis
854 1323 868 1341 a
884 1314 932 1341 do-

134 1364 253 1391 ctoribus
267 1364 319 1391 hoc
330 1363 442 1390 audire?
452 1362 526 1390 disce
538 1369 554 1389 a
566 1361 660 1389 brutis.
676 1361 719 1388 Sic
732 1366 759 1389 et
773 1362 798 1388 in
811 1360 932 1388 domibus

135 1416 205 1444 saepe
225 1408 341 1436 facimus
357 1417 364 1435 :
381 1408 498 1443 majores
510 1429 518 1441 ,
539 1413 565 1435 et
585 1407 631 1442 qui
650 1406 773 1434 videntur
787 1414 847 1434 esse
862 1414 932 1441 pra:-

135 1454 280 1482 stantiores
290 1475 298 1486 ,
313 1462 373 1482 cum
389 1454 573 1489 peccaverint,
589 1453 708 1488 puerulis
728 1452 871 1479 solertibus
889 1457 932 1478 at-

135 1500 246 1529 tendere
259 1501 447 1533 exhortamur,
461 1501 580 1528 dicentes
593 1509 598 1527 :
614 1499 726 1535 Respice
740 1499 871 1526 minorem
886 1503 911 1526 te
922 1519 931 1533 ,

136 1555 214 1582 quam
229 1553 272 1575 est
286 1547 434 1574 industrius
448 1552 475 1575 et
488 1547 583 1574 solers.

170 1594 193 1620 Α
205 1594 318 1621 minimis
331 1594 484 1621 animalibus
495 1593 609 1620 eruditur
622 1593 706 1620 homo.
721 1607 756 1613 —
769 1592 802 1619 Et
812 1596 839 1619 tu
854 1590 933 1627 igitur

137 1640 170 1667 ab
183 1641 235 1668 hoc
248 1640 357 1667 animali
373 1640 518 1667 maximam
531 1647 596 1674 cape
609 1638 757 1666 sedulitatis
771 1637 934 1665 exhortatio-

139 1695 197 1714 nem
211 1695 218 1714 :
232 1691 261 1714 et
275 1686 416 1713 Dominum
430 1690 502 1713 tuum
515 1685 647 1712 admirare
660 1705 668 1717 ,
691 1692 743 1711 non
757 1683 828 1719 quod
848 1684 933 1710 solem

139 1733 230 1761 fecerit
244 1737 348 1759 tantum
360 1736 387 1759 et
401 1731 494 1759 emtum
507 1751 515 1762 ,
536 1730 582 1758 sed
603 1729 673 1765 quod
694 1730 773 1757 etiam
793 1729 934 1756 formicam

140 1779 209 1806 tecit.
223 1778 280 1805 Etsi
293 1778 365 1805 enim
375 1778 498 1812 exiguum
511 1776 619 1809 animal,
634 1775 713 1802 habet
728 1780 816 1802 tamen
830 1775 935 1809 sapien-

141 1824 183 1851 tize
196 1823 242 1850 Dei
258 1822 448 1857 magnitudinis
463 1821 571 1848 inultam
586 1820 851 1848 demonstrationem.
865 1819 935 1848 Con-

141 1869 228 1897 sidera
242 1869 322 1904 igitur
332 1876 410 1903 quam
425 1867 459 1894 sit
472 1866 600 1902 prudens,
609 1870 636 1893 et
646 1866 788 1898 admirare,
801 1865 935 1900 quomodo

142 1915 228 1949 potuit
242 1914 313 1941 Deus
326 1913 352 1940 in
381 1917 434 1940 tam
458 1911 532 1940 brevi
557 1918 670 1946 corpore
695 1914 795 1938 tantam
808 1910 878 1945 jugis
896 1910 936 1938 in-

142 1968 233 1988 serere
247 1959 411 1995 operationis
424 1958 606 1993 cupiditatem.
622 1957 663 1984 Ab
677 1957 726 1984 hac
738 1957 846 1992 quidem
860 1956 936 1983 labo-

143 2007 181 2034 ris
191 2007 318 2037 studium,
328 2005 362 2032 ab
373 2012 423 2040 ape
438 2011 501 2032 vero
515 2003 669 2030 munditiam
678 2007 704 2030 et
715 2002 849 2030 solertiam
863 2002 937 2030 disce

143 2050 459 2080 etcharitatem.Etcnim
481 2050 525 2077 illa
546 2057 598 2080 non
618 2049 701 2084 magis
720 2048 770 2075 sibi
785 2048 834 2083 ipsi
855 2055 934 2082 quam

146 2098 222 2125 nobis
240 2098 362 2129 laborat,
384 2101 412 2123 et
430 2095 548 2131 quotidie
567 2095 712 2129 fatigatur:
728 2093 798 2128 quod
823 2093 937 2120 maxime

145 2145 297 2172 Christiano
312 2143 447 2178 proprium
461 2147 512 2175 est,
528 2150 582 2169 non
602 2149 649 2168 sua
664 2148 783 2176 quaerere
793 2160 802 2173 ,
817 2139 864 2167 sed
878 2147 939 2174 qua:

147 2194 207 2217 sunt
216 2190 340 2216 aliorum.
353 2188 428 2216 Sicut
449 2188 528 2223 igitur
540 2187 582 2214 illa
595 2186 769 2214 circumvolat
778 2185 866 2212 omnia
878 2192 939 2220 pra-

149 2240 173 2262 ta
184 2256 192 2269 ,
211 2239 241 2263 ιιι
255 2239 406 2270 promptam
421 2234 497 2262 alteri
512 2237 644 2268 praeparet
658 2239 777 2260 mensam
794 2240 802 2259 :
817 2232 856 2259 sic
870 2235 897 2259 et
911 2235 939 2259 tu

149 2281 206 2313 fac,
227 2280 327 2312 homo,
348 2279 404 2307 sive
424 2278 551 2313 pecunias
570 2284 735 2313 congreges,
759 2277 787 2303 in
806 2276 879 2303 alios
890 2283 939 2303 ex-

149 2326 233 2361 pende
252 2334 258 2352 :
274 2325 331 2352 sive
344 2323 473 2351 doctrinae
489 2323 568 2350 verba
581 2322 689 2354 habeas,
704 2329 737 2349 ne
750 2320 879 2351 defodias.
893 2319 941 2348 sed

150 2378 266 2406 apponas
277 2369 494 2405 indigentibus-in
509 2368 627 2395 medium
639 2376 646 2394 :
659 2367 715 2395 sive
725 2367 795 2394 aliud
809 2366 942 2402 peculiare

151 2416 248 2444 habeas
259 2437 268 2449 ,
283 2416 357 2442 utilis
371 2419 430 2442 esto
443 2414 476 2441 iis
487 2434 495 2447 ,
518 2414 563 2449 qui
587 2412 707 2440 laborum
727 2416 832 2439 tuorum
854 2411 941 2439 fructu

150 2467 236 2498 egent.
252 2461 311 2489 Non
331 2460 420 2488 cernis
431 2480 438 2491 .
453 2463 593 2494 propterea
613 2458 766 2485 animalium
783 2457 942 2492 gloriosissi-

151 2515 221 2535 mum
237 2514 297 2534 esse
311 2513 388 2541 apem
399 2525 407 2536 ,
422 2512 475 2532 non
488 2504 548 2539 quia
560 2503 680 2536 laborat,
694 2503 740 2529 sed
755 2503 816 2537 quia
830 2501 888 2529 aliis
902 2501 943 2528 la—

153 2552 245 2580 borat?
258 2552 386 2585 quoniam
399 2554 426 2577 et
437 2556 534 2577 aranea
549 2549 662 2582 laborat,
676 2553 704 2576 et
717 2547 850 2582 fatigatur,
863 2551 890 2574 et
905 2551 944 2574 te-

154 2606 216 2626 nues
230 2606 278 2633 per
291 2597 408 2633 parietes
420 2595 540 2624 extendit
552 2599 670 2623 texturas
681 2615 689 2627 ,
703 2602 810 2622 omnem
823 2593 944 2621 mulieris

154 2643 310 2679 sapientiam
325 2641 499 2674 excedentes,
512 2640 559 2668 sed
573 2644 614 2668 est
624 2639 740 2675 ignobile
752 2639 860 2671 animal,
876 2645 944 2674 quo-

156 2691 223 2718 niam
237 2697 307 2725 opus
321 2689 381 2724 ejus
400 2688 477 2716 nobis
492 2687 640 2714 nullatenus
652 2691 693 2714 est
707 2686 771 2714 utile
784 2694 791 2713 :
807 2685 873 2713 tales
884 2688 947 2712 sunt

157 2737 205 2764 sibi
229 2737 384 2764 laborantes
399 2740 426 2762 et
440 2741 470 2762 se
484 2733 666 2769 defatigantes.
687 2732 795 2760 Imitare
817 2731 947 2758 columba:

157 2783 351 2817 simplicitatem
361 2802 371 2815 ,
387 2784 492 2809 sectare
506 2779 573 2806 asini
585 2783 613 2807 et
626 2778 701 2806 bovis
716 2778 742 2805 in
756 2777 893 2805 dominum
906 2776 948 2803 αἱς

158 2829 308 2861 lectionem,
323 2827 434 2855 imitare
445 2826 534 2853 avium
546 2825 713 2853 securitatem
731 2832 738 2850 :
752 2823 864 2857 multum
876 2823 947 2850 enim

159 2876 253 2904 lucrari
265 2875 328 2904 licet
341 2882 358 2902 a
371 2873 459 2902 brutis
471 2871 505 2900 ad
519 2879 621 2900 morum
635 2870 838 2899 correctionem.
853 2867 894 2896 Ex
907 2868 948 2896 bis

637 150 681 178 AD
700 149 858 178 POPULUM
871 148 1115 178 AN'l‘tUCllENUM
1147 151 1259 179 HOMIL.
1276 152 1332 180 Xll.

1727 157 1776 185 150

985 206 1107 234 Christus
1119 215 1224 243 quoque
1246 216 1295 236 nos
1314 209 1472 238 animalibus
1495 211 1620 239 instruit:
1638 221 1699 240 nam
1714 215 1751 241 alt
1769 239 1774 243 .

983 251 1072 280 Estote
1087 253 1221 287 prudentes
1240 254 1304 281 sicut
1323 261 1447 290 serpentes
1460 263 1470 284 :
1482 262 1505 283 et
1517 258 1642 292 simplices
1655 259 1718 286 sicut
1732 269 1773 286 εο-

984 297 1076 324 Iurabit
1088 298 1194 333 (Matth.
1208 299 1252 327 10.
1265 299 1321 334 i6).
1338 300 1370 327 Et
1383 309 1488 328 rursum
1504 311 1510 328 :
1526 302 1651 337 Respicite
1663 305 1776 332 volatilia

982 343 1039 369 costi
1048 363 1055 375 ,
1069 351 1125 379 quia
1137 352 1187 371 non
1200 350 1286 372 serant
1300 353 1378 380 neque
1391 351 1495 379 metunt,
1509 352 1532 373 et
1545 347 1620 374 Pater
1631 354 1710 375 uester
1723 357 1773 376 ca:-

983 389 1050 416 lestis
1070 390 1149 424 pascit
1173 390 1332 424 mutatus.
1344 391 1379 419 26
1392 392 1411 425 ).
1436 393 1469 420 Ει
1489 394 1617 428 propheta
1630 415 1638 427 ,
1663 396 1773 430 pudefa-

981 435 1055 462 ciens
1069 436 1186 471 ingratos
1198 437 1304 465 Iudaeos
1314 459 1322 472 ,
1343 439 1382 466 sic
1404 439 1489 475 inquit
1503 448 1510 466 :
1524 440 1631 476 Agnovit
1651 442 1694 468 bos
1713 451 1773 477 pos-

981 489 1101 508 sessorem
1113 491 1186 509 suum
1199 489 1221 510 et
1236 484 1324 512 asinus
1335 493 1446 520 prtesepe
1458 485 1553 512 domini
1566 488 1606 513 sui
1615 487 1714 515 :Israel
1727 498 1774 515 (m-

981 532 1030 554 tem
1043 536 1082 555 me
1094 536 1144 555 non
1158 530 1257 564 agnovit
1268 529 1343 565 (luti.
1362 531 1387 557 f.
1400 530 1440 565 5);
1454 531 1489 558 Et
1502 539 1607 559 rursum
1621 542 1627 559 :
1645 532 1737 560 'l'urtur
1749 539 1773 560 et

982 574 1090 601 hirundo
1103 575 1159 609 agri
1172 595 1179 608 ,
1193 576 1299 602 avicula:
1309 596 1316 609 ,
1333 582 1500 611 cognoverunt
1515 583 1629 612 tempora
1647 579 1773 614 ingressus

981 619 1037 651 sui;
1052 620 1160 654 populus
1170 628 1227 647 vero
1238 629 1305 647 nisus
1315 629 1364 648 non
1375 623 1488 656 cognovit
1495 623 1596 658 judicia
1608 623 1712 651 Domini
1726 625 1774 651 Dei

981 664 1020 690 sui
1033 663 1098 698 (Jer.
1114 665 1142 692 8.
1157 666 1194 700 7).
1209 665 1251 693 Ab
1266 665 1306 692 his
1320 671 1346 693 et
1360 674 1374 693 a
1389 667 1519 695 similibus
1534 669 1689 696 animalibus
1701 669 1773 697 disce

982 709 1105 736 virtutem
1115 718 1251 743 exercere,
1265 719 1280 738 a
1293 711 1433 739 contrariis
1443 711 1774 747 verovitiumfugere.Sic-

981 758 1013 781 ut
1037 756 1105 782 enim
1120 756 1236 783 benefica
1248 756 1316 791 apis,
1328 757 1366 784 sic
1380 757 1526 792 perniciosa
1536 759 1607 792 aspis
1622 767 1628 784 ε
1643 758 1770 785 malitiam

982 800 1061 834 igitur
1074 801 1130 834 ejus
1145 801 1277 828 averseris
1288 821 1296 834 ,
1317 810 1350 828 ne
1375 801 1486 829 audias:
1508 801 1636 829 Venenum
1656 803 1774 837 (rapidum

980 846 1026 872 sub
1039 847 1111 873 labiis
1125 855 1210 873 eorum
1225 846 1309 882 (Psal.
1326 847 1388 874 159.
1402 848 1441 881 Δ).
1456 847 1597 882 lmpudens
1610 857 1714 876 rursum
1728 856 1770 876 ca-

982 891 1041 922 nis,
1055 891 1117 918 odio
1131 900 1236 927 quoque
1250 893 1348 921 habeas
1366 894 1434 921 hanc
1448 893 1643 928 improbitatem
1659 903 1665 921 :
1680 895 1772 922 dolosa

982 941 1009 963 et
1030 937 1196 964 fraudulenta
1210 938 1302 973 vulpes
1315 959 1322 970 ,
1339 947 1372 966 ne
1385 939 1476 966 vitium
1493 939 1606 966 imiteris
1621 948 1628 966 :
1643 940 1690 967 sed
1705 940 1774 967 sicut

981 983 1038 1017 apis
1053 984 1134 1018 partis
1149 985 1331 1018 supervolans,
1346 991 1399 1011 non
1413 985 1501 1011 omnia
1517 985 1589 1019 legit,
1606 985 1652 1012 sed
1667 977 1775 1013 utilibus

981 1030 1093 1064 sumptis
1106 1030 1205 1065 reliqua
1214 1031 1311 1057 omittit
1321 1031 1371 1065 :jta
1386 1036 1413 1057 tu
1426 1039 1529 1066 quoque
1544 1031 1624 1058 facias
1635 1032 1772 1059 brutorum

981 1082 1066 1109 genus
1087 1084 1244 1110 percurrens
1259 1085 1266 1102 :
1280 1076 1302 1103 si
1316 1076 1379 1111 quid
1401 1077 1469 1104 inest
1481 1077 1544 1104 utile
1557 1077 1590 1103 ab
1608 1077 1658 1103 illis
1677 1085 1754 1104 sume
1767 1098 1773 1108 ,

982 1125 1010 1147 et
1021 1129 1086 1156 quas
1098 1121 1196 1148 habent
1209 1129 1223 1147 a
1239 1126 1331 1148 natura
1348 1122 1537 1156 prmrogativas
1549 1142 1556 1152 ,
1572 1122 1620 1149 has
1637 1128 1662 1148 tu
1678 1130 1726 1157 per
1740 1122 1774 1149 li-

983 1165 1074 1193 berutn
1086 1168 1205 1201 exprime
1215 1167 1351 1194 arbitrium
1365 1175 1372 1194 :
1385 1172 1411 1194 et
1423 1175 1470 1201 per
1483 1167 1533 1194 hoc
1543 1167 1613 1194 enim
1627 1175 1642 1194 a
1656 1167 1711 1194 Deo
1725 1167 1774 1194 ho-

983 1219 1093 1240 noratus
1115 1221 1143 1240 es
1156 1234 1163 1246 ,
1179 1213 1250 1248 quod
1270 1214 1403 1240 naturales
1426 1214 1564 1240 brutorum
1587 1214 1775 1248 prarrogativas

983 1266 1030 1293 per
1043 1259 1154 1286 liberum
1168 1259 1306 1285 arbitrium
1319 1259 1364 1285 tibi
1379 1259 1487 1293 exsequi
1503 1259 1644 1291 concessit,
1660 1263 1688 1285 ut
1703 1267 1773 1293 pra:-

983 1305 1035 1331 mia
1045 1304 1227 1339 consequaris.
1240 1304 1294 1331 lllis
1302 1305 1374 1332 etiim
1387 1312 1438 1331 non
1449 1312 1483 1331 ex
1495 1304 1625 1331 electione
1633 1308 1660 1330 et
1672 1305 1775 1331 ratione

983 1350 1051 1377 bona
1073 1358 1168 1384 opera,
1194 1350 1242 1377 sed
1260 1358 1275 1377 a
1299 1350 1354 1377 sola
1377 1354 1480 1377 natura.
1496 1350 1577 1378 Verbi
1596 1350 1679 1385 gratia
1695 1359 1702 1376 :
1720 1350 1777 1385 apis

983 1395 1127 1427 mellificat,
1142 1404 1195 1423 non
1209 1395 1311 1423 ratione
1323 1395 1356 1422 ad
1370 1396 1422 1423 hoc
1435 1395 1583 1423 faciendum
1598 1396 1714 1428 inducta,
1729 1396 1776 1423 sed

983 1447 997 1467 a
1013 1445 1105 1468 natura
1122 1441 1241 1468 instituta
1257 1449 1264 1467 :
1278 1441 1401 1476 quoniam
1422 1441 1444 1468 si
1459 1445 1530 1468 esset
1544 1449 1611 1476 opus
1631 1449 1683 1468 non
1698 1446 1778 1468 natu-

983 1487 1049 1519 rale.
1070 1495 1156 1522 neque
1169 1487 1217 1515 toti
1230 1487 1321 1522 generi
1335 1487 1489 1515 attributum
1499 1507 1507 1520 ,
1522 1491 1657 1521 oporteret
1669 1487 1778 1514 omnino

984 1541 1017 1561 ex
1032 1533 1096 1569 ipsis
1114 1533 1216 1568 aliquas
1236 1533 1301 1560 artis
1319 1532 1470 1567 inexpertas
1483 1539 1562 1564 esse;
1578 1539 1649 1559 nunc
1666 1540 1731 1559 vero
1743 1540 1777 1560 ex

985 1587 1038 1615 quo
1052 1580 1137 1607 factus
1155 1584 1198 1607 est
1227 1579 1342 1606 mundus
1353 1598 1362 1612 ,
1378 1586 1462 1614 usque
1484 1578 1512 1605 in
1533 1583 1692 1613 prtesentcm
1707 1578 1778 1605 diem

985 1633 1065 1653 nemo
1077 1626 1142 1653 vidit
1156 1633 1220 1661 apes
1233 1630 1370 1653 cessantes
1383 1631 1410 1652 et
1430 1633 1481 1652 non
1497 1624 1688 1652 mellifieantes.
1699 1624 1775 1652 Talia

985 1674 1056 1699 enim
1070 1672 1199 1699 naturalia
1214 1671 1261 1698 toti
1274 1671 1365 1706 generi
1378 1671 1529 1698 communia
1542 1675 1621 1697 sunt:
1638 1678 1697 1704 qua:
1712 1677 1776 1696 vero

985 1728 1017 1748 ex
1031 1719 1115 1747 libero
1127 1718 1254 1749 arbitrio,
1271 1725 1323 1744 non
1339 1721 1402 1744 sunt
1415 1717 1566 1744 communia
1582 1725 1588 1742 :
1605 1716 1694 1742 labore
1706 1716 1777 1742 enim

986 1766 1104 1802 indigent
1117 1769 1145 1792 ut
1157 1764 1225 1792 bene
1237 1763 1392 1791 succedant.

1020 1811 1049 1839 5.
1069 1810 1144 1838 Nihil
1158 1810 1185 1836 in
1197 1809 1292 1835 mundo
1305 1808 1393 1836 inutile
1405 1829 1413 1842 ,
1425 1808 1471 1835 etsi
1484 1816 1555 1835 secus
1567 1807 1637 1834 nobis
1648 1807 1771 1834 videatur.

985 1857 1126 1885 —0mnia
1152 1856 1232 1891 igitur
1259 1855 1358 1890 optima
1381 1855 1491 1889 capiens
1520 1853 1777 1880 cireumamiciaris:

987 1903 1086 1931 etenim
1098 1901 1291 1929 irrationalium
1303 1909 1350 1927 rex
1363 1908 1409 1932 es;
1422 1908 1500 1934 reges
1513 1904 1615 1932 autem,
1627 1899 1649 1926 si
1663 1899 1724 1933 quid
1740 1903 1781 1925 est

988 1949 1014 1976 in
1028 1948 1140 1976 subditis
1153 1947 1295 1982 optimum,
1307 1946 1363 1974 sive
1373 1954 1478 1978 aurmn,
1495 1946 1551 1972 sive
1563 1949 1712 1980 argentum,
1726 1945 1782 1971 sive

989 1995 1092 2030 lapides
1120 1993 1248 2028 pretiosi,
1265 1994 1322 2020 sive
1348 1997 1503 2026 sumptuosa
1524 1992 1684 2018 vestimenta
1697 2011 1704 2024 ,
1725 1989 1783 2018 hinc

988 2048 1048 2068 cum
1064 2038 1306 2075 superabundantia
1326 2038 1375 2073 ipsi
1391 2037 1544 2072 possident;
1559 2041 1586 2064 et
1605 2044 1638 2064 ex
1659 2042 1781 2064 creatura

990 2087 1132 2114 Dominum
1164 2090 1238 2112 tuum
1261 2084 1405 2111 admirare.
1416 2083 1443 2111 Si
1467 2083 1531 2118 quid
1553 2090 1617 2110 vero
1631 2086 1658 2109 te
1679 2081 1784 2109 excedit

989 2132 1150 2165 visibilium,
1166 2135 1193 2158 et
1220 2131 1352 2158 rationem
1382 2128 1502 2156 invenire
1526 2136 1580 2155 non
1605 2131 1698 2162 potes,
1723 2126 1784 2154 ideo

991 2177 1148 2205 Creatorem
1156 2173 1357 2209 g10rilica.quia
1382 2178 1498 2201 mentem
1514 2178 1585 2200 tuam
1606 2172 1689 2207 ipsius
1707 2172 1783 2206 Opifi-

990 2224 1092 2251 ciorum
1115 2222 1247 2258 sapientia
1269 2220 1384 2248 excedit.
1399 2219 1438 2247 Ne
1458 2219 1542 2252 dicas,
1557 2218 1646 2252 Quare
1666 2218 1737 2245 hoc?
1751 2217 1783 2245 ad

991 2268 1055 2304 quid
1071 2267 1142 2295 hoc?
1155 2275 1218 2294 nam
1240 2265 1448 2300 unumquodque
1461 2265 1525 2291 utile
1537 2268 1596 2295 est,
1610 2263 1660 2290 etsi
1675 2270 1725 2289 nos
1740 2270 1783 2289 ra-

992 2315 1091 2342 tionem
1103 2314 1268 2348 ignoramus.
1282 2312 1357 2339 Sicut
1367 2312 1438 2338 enim
1454 2311 1475 2337 si
1490 2310 1516 2337 in
1537 2310 1633 2337 medici
1650 2309 1784 2336 officinam

993 2361 1150 2396 ingrediaris
1170 2364 1197 2387 et
1219 2359 1299 2386 multa
1322 2358 1456 2393 proposita
1481 2356 1572 2384 videas
1598 2356 1785 2385 instrumenta,

994 2407 1149 2434 varietatem
1165 2405 1403 2433 instrumentorum
1416 2402 1557 2429 admiraris
1567 2422 1574 2432 ,
1586 2401 1648 2428 licet
1669 2401 1787 2435 ipsorum

995 2453 1100 2480 nescias
1114 2458 1178 2478 usus
1193 2460 1199 2478 :
1215 2451 1254 2478 sie
1266 2455 1292 2477 et
1308 2450 1334 2476 in
1348 2452 1471 2476 creatura
1487 2447 1579 2478 facias,
1594 2451 1621 2473 et
1642 2446 1664 2472 si
1687 2445 1788 2472 videris

995 2500 1077 2527 multa
1100 2497 1253 2525 animalium
1266 2500 1293 2523 et
1306 2495 1447 2523 herbarum
1470 2498 1497 2520 et
1515 2492 1664 2528 plantarum
1683 2495 1710 2518 et
1730 2491 1790 2517 alia-

997 2553 1055 2572 rum
1085 2551 1186 2576 rerum,
1213 2549 1325 2578 quarum
1358 2540 1485 2568 utilitates
1510 2538 1634 2570 nescias,
1657 2536 1790 2563 admirare

997 2591 1115 2625 ipsarum
1128 2589 1297 2619 varietatem,
1312 2592 1389 2621 stupe
1401 2585 1481 2613 etiam
1503 2585 1620 2619 ipsarum
1639 2587 1790 2610 creatorem

998 2637 1180 2671 optimumque
1199 2634 1321 2668 opificem
1344 2632 1427 2659 Deum
1450 2640 1457 2658 :
1481 2629 1606 2664 quoniam
1630 2635 1680 2655 nec
1703 2627 1791 2654 omnia

1000 2682 1046 2709 tibi
1062 2686 1123 2708 nota
1134 2681 1212 2713 fecit,
1229 2687 1278 2707 nec
1290 2679 1379 2707 omnia
1395 2677 1539 2712 incognita.
1553 2675 1610 2703 Non
1622 2674 1684 2702 fecit
1695 2674 1793 2709 quippe

1000 2727 1091 2754 omnia
1113 2725 1258 2760 incognita,
1271 2731 1305 2751 ne
1319 2723 1393 2751 dicas
1405 2730 1466 2750 esse
1479 2721 1608 2749 mundum
1630 2721 1688 2747 sine
1706 2719 1794 2755 provi-

1000 2773 1091 2801 dentia
1107 2780 1114 2798 :
1131 2779 1183 2799 non
1198 2771 1319 2806 permisit
1329 2777 1395 2798 vero
1415 2769 1462 2796 tibi
1479 2768 1583 2803 cognita
1603 2774 1664 2794 esse
1688 2764 1790 2797 omnia,

1002 2826 1036 2846 ne
1050 2817 1210 2852 cognitionis
1230 2815 1385 2852 magnitudo
1408 2818 1434 2841 te
1453 2813 1480 2841 in
1501 2812 1653 2848 superbiam
1669 2809 1790 2838 extollat.

1005 2865 1051 2893 Sic
1071 2863 1170 2899 quippe
1187 2866 1215 2891 et
1236 2862 1350 2899 primum
1371 2859 1507 2889 hominem
1533 2857 1670 2894 improbus
1691 2855 1795 2892 damon
