1962 3121
171 132 218 160 151

170 188 214 215 Ille
241 185 424 222 prazcipitavit,
447 192 495 219 per
517 184 627 219 majoris
649 184 768 212 scientia:
792 190 887 218 spem,
901 191 961 211 eam

170 242 249 270 quam
267 233 377 260 habebat
388 232 524 259 auferens:
536 232 677 266 Propterea
693 237 720 259 et
733 231 839 266 sapiens
853 229 961 266 quidam

171 280 306 312 admonet,
321 278 412 306 dicens
428 286 434 304 :
454 278 574 305 Fortiora
593 284 616 305 te
636 286 668 305 ne
686 286 795 312 quierat,
807 282 831 305 et
852 276 961 312 profun-

170 326 242 352 dium
260 330 284 352 te
298 333 327 351 ne
349 324 467 352 scrutaris
478 331 487 350 :
499 331 555 358 quia
567 323 688 350 mandata
700 327 759 350 sunt
771 323 814 350 tibi
826 344 833 356 ,
850 322 904 350 licet:
918 330 960 349 co-

172 371 242 405 gnita
255 370 351 405 (Eccli.
361 370 388 397 3.
397 369 442 396 2i.
453 369 500 405 22)
514 378 520 395 :
537 369 619 404 ipsius
633 369 705 397 enim
718 376 829 404 operum
843 368 918 404 plura
934 368 961 395 in

169 416 283 444 secretis
297 419 379 447 sunt;
395 420 423 442 et
434 421 550 447 rursum,
567 414 670 449 Majoro
684 414 814 441 hominum
826 413 961 449 prudentia

168 463 340 489 demonstrata
365 465 423 488 sunt
446 461 491 488 tibi
503 459 556 496 (Ib.
571 469 595 487 υ.
615 459 673 496 25).
699 460 757 488 Hoc
782 464 871 487 autem
894 458 962 486 dixit

169 508 312 534 consolans
325 511 482 535 monentem
505 512 533 534 et
555 506 690 534 dolentem
700 526 708 538 ,
720 505 791 540 quod
806 513 859 533 non
871 505 961 533 omnia

169 554 240 581 norit
256 554 375 581 :etenim
389 558 417 580 et
430 561 480 585 ea,
496 552 595 587 inquit,
611 559 671 587 quae
694 558 774 578 nosse
794 550 886 578 datum
907 554 959 583 est,

169 599 281 626 multum
303 598 468 633 prudentiam
497 603 571 625 tuam
592 596 824 632 transgrediuntur
846 605 854 624 :
872 603 960 631 neque

167 645 239 672 enim
254 653 286 672 ex
303 650 330 672 te
349 644 490 678 invenisti,
505 643 553 672 sed
574 651 590 671 a
614 644 669 670 Deo
689 642 794 670 doctus.
814 642 961 670 Contentus

169 690 248 723 igitur
261 694 318 717 esto
329 689 398 717 datis
410 689 508 717 divitiis
518 710 526 722 ,
542 693 569 716 et
593 697 626 716 ne
637 688 752 724 amplius
764 688 896 723 inquiras,
912 688 960 716 sed

169 743 217 769 pro
235 736 276 768 iis,
288 743 349 771 qua:
362 736 499 770 accepisti,
512 735 611 770 gratias
625 741 690 769 age:
703 733 756 761 noli
771 733 901 768 indignari
911 741 960 768 pro

169 781 212 814 iis,
223 789 282 816 quae
295 789 348 808 non
365 782 500 816 accepisti,
511 785 538 809 et
553 788 601 816 pro
622 781 669 813 iis,
692 788 752 815 qua:
775 780 845 807 nosti
855 800 863 812 ,
879 780 960 815 glori-

168 827 227 858 tica,
249 835 282 854 ne
307 827 495 854 scaudalizeris
521 831 630 862 propter
654 833 686 853 ea
711 834 771 861 quae
792 833 845 853 non
867 826 958 853 nosti:

167 872 246 898 ambo
258 872 332 899 enim
347 873 417 899 Deus
428 872 527 899 utiliter
543 872 603 899 fecit
615 891 623 904 ,
639 875 666 898 et
680 870 737 898 bam
750 871 857 906 quidem
880 878 959 898 reve-

167 917 241 950 lavit,
255 917 298 945 illa
311 925 374 945 vero
393 917 532 945 abscondit
552 922 604 944 tua:
624 916 766 944 consulens
784 917 872 944 saluti.
886 916 958 944 Unus

166 963 275 998 quippe,
289 963 360 998 quod
374 963 444 994 dixi,
459 962 506 990 Dei
521 961 697 997 cognoscendi
715 961 810 989 modus
825 969 872 996 per
884 969 959 989 crea-

167 1009 277 1041 tionem,
298 1009 395 1035 multos
408 1008 501 1035 valens
524 1007 582 1034 dies
601 1007 752 1034 absumere.
764 1006 799 1035 Ut
813 1006 885 1034 enim
904 1015 958 1034 non

167 1053 250 1080 solius
267 1053 383 1080 hominis
404 1060 464 1080 cum
486 1052 622 1087 diligentia
645 1052 831 1079 formationem
847 1059 958 1087 percur-

166 1105 272 1131 ramus,
287 1106 346 1125 cunt
371 1098 506 1134 diligentia
521 1098 581 1126 dico
602 1098 679 1125 nobis
691 1097 828 1132 possibili,
845 1105 897 1125 non
911 1097 956 1124 illa

166 1151 228 1171 vera
242 1144 379 1179 diligentia
395 1153 401 1171 :
416 1151 477 1171 nam
491 1144 541 1171 etsi
563 1143 661 1171 multas
682 1143 814 1170 factorum
839 1142 957 1170 rationes

165 1189 291 1222 diximus,
303 1195 364 1216 sunt
380 1194 468 1217 tamen
482 1194 509 1216 et
520 1189 579 1217 alia:
602 1189 691 1224 plures
704 1197 810 1216 arcana:
828 1196 894 1224 quas
910 1189 957 1224 qui

165 1235 238 1268 fecit,
255 1236 325 1262 novit
339 1234 430 1268 Deus;
444 1243 496 1261 non
509 1235 581 1262 ettim
602 1242 695 1262 oumes
718 1235 769 1270 ipsi
791 1235 890 1262 scimus
905 1243 912 1261 :
929 1240 957 1262 ut

166 1281 245 1316 igitur
258 1288 364 1308 omnem
387 1280 503 1307 hominis
526 1279 712 1308 formationem
736 1288 797 1308 cum
821 1281 955 1316 diligentia

166 1333 362 1361 percurramus,
374 1331 401 1353 et
421 1326 447 1352 in
467 1333 628 1361 unoquoque
652 1326 774 1354 membro
798 1327 955 1361 sapientiam

166 1373 341 1405 inveniamus,
357 1377 384 1399 et
412 1379 565 1405 nervorum,
578 1379 723 1406 venarum,
735 1374 893 1400 arteriarum
915 1373 955 1400 di-

165 1418 360 1450 stributionem,
376 1418 468 1451 situm,
482 1418 649 1453 aliorumque
672 1419 790 1445 omnium
814 1418 954 1446 formatio-

166 1470 227 1490 nem
242 1463 459 1495 consideremus,
475 1470 526 1491 nec
538 1471 624 1490 annus
635 1464 737 1499 integer
751 1464 828 1491 nobis
838 1464 872 1492 ad
886 1464 956 1492 hanc

165 1509 357 1543 expositionem
374 1508 498 1536 sufficiet.
513 1508 575 1536 Ideo
595 1509 675 1536 istum
693 1509 737 1537 hic
757 1517 909 1538 sermonem
924 1511 955 1537 li-

165 1554 279 1587 nientcs,
294 1559 320 1581 et
334 1553 473 1581 laboriosis
483 1554 661 1589 studiosisque
673 1563 704 1582 ex
718 1555 795 1582 dictis
805 1555 962 1590 prmbentes.

165 1603 193 1626 et
217 1599 284 1626 alias
309 1599 452 1626 creationis
475 1604 564 1634 partes
589 1601 761 1634 percurrendi
785 1601 904 1634 modum,
919 1601 954 1629 ad

164 1645 243 1672 aliam
254 1653 406 1673 sermonem
418 1645 586 1681 bypotltcsim
597 1651 741 1680 vertamus,
751 1647 834 1682 ipsam
848 1656 954 1684 quoque

165 1692 211 1719 Dei
227 1692 398 1726 providentim
413 1692 659 1720 demonstrativam.
674 1693 739 1727 Qua:
753 1694 834 1729 igitur
853 1699 893 1722 est
908 1703 953 1723 se-

164 1737 250 1765 cunda
262 1737 437 1772 ltypotltesis?
452 1737 491 1764 Ab
502 1737 577 1764 initio
593 1738 662 1765 Deus
674 1738 808 1766 hominem
824 1741 951 1774 formans,

165 1782 250 1817 legem
265 1782 314 1817 ipsi
329 1782 476 1809 naturalem
495 1782 598 1809 indidit.
615 1783 648 1810 Et
661 1783 723 1818 quid
735 1784 840 1812 tandem
854 1790 895 1812 est
909 1786 952 1813 lex

167 1828 314 1855 naturalis?
328 1828 523 1856 Conscientiam
539 1829 615 1856 nobis
630 1831 772 1864 expressit,
787 1835 815 1858 et
828 1839 844 1858 a
858 1837 952 1859 natura

166 1873 275 1901 iuditatn
291 1881 350 1900 esse
364 1873 447 1900 voluit
461 1874 591 1901 bonorum
607 1880 633 1901 ct
651 1876 846 1903 contrarioruttt
866 1877 952 1904 scien-

167 1921 241 1946 tiam.
255 1919 312 1946 Non
332 1919 402 1947 enim
416 1927 484 1954 opus
497 1919 629 1947 habemus
638 1920 753 1954 discere,
764 1921 836 1956 quod
852 1923 950 1950 malum

166 1966 203 1993 sit
214 1967 362 1999 foruicatio,
375 1969 403 1993 et
415 1966 514 1993 bonum
525 1966 698 2001 continentia,
709 1967 757 1995 sed
770 1968 804 1995 ab
813 1968 888 1996 initio
900 1969 951 1996 hoc

162 2012 307 2039 scimus.l:‘.t
315 2015 344 2038 ut
350 2011 437 2038 discas
445 2019 494 2039 nos
505 2011 539 2038 ab
549 2012 623 2039 initio
634 2012 684 2040 hoc
693 2012 910 2049 scire,legislator
918 2015 952 2042 le-

162 2065 208 2092 ges
217 2062 306 2092 postea
315 2056 414 2089 ferens,
423 2061 451 2085 et
460 2057 553 2085 dicens
566 2066 573 2084 :
583 2057 644 2085 Non
656 2058 753 2086 occides
760 2059 823 2094 (Ec.
835 2059 928 2096 20.13)
941 2069 948 2088 :

165 2112 218 2130 non
231 2104 329 2136 intulit,
341 2103 437 2130 Malum
445 2103 517 2130 enim
527 2102 631 2131 cmdes:
644 2104 690 2131 sed
700 2105 872 2139 simpliciter:
889 2105 950 2133 Non

161 2150 268 2182 occides,
281 2150 366 2184 inquit
382 2158 389 2176 :
404 2149 539 2185 prohibuit
550 2151 621 2177 enim
638 2155 776 2185 peceatum
797 2151 947 2184 dumtaxat,

161 2202 214 2222 non
223 2195 411 2229 docuit.Quare
424 2195 503 2231 igitur
514 2195 559 2230 qui
568 2195 709 2228 dixit,Non
717 2197 826 2230 occides,
836 2205 888 2225 non
901 2198 949 2225 ad-

160 2241 237 2275 didit,
245 2242 311 2274 Quia
322 2239 421 2269 lnalum
435 2242 523 2269 caedes
534 2244 545 2269 ἲ
557 2242 688 2276 Quoniam
699 2243 771 2277 prius
785 2244 947 2272 conscientia

161 2298 209 2317 nos
221 2289 273 2316 hoc
285 2288 385 2320 docuit,
397 2292 423 2315 et
434 2292 568 2323 tamquam
584 2289 729 2317 scientibus
740 2293 767 2316 et
777 2290 948 2325 intelligenti-

161 2337 210 2364 bus
221 2337 256 2363 ita
272 2335 397 2370 loquitur.
408 2335 475 2362 Cum
486 2334 564 2370 igitur
573 2335 606 2363 de
617 2336 670 2363 alio
680 2336 796 2371 loquitur
809 2338 945 2372 mandato,

159 2389 211 2408 non
226 2380 302 2407 nobis
317 2388 363 2415 per
373 2381 562 2407 conscientiatu
579 2385 656 2414 noto,
671 2389 724 2408 non
732 2387 839 2409 .tantum
854 2383 946 2418 prohi-

159 2429 214 2460 bet,
230 2426 277 2454 sed
290 2431 317 2453 et
330 2433 439 2454 causam
453 2427 572 2461 apponit.
587 2427 624 2454 De
635 2428 746 2455 sabbato
759 2429 846 2463 itaque
860 2429 946 2464 legem

159 2475 259 2506 terens,
274 2478 302 2501 et
316 2471 407 2500 dicens
420 2482 427 2500 :
442 2472 557 2508 Septima
569 2474 610 2500 die
623 2482 672 2501 non
683 2475 761 2510 facies
783 2483 847 2509 opus
863 2475 943 2511 (Ibid.

159 2527 174 2545 v
194 2538 201 2545 .
217 2519 260 2553 10)
278 2528 285 2546 :
300 2518 435 2553 subjunxit
446 2526 555 2546 causam
570 2527 674 2554 quoque
687 2522 843 2548 cessationis
858 2530 865 2548 :
880 2529 945 2556 qua-

157 2566 207 2591 lem
223 2565 310 2591 Vero?
326 2563 392 2596 Quia
409 2563 435 2590 in
450 2563 491 2590 die
504 2564 609 2598 septima
628 2566 744 2600 requievit
756 2565 826 2593 Deus
843 2566 875 2593 ab
888 2575 943 2594 out-

155 2609 227 2635 m‘bus
249 2609 366 2644 operibus
390 2609 443 2636 suis
456 2616 512 2643 quin
528 2615 635 2643 σαίνει-αι
656 2611 738 2645 facere
752 2619 760 2637 :
774 2616 801 2639 et
815 2620 920 2640 rursum
936 2621 943 2640 :

158 2655 283 2688 Quoniam
296 2663 382 2682 seruus
396 2654 467 2690 fuiin
481 2655 507 2681 in
521 2659 587 2681 terra
601 2654 707 2691 digypti
724 2656 810 2692 (Deut.
824 2658 870 2686 24.
886 2658 942 2694 ib).

156 2705 243 2736 Quare
267 2702 356 2736 igitur,
371 2702 414 2729 dic
434 2702 509 2734 tuihi,
526 2702 551 2729 in
571 2703 682 2730 sabbato
703 2705 810 2739 quidem
835 2713 942 2734 causam

154 2749 263 2783 adjecit,
279 2749 305 2775 in
321 2748 394 2775 aede
409 2756 471 2775 vero
489 2748 555 2776 nihil
575 2749 626 2777 tale
640 2749 723 2777 fecit?
738 2751 868 2784 Quoniam
891 2752 943 2781 hoc

154 2794 260 2828 quidem
281 2794 433 2821 mandatum
450 2802 503 2821 non
528 2794 561 2822 de
585 2796 718 2829 primariis
737 2802 804 2830 erat,
820 2805 869 2825 nec
894 2805 941 2832 per

152 2840 340 2873 conscientiam
354 2840 431 2868 nobis
444 2840 597 2875 exquisitis.
612 2841 658 2870 sed
674 2842 832 2878 particularc
849 2844 934 2879 quod-

518 128 547 156 S.
566 127 704 156 JO.\NNlS
721 127 958 156 CllltYSOSTOIII
978 126 1135 156 ARCHIEP.
1156 128 1422 158 CONSTANTINOP.

1757 132 1808 160 I32

1019 182 1080 211 dam
1094 189 1121 211 et
1133 188 1334 220 temporaneum
1352 195 1358 212 :
1374 189 1514 221 propterea
1533 191 1593 221 post
1614 187 1670 215 hmc
1687 189 1805 216 solutum

1016 233 1076 256 est:
1095 231 1244 257 necessaria
1261 238 1334 262 vero,
1351 235 1378 257 et
1391 231 1472 258 vitam
1485 236 1602 259 nostram
1616 234 1784 260 continentia
1797 255 1805 267 ,

1015 273 1059 300 illa
1084 279 1146 301 suttt
1161 283 1168 301 :
1185 274 1246 302 Non
1268 276 1364 302 occide:
1375 296 1382 308 ,
1399 284 1451 303 non
1473 276 1606 311 (umbem,
1617 285 1668 304 non
1691 279 1803 305 mter/tu-

1013 318 1079 346 bm‘s
1092 319 1187 356 (Exod.
1202 320 1247 347 ΞΟ.
1266 321 1361 356 15-15)
1379 330 1385 348 :
1401 326 1429 349 et
1447 322 1507 348 ideo
1522 323 1670 351 nullatenus
1681 324 1725 351 hic
1739 332 1805 351 cau-

1014 371 1070 391 sam
1087 365 1170 399 ponit,
1184 373 1234 393 nec
1246 365 1394 393 doctrinam
1409 367 1525 400 adducit,
1538 368 1585 396 sed
1597 369 1653 396 sola
1663 377 1730 404 opus
1745 378 1805 398 esse

1014 414 1091 444 putat
1107 410 1298 444 prohibitione.

1048 456 1075 483 Δ.
1094 455 1167 483 Juris
1184 457 1307 484 naturalis
1329 457 1439 493 cognitio
1460 457 1541 485 indita
1570 459 1675 486 homini.
1692 474 1728 480 —
1751 459 1813 488 Ncc'

1013 502 1077 530 inde
1092 506 1206 536 tantum,
1221 503 1268 530 sed
1291 508 1317 531 et
1331 504 1437 532 aliunde
1459 504 1535 532 vobis
1555 504 1739 533 demonstrare
1757 513 1801 533 co«

1013 548 1107 580 nabor,
1125 548 1258 583 quomodo
1279 556 1294 575 a
1317 553 1410 576 natura
1430 549 1566 577 institutus
1586 555 1644 578 erat
1668 550 1749 578 homo
1770 551 1803 579 ad

1012 594 1118 621 virtutis
1131 595 1321 630 cognitionem.
1343 595 1461 622 Primum
1477 596 1562 623 Adam
1585 596 1692 624 admisit
1707 605 1802 631 pecca-

1013 643 1080 672 tum,
1095 644 1192 674 etpost
1213 644 1350 674 peccatum
1374 641 1463 668 statim
1486 649 1515 669 se
1534 642 1733 670 occultavitfsi
1754 643 1804 670 ali-

1011 685 1075 720 quid
1091 685 1153 712 ntali
1168 692 1198 713 se
1221 690 1390 720 perpetrasse
1403 693 1456 713 non
1472 691 1592 719 noverat,
1607 695 1659 722 qua
1675 687 1708 715 de
1722 695 1802 714 causa

1012 737 1041 757 se
1051 730 1215 758 occultavit?
1230 730 1320 765 Neque
1332 731 1403 758 enim
1418 735 1494 758 erant
1505 730 1672 763 litteraa,non
1684 731 1736 763 lex.
1749 741 1802 759 non

1012 774 1098 803 Moses
1113 784 1120 802 :
1135 775 1206 802 unde
1228 775 1306 810 igitur
1323 776 1396 803 novit
1418 781 1556 810 peccatum
1567 796 1574 809 ,
1592 780 1621 802 ut
1639 783 1669 803 se
1689 776 1805 804 abscon-

1011 820 1104 848 deret?
1117 820 1172 848 Ncc
1191 825 1293 848 tantum
1320 828 1349 848 se
1376 820 1461 853 celat,
1490 820 1537 848 sed
1561 825 1588 848 et
1611 826 1750 848 accusatus
1776 821 1801 847 in

1011 866 1091 893 alium
1119 872 1232 893 conatur
1254 866 1400 894 transferre
1426 874 1556 900 causam,
1579 867 1691 894 dicens:
1708 867 1798 894 Mulier

1010 920 1086 947 quant
1098 912 1189 939 dedisti
1212 912 1292 946 mihi,
1310 912 1366 947 ipsa
1387 913 1455 940 dedit
1479 913 1541 939 mihi
1561 913 1592 940 de
1614 914 1684 948 ligno
1697 934 1704 946 ,
1720 919 1744 940 et
1756 922 1800 940 co-

1011 957 1078 983 medi
1093 956 1168 992 (Gen.
1184 957 1282 992 5.12).
1310 957 1343 985 Et
1368 958 1412 985 illa
1436 966 1528 986 rursus
1548 959 1574 986 in
1597 959 1678 986 aliutn
1699 959 1802 987 crimen

1011 1002 1153 1036 transfert,
1186 1008 1337 1038 serpentem
1355 1005 1466 1032 scilicet.
1491 1005 1529 1032 Ac
1553 1005 1615 1032 vide
1642 1006 1802 1040 sapientiam

1010 1048 1154 1076 Dcizcutn
1182 1051 1251 1076 enim
1277 1050 1361 1077 Adam
1388 1050 1516 1078 dixisset:
1539 1050 1630 1078 Vocem
1657 1056 1727 1078 tuam
1751 1061 1801 1079 au~

1009 1095 1076 1129 divi,
1091 1101 1114 1122 et
1139 1097 1226 1130 timui,
1239 1105 1267 1124 eo
1287 1097 1354 1132 quod
1378 1098 1462 1124 nudus
1475 1106 1551 1124 essent
1562 1119 1569 1131 ,
1586 1103 1610 1125 et
1629 1098 1749 1125 abscondi
1762 1107 1799 1126 me

1009 1141 1061 1177 (Ib.
1073 1150 1097 1169 υ.
1114 1143 1158 1179 10)
1172 1152 1178 1170 :
1193 1143 1262 1171 Deus
1272 1152 1324 1171 non
1337 1144 1426 1171 statim
1441 1144 1537 1172 factum
1552 1145 1700 1180 redarguit,
1715 1153 1801 1180 neque

1007 1187 1092 1216 dixit:
1108 1189 1194 1223 Quare
1207 1190 1278 1217 enim
1294 1190 1326 1217 de
1338 1190 1408 1225 ligno
1421 1191 1578 1218 comedisti?
1592 1191 1638 1218 sed
1648 1191 1801 1226 quomodo?

1010 1235 1072 1268 Qui:
1085 1236 1150 1262 enim
1163 1236 1280 1262 indicavit
1301 1236 1345 1263 tibi
1358 1237 1425 1270 quod
1447 1237 1529 1263 nudus
1551 1245 1615 1264 esses
1629 1237 1677 1264 nisi
1691 1237 1759 1272 quod
1770 1246 1800 1263 ea;

1008 1280 1091 1316 ligna,
1107 1284 1138 1308 de
1157 1289 1205 1317 quo
1220 1289 1388 1316 prwceperam
1405 1282 1449 1308 tibi
1463 1290 1494 1309 ne
1506 1282 1656 1315 comederes,
1672 1282 1799 1308 contedisli

1007 1325 1101 1362 (Ibid.
1122 1337 1150 1356 v.
1175 1326 1251 1362 ii)?
1273 1326 1364 1362 Neque
1391 1327 1491 1361 tacuit,
1517 1335 1566 1355 nec
1593 1331 1685 1362 aperte
1713 1328 1797 1362 ipsum

1007 1371 1164 1407 redarguit:
1189 1379 1242 1399 non
1270 1373 1340 1400 enim
1357 1373 1454 1406 tacuit,
1472 1378 1501 1400 ut
1521 1374 1605 1407 ipsum
1639 1373 1671 1400 ad
1697 1374 1798 1408 peccati

1005 1416 1201 1445 confessionem
1213 1422 1354 1451 evocaret;
1364 1425 1412 1445 nec
1424 1425 1487 1445 vero
1498 1418 1638 1445 manifeSte
1648 1418 1793 1452 redarguit,

1006 1470 1040 1490 ne
1051 1467 1133 1490 totum
1150 1463 1196 1491 Dei
1210 1469 1290 1497 esset,
1306 1469 1333 1491 et
1354 1464 1399 1491 ille
1415 1465 1530 1499 privatus
1546 1469 1696 1491 remaneret
1711 1465 1797 1497 venia,

1007 1515 1067 1543 qua:
1089 1509 1165 1536 nobis
1180 1516 1214 1536 ex
1239 1509 1407 1537 confessione
1434 1510 1560 1537 nascitur.
1580 1511 1721 1545 Propterea
1745 1519 1797 1538 non

1006 1554 1071 1580 dixit
1086 1554 1224 1582 manifeste
1235 1562 1352 1587 causam,
1363 1555 1432 1583 unde
1444 1557 1559 1591 cognitio
1569 1557 1577 1572 ¹
1589 1561 1649 1584 nata
1660 1561 1742 1590 esset,
1751 1558 1797 1584 SClI

1007 1599 1056 1626 sub
1072 1601 1288 1635 interrogationis
1308 1600 1393 1628 forma
1412 1610 1564 1630 sermonem
1585 1602 1704 1637 profert,
1720 1609 1746 1630 ut
1761 1604 1797 1629 illi

1005 1645 1104 1672 aditum
1123 1645 1155 1672 ad
1171 1646 1364 1674 confessionem
1376 1648 1547 1683 relinqueret.
1564 1648 1679 1676 Rursum
1692 1649 1717 1676 in
1733 1649 1795 1676 Cain

1005 1695 1030 1717 et
1045 1691 1110 1718 Abel
1125 1691 1194 1719 idettt
1208 1692 1297 1720 videre
1311 1692 1381 1720 licet.
1399 1693 1517 1720 Primum
1542 1695 1648 1729 quidem
1669 1695 1797 1729 primitias

1006 1737 1060 1764 Deo
1076 1737 1196 1764 ferebant
1215 1738 1333 1766 laborum
1350 1747 1468 1766 suorum.
1487 1740 1542 1767 Non
1556 1741 1627 1767 enim
1646 1749 1661 1768 a
1687 1747 1797 1776 peccato

1005 1787 1116 1815 tantum,
1132 1783 1178 1810 scil
1193 1784 1272 1811 etiam
1284 1792 1299 1811 ει
1313 1785 1408 1812 virtute
1421 1785 1644 1819 demonstremus,
1660 1786 1795 1814 hominem

1005 1830 1141 1864 utriusque
1152 1830 1262 1857 scientia
1278 1831 1416 1864 praeditum
1432 1831 1521 1858 fuisse.
1536 1832 1611 1865 Quod
1623 1833 1702 1868 igitur
1715 1833 1794 1860 homo

1004 1881 1140 1910 peccatum
1172 1884 1232 1904 esse
1265 1877 1362 1903 malum
1389 1878 1443 1911 jam
1477 1879 1577 1911 sciret,
1604 1879 1796 1906 demonstravit

1003 1921 1088 1949 Adam
1100 1930 1108 1955 ;
1120 1922 1190 1956 quod
1210 1928 1297 1950 aulctn
1311 1923 1435 1950 virtutem
1451 1931 1511 1952 esse
1532 1924 1629 1952 bonum
1645 1926 1725 1952 etiam
1745 1926 1794 1953 sci-

1003 1972 1054 1999 ret,
1070 1974 1174 1995 rursum
1203 1969 1269 1996 Abel
1297 1970 1485 1997 manifestavit.
1509 1971 1566 1998 Non
1591 1973 1661 1998 enim
1683 1972 1718 1999 ab
1741 1973 1794 2000 ullo

1002 2013 1106 2047 doctus,
1117 2022 1201 2049 neque
1214 2015 1271 2048 lege
1281 2015 1314 2042 de
1325 2016 1447 2050 primitiis
1461 2017 1519 2044 have
1532 2017 1680 2046 disserente
1693 2019 1791 2052 audita,

1002 2060 1050 2088 sed
1062 2068 1077 2087 a
1091 2068 1138 2087 sua
1153 2061 1315 2088 conscientia
1329 2061 1423 2089 doctus
1435 2083 1442 2094 ,
1455 2064 1612 2091 sacrificium
1638 2065 1701 2091 illud
1715 2066 1790 2092 obtu-

1002 2106 1041 2133 lit.
1056 2106 1198 2140 Propterea
1218 2115 1270 2134 non
1293 2107 1428 2135 descendo
1446 2108 1478 2135 ad
1501 2116 1633 2143 posteros.
1650 2111 1696 2137 sed
1722 2112 1791 2138 circa

1003 2151 1103 2185 priores
1115 2151 1236 2179 homines
1249 2160 1351 2185 versor,
1365 2153 1470 2188 quando
1493 2154 1608 2181 nonduin
1626 2155 1730 2188 litterae,
1745 2165 1792 2183 ne-

1001 2204 1053 2232 que
1064 2197 1116 2229 lex,
1133 2205 1220 2232 neque
1231 2198 1368 2232 propheta:
1384 2204 1410 2226 ct
1421 2199 1523 2233 judices
1535 2221 1542 2232 ,
1561 2200 1606 2227 sed
1620 2201 1693 2228 solus
1708 2202 1791 2229 Adam

1000 2249 1061 2268 cum
1073 2241 1133 2269 filiis
1146 2248 1203 2269 erat
1213 2263 1220 2275 ,
1237 2249 1265 2270 ut
1279 2243 1366 2270 discas
1380 2243 1406 2270 in
1418 2250 1511 2271 natura
1533 2243 1661 2271 bonorum
1684 2251 1711 2272 et
1726 2254 1790 2273 eun-

1001 2288 1141 2315 trariorum
1163 2289 1301 2316 scientiam
1325 2290 1398 2323 prius
1421 2289 1502 2317 fuisse
1534 2291 1688 2324 repnsitam.
1717 2292 1790 2320 Unde

1000 2333 1072 2360 enim
1099 2333 1190 2361 didicit
1214 2335 1291 2367 Abel,
1305 2335 1375 2370 quod
1393 2335 1491 2377 bonum
1505 2342 1574 2364 esset
1601 2337 1708 2370 offerre,
1720 2340 1789 2373 quod

999 2379 1097 2406 bonum
1112 2379 1193 2407 Deum
1208 2381 1339 2413 venerari,
1355 2386 1382 2408 et
1396 2382 1421 2408 in
1434 2382 1557 2409 omnibus
1570 2384 1668 2417 gratias
1688 2385 1789 2419 agere?

999 2423 1067 2458 Quid
1084 2424 1180 2460 igitur,
1193 2433 1225 2452 an
1237 2425 1300 2453 Cain
1323 2434 1375 2453 non
1398 2427 1512 2453 obtulit?
1524 2427 1624 2454 Obtulit
1643 2429 1749 2463 quidem
1764 2436 1789 2457 et

998 2469 1070 2504 ipse,
1086 2469 1132 2497 sed
1151 2478 1204 2497 n0ll
1229 2471 1360 2498 similiter.
1376 2472 1408 2498 Et
1429 2471 1491 2499 hinc
1510 2480 1571 2500 vero
1596 2481 1700 2500 rursum
1724 2483 1788 2500 cun-

998 2514 1116 2541 scientim
1128 2515 1244 2550 cognitio
1258 2520 1368 2550 apparet
1381 2517 1523 2551 :qumtiam
1538 2518 1607 2544 enim
1622 2519 1664 2552 ei,
1680 2520 1726 2554 qui
1742 2520 1787 2546 lto-

999 2566 1107 2588 noratus
1121 2560 1217 2595 fuerat,
1233 2561 1357 2590 invidens
1367 2583 1374 2596 ,
1390 2562 1424 2590 de
1436 2563 1508 2591 czcde
1521 2563 1700 2598 deliberabat,
1713 2565 1786 2592 duiu-

997 2613 1054 2634 sam
1071 2607 1175 2634 celebat
1188 2608 1347 2635 sententiam
1361 2613 1404 2636 :et
1417 2609 1478 2643 quid
1495 2610 1664 2645 inquitMge,
1674 2613 1786 2646 egredia-

997 2661 1054 2679 ntur
1075 2654 1102 2680 in
1126 2661 1243 2688 campum
1260 2654 1334 2690 (Gen.
1349 2655 1375 2682 ι.
1400 2655 1446 2691 8).
1465 2657 1523 2683 Alia
1540 2655 1635 2690 figura,
1650 2655 1784 2685 charitatis

995 2698 1067 2726 enim
1081 2699 1213 2726 simulatio
1227 2707 1234 2726 :
1250 2701 1381 2727 sententia
1394 2701 1445 2728 alia
1455 2721 1462 2733 ,
1478 2701 1603 2728 fratricidi
1624 2703 1695 2729 enim
1720 2705 1785 2730 deli-

995 2745 1108 2773 bcratio.
1128 2745 1163 2772 Et
1182 2746 1233 2773 nisi
1253 2746 1354 2774 malutn
1379 2747 1519 2774 consiliutu
1551 2748 1678 2782 putabat,
1703 2758 1783 2783 quare

995 2823 1094 2878 η
1108 2823 1180 2849 .uorcl
1195 2828 1220 2850 ct
1231 2825 1327 2856 quidam
1339 2828 1391 2850 Mss.
1412 2824 1484 2850 savii.
1496 2829 1521 2850 ct
1541 2825 1637 2857 qtudam
1650 2826 1699 2857 alii,
1716 2825 1782 2851 rude

1073 2861 1080 2878 ι
1095 2869 1103 2878 ι

1073 2861 1103 2878 ιο.
