1962 3121
160 167 207 196 133

156 225 237 259 ipsum
249 223 412 256 occultabat,
427 227 455 251 et
470 228 527 259 post
546 223 715 250 commissam
732 229 823 249 necem
838 228 944 248 rursum

154 279 167 296 a
182 271 232 296 ln-o
246 270 445 304 interrogatus,
459 269 506 296 Ubi
525 274 559 296 est
580 268 642 295 Abel
654 268 733 303 frater
753 268 829 294 tuus?
842 267 926 301 inquit
938 286 946 299 ,

155 317 257 342 Nescio:
266 317 397 351 numquid
402 321 484 343 custos
494 315 579 351 fratris
590 315 637 341 mei
647 323 703 342 sum
711 322 756 349 ego
767 313 841 348 (Gen.
850 313 945 347 4.0.9):

152 364 238 396 Quare
252 362 325 390 enim
344 364 445 398 negat?
460 369 548 389 nonne
568 365 640 396 patet
663 361 734 396 quod
758 361 947 388 condemnaret

152 416 265 442 setpsuin
278 407 474 436 vehetnen'er?
490 408 563 436 Sicut
575 408 646 434 enim
660 407 741 441 ipsius
756 411 831 441 pater
843 414 872 434 se
886 407 945 433 alis-

150 454 291 486 conderat,
306 454 344 481 ita
366 458 392 482 et
414 453 458 481 hic
481 458 560 488 negat
574 461 580 479 :
597 457 623 480 et
637 457 697 487 post
711 452 946 486 interrogationem

150 500 242 526 iterum
258 499 358 534 inquit,
378 499 462 534 Major
476 505 511 526 est
534 506 611 525 causa
636 506 700 530 mea,
712 506 787 533 quam
809 503 836 523 ut
860 497 946 523 dimit-

149 551 213 572 tatur
224 545 286 572 milii
301 545 360 580 (Ib.
374 555 401 572 ν.
416 545 472 579 15).
487 545 540 572 Sed
555 544 661 579 gentilis
675 544 732 571 hinc
746 550 798 570 nun
812 542 874 570 fert.
891 543 947 577 Age

149 593 225 627 igitur
237 597 265 619 et
277 592 312 619 ad
330 592 407 619 illum
421 592 570 626 loquamur,
582 595 610 618 et
629 589 699 624 quod
714 589 740 616 in
754 588 892 616 creatione
907 589 946 615 fe-

149 638 244 669 cimus,
261 645 317 664 non
338 637 484 672 Scripturis
501 641 614 669 tantum,
629 635 677 662 sed
699 635 781 662 etiam
799 634 947 661 rationibus

148 684 294 711 certamina
307 688 406 711 contra
422 683 482 710 illos
503 685 652 714 moventes,
667 681 719 708 hoc
739 684 767 708 et
788 680 858 707 circa
879 687 946 707 con-

148 730 286 757 scientiam
299 737 374 757 nunc
388 729 526 757 iaciamus.
543 728 649 756 Etenim
665 731 692 755 et
706 726 804 754 Paulus
821 725 872 753 hoc.
886 733 946 752 mo-

149 776 383 810 vitargumentum
399 775 528 802 adversus
541 774 601 801 illos
614 780 743 808 pugnans.
754 771 824 806 Quid
839 770 947 799 tandem

148 826 187 848 est
209 820 282 855 quod
310 820 426 848 dicunt?
439 820 498 847 Non
518 823 559 847 est
575 819 651 846 nobis
673 826 721 853 per
740 825 769 845 se
782 817 824 845 lex
839 817 866 844 in
880 824 948 844 eon-

148 866 258 893 scientia
274 866 379 900 posita,
395 873 445 893 nec
458 873 516 892 eam
536 869 638 892 natura:
653 864 726 891 Deus
739 863 860 891 inseruit.
870 862 948 891 Unde

149 912 234 946 igitur,
247 911 334 944 unde,
347 912 465 946 inquatn,
477 911 511 938 de
520 910 628 945 nuptiis,
637 910 671 938 de
683 909 811 941 caedibus,
820 909 854 936 de
865 913 949 936 testa-

149 957 254 989 tucttlis,
271 957 307 984 de
322 957 453 991 depositis
463 977 470 986 .
482 957 515 983 de
535 955 663 990 proximis
676 963 729 982 non
748 954 946 989 opprimendis,

148 1005 179 1030 dc
195 1003 308 1030 inlinitis
331 1003 390 1030 aliis
407 1004 478 1037 leges
504 1002 573 1037 apud
593 1009 641 1029 eos
661 1001 827 1036 scripserunt
843 999 948 1034 legisla-

149 1055 216 1076 turt-s
229 1049 240 1076 ?
254 1049 288 1076 Hi
310 1049 413 1084 quippe
426 1052 571 1083 prmsentes
586 1046 655 1074 forte
675 1054 690 1073 a
715 1045 860 1080 majoribus
883 1051 947 1072 natu

148 1096 309 1126 didicerunt,
324 1100 353 1122 et
375 1095 411 1122 illi
433 1102 448 1121 a
468 1094 610 1128 prioribus,
628 1097 655 1120 et
667 1100 772 1120 rursum
799 1100 814 1118 a
832 1091 948 1126 supch

149 1142 220 1168 ribus
233 1141 277 1168 isti
297 1149 307 1168 :
326 1141 370 1176 qui
385 1148 450 1168 vero
462 1140 580 1167 abinitio
594 1144 621 1167 ct
635 1139 714 1174 primi
724 1138 794 1174 apud
807 1146 854 1165 eos
876 1139 947 1173 leges

149 1188 280 1218 tulerunt,
297 1195 315 1214 a
343 1195 396 1222 quo
420 1185 591 1213 didicerunt?
611 1192 700 1211 annon
727 1184 818 1219 utique
841 1191 856 1210 a
881 1191 947 1210 con-

149 1233 280 1260 scientia?
310 1232 404 1267 Neque
427 1232 498 1259 enim
523 1231 613 1259 dicere
638 1235 765 1266 possent,
789 1230 861 1265 quod
885 1237 946 1257 cuin

151 1280 220 1306 Most:
247 1277 456 1313 tueri'ut,quod
479 1277 623 1313 prophetas
645 1275 948 1312 audierint:quomodo

149 1326 218 1352 cuitu
232 1326 279 1360 qtti
295 1325 413 1360 gentiles
427 1324 525 1352 erant?
541 1324 593 1351 Sed
607 1327 679 1359 patet
690 1330 737 1350 eos
751 1331 765 1349 a
780 1323 838 1357 lege
848 1343 856 1354 ,
867 1328 948 1357 quam

151 1373 289 1400 hominem
305 1373 409 1408 [ingens
421 1372 492 1399 Deus
504 1372 537 1399 ab
549 1371 625 1398 initio
639 1370 688 1405 ipsi
702 1370 799 1405 posuit,
813 1370 847 1396 ab
860 1369 910 1396 hac
920 1376 948 1397 et

152 1419 222 1454 luges
236 1419 364 1454 posuisse
375 1425 448 1451 suas,
459 1422 486 1445 et
493 1421 565 1445 artes
573 1417 715 1450 invenisse,
725 1416 830 1451 aliaque
839 1423 928 1443 omnia
939 1424 945 1442 :

152 1465 249 1492 etenim
270 1469 301 1492 et
320 1469 393 1491 artes
410 1464 449 1491 sic
471 1463 622 1490 constitutae
644 1466 721 1494 sunt,
735 1469 795 1489 cum
810 1461 890 1496 prisci
910 1460 948 1488 illi

152 1516 245 1545 suolltc
260 1511 374 1546 ingenio
387 1510 420 1537 ad
436 1510 496 1538 illas
514 1516 662 1537 accessere.
677 1508 722 1536 Sic
734 1513 761 1535 et
779 1508 877 1543 judicia
888 1528 896 1540 ,
909 1508 949 1536 sic

152 1563 177 1584 ct
190 1565 278 1592 pinna:
292 1557 411 1584 deﬁnitae
424 1561 488 1584 sunt
502 1565 509 1582 τ
522 1556 592 1591 quod
608 1563 703 1590 nempe
714 1559 742 1582 et
756 1554 851 1581 Paulus
868 1553 943 1582 dicit.

152 1603 217 1637 Quia
231 1605 308 1631 enim
319 1609 347 1631 et
360 1604 499 1639 gentilium
514 1603 590 1630 multi
605 1601 796 1630 contradicturi
812 1604 889 1628 erant
899 1621 907 1632 ,
922 1603 950 1627 et

152 1650 269 1677 dicturi:
285 1649 428 1683 Quotnodo
450 1650 521 1676 Deus
545 1648 668 1675 homines
686 1647 732 1682 qui
758 1646 864 1673 fuerunt
887 1651 950 1672 ante

154 1695 254 1722 Mosem
268 1695 422 1729 judicabit?
436 1702 489 1721 non
505 1694 577 1721 misit
592 1693 783 1729 legislaturem,
799 1700 851 1719 non
865 1692 950 1726 legem

155 1743 221 1773 tulit,
241 1750 295 1769 non
322 1742 480 1777 prophetam
506 1741 617 1776 paravit,
632 1748 684 1767 non
707 1739 875 1774 apostolum,
897 1745 950 1765 nun

155 1789 346 1824 evangelistam
364 1797 370 1813 :
384 1787 519 1822 quomodo
542 1787 576 1814 ab
598 1787 661 1821 ipsis
676 1793 770 1821 poenas
783 1785 890 1820 exiget?
905 1792 952 1810 vo-

157 1836 210 1862 lrm
227 1836 326 1863 Paulus
339 1834 523 1862 demonstrare
536 1854 543 1865 ,
558 1833 627 1868 quod
643 1841 657 1859 a
671 1838 765 1859 natura
779 1832 850 1859 docti
865 1831 950 1866 legem

157 1882 297 1913 baberent,
309 1886 337 1908 et
350 1881 452 1915 agenda
467 1880 605 1907 manifeste
620 1878 721 1907 scirent
731 1899 738 1909 ,
758 1877 818 1904 audi
832 1877 895 1912 quid
909 1877 950 1903 itt-

156 1928 210 1962 quit
224 1937 231 1954 :
248 1928 311 1954 Cum
327 1927 393 1954 enim
413 1931 506 1962 gentes,
517 1933 573 1960 qua:
596 1925 676 1960 legem
696 1932 746 1950 non
762 1923 862 1954 habent,
878 1926 951 1949 natu-

157 1973 249 2000 raliter
260 1982 289 2000 ea
300 1981 358 2006 qute
368 1973 431 2007 legis
440 1976 498 1998 sunt
508 1991 515 2003 ,
537 1971 633 2008 faciunt
644 1979 653 1998 :
664 1969 786 2006 ejusmodi
801 1969 879 2003 legem
901 1976 951 1995 non

157 2019 285 2050 habentes,
301 2019 351 2053 ipsi
369 2018 416 2044 sibi
440 2023 499 2044 sunt
522 2017 572 2050 lett,
584 2017 626 2052 qui
649 2015 781 2043 ostendunt
803 2023 866 2050 opus
889 2014 951 2049 legis

155 2066 283 2092 scriptum
306 2062 332 2086 in
355 2060 477 2086 cordibus
499 2062 564 2086 suis.
584 2061 727 2093 Quomodo
750 2061 809 2088 sine
828 2061 944 2089 litteris?

157 2104 348 2131 Testimonium
369 2105 491 2132 reddente
515 2105 570 2131 illis
588 2106 748 2132 conscientia
770 2106 898 2140 ipsorum.
918 2111 944 2133 et

156 2150 256 2176 intersc
265 2151 374 2176 invicem
384 2149 586 2184 cogitationibus
595 2151 792 2182 accusantibus,
803 2154 849 2176 aut
863 2151 944 2177 etiam

156 2196 367 2230 defendentibus.
378 2196 405 2221 in
424 2196 468 2222 die
477 2195 671 2230 quajudicabit
689 2195 758 2222 Deus
775 2196 879 2223 occulta
895 2196 944 2223 lto-

159 2242 269 2271 miuum,
279 2242 424 2268 secundum
432 2241 595 2276 euangelium
604 2250 689 2268 nteant
702 2250 749 2276 per
755 2242 847 2269 Iesum
865 2242 945 2269 Clari-

157 2286 395 2320 uum(liom.2.14
411 2286 454 2322 16)
465 2295 471 2312 :
482 2292 509 2314 ct
518 2287 614 2314 iterum
625 2287 801 2323 :Quicumque
808 2289 878 2315 enim
889 2289 946 2315 sine

157 2332 211 2366 lege
223 2338 408 2367 peccauerunt,
422 2334 478 2360 sine
492 2333 546 2368 lege
559 2334 681 2368 peribunt
693 2341 702 2360 .'
712 2338 736 2360 et
750 2334 906 2369 quicumque
918 2335 946 2361 in

157 2378 212 2411 lege
222 2385 453 2413 peccoverunt,per
468 2379 547 2413 legem
555 2379 749 2414 judicabantur
763 2378 874 2414 (lbid.v.
889 2379 944 2415 l2).

157 2424 227 2457 Quid
238 2430 290 2457 est,
304 2424 369 2452 Sine
380 2425 435 2460 lege
446 2424 646 2459 peribunt?Non
661 2425 720 2460 lege
727 2430 884 2456 accusante,
899 2425 946 2452 sed

159 2471 323 2498 conscientia
337 2476 364 2498 et
380 2472 602 2506 cogitationibus.
616 2472 644 2499 Si
655 2479 719 2499 vero
727 2472 812 2507 legem
827 2480 881 2499 non
897 2473 944 2499 ha-

160 2517 471 2550 buissentcouscientiae,
478 2524 528 2544 nec
535 2517 607 2552 ipsos
617 2518 705 2552 perire
714 2521 860 2552 peccantes
868 2524 917 2550 opu
927 2526 946 2536 ’-

160 2562 246 2590 tebat:
257 2564 398 2598 quomodo
407 2563 521 2596 enim,si
535 2564 593 2591 sine
607 2564 665 2599 lege
681 2563 881 2599 peccaverunt?
894 2562 945 2588 Scel

161 2615 219 2635 cum
230 2609 286 2636 sine
294 2609 350 2644 lege
361 2610 437 2642 dicit,
447 2617 500 2637 non
510 2610 577 2637 dicit
589 2617 642 2637 non
654 2610 782 2637 habuisse
791 2610 887 2644 legem.
899 2608 946 2635 sed

162 2663 212 2681 ιιυιι
225 2655 354 2683 habuisse
365 2656 450 2690 legem
465 2656 607 2690 scriptam,
617 2660 721 2683 natura:
727 2662 792 2683 vero
804 2655 888 2690 legem
899 2655 947 2681 lia-

162 2700 259 2728 lmisse.
268 2701 300 2728 Et
308 2709 434 2729 rursum:
446 2701 537 2728 Gloria
545 2707 643 2734 autem,
651 2702 774 2733 etltonor,
783 2705 808 2727 et
815 2708 868 2735 pas:
876 2700 947 2727 onmi

162 2749 276 2781 aperanti
289 2747 494 2780 bonumJuer-o
503 2749 628 2782 primum,
637 2753 661 2775 et
670 2747 763 2775 Grtrco
774 2746 885 2782 (Ibid.v.
892 2747 900 2773 l
907 2746 947 2780 0.)

196 2795 223 2823 5.
235 2795 299 2823 lltec
307 2800 400 2822 autem
410 2794 514 2822 dicebat
526 2794 560 2821 de
568 2794 750 2829 superioribus
762 2794 873 2829 loquens
885 2799 953 2822 tem-

162 2842 276 2877 poribus,
291 2849 354 2877 qua!
366 2848 428 2869 ante
439 2841 539 2868 Christi
550 2841 691 2868 adventum
707 2841 823 2869 fuerunt.
834 2841 868 2868 Et
877 2841 951 2869 Grae-

162 2897 217 2915 runt
241 2889 283 2915 hic
297 2891 374 2915 vocat
393 2895 446 2914 non
469 2887 634 2915 idololatram
648 2908 654 2920 ,
670 2887 716 2915 sed
741 2887 822 2914 Deum
846 2887 952 2922 quidem

571 165 615 193 AD
635 165 794 193 POPULUM
815 163 1070 193 ANTIOCIIENUM.
1090 165 1203 193 IIOMIL.
1225 165 1282 194 ΧΠ.

1745 171 1795 199 I31

1003 222 1088 249 solum
1110 222 1284 254 adorantem,
1307 223 1480 252 Iudaicarum
1501 234 1564 253 vero
1583 227 1798 258 Observationum

1002 268 1153 294 necessitati
1169 276 1222 295 non
1236 268 1366 302 deditum,
1381 271 1549 299 sabbatismis
1559 272 1628 306 dico,
1640 278 1667 301 et
1679 275 1795 302 circum-

1001 313 1094 340 cisioni
1107 334 1114 346 ,
1130 318 1157 341 et
1171 314 1252 341 variis
1266 315 1494 349 purilicationibus
1506 325 1513 349 ;
1532 318 1579 345 sed
1592 319 1748 352 sapientiam
1769 325 1796 348 ct

1002 359 1126 393 pietatem
1149 367 1255 387 omnem
1278 360 1458 389 exhibentem.
1480 363 1513 390 Et
1530 371 1633 392 rursum
1647 366 1680 393 de
1701 367 1796 394 eodem

1000 405 1134 432 disserens
1145 404 1246 440 inquit:
1259 405 1272 432 Ι
1276 415 1304 432 ra
1315 411 1337 433 at
1349 407 1500 442 indignatio,
1512 409 1639 437 tribulatio
1647 417 1669 438 et
1680 414 1796 447 angustia

999 458 1075 485 super
1089 459 1186 477 omnem
1200 452 1310 478 animam
1330 453 1438 480 hominis
1448 456 1574 488 operculis
1589 457 1692 490 malum,
1710 458 1796 486 Judtci

1000 497 1109 532 primum
1125 502 1148 524 et
1169 497 1251 525 (ἐι-(κεί
1263 499 1388 532 (Roma.
1403 499 1419 527 9
1438 502 1456 534 ).
1472 500 1586 528 Rursum
1610 502 1652 529 hic
1674 504 1795 532 Cra-cunt

1000 547 1093 574 vocat,
1108 542 1295 570 observatione
1309 544 1415 571 .ltnlaica
1434 545 1582 573 liberatum.
1597 547 1626 574 Si
1642 548 1729 584 itaque
1750 559 1796 577 nu-

999 596 1050 623 que
1061 588 1144 624 legem
1158 589 1267 622 audivit,
1281 598 1365 625 neque
1376 599 1436 618 cum
1450 592 1548 619 Judmis
1559 601 1732 623 conversatus
1743 603 1793 628 est,

1001 634 1135 667 quomodo
1146 635 1197 662 erit
1207 635 1256 670 ipsi
1270 636 1308 662 ira
1321 643 1349 663 et
1359 637 1503 672 indignatio
1512 643 1538 666 ct
1551 640 1683 667 tribulatio
1697 642 1793 668 ntalqu

999 681 1141 714 aperanti?
1156 681 1285 714 Quoniam
1299 683 1372 710 intus
1394 685 1584 712 conscientiam
1600 686 1695 714 habeat
1708 688 1795 716 incre-

999 732 1104 760 pantem
1120 732 1146 754 et
1159 728 1298 756 docentem
1311 734 1338 756 et
1348 730 1513 758 erudienlcm
1529 731 1554 758 in
1570 733 1702 760 omnibus.
1720 734 1795 762 Unde

999 771 1051 799 hoc
1063 772 1248 801 manifestum?
1263 775 1300 802 Ex
1314 775 1380 802 iisin
1395 776 1490 810 quibus
1502 778 1568 805 alios
1583 779 1720 813 castigavit
1730 788 1793 815 pec-

999 823 1102 851 cantes,
1121 819 1193 854 leges
1208 820 1281 852 tulit,
1295 820 1394 855 judieia
1409 822 1556 850 constituit.
1570 823 1625 851 Hoc
1646 825 1726 859 igitur
1745 825 1794 853 dc~

998 864 1102 891 clarans
1125 866 1221 893 Paulus
1233 887 1241 899 ,
1264 867 1297 894 de
1311 868 1459 895 viventibus
1473 869 1499 896 in
1514 870 1577 896 vitio
1597 870 1701 898 dicebat
1716 882 1723 898 2
1741 873 1791 906 Qui

993 922 1053 941 cum
1075 911 1209 948 justitiam
1229 913 1277 940 Dei
1297 914 1486 948 cognovissent,
1513 915 1638 948 quoniam
1659 915 1703 949 qui
1723 915 1789 941 tuliu

993 962 1074 992 agunt
1103 958 1175 992 digni
1201 962 1261 984 sunt
1290 963 1392 990 morte,
1419 967 1471 984 non
1498 958 1581 986 solum
1610 968 1642 986 ca
1669 960 1788 994 faciunt,

993 1004 1038 1030 sed
1061 1004 1141 1030 etiam
1168 1004 1331 1030 consentiunt
1357 1004 1365 1019 ¹
1395 1005 1551 1039 facientibus
1581 1005 1666 1040 (Rom.
1685 1007 1710 1032 i.
1729 1006 1787 1040 5‘2).

994 1049 1028 1076 Et
1053 1049 1126 1075 unde
1149 1049 1270 1076 scierunt
1290 1049 1458 1076 voluntatem
1475 1050 1522 1077 Dci
1553 1058 1623 1081 esse.
1644 1055 1674 1077 ut
1693 1051 1739 1085 qui
1761 1051 1787 1077 in

994 1094 1166 1129 improbitate
1182 1095 1278 1121 vivunt
1293 1095 1459 1129 puniantur?
1479 1096 1571 1123 unde?
1584 1096 1621 1123 lix
1637 1097 1669 1124 iis
1685 1097 1712 1123 in
1727 1097 1789 1131 qui-

992 1139 1044 1166 bus
1068 1139 1135 1166 alios
1158 1139 1319 1174 judicabant
1343 1145 1498 1175 peccantes.
1527 1141 1553 1167 Si
1583 1141 1655 1168 enim
1685 1142 1789 1170 malum

1002 1197 1063 1216 esse
1078 1196 1130 1215 non
1141 1193 1218 1223 putes
1232 1190 1411 1218 e;t-ttem.cum
1425 1188 1589 1216 homicidam
1601 1188 1715 1222 ceperis.
1725 1196 1788 1217 scn-

1004 1235 1086 1263 tentia
1100 1240 1144 1262 tua
1160 1242 1213 1261 non
1223 1235 1318 1269 punics
1329 1244 1335 1261 :
1346 1234 1396 1261 nisi
1411 1235 1510 1261 tnalum
1522 1242 1582 1262 esse
1591 1241 1668 1269 putes
1682 1235 1788 1262 adulte-

1002 1288 1074 1310 rare.
1085 1287 1147 1307 cum
1163 1270 1288 1306 inciderit
1304 1279 1420 1310 adulter.
1432 1279 1514 1305 libera
1531 1279 1619 1313 ipsum
1633 1288 1647 1306 a
1659 1287 1749 1314 poma.
1759 1279 1787 1306 Si

1003 1334 1068 1353 vero
1082 1330 1110 1353 et
1129 1325 1156 1352 in
1175 1325 1290 1352 aliorum
1312 1325 1429 1359 peccatis
1444 1324 1516 1359 leges
1531 1325 1641 1357 scribis,
1656 1330 1681 1351 ιιι
1695 1333 1789 1358 ιιωηειε

1002 1371 1108 1403 delinis,
1117 1376 1143 1398 et
1151 1379 1261 1398 severus
1271 1370 1403 1404 esjudcx:
1414 1378 1494 1404 quam
1505 1370 1604 1397 habere
1612 1371 1700 1405 possis
1707 1378 1789 1397 excu-

1003 1417 1148 1447 sationem,
1164 1416 1191 1443 iu
1209 1415 1309 1450 quibus
1328 1415 1384 1448 ipsu
1405 1421 1512 1448 peccas,
1530 1413 1625 1441 dicens
1641 1418 1666 1440 te
1685 1413 1788 1447 agenda

1003 1462 1146 1497 ignorare?
1156 1461 1283 1489 Mtechati
1295 1461 1362 1487 estis
1369 1464 1396 1486 et
1407 1465 1435 1486 tu
1447 1465 1474 1486 et
1483 1459 1536 1486 ille.
1545 1459 1636 1492 Quare
1644 1459 1719 1486 illum
1729 1459 1790 1494 qui-

1002 1510 1062 1537 dem
1076 1509 1166 1544 punis,
1177 1512 1204 1536 te
1213 1515 1276 1535 vero
1286 1506 1363 1534 venia
1372 1506 1483 1541 dignum
1492 1506 1605 1533 censes?
1615 1505 1643 1532 Si
1651 1505 1722 1532 enim
1734 1513 1790 1532 ma-

1002 1556 1058 1583 lum
1069 1555 1208 1591 nesciebas
1215 1561 1275 1581 esse
1284 1553 1458 1584 adulterium,
1468 1557 1594 1579 neutrum
1606 1551 1695 1586 puniri
1709 1558 1790 1584 opor-

1003 1601 1074 1628 tebat
1082 1610 1089 1634 ;
1097 1601 1119 1628 si
1131 1608 1195 1627 vero
1206 1600 1321 1626 alterum
1332 1598 1441 1633 quidem
1448 1598 1556 1632 punias,
1567 1602 1593 1624 te
1603 1605 1669 1624 vero
1681 1604 1788 1631 ptenant

1003 1648 1121 1682 ell‘ugere
1132 1646 1283 1677 existimes.
1304 1645 1442 1680 quomodo
1461 1644 1557 1671 rationi
1575 1649 1788 1670 consentaneum

1003 1693 1086 1720 videri
1101 1693 1199 1728 poterit
1209 1692 1365 1719 earumdem
1380 1690 1526 1718 criminum
1542 1697 1604 1717 reos
1616 1697 1670 1716 non
1680 1689 1788 1716 easdem

1005 1739 1121 1775 pendere
1132 1738 1245 1773 pinnas?
1261 1737 1318 1765 Hoc
1334 1737 1417 1772 igitur
1431 1736 1520 1771 ipsum
1535 1743 1670 1762 accusans
1684 1734 1786 1762 Paulus

1003 1784 1112 1812 dicebat
1129 1794 1136 1812 :
1154 1784 1300 1811 Existimas
1318 1789 1407 1810 autem
1422 1783 1480 1815 hac,
1495 1790 1510 1809 ο
1521 1782 1609 1813 homo,
1625 1782 1670 1816 qui
1681 1781 1790 1815 judicas

1002 1837 1046 1856 eos
1058 1830 1103 1864 qui
1115 1829 1181 1856 talia
1190 1832 1282 1863 agunt,
1299 1833 1322 1855 et
1335 1828 1420 1862 facias
1435 1835 1476 1858 ea,
1486 1827 1549 1861 quia
1558 1832 1585 1852 tu
1594 1826 1702 1861 effugies
1713 1826 1790 1859 judi—

1004 1876 1072 1902 cium
1083 1875 1131 1901 Dei
1142 1874 1228 1908 (Rom.
1238 1874 1266 1906 2,
1278 1873 1383 1908 3).Non
1398 1878 1439 1900 est
1451 1872 1497 1903 ita.
1510 1876 1632 1904 nonest;
1645 1879 1677 1898 ex
1687 1871 1791 1906 judicio

1004 1923 1076 1950 enim
1085 1922 1157 1956 quod
1168 1921 1194 1948 in
1203 1922 1284 1948 alium
1294 1920 1441 1955 protulisti,
1452 1927 1485 1946 ex
1497 1919 1546 1946 hoc
1557 1923 1582 1946 te
1594 1919 1663 1946 Deus
1673 1923 1737 1945 tunc
1745 1919 1790 1952 ju-

1004 1968 1105 1996 dicabit
1115 1977 1121 1995 :
1132 1975 1187 1994 non
1202 1967 1274 1994 enim
1289 1966 1412 2001 profecto
1426 1973 1453 1993 tu
1471 1967 1582 2000 quidem
1595 1966 1698 2000 justus,
1721 1965 1792 1992 Deus

1005 2019 1096 2041 autem
1115 2013 1244 2048 injustas.
1260 2012 1289 2039 Si
1302 2013 1374 2040 enim
1386 2021 1439 2039 non
1457 2012 1576 2046 despicis
1590 2012 1672 2039 alium
1692 2011 1791 2045 injuria

1005 2059 1140 2092 allectum,
1148 2059 1287 2094 quomodo
1297 2058 1368 2085 Deus
1377 2058 1550 2092 despiciet?si
1563 2062 1590 2084 tu
1600 2057 1715 2090 corrigis
1724 2056 1792 2083 alio-

1005 2113 1065 2132 rum
1079 2109 1197 2139 peccata,
1209 2105 1348 2139 quomodo
1357 2109 1382 2132 te
1393 2104 1464 2131 Dens
1474 2112 1527 2131 non
1542 2104 1660 2138 corriget
1669 2103 1679 2129 ?
1688 2103 1716 2130 Si
1727 2111 1792 2130 vero

1005 2158 1059 2177 non
1068 2150 1114 2176 tibi
1128 2150 1219 2177 statim
1232 2158 1339 2185 poenam
1351 2149 1442 2181 infert,
1453 2157 1485 2176 ne
1497 2149 1531 2176 ob
1544 2149 1594 2176 hoc
1602 2149 1734 2180 conlidas,
1745 2149 1791 2176 sed

1005 2196 1071 2222 time
1083 2195 1181 2229 magis.
1203 2195 1248 2222 Sic
1262 2194 1397 2222 ctPaulus
1407 2194 1491 2229 jussit
1504 2195 1615 2222 dicens:
1629 2195 1668 2221 An
1685 2194 1792 2221 divitias

1006 2240 1132 2268 bonitatis
1140 2242 1196 2275 ejus
1206 2246 1229 2268 et
1237 2242 1371 2275 patientia:
1378 2248 1402 2269 et
1415 2242 1626 2277 longanimitatis
1636 2241 1793 2272 contemnis.

1005 2286 1131 2320 ignorans
1149 2288 1273 2321 quoniam
1290 2287 1437 2322 benignitas
1456 2288 1503 2314 Dei
1523 2288 1557 2314 ad
1572 2288 1752 2322 paenitentiam
1771 2293 1795 2315 te

1006 2332 1114 2359 adducit
1123 2333 1209 2365 (Rom.
1219 2333 1246 2359 2.
1256 2333 1297 2368 4γὶ
1306 2334 1448 2368 Propterea
1456 2334 1526 2361 enim
1535 2335 1642 2365 tolerat.
1654 2342 1707 2362 non
1716 2339 1795 2369 utpe-

1004 2378 1048 2413 jor
1059 2378 1118 2410 tias,
1128 2379 1173 2406 sed
1184 2384 1212 2406 ut
1221 2380 1407 2414 pcenitentiam
1418 2388 1482 2414 agas
1490 2390 1496 2413 ;
1505 2381 1527 2407 si
1538 2388 1603 2408 vero
1612 2388 1664 2408 nou
1675 2382 1726 2412 vis,
1739 2390 1796 2408 ma-

1004 2424 1073 2459 joris
1083 2425 1195 2452 materia
1203 2425 1314 2453 ultionis
1322 2426 1367 2453 tibi
1375 2431 1416 2453 est
1424 2426 1470 2453 Dei
1479 2427 1671 2462 longanimitas
1678 2429 1736 2455 sine
1743 2435 1796 2462 pm-

1006 2470 1119 2498 nitentia
1128 2472 1309 2505 permanenti.
1321 2471 1353 2498 Et
1364 2471 1415 2499 hoc
1424 2473 1523 2506 quippe
1530 2472 1671 2500 declarans
1679 2473 1794 2500 dicebat:

1008 2516 1156 2543 Secundum
1166 2521 1254 2543 autem
1261 2518 1389 2544 duritiam
1399 2522 1471 2544 luant
1477 2523 1501 2544 et
1508 2518 1672 2552 intpwnitetts
1680 2527 1733 2551 cor,
1743 2518 1796 2545 tlte-

1007 2562 1130 2589 saurizas
1140 2563 1187 2589 tibi
1197 2563 1266 2589 iram
1276 2564 1304 2589 in
1313 2563 1356 2590 die
1364 2564 1412 2590 irte
1420 2568 1445 2590 et
1455 2564 1797 2599 revelationisjustijudicii

1006 2606 1118 2643 Dei.qui
1127 2608 1216 2635 reddet
1223 2609 1363 2644 unicuique
1373 2609 1515 2636 secundum
1522 2618 1602 2644 opera
1611 2610 1666 2644 ejus
1674 2610 1761 2646 (Rom.
1769 2610 1793 2649 2'

1007 2654 1036 2681 5.
1046 2653 1084 2689 6).
1096 2654 1231 2687 Quoniam
1243 2655 1326 2689 igitur
1334 2655 1434 2690 cuique
1443 2656 1594 2683 secundum
1607 2663 1689 2690 opera
1698 2657 1796 2691 reddit,

1007 2705 1034 2727 et
1040 2700 1125 2735 legem
1134 2705 1275 2736 propterea
1282 2702 1361 2729 nobis
1368 2703 1517 2729 naturalem
1527 2702 1796 2738 indidit,etscriptant

1009 2747 1183 2782 postmodum
1199 2748 1283 2781 dedit,
1296 2753 1326 2775 ut
1345 2755 1439 2783 poenas
1456 2749 1548 2783 exigat
1565 2755 1754 2784 peccatorum,
1770 2755 1794 2776 et

1009 2797 1083 2820 recte
1090 2798 1201 2827 agentes
1207 2799 1329 2820 coronet:
1338 2794 1423 2820 multo
1433 2794 1524 2828 itaque
1530 2794 1755 2829 studiotanquam
1763 2795 1795 2821 ad

1039 2863 1049 2879 ι
1067 2860 1120 2891 Alii,
1131 2859 1271 2886 assentiunt.
1295 2858 1356 2884 Infra
1375 2858 1442 2888 voci,
1462 2858 1599 2890 puniantur,
1618 2862 1671 2884 sav.
1691 2859 1756 2887 addit
1770 2860 1794 2886 in

1007 2893 1127 2924 margine.
1138 2895 1222 2917 morte.
