1962 3121
163 167 212 197 135

160 226 328 254 tremendum
352 225 508 253 conventuri
538 225 666 261 judicium
680 247 688 260 ,
712 227 831 255 actiones
854 232 958 256 nostras

159 271 485 307 dispensemus,scientes
506 271 577 307 quod
597 272 697 300 nullam
720 280 894 308 assequemur
914 281 959 301 ve-

159 319 230 345 niam
241 338 248 348 .
263 318 286 345 si
300 322 361 352 post
373 317 521 346 naturalem
535 323 562 346 et
577 319 701 354 scriptam
715 319 800 355 legem
815 323 843 347 et
856 320 958 348 doctri-

160 370 220 389 nam
243 367 341 390 tantam
363 367 390 390 et
408 362 616 391 admonitionem
631 364 766 392 assiduam
780 365 894 393 salutem
907 374 956 393 uo-

157 412 239 434 stram
255 407 429 443 negligamus.

191 453 219 481 6.
235 453 333 480 lterum
347 454 379 481 de
384 455 548 489 juramentis.
561 455 674 483 —Volo
695 456 784 491 itaque
804 466 908 486 rursum
922 458 956 486 de

153 498 313 532 juramcutis
327 500 401 527 vobis
417 501 498 536 loqui,
514 501 644 528 erubesco
656 507 754 530 autem.
770 503 832 531 Mihi
847 504 954 539 quidem

154 552 235 579 grave
251 553 303 573 non
319 551 360 573 est
374 546 417 574 die
438 552 568 582 nocteque
583 547 676 575 eadem
690 549 765 576 vobis
779 549 882 583 dicere;
907 551 954 579 sed

155 592 236 620 timeo
250 601 283 620 ne
296 598 436 629 postquam
446 601 494 622 vos
507 595 548 622 his
567 595 657 622 multis
671 596 765 623 diebus
779 597 953 630 admonuero.

155 639 267 667 multum
283 644 416 675 torporem
427 645 543 668 vestrum
555 641 731 670 damnabilem
743 644 893 674 ostendam,
909 645 953 679 qui

155 685 181 712 in
196 687 302 721 negotio
325 690 378 714 tam
403 687 472 714 facili
487 688 614 716 continua
634 689 739 724 egeatis
760 689 952 718 admonitione.

155 730 210 759 Nec
225 736 326 759 tantum
348 732 496 766 erubesco,
519 733 609 761 sedet
629 735 710 762 timeo
731 735 817 763 vobis.
839 737 954 765 Assidua

153 784 268 812 namque
286 776 407 805 doctrina
427 778 628 806 advertentibus
652 779 776 807 salutaris
796 781 903 816 quidem
925 788 953 810 et

152 822 233 856 utilis,
246 823 412 857 torpentibus
422 831 488 851 vero
499 823 625 852 damnosa
637 830 664 853 et
675 825 832 861 periculosa.
846 827 951 858 Etenim

152 873 252 903 quanto
264 869 323 904 quis
337 869 435 903 saepius
449 869 573 902 audierit,
587 875 661 898 tanta
673 873 802 906 majorem
824 873 951 902 ultionem

153 914 285 947 attrahet,
301 923 354 942 non
369 915 469 943 faciens
479 923 538 951 qua:
548 917 682 946 dicuntur.
698 919 753 947 Hoc
766 920 845 956 igitur
858 926 885 949 et
902 921 950 949 Ju-

151 959 217 987 dzris
229 961 413 995 improperans
425 961 531 989 dicebat
547 963 616 991 Deus
632 973 639 991 :
653 964 714 992 Misi
734 967 870 1002 prophetas
882 976 951 996 meo:

149 1013 287 1041 exsurgens
301 1007 435 1041 diluculo,
457 1013 480 1035 et
503 1009 633 1045 emittem,
657 1019 735 1047 neque
752 1013 789 1039 sic
812 1014 950 1042 exaudiatis

149 1051 226 1085 (Ιετ.
245 1051 356 1089 25.4.).
370 1053 424 1082 Nos
444 1063 540 1091 nempe
553 1064 585 1084 ex
599 1057 681 1084 multa
703 1058 884 1087 sollicitudine
898 1060 949 1088 hoc

148 1095 261 1124 facimus
272 1118 280 1129 ,
302 1097 349 1125 sed
366 1099 491 1128 timemus
514 1109 548 1128 ne
570 1102 595 1128 in
609 1101 652 1130 die
666 1102 709 1129 illa
724 1104 860 1131 tremenda
875 1104 947 1132 obsit

147 1142 224 1169 vobis
236 1143 361 1171 omnibus
375 1144 432 1172 hinc
441 1146 590 1175 admonitio
603 1152 630 1175 et
646 1148 696 1176 hoc
709 1149 859 1176 consilium.
876 1150 945 1178 Cum

147 1188 218 1214 enim
229 1193 257 1215 et
265 1188 362 1217 bonum
371 1198 438 1225 opus
450 1192 484 1218 sit
498 1192 583 1225 facile.
593 1199 620 1221 et
628 1194 672 1229 qui
679 1194 786 1222 assidue
794 1202 949 1224 commone-

146 1233 225 1260 faciat
238 1242 290 1261 non
303 1234 374 1262 desit
384 1256 392 1268 ,
408 1237 470 1271 quid
486 1239 630 1272 poterimus
647 1240 672 1267 in
687 1242 884 1270 excusationem
904 1242 945 1270 di-

145 1281 227 1307 cere?
239 1281 279 1307 vel
290 1290 350 1316 qua:
365 1290 413 1310 nos
426 1284 494 1311 ratio
504 1285 537 1312 ab
554 1285 655 1313 ultione
666 1287 780 1321 eripiet?
792 1288 837 1315 Dic
850 1297 946 1324 nempe

144 1326 220 1358 mihi,
236 1328 258 1354 si
273 1334 412 1363 argentum
428 1330 475 1358 abs
491 1335 518 1359 te
533 1338 652 1360 mutuum
663 1334 722 1362 dari
737 1336 881 1371 contingat,
898 1345 945 1364 an-

144 1379 196 1399 non
216 1381 322 1408 semper
335 1375 448 1404 debitori
461 1378 610 1407 'oceurrens
626 1381 712 1416 ipsum
728 1384 811 1410 mutui
826 1391 945 1412 commo-

142 1419 244 1447 nefaeis
260 1421 338 1448 ?lloe
351 1427 378 1449 et
398 1431 467 1451 nunc
483 1425 538 1456 fac,
555 1430 582 1453 et
595 1427 706 1462 quisque
720 1433 793 1463 putet
804 1435 943 1465 argentum

140 1465 190 1491 sibi
208 1467 357 1500 proximum
376 1469 475 1497 debere
487 1491 494 1503 ,
511 1471 589 1506 hujus
601 1473 703 1500 scilicet
720 1475 836 1502 mandati
850 1477 943 1512 exple-

140 1512 239 1540 tionem
252 1533 260 1546 ,
281 1519 308 1540 et
322 1523 465 1544 occurrens
487 1518 627 1546 solutionis
648 1521 734 1556 ipsum
749 1528 920 1551 commoneat
932 1545 940 1557 ,

142 1557 229 1584 sciens
249 1566 301 1586 non
322 1568 430 1597 parvum
446 1563 523 1590 nobis
544 1566 687 1599 repositum
704 1575 762 1595 esse
776 1569 940 1603 periculum,

139 1601 250 1630 fratrum
262 1612 353 1632 curam
365 1614 416 1633 non
427 1609 577 1642 agentibus.
592 1610 733 1645 Propterea
747 1601 836 1650 etwego
846 1615 939 1643 eadem

138 1647 227 1675 dicere
242 1657 294 1677 non
309 1651 411 1679 desisto
428 1663 434 1679 :
452 1654 533 1682 timeo
547 1656 628 1689 enim,
643 1665 676 1685 ne
691 1658 733 1685 illa
749 1660 792 1687 die
804 1647 915 1690 audiam
930 1671 937 1690 :

140 1691 260 1728 Improbe
270 1703 338 1723 serue
353 1702 378 1724 et
397 1699 491 1733 segnis,
511 1703 640 1735 oportebat
653 1709 677 1730 te
690 1712 794 1740 erogare
806 1713 939 1742 argentum

137 1747 218 1766 meum
231 1743 424 1779 nummulariis(
438 1744 530 1773 Mat/Ii.
542 1747 586 1775 25.
602 1748 647 1776 26.
662 1749 719 1786 ‘27).
737 1751 805 1780 Ecce
819 1755 936 1789 erogari,

136 1792 188 1812 non
201 1788 283 1814 semel
293 1809 300 1820 ,
316 1797 402 1824 neque
417 1791 466 1823 his,
482 1792 528 1819 sed
539 1794 655 1828 smpius;
670 1801 787 1825 vestrum
799 1806 862 1826 vero
871 1788 937 1828 reli-

136 1839 217 1865 quum
231 1838 271 1860 est
287 1834 372 1862 fanus
389 1836 501 1865 reddere
515 1847 522 1865 :
538 1846 617 1867 usura
635 1849 697 1868 vero
709 1847 750 1870 est
764 1844 862 1872 audita:
875 1854 935 1873 mo-

138 1877 247 1905 nitionis
260 1887 306 1914 per
320 1888 400 1915 opera
422 1883 552 1911 exhibitio
567 1893 574 1912 :
591 1887 688 1913 ctenim
707 1888 840 1917 dominica
854 1897 932 1925 stitit,

134 1944 303 1952 ~—

306 1947 805 1960 m

133 1992 321 2016 GNATIARUM
343 1996 437 2018 ACTIO
458 1998 566 2019 ADHUC
588 1999 630 2020 ΔΙ)
653 2000 742 2022 ΒΕυΜ
764 2002 813 2023 DE.
828 2003 1014 2026 MUTATIONE
1035 2005 1188 2027 TRISTIUM
1213 2007 1220 2026 Σ

531 166 562 197 S.
580 167 720 197 JO.\NNIS
738 168 974 199 CllRYSOSTOMI
995 170 1153 200 ARClllEP.
1174 172 1439 202 CONSTANTINOP.

1760 177 1811 206 I38

1011 235 1071 262 qua:
1082 233 1174 256 mutuo
1187 229 1292 256 dantur.
1308 229 1346 258 Ne
1360 229 1439 265 igitur
1449 229 1614 266 negligenter
1624 232 1814 269 suscipiamus.

1011 274 1057 301 sed
1072 282 1133 301 cum
1152 274 1288 309 diligentia
1307 276 1456 311 depositum
1479 279 1683 312 contineamus.
1699 284 1730 307 ut
1751 288 1813 308 cum

1014 319 1096 347 multa
1119 321 1297 355 negotiatione
1321 322 1407 357 ipsum
1431 324 1476 352 illo
1497 324 1541 352 die
1568 325 1723 353 reddamus.
1756 326 1814 354 Nisi

1009 365 1080 392 enim
1094 369 1121 393 et
1139 366 1207 394 alios
1220 368 1246 394 in
1267 367 1336 395 idem
1355 368 1472 398 officium
1486 370 1638 403 induxeris,
1655 372 1750 400 audies
1764 380 1814 400 vo-

1009 417 1067 438 cem
1083 411 1169 445 illam,
1186 420 1264 447 quam
1279 413 1379 442 audivit
1393 416 1436 450 qui
1452 416 1580 443 talentum
1594 416 1704 444 defodit.
1717 418 1753 445 At
1766 425 1814 444 vo-

1007 456 1049 484 bis
1060 465 1093 484 ne
1110 458 1216 485 eveniat
1228 458 1297 486 banc
1310 460 1411 493 audire,
1428 461 1475 488 sed
1490 462 1570 489 aliam
1579 469 1671 489 vocem
1684 471 1764 497 quam
1776 463 1813 494 ei,

1007 502 1052 536 qui
1066 503 1214 538 negotiatus
1227 509 1295 537 erat,
1313 505 1430 533 reddidit
1444 506 1576 541 Christus,
1590 507 1683 535 dicens
1699 516 1705 534 :
1723 508 1812 543 Euge,

1007 556 1076 575 serve
1088 549 1150 576 bone
1160 554 1183 577 et
1197 550 1280 584 ﬁdelis
1293 572 1299 581 ,
1313 552 1433 586 quoniam
1447 560 1523 587 super
1537 561 1618 588 pauca
1629 553 1701 589 fuisti
1716 553 1810 588 ﬁdelis,

1005 603 1086 629 supra
1099 595 1178 622 multa
1189 600 1212 623 te
1220 597 1373 624 constituam
1384 596 1492 634 (Matth.
1505 598 1551 626 25.
1561 599 1591 627 2|
1638 599 1711 626 llauc
1721 603 1811 626 autem

1005 639 1145 668 audiemus
1156 648 1247 668 vocem
1257 663 1266 675 ,
1279 642 1301 670 si
1316 642 1385 670 idem
1401 644 1471 678 quod
1487 644 1532 672 ille
1552 644 1670 672 studium
1681 644 1811 673 exhibue-

1005 685 1110 718 rimns;
1127 686 1196 714 idem
1210 695 1273 714 vero
1288 688 1403 716 studium
1420 689 1616 724 praestabimus,
1632 691 1654 717 si
1665 691 1726 723 hoc,
1738 689 1810 726 quod

1004 731 1065 759 dico
1077 752 1084 764 ,
1099 731 1253 760 fecerimus.
1268 733 1335 762 Cum
1356 734 1444 762 adhuc
1465 735 1574 763 fervens
1594 740 1637 764 est
1657 736 1767 764 auditus
1781 737 1807 764 in

1003 777 1091 810 vobis,
1102 779 1202 814 egressi
1217 779 1395 808 exhortamini
1411 781 1480 808 inter
1494 788 1543 809 vos
1555 790 1561 808 :
1577 786 1606 809 et
1618 781 1687 809 sicut
1700 781 1805 817 disjuu-

1002 823 1095 858 gimiui
1107 824 1221 860 quisque
1234 832 1296 853 eum
1308 826 1478 859 salutatione,
1494 827 1534 854 sic
1546 834 1607 854 eum
1620 827 1804 855 admonitione

1002 869 1115 904 quisque
1130 870 1238 898 domum
1251 872 1368 904 recedat,
1383 877 1410 900 et
1422 872 1493 900 dicat
1503 873 1624 908 proximo
1639 882 1645 900 :
1659 873 1808 902 Considera

1001 919 1030 941 et
1041 914 1199 948 recordare,
1215 916 1349 951 quomodo
1363 917 1515 945 mandatum
1537 918 1692 946 custodias:
1707 922 1736 946 et
1747 926 1806 946 om-

1002 960 1065 988 nino
1084 962 1279 996 superabimus.
1295 963 1361 990 Cum
1377 964 1448 991 enim
1467 968 1495 992 et
1506 965 1587 992 amici
1601 969 1628 992 te
1646 965 1798 993 dimiserunt

1000 1013 1061 1034 cum
1073 1007 1118 1034 tali
1130 1007 1253 1039 consilio.
1268 1013 1294 1036 et
1303 1009 1412 1036 domum
1425 1009 1572 1044 profectum
1588 1018 1695 1038 rursum
1706 1011 1804 1040 eadem

1002 1060 1068 1079 uxor
1080 1052 1237 1087 admoneat,
1252 1058 1296 1088 et,
1311 1062 1370 1082 cum
1384 1055 1434 1082 soli
1449 1057 1532 1089 estis,
1548 1057 1636 1084 oratio
1648 1062 1741 1085 nostra
1757 1065 1804 1086 vos

1000 1099 1154 1134 contineat,
1174 1101 1298 1130 celeriter
1320 1102 1389 1130 hanc
1407 1103 1627 1132 consuetudinem
1651 1104 1802 1140 improbam

999 1147 1173 1181 expellemus.
1189 1147 1255 1175 Novi
1272 1149 1379 1183 quidem
1393 1157 1441 1176 vos
1455 1149 1582 1178 admirari
1597 1158 1680 1186 quare
1701 1155 1802 1178 tantum

998 1192 1032 1220 de
1056 1192 1106 1220 hoc
1127 1193 1253 1221 mandato
1271 1195 1388 1222 studium
1408 1195 1522 1229 faciam;
1538 1204 1630 1224 verum
1651 1197 1798 1231 adimplete

999 1238 1164 1272 mandatum,
1179 1244 1207 1267 et
1219 1245 1283 1268 tunc
1293 1240 1391 1268 dicam.
1409 1241 1515 1268 Interim
1530 1242 1626 1277 quippe
1640 1242 1705 1270 illud
1715 1242 1777 1270 dico
1787 1263 1797 1277 ,

999 1283 1083 1319 legem
1096 1291 1156 1312 esse
1177 1285 1294 1313 divinam
1318 1285 1368 1314 hoc
1385 1286 1549 1320 mandatum,
1562 1291 1590 1314 et
1600 1288 1686 1322 ipsum
1704 1292 1798 1316 trans-

994 1331 1070 1365 gredi
1084 1338 1136 1358 non
1152 1339 1211 1359 esse
1227 1337 1311 1359 tutum
1324 1341 1331 1364 ς
1346 1333 1368 1360 si
1383 1338 1472 1360 autem
1495 1333 1632 1368 impletum
1647 1334 1752 1366 videro,
1772 1339 1800 1362 et

996 1375 1077 1403 aliam
1093 1377 1169 1404 vobis
1184 1385 1291 1405 causam
1302 1380 1520 1406 commemorabo
1531 1379 1580 1407 hac
1591 1388 1644 1407 non
1656 1381 1797 1414 minorem,

995 1426 1022 1448 ut
1036 1421 1161 1455 diseatis,
1177 1431 1220 1451 me
1232 1424 1293 1458 jure
1307 1431 1355 1458 pro
1376 1424 1425 1452 hac
1439 1425 1497 1460 lege
1522 1424 1639 1452 studium
1660 1425 1797 1454 exhibere.

995 1467 1089 1494 Restat
1103 1476 1166 1496 vero
1178 1468 1232 1502 jam
1248 1476 1295 1504 per
1309 1469 1529 1504 supplicationem
1543 1477 1696 1498 sermonem
1709 1471 1797 1498 absol-

993 1520 1064 1541 vere.
1081 1514 1246 1542 Uuanimiter
1263 1516 1343 1550 igitur
1360 1523 1453 1543 omnes
1467 1516 1605 1544 dicamus:
1620 1517 1691 1545 Deus
1703 1518 1797 1546 nolens

994 1564 1047 1587 tam
1063 1565 1176 1588 mortem
1187 1562 1345 1596 peccatoris,
1362 1570 1441 1597 quam
1453 1567 1479 1590 ut
1487 1568 1658 1591 convertatur
1667 1569 1695 1592 et
1705 1564 1789 1598 vivat,

991 1610 1018 1632 et
1034 1606 1100 1633 hanc
1111 1610 1138 1633 et
1155 1607 1221 1633 alias
1236 1607 1309 1642 leges
1321 1616 1416 1636 omnes
1437 1616 1486 1636 uos
1498 1614 1660 1645 exsequutus
1682 1610 1794 1646 dignare

990 1651 1029 1677 sic
1042 1651 1167 1680 assistere
1181 1652 1306 1679 tribunali
1320 1653 1418 1681 Christi
1434 1654 1483 1687 tui,
1500 1659 1528 1682 ut
1541 1655 1665 1683 ﬁduciam
1682 1656 1793 1684 multam

989 1698 1134 1732 assequuti,
1153 1698 1179 1725 iu
1193 1706 1303 1734 regnum
1319 1700 1506 1734 perveniamus
1521 1700 1554 1728 ad
1569 1701 1682 1736 gloriam
1697 1706 1769 1729 tuam
1783 1711 1791 1729 :

989 1745 1116 1779 quoniam
1132 1750 1157 1774 te
1171 1746 1247 1774 decet
1262 1747 1358 1782 gloria,
1374 1755 1426 1775 uua
1440 1755 1502 1775 cum
1513 1748 1649 1784 unigenito
1662 1749 1732 1777 Filio
1747 1755 1792 1777 tuo

988 1796 1015 1819 et
1030 1797 1122 1820 sancto
1137 1792 1247 1828 Spiritu,
1261 1801 1331 1822 nunc
1344 1798 1373 1822 et
1384 1802 1501 1830 semper,
1515 1800 1543 1823 et
1555 1796 1582 1823 iu
1593 1796 1690 1824 saecula
1702 1804 1788 1825 satell-

989 1837 1085 1865 lorum.
1103 1841 1198 1867 Amen.

1246 2006 1285 2027 ET
1306 2006 1563 2029 COMMEMORATIO
1586 2008 1710 2037 EORUM,
1733 2008 1786 2035 QUI

171 2043 313 2066 PROPTER
326 2046 520 2069 SEDITIONRM
535 2048 681 2077 RAPTATI,
697 2050 811 2073 POENAS
825 2052 905 2074 LUER
912 2055 983 2076 ANT.
995 2055 1156 2078 SIMIIJTER
1170 2056 1289 2078 RURSL‘S
1311 2057 1475 2079 EXPOSITIO
1489 2059 1529 2080 DE
1544 2059 1675 2081 "0)"le
1690 2061 1787 2083 CRBA-

170 2095 277 2123 ΤΙΟἿΕ,
293 2097 332 2117 ET
353 2097 439 2123 QUOD
461 2098 567 2121 LEGEM
588 2100 765 2123 ACCEPERIT
785 2103 979 2127 NATUBALEM
1002 2107 1010 2127 Ζ

170 2146 334 2169 TOLLENDA
358 2140 378 2170 '.

1035 2107 1075 2128 ET
1108 2107 1148 2128 DE
1182 2107 1319 2129 ιυιιΔιωι
1341 2107 1583 2131 CONSUETUDINE
1613 2111 1783 2135 RADICITUS

834 2208 1085 2248 MM

439 2279 548 2300 ποιΙιιιΑ
568 2280 624 2300 Χιιι.

165 2315 190 2342 l.
211 2315 251 2343 Ab
263 2315 355 2343 eodem
370 2317 500 2352 principio
518 2323 545 2345 et
563 2319 657 2346 iisdem
671 2321 816 2354 protemiis,
832 2322 929 2357 quibus

130 2359 186 2386 heri
201 2366 226 2387 et
247 2361 441 2390 nudiustertius
455 2364 534 2397 ccepi,
550 2369 576 2392 et
591 2365 670 2393 hodie
683 2366 807 2402 incipiam
821 2377 828 2395 :
841 2368 927 2396 dicam

129 2411 155 2432 et
177 2414 266 2432 ltllllc:
282 2406 439 2435 Benedictus
454 2408 533 2436 Deus.
549 2410 659 2443 Qualem
675 2414 836 2446 prmteritam
859 2415 926 2442 vidi-

130 2460 190 2478 mus
205 2451 296 2479 feriam
310 2457 447 2486 quartam,
463 2459 490 2481 et
503 2456 607 2489 qualem
629 2465 698 2485 nunc
720 2458 840 2487 videmus
859 2467 928 2495 pra:-

129 2498 250 2524 sentem?
264 2503 362 2532 quanta
384 2499 410 2526 in
424 2499 469 2527 illo
489 2499 637 2529 obscuritas
657 2507 718 2531 tunc
731 2504 816 2535 erat?
827 2511 925 2540 quanta

128 2551 197 2569 nunc
210 2543 236 2569 in
247 2545 371 2578 prmeuti
384 2545 578 2580 tranquillitas?
593 2547 692 2575 Eodem
702 2549 745 2577 die
758 2551 925 2579 tremendum

130 2589 155 2614 in
170 2589 277 2616 civitate
292 2590 406 2617 tribunal
421 2591 485 2618 illud
498 2596 525 2619 et
540 2594 658 2621 omnium
678 2596 758 2624 corda
771 2599 923 2632 concussit,

130 2639 152 2660 et
174 2640 251 2662 nocte
267 2635 332 2663 fecit
345 2636 416 2664 diem
433 2637 515 2665 nihilo
527 2646 586 2667 esse
603 2641 741 2670 meliorem
753 2664 761 2677 ,
776 2651 828 2672 non
843 2644 925 2673 radiis

126 2681 279 2715 exstinctis,
296 2682 342 2709 sed
358 2683 463 2711 tristitia
476 2690 503 2712 et
517 2685 613 2714 timore
627 2689 719 2716 oculos
732 2689 924 2720 oﬂ'uscantibus

127 2730 240 2752 \‘cstros.
256 2726 288 2754 Ut
309 2727 387 2762 igitur
399 2733 425 2756 et
445 2725 493 2756 uo's
508 2731 635 2766 majorem
651 2734 788 2768 mpiaums
801 2737 923 2772 volupta-

125 2775 178 2797 tcln
189 2791 197 2804 ,
214 2779 296 2806 pauca
309 2781 400 2801 eorum
413 2782 472 2810 qua:
488 2780 550 2804 tunc
564 2778 718 2806 acciderunt
730 2800 737 2813 ,
757 2789 922 2810 commemo-

156 2851 268 2895 I‘nsnav-i‘l.,_
284 2855 407 2895 acceperit,
423 2857 560 2895 naturalem
580 2865 624 2890 per
642 2861 799 2895 coquitt'ouem
815 2865 921 2895 agendo-

122 2886 210 2937 ;tuwmtet
223 2890 268 2909 non
291 2887 458 2918 “gelidorum,-
476 2891 499 2914 et
517 2889 549 2914 de
564 2886 922 2922 armaconsuvzudiiiﬁbi-

983 2287 1044 2306 rare
1058 2279 1128 2307 volo.
1145 2279 1180 2307 Et
1191 2280 1266 2308 vobis
1285 2281 1356 2308 enim
1372 2286 1399 2309 et
1417 2283 1532 2317 posteris
1552 2284 1676 2312 omnibus
1690 2285 1781 2314 utilem

981 2324 1075 2352 hormn
1091 2334 1151 2353 esse
1166 2326 1244 2354 vitlco
1264 2327 1443 2355 narrationem
1457 2337 1463 2355 :
1475 2329 1599 2363 quoniam
1617 2331 1692 2359 etde
1714 2340 1781 2359 nau-

981 2370 1065 2405 fragio
1078 2373 1189 2399 servatis
1202 2372 1349 2407 jucundum
1369 2378 1411 2400 est
1425 2373 1552 2402 ﬂuctuum
1573 2376 1732 2405 meminisse
1754 2381 1782 2405 et

980 2409 1146 2451 témpestatis
1160 2422 1188 2445 et
1199 2423 1336 2446 ventorum
1348 2440 1355 2451 ,
1379 2425 1518 2455 postquam
1534 2421 1559 2448 in
1574 2427 1680 2456 portum
1705 2424 1780 2451 navi-

981 2462 1088 2496 gariut;
1110 2468 1137 2490 et
1159 2463 1251 2490 morbo
1265 2463 1379 2491 detentis
1393 2471 1543 2500 pergratum
1551 2473 1591 2494 est
1603 2470 1780 2504 postiegritu-

980 2508 1070 2536 dinem
1084 2508 1172 2536 febres
1185 2529 1192 2541 ,
1207 2517 1255 2544 per
1267 2517 1332 2544 quas
1353 2518 1420 2545 pene
1437 2511 1471 2539 ad
1493 2517 1605 2540 mortem
1626 2520 1759 2542 venerunt
1770 2536 1778 2548 ,

978 2555 1038 2583 aliis
1053 2563 1172 2584 narrare.
1186 2555 1254 2584 Cum
1267 2557 1337 2584 enim
1351 2558 1441 2593 gravia
1455 2559 1642 2593 praeterierint,
1659 2561 1779 2596 volupta-

979 2605 1031 2628 tem
1047 2600 1128 2629 habet
1146 2609 1241 2629 eorum
1254 2604 1484 2636 commemoratio,
1496 2604 1584 2632 anima
1597 2613 1652 2633 nou
1665 2607 1778 2642 amplius

978 2646 1158 2681 formidante,
1183 2649 1230 2676 sed
1258 2650 1388 2685 majorem
1415 2651 1537 2686 capiente
1558 2651 1776 2682 delectationem.

977 2692 1175 2722 Praeteritorum
1201 2696 1272 2723 enim
1296 2697 1424 2725 memoria
1446 2699 1596 2733 malorum,
1617 2706 1777 2736 promentem

977 2740 1194 2775 tranquillitatem
1207 2743 1357 2772 accuratius
1369 2745 1528 2779 gustandam
1542 2747 1661 2776 exhibet.

1013 2785 1187 2815 Comternatio
1202 2789 1417 2818 Antiochenon
1431 2791 1458 2818 in
1475 2793 1656 2827 perquisitione
1673 2794 1706 2823 de
1721 2799 1776 2822 sta-

976 2831 1026 2860 tui:
1036 2833 1138 2861 evertit.
1151 2849 1187 2854 —
1200 2834 1345 2871 Postquam
1368 2836 1440 2865 enim
1464 2838 1579 2866 civitatis
1599 2839 1688 2874 major
1714 2849 1775 2876 pars

975 2885 1031 2913 prae
1043 2878 1138 2908 timore
1155 2884 1182 2908 et
1195 2882 1403 2911 comminatione
1417 2883 1461 2912 illa
1473 2884 1506 2912 ad
1519 2885 1626 2913 deserta
1642 2891 1670 2914 et
1684 2886 1773 2915 fauces

975 2925 1106 2952 montium
1131 2930 1158 2954 et
1180 2927 1281 2955 occulta
1309 2928 1427 2957 locorum
1454 2930 1674 2966 transmigravit,
1700 2937 1772 2960 metu
