1962 3121
91 174 132 199 ηπ
541 165 583 194 AD
603 164 762 192 P0l‘l'l,ll.\i
783 162 1025 190 ANTIOCIIENUM
1053 163 1167 191 IIOMIL.
1184 163 1242 191 XIII

89 231 151 265 ipsos
164 226 275 261 undique
295 229 409 259 cogente
428 233 435 251 :
455 227 483 251 et
503 230 592 250 vacua:
611 221 767 249 mulieribus
793 224 870 247 erant

88 276 172 304 domus
183 293 190 303 ,
204 279 316 299 vacuum
332 270 398 298 viris
411 270 498 297 forum
510 289 517 302 ,
533 269 576 296 vix
588 275 677 296 autem
690 268 743 296 duo
756 268 796 295 vel
818 272 873 295 tres

88 324 168 349 euntes
181 318 205 345 in
219 317 308 343 medio
327 316 409 343 simul
424 315 583 342 videbamur
594 335 602 347 ,
626 319 654 342 et
674 314 725 349 ipsi
740 318 872 348 tamquam

89 364 184 394 animati
197 362 293 390 ntortui
305 363 521 392 circumeuntes;
538 361 677 388 abibamus
692 360 718 386 in
732 359 817 386 forum
831 359 874 393 ju-

89 411 170 439 diciale
189 414 328 444 gestorum
350 408 430 435 ﬁnem
452 407 532 434 visuri
549 416 555 433 :
572 411 599 434 et
613 407 739 433 collectas
758 405 872 432 civitatis

88 458 200 493 reliquias
220 460 380 486 cernentes,
405 454 469 481 illud
485 454 603 481 omnium
619 453 735 480 maxime
749 451 872 479 admirati

89 505 171 532 iniimus
183 523 190 534 ,
211 501 282 536 quod
299 500 472 528 multitudine
486 500 556 527 circa
569 499 640 526 fores
653 503 775 526 morante
785 518 791 529 ,
808 502 876 524 tam-

88 557 153 585 quam
171 552 304 583 prmseute
326 546 436 573 nemine
449 566 456 577 ,
479 544 613 572 silentium
627 548 682 570 eral
699 542 876 578 profundissi-

88 605 163 625 iuuiu,
177 594 303 621 omnibus
326 594 397 620 inter
411 600 471 619 sese
491 591 693 626 respicientibus
705 610 713 622 ,
729 594 754 617 et
769 589 875 616 nemine

93 642 245 669 assistentem
269 639 439 673 interrogare
450 658 458 669 ,
472 643 519 664 aut
532 637 673 671 quidquam
684 635 777 662 audire
787 635 820 662 ab
834 635 878 662 illo

87 689 194 714 audente.
207 686 366 712 Proximum
383 685 454 712 enim
465 684 577 718 quisque
586 687 738 717 suspectum
749 681 876 709 habebat:

88 733 193 768 quoniam
208 731 285 757 multi
296 730 353 764 jam
367 735 464 764 praeter
473 737 580 756 omnem
593 736 667 763 spem
674 727 800 754 exvncdio
811 729 878 761 rapti

89 779 203 805 forointus
212 777 413 803 ccercebantur
421 785 426 802 :
433 778 461 802 et
467 782 559 801 Olllllt‘s
567 774 665 808 pariter
672 774 697 800 iu
707 773 800 800 caelum
809 773 880 807 aspi-

88 825 247 856 ciebaun:s,rt
255 831 355 850 manus
363 822 643 853 extendebamus,cum
652 820 757 847 silentio
765 827 880 854 superne

89 871 219 897 subsidium
233 873 438 904 exspectantes,
454 873 481 895 et
497 868 552 895 Deo
562 867 752 902 supplicantes,
770 870 798 893 ut
808 865 880 900 judi-

88 916 164 944 caudis
171 916 287 947 adesset,
296 920 325 942 et
337 915 512 950 judicantium
521 914 601 941 corda
608 913 745 943 mulceret.
754 916 780 939 et
789 912 879 939 mitem

88 962 172 989 lacrret
183 961 359 989 sententiam.
377 961 411 987 Et
425 960 492 987 sicut
512 960 556 994 qui
579 959 764 992 naulragantes
777 966 791 984 a
806 963 877 985 terra

88 1008 179 1040 vident,
201 1007 337 1034 accedere
350 1007 458 1041 quidem
471 1027 479 1038 ,
496 1011 524 1033 et
536 1012 644 1032 manum
662 1005 798 1039 porrigere
812 1024 820 1037 ,
835 1004 878 1031 vel

87 1061 215 1081 aerumnam
235 1053 364 1080 relevare
379 1060 432 1080 non
450 1057 578 1086 possunt,
595 1059 655 1079 cum
677 1051 755 1077 undis
768 1058 879 1078 arcean-

88 1106 121 1126 tur
142 1109 147 1125 :
166 1099 341 1126 extrinsecus
365 1104 454 1126 autern
479 1098 513 1125 ab
538 1097 603 1132 ipsis
625 1096 758 1124 littoribus
783 1103 878 1123 manus

87 1145 260 1178 extendentes,
276 1149 306 1172 et
329 1145 509 1179 lacrymantes
519 1164 528 1176 ,
545 1143 627 1170 Deum
639 1147 716 1169 orant
729 1147 758 1168 ut
772 1142 879 1168 assistat

87 1190 259 1217 ﬂuctuantibus
277 1199 283 1216 :
301 1190 341 1216 ita
361 1194 389 1217 et
409 1189 452 1216 hic
471 1189 550 1216 tacite
570 1194 664 1215 omnes
684 1192 773 1214 mente
797 1187 879 1213 Deum

87 1236 249 1268 invocabant,
267 1240 413 1270 petentes,
430 1240 459 1262 ut
472 1235 504 1261 ad
523 1234 638 1261 tribunal
654 1234 725 1260 velut
741 1233 766 1260 in
783 1232 878 1260 [luctus

86 1282 192 1308 adductis
204 1289 318 1308 manum
336 1281 492 1315 porrigeret,
505 1288 554 1307 nec
564 1281 664 1307 sineret
678 1280 809 1314 navigium
820 1279 882 1305 stib-

90 1328 171 1363 mergi,
189 1335 238 1354 nec
255 1328 282 1354 in
297 1335 452 1354 extrenunu
466 1326 632 1361 naufragium
641 1325 815 1360 judicantium
829 1325 883 1352 sol—

86 1378 149 1400 veret
158 1374 298 1408 judicium.
311 1373 345 1400 Et
354 1373 411 1400 lucc
424 1372 528 1407 quidem
538 1376 615 1399 erant
625 1379 671 1406 pro
679 1371 796 1398 foribus:
809 1375 882 1406 post-

85 1427 153 1453 quam
160 1427 220 1447 vero
230 1419 394 1447 interiorem
402 1420 488 1446 aulam
498 1418 675 1451 introivimus,
681 1425 775 1445 rursus
781 1418 831 1444 alia
842 1417 883 1444 his

86 1466 232 1492 terribiliora
245 1465 378 1497 vidimus,
391 1465 486 1492 milites
497 1469 614 1491 armatos
625 1463 736 1491 ensibus
746 1468 773 1491 et
787 1463 879 1494 clavis,

86 1515 108 1537 et
120 1510 224 1537 multam
238 1510 358 1538 interius
372 1510 550 1544 jndicantibus
570 1509 687 1544 quietem
712 1513 880 1543 prtestantes.

85 1556 202 1590 Quoniam
218 1555 293 1582 enim
310 1555 456 1583 necessarii
476 1555 582 1582 illorum
597 1561 708 1588 omnes,
728 1558 756 1581 et
773 1561 880 1586 uxores,

86 1608 108 1629 et
116 1608 219 1635 matres,
233 1608 262 1630 et
276 1603 342 1630 lilia:
355 1623 362 1635 ,
378 1607 405 1629 et
418 1606 507 1637 patres
518 1606 581 1629 ante
603 1600 653 1628 fori
663 1601 772 1636 jauuam
785 1600 884 1627 consti-

88 1655 183 1682 terant,
207 1649 276 1676 utsi
301 1649 426 1676 eveniret
446 1648 597 1682 quempiam
617 1646 651 1674 ad
672 1651 785 1673 mortem
809 1646 881 1679 duci,

88 1704 155 1722 nemo
175 1704 308 1723 mrumnm
335 1694 490 1730 spectaculo
515 1701 660 1727 accensus,
690 1694 830 1720 tumultum
856 1698 883 1720 et

89 1742 253 1769 turbatiouem
278 1742 364 1768 ullam
387 1741 507 1773 faceret,
533 1748 628 1767 omnes
644 1740 734 1774 procul
756 1740 884 1766 arcebant

88 1787 184 1819 milites,
200 1788 326 1821 ipsorum
343 1791 460 1813 mentem
476 1793 574 1820 pavore
588 1790 814 1819 prmoccupautcs.

118 1831 260 1860 Iliscmbile
284 1832 470 1866 spectaculum.
495 1847 530 1851 —
551 1831 627 1865 Quod
651 1835 740 1858 autem
765 1830 883 1856 omniurn

89 1879 196 1906 maxime
216 1877 393 1910 miserabile,
416 1884 502 1906 mater
515 1883 543 1905 et
565 1886 642 1905 soror
665 1877 801 1912 cujusdam
817 1898 823 1909 ,
839 1877 888 1912 qui-

89 1924 150 1951 intus
161 1925 346 1960 judicabatur,
365 1924 398 1951 ad
413 1924 469 1958 ipsa
482 1924 656 1960 judicantiutn
670 1923 799 1950 vestibula
812 1923 884 1957 jace-

91 1970 155 2001 bant,
168 1979 197 1998 se
211 1971 290 1997 humi
302 1975 465 2002 sternentes,
476 1974 503 1996 et
516 1977 658 1996 commune
672 1968 796 1996 euntibus
808 1968 885 1995 facta:

88 2016 320 2043 circumstantibus
335 2015 517 2050 spectaculum
531 2035 537 2048 ,
554 2014 646 2042 oculos
660 2015 762 2046 velatae,
782 2019 809 2041 et
828 2019 886 2040 tan-

90 2068 137 2089 tum
163 2063 310 2089 dumtaxat
335 2052 545 2094 erubescentes,
575 2065 703 2096 quantum
727 2060 886 2087 calamitatis

91 2109 228 2136 necessitas
246 2107 423 2143 permittebat
439 2116 445 2134 :
461 2115 545 2142 neque
559 2107 651 2134 aderat
666 2107 730 2141 ipsis
751 2106 885 2138 ancillula,

91 2162 136 2181 non
147 2155 251 2187 vicina,
271 2161 326 2180 non
343 2153 444 2184 amica,
458 2160 511 2179 non
527 2153 579 2179 ulla
595 2153 806 2179 necessariarum
822 2151 883 2182 alia,

91 2201 131 2227 sed
146 2202 208 2227 stilzu
231 2201 280 2227 vili
303 2201 403 2226 amictu
424 2200 449 2226 iu
476 2199 563 2226 medio
591 2204 628 2226 tot
653 2199 767 2226 militum
784 2199 884 2232 posita‘,

92 2254 132 2280 per
145 2247 256 2272 bmnum
274 2254 305 2272 se
328 2245 463 2271 trahentes
477 2245 546 2271 circa
567 2245 637 2278 ipsas
659 2244 731 2270 loves
743 2264 750 2275 ,
776 2244 809 2270 iis
820 2264 826 2274 ,
843 2244 886 2277 qui

92 2292 157 2319 intus
174 2292 381 2326 judicabantur,
397 2291 517 2325 graviora
534 2290 699 2325 patiebantur
712 2310 720 2322 ,
733 2290 887 2316 caruilicum

92 2347 176 2366 vocem
201 2338 366 2368 audientes,
390 2338 530 2364 verberum
549 2337 665 2363 sonitum
679 2356 686 2368 ,
706 2335 887 2370 vapulantium

92 2386 196 2417 luctum,
211 2384 369 2412 tremendas
381 2383 555 2418 judicantiutn
568 2383 665 2415 minas,
677 2386 704 2409 et
717 2382 780 2408 dum
794 2381 889 2416 singuli

93 2431 306 2466 ﬂagellareutur,
332 2430 499 2465 gravioribus
519 2437 599 2464 quam
613 2429 651 2456 illi
666 2430 674 2445 ¹
688 2429 827 2456 doloribus
849 2428 889 2455 ba:

93 2478 312 2504 conﬁciebantur.
325 2475 456 2510 Quoniam
470 2475 540 2502 enim
556 2476 582 2502 in
596 2475 710 2502 aliorum
731 2475 890 2501 testimoniis

93 2522 124 2549 de
133 2523 278 2549 criminum
288 2522 470 2549 declaratione
478 2521 688 2556 periclitabatur,
705 2520 788 2548 sicubi
799 2528 891 2555 quem-

95 2575 161 2602 piam
171 2569 313 2602 ﬂagellari,
329 2572 358 2594 ut
367 2575 428 2594 reos
440 2567 552 2599 diceret,
564 2567 724 2598 sentiebant,
739 2570 766 2593 et
778 2566 889 2597 ululare,

97 2614 120 2640 in
133 2615 229 2641 ca-lntu
245 2614 421 2647 respicientes
443 2613 524 2639 Dento
546 2613 657 2639 orabant
681 2617 709 2638 ut
733 2612 768 2639 illi
789 2611 884 2638 fortitu-

98 2660 220 2687 dinemet
232 2660 400 2687 tolerantiam
414 2659 500 2691 daret,
516 2658 768 2685 neuecessariorum
782 2665 891 2684 suorum

99 2706 167 2733 salus
174 2706 335 2740 proderetur
345 2712 391 2739 per
400 2705 521 2736 aliorum,
531 2711 618 2731 acrem
625 2704 765 2731 verberum
774 2703 893 2730 dolorem

101 2751 168 2778 terre
183 2760 236 2778 non
251 2751 397 2778 valentium
410 2771 417 2782 ,
432 2750 612 2777 inﬁrmitatem
629 2759 635 2776 :
652 2755 678 2776 et
692 2749 744 2776 tale
757 2749 820 2784 quid
834 2756 894 2776 rur-

95 2804 168 2829 sum,
183 2798 261 2832 quale
276 2796 467 2824 lluctuantibus
481 2796 558 2829 solet,
573 2795 720 2824 accidebat.
734 2795 809 2823 Sicut
823 2796 895 2823 enim

134 2877 141 2891 ¹
159 2877 196 2900 sic
202 2876 272 2901 Savil.
282 2875 368 2900 Morel.
377 2880 403 2900 et
414 2873 557 2905 montelalc.,
570 2881 623 2905 pro,
633 2880 705 2906 quam
714 2872 760 2905 illi,
771 2873 895 2905 legmunt,

95 2912 161 2937 rrum
172 2906 296 2939 ﬂagranti.

256 2954 395 2983 PATROL.
418 2954 478 2984 Gu.
499 2952 611 2982 XLIX.

1674 165 1724 193 558

929 219 964 246 illi
977 241 983 252 ,
998 219 1019 246 si
1033 220 1139 255 quando
1151 223 1229 247 unda:
1244 221 1371 255 impetum
1390 221 1497 249 videant
1511 223 1616 250 eminus
1638 223 1724 250 insur<

927 271 1033 300 gentem
1044 287 1051 298 ,
1077 266 1203 300 paulatim
1223 272 1388 294 crescentem
1404 272 1430 294 et
1443 276 1537 295 navem
1551 268 1724 304 submergere

929 311 1093 344 minantem,
1116 312 1194 339 etiam
1223 312 1374 347 priusquam
1391 313 1440 347 ipsi
1461 315 1568 348 propior
1583 314 1643 347 ﬁat,
1669 322 1724 349 pra:

929 357 1023 384 timore
1045 365 1093 384 ceu
1113 358 1209 384 mortui
1227 362 1290 385 sunt
1304 367 1310 385 :
1326 358 1365 385 sic
1385 364 1413 385 et
1427 359 1478 386 illa:
1491 360 1513 386 si
1530 361 1635 394 quando
1647 369 1724 389 voces

928 407 955 429 et
975 402 1088 430 ululatus
1108 403 1251 430 audiebant
1262 403 1348 430 emitti
1360 424 1368 434 ,
1384 405 1476 431 verita;
1493 412 1525 431 ne
1544 405 1569 431 in
1587 407 1727 433 tormentis

930 447 1080 475 fatiscentes
1094 448 1139 482 qui
1161 449 1341 476 testimonium
1365 449 1455 477 dicere
1472 451 1645 485 cogebantur,
1660 460 1730 479 con-

929 498 969 520 tra
992 495 1203 522 necessariorum
1226 495 1341 530 aliquem
1363 495 1480 522 dicerent
1495 517 1502 528 ,
1528 496 1643 524 inﬁnitas
1664 503 1727 525 ante

929 541 1021 568 oculos
1045 546 1145 568 mortes
1167 541 1302 568 videbant.
1324 542 1357 568 Et
1379 547 1436 569 erat
1459 550 1570 570 cernere
1586 543 1657 570 intus
1673 549 1727 570 tur-

930 592 1018 614 menta
1031 609 1038 620 ,
1051 593 1127 615 extra
1142 592 1273 615 tormenta
1286 598 1294 616 :
1309 589 1370 615 illos
1386 596 1482 623 nempe
1497 590 1635 618 carniﬁces
1647 611 1655 623 ,
1679 591 1727 618 has

930 642 994 661 vero
1009 640 1110 661 naturre
1132 635 1271 669 torquebat
1292 635 1432 670 imperium
1456 641 1484 662 et
1504 637 1634 663 viscerum
1654 645 1726 664 com-

931 681 1020 715 passio
1036 690 1044 708 :
1060 681 1130 708 intus
1154 681 1242 708 luctus
1254 702 1262 712 ,
1288 681 1352 708 foris
1373 682 1461 709 luctus
1478 691 1484 708 :
1509 682 1580 709 intus
1600 690 1725 715 reorum,

931 726 996 753 foris
1011 727 1232 754 necessariorum.
1258 727 1314 755 lmo
1327 735 1392 755 vero
1410 736 1463 755 non
1480 728 1529 762 ipsi
1550 733 1664 762 tantum,
1680 730 1726 756 sed

931 777 958 799 et
982 773 1031 807 ipsi
1053 773 1157 807 judices
1182 773 1265 801 corde
1287 773 1433 809 lugebant,
1462 780 1489 802 et
1515 776 1639 802 omnibus
1665 783 1727 811 gra-

932 818 1004 845 viora
1016 819 1184 853 patiebantur
1194 839 1202 852 ,
1223 823 1276 846 tam
1290 820 1394 847 acerba:
1409 820 1554 847 calamitati
1575 821 1727 848 ministrare

932 864 1026 891 coacti.

967 910 993 938 2.
1012 911 1066 945 Ego
1083 915 1171 938 autem
1185 911 1308 939 assidens
1321 916 1348 939 et
1363 912 1421 939 lucc
1433 920 1546 940 cernens
1559 934 1566 945 ,
1582 913 1652 948 quod
1670 922 1725 941 mu-

933 956 1013 984 lieres
1027 961 1054 983 et
1074 957 1205 991 virgines,
1221 957 1342 985 thalamis
1355 964 1481 991 assuetae,
1498 967 1568 986 nunc
1586 967 1728 987 commune

932 1004 1035 1030 cunctis
1058 1004 1240 1038 spectaculum
1262 1005 1337 1032 facta:
1353 1009 1461 1037 essent,
1479 1011 1506 1033 et
1521 1007 1593 1034 molli
1614 1012 1727 1034 assueta:

933 1054 1016 1076 strato
1028 1070 1035 1080 ,
1064 1054 1162 1076 terram
1187 1058 1236 1085 pro
1250 1055 1334 1078 strato
1348 1060 1417 1078 nunc
1438 1051 1567 1079 haberent
1578 1074 1585 1085 ,
1601 1058 1629 1080 et
1643 1061 1728 1087 nuper

933 1099 1035 1122 tantum
1052 1101 1136 1123 nacta:
1150 1096 1306 1132 obsequiqu
1321 1097 1504 1125 ancillularum
1516 1119 1523 1130 ,
1542 1098 1726 1125 cunuchorum

933 1147 960 1168 et
975 1142 1083 1176 reliquae
1097 1143 1184 1170 omnis
1198 1151 1302 1177 pompa:
1316 1163 1323 1174 ,
1340 1147 1409 1170 nunc
1421 1144 1544 1170 omnibus
1555 1144 1607 1172 illis
1619 1145 1728 1179 privatae

933 1189 966 1215 ad
977 1189 1095 1216 omnium
1109 1189 1190 1223 pedes
1215 1194 1448 1224 prosternereutnr
1459 1211 1466 1222 ,
1488 1191 1607 1225 singulos
1621 1195 1728 1218 orantes

934 1239 963 1261 ut
982 1234 1080 1269 aliquid
1101 1234 1252 1269 iudicandis
1273 1243 1322 1270 pro
1342 1235 1466 1262 facultate
1489 1243 1537 1263 sua
1559 1236 1585 1262 iu
1600 1236 1727 1263 auxilium

934 1281 1088 1308 conferrent
1099 1301 1106 1314 ,
1121 1286 1149 1309 et
1160 1281 1240 1308 simul
1255 1289 1348 1308 omnes
1361 1281 1460 1316 aliquid
1474 1281 1664 1309 misericordiae
1676 1282 1729 1309 reis

935 1327 1097 1359 tribuerent,
1121 1326 1184 1354 illud
1198 1326 1251 1354 dixi
1267 1327 1419 1354 Salotnonis
1435 1335 1442 1353 :
1461 1325 1567 1354 Vanitas
1579 1327 1727 1358 sanitatum,

935 1377 958 1399 et
979 1373 1064 1399 omnia
1081 1373 1179 1399 vanitas
1200 1371 1335 1406 (Eccle-l.
1351 1373 1379 1400 2.
1395 1373 1432 1406 7).
1461 1373 1589 1400 Videbam
1611 1374 1682 1401 enim
1704 1380 1731 1400 et

936 1420 987 1447 hoc
1008 1420 1112 1455 ipsum.
1129 1424 1156 1447 et
1179 1419 1249 1446 aliud
1263 1420 1399 1447 oraculum
1423 1419 1488 1454 ipsis
1507 1420 1588 1447 rebus
1611 1421 1730 1455 comple-

936 1472 1003 1498 tum,
1018 1474 1124 1500 nctnpe,
1140 1465 1229 1492 Omnis
1242 1466 1323 1501 gloria
1338 1466 1448 1492 hominis
1461 1471 1580 1501 tanquam
1591 1467 1639 1502 flos
1652 1466 1731 1501 fami:

935 1513 1057 1539 siccatum
1079 1517 1116 1539 est
1134 1514 1246 1547 fumum,
1270 1517 1292 1538 et
1308 1512 1397 1538 cecidit
1417 1513 1465 1546 [los
1490 1511 1566 1548 (Isai.
1581 1513 1624 1540 40.
1644 1514 1670 1540 6.
1691 1513 1730 1546 7).

936 1558 1040 1586 Etenim
1055 1558 1154 1585 divitia:
1169 1563 1231 1585 tunc
1246 1563 1272 1585 ct
1285 1558 1409 1585 nobilitas
1421 1580 1428 1591 ,
1451 1559 1557 1586 claritas
1568 1579 1575 1591 ,
1591 1563 1618 1586 et
1633 1559 1733 1585 amico-

936 1613 995 1632 rum
1008 1605 1182 1640 patrocinium
1196 1626 1202 1635 ,
1219 1610 1245 1632 ct
1261 1605 1399 1640 cognatio.
1422 1610 1449 1632 ct
1467 1606 1556 1632 omnia
1572 1605 1635 1632 vitm
1658 1605 1733 1639 adju.

936 1657 1025 1679 mcnta
1038 1651 1114 1679 nihili
1134 1656 1226 1683 erant,
1249 1656 1358 1686 peccato
1379 1657 1407 1678 et
1428 1652 1566 1686 iniquitate
1588 1652 1730 1678 commissa

936 1705 1043 1725 omnem
1064 1697 1133 1724 hanc
1146 1705 1224 1731 opem
1237 1697 1408 1724 subvertente
1424 1706 1430 1724 :
1447 1702 1473 1724 et
1488 1698 1557 1724 sicut
1569 1698 1732 1725 avicularum

937 1748 1022 1770 mater
1036 1743 1114 1778 pullis
1126 1743 1237 1770 sublatis
1253 1743 1376 1775 veniens,
1395 1747 1421 1770 et
1434 1743 1524 1770 nidum
1537 1743 1641 1770 inanem
1657 1751 1733 1770 cout-

938 1791 1044 1826 pericus
1056 1811 1064 1823 ,
1088 1798 1151 1817 suos
1165 1790 1272 1824 quidem
1288 1790 1373 1824 pullos
1387 1795 1480 1825 captos
1500 1791 1605 1826 eripere
1619 1799 1671 1818 non
1684 1798 1734 1826 po-

938 1842 1006 1868 test,
1020 1837 1154 1863 vcnatoris
1172 1841 1260 1863 autem
1276 1844 1370 1863 manus
1390 1837 1584 1863 circumvolans
1595 1857 1602 1870 ,
1625 1844 1671 1871 per
1685 1836 1735 1863 hoc

938 1885 1023 1918 ipsqu
1033 1883 1153 1911 dolorem
1169 1891 1244 1909 suum
1258 1883 1424 1910 demonstrat
1440 1892 1445 1908 :
1459 1883 1497 1910 sic
1509 1889 1535 1910 et
1547 1883 1598 1909 illae
1611 1882 1735 1910 mulieres

939 1936 1002 1959 tunc
1017 1929 1158 1961 faciebant,
1169 1930 1252 1963 ruptis
1263 1930 1311 1956 sibi
1324 1929 1405 1956 domo
1420 1929 1490 1960 ﬁliis,
1507 1933 1534 1956 et
1545 1929 1655 1956 interius
1669 1934 1734 1956 tam-

938 1983 1016 2010 quam
1033 1977 1058 2002 in
1073 1980 1129 2002 rete
1148 1975 1280 2010 quoddam
1296 1975 1338 2002 vel
1361 1975 1483 2009 laqueum
1506 1975 1638 2010 arreptis,
1659 1982 1735 2002 acce-

939 2022 1002 2048 dere
1014 2020 1121 2056 quidem
1131 2025 1159 2047 et
1171 2021 1274 2055 eripere
1284 2025 1376 2055 captos
1390 2028 1441 2046 nnu
1452 2024 1575 2054 poterant
1587 2029 1593 2045 :
1606 2019 1652 2046 sed
1664 2019 1734 2046 circa

942 2068 1011 2094 fores
1027 2067 1098 2101 ipsas
1111 2073 1140 2093 se
1153 2066 1297 2092 volutando
1308 2085 1316 2098 ,
1333 2065 1447 2100 lugendo
1460 2086 1466 2098 ,
1480 2065 1622 2100 gemeudo,
1638 2070 1665 2091 et
1678 2064 1734 2099 spi-

940 2112 1102 2139 culatoribus
1124 2111 1303 2146 propinquare
1325 2111 1449 2137 tentando
1476 2111 1597 2137 dolorem
1623 2110 1737 2137 demon-

941 2158 1071 2185 strabant.
1087 2157 1149 2184 llmc
1170 2157 1294 2192 equidem
1309 2162 1372 2184 tunc
1388 2157 1519 2192 aspiciens
1531 2177 1539 2189 ,
1555 2157 1580 2183 in
1597 2156 1667 2184 illius
1680 2162 1736 2184 tre-

943 2205 1030 2233 mendi
1044 2205 1136 2240 judicii
1150 2204 1338 2238 cogitationem
1348 2204 1418 2235 veni,
1428 2209 1453 2230 ct
1468 2203 1536 2230 intra
1547 2211 1589 2230 tne
1598 2203 1736 2230 dicebam:

942 2253 969 2279 Si
987 2260 1056 2279 nunc
1077 2252 1110 2279 ab
1128 2251 1280 2278 hominibus
1296 2250 1476 2284 iudicantibus
1494 2258 1546 2275 non
1561 2254 1666 2282 mater,
1682 2257 1736 2276 non

943 2306 1018 2325 Soror
1031 2319 1037 2329 ,
1053 2305 1104 2324 nou
1119 2301 1193 2331 pater
1206 2317 1212 2327 ,
1229 2303 1282 2322 non
1296 2295 1363 2322 alius
1376 2295 1505 2329 quispiam
1518 2315 1525 2327 ,
1542 2295 1603 2321 licet
1616 2302 1631 2320 a
1643 2302 1740 2329 perpe-

943 2345 1019 2371 tratis
1033 2343 1168 2375 immunis,
1185 2350 1246 2369 reos
1259 2342 1362 2376 eripere
1374 2345 1471 2375 potest,
1485 2341 1543 2376 quis
1559 2341 1584 2368 in
1601 2341 1741 2368 tremendo

943 2389 1043 2416 Christi
1067 2388 1168 2423 judicio
1194 2387 1270 2414 nobis
1295 2386 1410 2414 adstabit
1436 2385 1604 2420 judicandisl
1628 2387 1689 2421 quis
1712 2386 1738 2413 in

945 2443 1037 2463 vocem
1051 2434 1191 2468 erumpere
1205 2433 1331 2461 audebit?
1350 2433 1410 2467 quis
1423 2432 1551 2459 abductos
1564 2432 1597 2459 ad
1613 2433 1740 2460 intolera-

947 2482 1012 2509 biles
1038 2481 1096 2508 illas
1122 2488 1216 2516 pmnas
1242 2480 1348 2513 eripere
1372 2478 1488 2505 valebit?
1515 2478 1594 2512 Atqui
1624 2478 1739 2505 civitatis

947 2529 1082 2563 primates,
1099 2527 1142 2562 qui
1154 2533 1217 2553 tunc
1228 2525 1434 2561 iudicabantur,
1449 2528 1534 2556 erant,
1550 2529 1576 2551 et
1587 2525 1674 2559 ipsum
1691 2533 1740 2559 no-_

947 2574 1055 2602 bilitatis
1065 2579 1154 2608 caput.
1179 2574 1302 2599 Attamen
1318 2571 1370 2597 lmti
1383 2570 1504 2601 fuissent.
1517 2570 1537 2596 si
1552 2572 1611 2604 quis
1625 2571 1665 2597 eis
1678 2578 1745 2597 cou-

947 2620 1081 2651 ccssiSSet,
1097 2623 1126 2645 ut
1139 2619 1291 2645 amittentes
1301 2617 1399 2649 omnia,
1414 2622 1451 2649 et,
1467 2616 1490 2643 si
1502 2617 1741 2651 oporteret,ipsam

949 2667 1114 2698 libertatem,
1141 2664 1265 2700 praesenti
1284 2663 1335 2689 vita
1356 2663 1515 2696 potirentur.
1541 2662 1588 2688 Die
1603 2669 1666 2689 vero
1686 2662 1742 2696 jam

949 2717 1059 2745 exacto,
1074 2710 1334 2747 profundissimoqne
1348 2709 1417 2736 facto
1433 2716 1542 2743 vespere
1555 2729 1562 2740 ,
1577 2715 1637 2735 cum
1650 2707 1743 2742 judicii

951 2759 1011 2786 ﬁnis
1024 2762 1224 2792 exspectaretur
1234 2777 1241 2789 ,
1257 2756 1282 2782 iu
1299 2755 1392 2789 utajori
1402 2760 1478 2782 erant
1494 2761 1587 2781 omnes
1599 2754 1745 2785 anxietate,

951 2811 978 2832 et
992 2814 1006 2830 a
1020 2805 1074 2831 Deo
1095 2803 1219 2838 petebant
1238 2802 1391 2828 dilationem
1409 2801 1524 2835 aliquam
1536 2805 1560 2827 et
1577 2798 1743 2834 prorogatio-

953 2859 1013 2878 nem
1029 2850 1086 2877 ﬁeri
1099 2871 1106 2882 ,
1129 2855 1156 2877 et
1175 2848 1349 2884 judicantium
1364 2847 1453 2873 animo
1466 2847 1570 2874 immitti
1583 2867 1590 2879 ,
1603 2851 1631 2872 ut
1646 2846 1677 2872 ad
1693 2846 1744 2872 lin-

955 2897 1084 2933 peratoris
1094 2895 1252 2924 sententiam
1264 2894 1392 2922 referrent
1408 2893 1599 2928 exquisitorum
1615 2893 1744 2926 cognitio—

1564 2937 1584 2966 9
