1962 3121
247 176 297 204 139

245 241 305 260 nem
329 241 335 258 :
357 230 413 258 fore
437 229 507 256 enim
531 228 651 255 fortassis
673 225 778 261 aliquod
805 225 903 252 bonum
929 231 961 250 ex
987 223 1035 249 hac

244 279 379 306 dilatione.
405 277 436 303 Et
457 281 612 304 communes
626 281 640 300 a
664 272 761 308 populo
785 270 990 306 supplicationes
1003 267 1035 295 ad

245 324 370 358 benignas
385 322 429 348 Dei
439 328 517 348 aures
530 319 730 349 emittebantnr,
741 321 769 344 ut
783 320 901 343 servaret
912 314 1036 348 reliquias

243 368 377 399 civitatis,
404 374 452 394 nec
478 366 562 400 ipsam
585 373 599 390 a
625 363 801 390 fundamentis
825 361 932 396 penitus
954 360 1036 387 everti

244 415 354 441 sineret.
377 413 430 439 Nec
444 411 534 438 videre
554 410 650 436 licebat
664 415 823 444 quemquam
838 414 890 433 non
906 406 963 432 hrec
976 413 1036 433 cum

244 459 369 494 lacrymis
391 459 548 485 clamantem
565 465 571 482 :
588 460 768 483 verumtamen
783 453 847 480 nihil
861 460 952 480 eorum
964 451 1036 485 judi-

244 514 289 532 ces
299 505 408 532 interius
421 510 515 530 causas
529 501 666 529 audientes
678 505 740 527 tttuc
756 499 856 526 inﬂexit
872 507 879 524 :
895 497 942 525 sed
956 504 1036 523 unum

244 551 330 578 solum
347 549 541 584 respiciebant,
564 551 589 573 ut
609 546 720 581 diligens
739 545 940 572 commissorum
963 550 1037 577 qua:-

245 597 296 624 stio
311 596 401 628 ﬁeret,
423 599 451 622 et
464 599 599 632 postremo
613 592 714 620 catenis
729 591 794 626 ipsis
807 590 911 624 injectis
936 588 962 616 in
976 595 1037 616 car-

245 650 333 670 cerem
357 650 404 676 per
420 640 537 668 medium
552 639 638 666 forum
660 638 790 672 agebant,
814 636 935 663 homines
955 641 1037 669 equos

245 687 318 723 domi
328 687 438 719 alentes,
458 685 545 712 bravia
561 690 709 719 proponere
723 682 826 714 solitos,
841 681 947 715 aliaque
960 680 1038 706 innn~

246 741 317 760 mera
332 733 450 766 valentes
463 731 575 758 clariora
591 735 732 756 numerare
746 727 831 754 officia
848 736 854 753 :
870 726 938 753 bona
951 725 1038 760 publi-

245 780 356 812 cubant,
373 784 399 805 et
415 779 439 804 in
457 778 575 804 omnium
593 775 691 802 foribus
705 773 837 809 signacula
851 780 962 800 cernere
975 771 1038 798 lice-

246 825 299 852 bat.
315 825 348 851 Et
368 823 462 850 horum
479 829 575 849 uxores
589 825 697 856 paterna
710 820 790 846 domo
803 819 897 854 eiectae
907 839 913 850 .
929 817 1038 852 singula:

246 870 311 897 illud
330 869 420 897 uxoris
444 869 494 896 Job
514 876 560 903 per
583 875 663 902 opera
689 866 833 901 implebant
849 874 855 892 :
872 865 980 891 domum
1005 871 1038 890 cx

244 915 325 942 domo
344 919 371 941 et
395 914 483 941 locum
497 921 529 940 ex
548 913 607 940 loco
622 912 816 940 circumibant.
841 910 979 937 diversorii
994 910 1037 936 in-

245 961 365 995 digentes
390 969 396 986 :
421 967 470 986 nec
483 959 553 986 enim
569 958 618 985 hoc
632 959 716 992 ipsum
730 962 788 984 erat
810 957 875 992 ipsis
902 956 980 984 facile
994 964 1037 983 re-

244 1006 350 1040 perire,
377 1011 533 1039 unoquoque
556 1003 664 1030 timente
687 1008 713 1029 et
735 1007 865 1029 tremente
887 1001 1037 1036 quempiam

245 1057 350 1078 reorum
367 1049 576 1076 necessariorqu
592 1048 727 1082 suscipere
741 1052 767 1074 et
777 1055 847 1074 cura:
864 1047 972 1074 habere.

280 1095 417 1123 Calamitas
440 1095 474 1122 ad
493 1096 607 1121 virtutem
628 1094 707 1121 ducit.
724 1108 757 1114 -
784 1094 972 1120 Verumtamen
996 1097 1037 1120 tot

245 1141 288 1168 illa
308 1141 387 1175 passi,
402 1140 526 1167 omnibus
544 1140 584 1167 his
599 1139 714 1167 contenti
727 1145 802 1166 erant
814 1159 821 1171 ,
844 1139 969 1173 quoniam
985 1138 1037 1165 vita

245 1193 298 1213 non
313 1185 465 1213 exciderant
479 1185 603 1220 pnesenti
619 1194 624 1211 :
640 1189 666 1212 et
686 1191 771 1219 neque
786 1184 954 1218 pecuniarum
970 1183 1037 1209 mul-

244 1236 287 1258 cta
301 1252 308 1263 ,
324 1239 410 1266 neque
424 1230 566 1265 ignominia
577 1251 584 1262 ,
599 1238 685 1264 neque
700 1234 771 1256 tanta
787 1229 918 1256 traductio
928 1249 935 1262 ,
950 1236 1036 1263 neque

243 1276 430 1312 quodcumque
448 1275 520 1302 aliud
533 1274 682 1310 hujusmodi
698 1275 770 1309 ipsos
783 1274 931 1301 mordebat.
955 1273 1035 1300 Cala-

243 1323 343 1350 mitatis
362 1322 432 1350 enim
451 1322 618 1356 magnitudo,
641 1326 668 1348 et
683 1321 782 1355 majora
797 1320 837 1347 bis
857 1320 974 1355 patiendi
987 1327 1034 1346 cx-

243 1368 380 1404 spectatio,
397 1376 488 1395 eorum
502 1368 604 1394 animos
620 1366 800 1401 philosophari
814 1370 915 1392 tantum
929 1364 1033 1392 effecit:

243 1419 270 1441 et
284 1418 345 1442 tunc
358 1414 512 1444 discebant,
529 1421 606 1446 quam
622 1412 704 1439 facilis
721 1412 755 1438 sit
768 1411 844 1438 nobis
860 1411 953 1444 virtus,
969 1419 1033 1445 pro-

235 1460 316 1486 clivis
330 1464 357 1486 et
377 1459 498 1493 expedita
511 1479 518 1490 ,
543 1463 570 1485 et
588 1458 658 1492 quod
680 1465 728 1492 per
749 1461 869 1484 nostrum
897 1457 1035 1484 dumtaxat

241 1505 391 1540 neglectum
414 1504 543 1531 laboriosa
561 1511 604 1531 res
626 1511 685 1530 esse
705 1503 836 1530 videatur.
858 1503 890 1530 ili
904 1502 975 1530 enim
989 1503 1034 1537 qui

241 1551 321 1586 paulo
347 1556 408 1578 ante
434 1550 598 1577 medicatum
624 1550 750 1578 mulctam
778 1550 950 1585 pecuniarum
980 1558 1034 1576 non

241 1603 317 1631 atque
331 1596 463 1628 tulerunt,
486 1595 587 1630 majore
601 1595 684 1630 pressi
701 1594 857 1628 formidine,
871 1602 931 1622 cum
944 1595 1032 1622 omnia

238 1649 287 1669 sua
302 1641 473 1674 amisissent,
489 1648 520 1668 ac
536 1641 558 1668 si
573 1640 726 1668 thesaurum
744 1640 925 1673 invenissent,
948 1640 988 1668 sic
1005 1647 1034 1667 se

241 1687 384 1721 habebant,
398 1688 522 1722 quoniam
541 1687 655 1714 animam
675 1695 728 1714 non
743 1686 923 1721 perdiderant.
943 1685 1033 1721 Itaque

241 1734 263 1760 si
277 1732 371 1760 futura:
385 1741 479 1760 sensus
490 1732 619 1767 gehenna:
633 1740 681 1760 nos
695 1736 814 1766 teneret,
835 1736 862 1759 et
881 1731 1033 1759 intolerabi-

241 1778 280 1806 les
293 1778 350 1805 illas
363 1779 540 1814 cogitaremus
559 1786 652 1813 ptenas
664 1799 671 1812 ,
688 1778 791 1806 etiamsi
805 1786 861 1805 rem
876 1782 902 1805 et
916 1778 1032 1805 animam

241 1828 268 1851 et
279 1831 376 1858 corpus
390 1825 436 1851 Dei
450 1824 551 1859 legibus
565 1823 766 1851 tradidissemus
777 1843 784 1856 ,
803 1831 854 1850 non
867 1823 1031 1855 doleremus,

241 1870 355 1897 scientes
378 1869 447 1904 quod
474 1869 573 1904 majora
596 1869 775 1901 lucrabimur,
798 1877 812 1895 a
836 1868 931 1896 futuris
955 1869 1032 1896 malis

242 1915 434 1942 liberationem.
461 1915 542 1942 Forte
565 1922 612 1942 cor
632 1919 749 1941 vestrum
773 1922 827 1941 non
842 1922 934 1949 parum
949 1914 1033 1942 dicto-

241 1969 298 1988 rum
311 1961 458 1995 deploratio
471 1960 583 1988 mollivit
596 1969 603 1992 ;
618 1960 664 1988 sed
680 1967 713 1987 ne
726 1960 815 1987 feratis
823 1968 893 1995 a.-gre
910 1969 916 1986 :
933 1961 1031 1987 etenim

240 2006 364 2041 quoniam
380 2006 532 2034 subtiliores
556 2013 615 2033 sum
638 2013 811 2041 aggressurus
833 2006 991 2038 sententias,
1005 2011 1033 2033 et

240 2053 368 2080 mollioris
388 2052 494 2087 indigeo
512 2052 625 2084 mentis,
646 2051 697 2078 hoc
717 2051 766 2079 feci
781 2051 815 2079 de
837 2051 967 2078 industria
982 2061 988 2078 :
1004 2056 1032 2078 ut

240 2098 398 2125 narrationis
411 2098 505 2125 timore
519 2106 594 2125 mens
609 2103 694 2125 vestra
705 2098 778 2125 omni
788 2103 895 2132 torpore
907 2105 1030 2130 excusso,

240 2144 272 2170 ab
283 2145 405 2172 omnibus
426 2152 574 2180 exsurgens
591 2144 653 2172 vitae
668 2145 754 2177 curis,
779 2144 862 2171 multa
875 2152 935 2171 cum
950 2144 1032 2171 facili-

239 2195 292 2218 tate
315 2191 342 2217 in
362 2191 459 2218 anima:
477 2190 635 2225 profundum
657 2189 830 2217 dicendorum
846 2190 970 2218 virtutem
986 2190 1031 2218 de-

239 2238 335 2264 mittat.

274 2284 300 2310 5.
313 2283 383 2310 Satis
396 2283 475 2318 igitur
489 2288 514 2310 et
528 2284 601 2318 prius
622 2283 697 2310 nobis
717 2290 806 2309 sermo
827 2282 1029 2315 demonstravit,

239 2327 308 2363 quod
331 2327 458 2355 naturalis
476 2328 554 2355 nobis
573 2328 607 2355 sit
628 2328 707 2355 insita
727 2328 769 2355 lex
784 2328 914 2355 bonorum
926 2335 953 2356 ct
966 2335 1031 2355 con-

240 2374 379 2401 trariorum
396 2383 402 2400 :
417 2378 445 2400 ut
465 2379 552 2400 autem
573 2374 736 2401 manifestior
751 2374 829 2401 nobis
851 2374 896 2400 fiat
917 2374 1030 2401 demon-

238 2420 342 2451 stratio,
354 2420 380 2447 in
395 2419 488 2447 eadem
507 2425 534 2447 et
549 2420 627 2447 hodie
641 2428 794 2448 sermonum
809 2421 920 2448 materia
935 2421 1029 2448 iterum

238 2465 435 2492 desudabitnus.
464 2465 528 2492 Nam
553 2465 623 2500 quod
645 2466 678 2493 ab
700 2466 776 2493 initio
799 2466 870 2494 Deus
892 2467 1028 2494 hominem

238 2511 358 2545 ﬁngens,
383 2514 494 2544 utraque
517 2510 716 2545 dignoseentem
737 2511 830 2539 fecerit
852 2512 959 2547 ipsum,
983 2513 1031 2540 de-

238 2561 386 2584 monstrant
411 2564 503 2584 omnes
527 2555 648 2584 homines
672 2567 679 2584 :
705 2565 765 2585 cum
790 2565 933 2593 peccamus
959 2560 1029 2586 enim

236 2603 316 2630 etiam
335 2602 454 2629 subditos
472 2609 611 2634 veremur;
635 2607 661 2629 et
676 2610 747 2638 saepe
767 2603 890 2631 dominus
911 2609 1028 2631 scortum

236 2649 339 2680 adiens,
354 2652 446 2682 postea
460 2655 597 2674 servorum
614 2649 766 2683 quempiam
779 2648 970 2676 modestiorum
986 2650 1028 2676 in-

237 2696 319 2723 tuitus
330 2695 454 2728 erubuit,
473 2699 500 2722 et
516 2695 549 2721 ab
564 2695 612 2722 hac
631 2694 752 2729 improba
765 2695 806 2721 via
819 2697 939 2723 recessit.
957 2696 1027 2722 Rur-

236 2749 296 2768 sum
309 2749 370 2768 cnm
383 2741 426 2768 alii
439 2748 487 2768 nos
505 2740 656 2768 nominibus
668 2741 732 2768 vitia
746 2746 836 2768 nostra
852 2741 1030 2769 indicantibus

236 2787 406 2822 compellant,
420 2787 607 2814 contumeliam
621 2786 647 2814 id
662 2794 723 2814 esse
736 2787 850 2814 dicimus
865 2798 870 2813 :
885 2793 912 2815 et
924 2788 946 2815 si
960 2796 1029 2823 aegre

238 2832 371 2865 feramus,
397 2832 422 2860 in
439 2832 566 2867 judicium
582 2839 628 2859 eos
641 2832 686 2867 qui
706 2831 732 2858 id
747 2831 868 2860 fecerunt
889 2834 1027 2861 trahimus.

239 2879 275 2906 ita
289 2879 397 2912 scimus,
414 2879 476 2914 quid
491 2878 592 2911 vitium,
611 2878 675 2915 quid
690 2878 772 2906 virtus
785 2878 827 2906 sit.

604 171 633 197 S.
653 168 792 198 JOANNIS
811 163 1047 195 CllRYSOSTOMl
1067 164 1223 192 ARCHIEP.
1245 163 1510 192 CONSTANTINOP.

1833 163 1882 190 HO

1110 219 1188 254 Leges
1196 220 1334 248 charitatis
1341 228 1401 255 ergo
1414 219 1568 254 proximum.
1580 234 1615 239 —-
1624 218 1681 246 Hoc
1692 219 1792 254 quippe
1799 219 1883 253 ipsum

1090 271 1117 294 et
1130 266 1251 293 Christus
1266 266 1404 293 declarans
1416 287 1423 298 ,
1446 271 1474 292 et
1493 265 1680 293 demonstrans
1699 273 1730 293 se
1754 266 1820 292 nihil
1835 274 1883 292 no-

1090 320 1152 339 vum
1163 333 1170 345 ,
1182 317 1227 339 aut
1240 317 1359 338 nostram
1373 310 1562 338 transcenderis
1577 316 1698 338 naturam
1710 312 1825 342 sancire,
1839 312 1884 338 Sed

1091 359 1134 391 id,
1158 358 1227 393 quod
1246 366 1260 384 a
1275 358 1406 393 principio
1426 357 1597 384 conscientia:
1619 357 1753 384 indiderat
1775 363 1882 387 nostra‘.

1091 409 1149 439 post
1164 404 1262 430 multas
1273 404 1330 430 illas
1343 403 1520 430 beatitudines
1534 403 1568 430 ita
1587 403 1694 430 diccbat
1710 412 1716 429 :
1731 403 1795 436 Qua:
1812 403 1884 430 vuln:

1091 454 1116 476 ut
1130 450 1224 484 faciant
1238 449 1306 475 vobis
1319 449 1442 480 homines,
1457 448 1510 474 htzc
1523 453 1546 475 et
1559 457 1600 475 vos
1612 449 1688 483 facile
1698 449 1762 482 ipsis
1777 449 1883 483 (Matth.

1091 495 1118 522 7.
1133 495 1189 531 12).
1204 494 1262 522 Non
1275 502 1342 529 opus
1353 498 1393 521 est
1401 493 1492 521 multis
1499 495 1676 527 sermonibus,
1690 495 1787 529 inquit,
1802 503 1886 530 neque

1091 541 1200 575 prolixis
1218 540 1334 575 legibus,
1358 547 1408 566 nec
1421 541 1493 566 varia
1505 539 1625 567 doctrina
1639 549 1645 568 :
1660 541 1784 568 voluntas
1798 546 1840 568 tua
1853 543 1884 568 sit

1091 586 1142 614 lex.
1168 586 1212 613 \‘is
1235 586 1362 613 beneficia
1384 586 1499 619 capere?
1519 585 1612 613 confer
1625 586 1785 614 beneﬁcium
1800 587 1884 614 alteri.

1091 631 1138 659 Vis
1157 631 1366 660 misericordiam
1384 631 1534 666 consequi?
1556 632 1685 660 miserere
1699 632 1826 668 proximi.
1842 633 1885 659 \'is

1092 679 1210 706 laudari?
1233 679 1309 708 lauda
1333 681 1425 708 alium.
1449 681 1496 708 Vis
1515 679 1619 706 amari?
1638 687 1707 706 anna.
1722 679 1769 706 Vis
1790 680 1886 714 primas

1092 725 1209 752 habere?
1231 727 1348 754 concede
1364 727 1422 754 illas
1437 727 1510 761 prius
1531 725 1619 753 alteri.
1646 725 1686 752 Tu
1701 725 1740 752 sis
1751 725 1845 760 judex,
1860 730 1886 752 ιιι

1091 771 1129 798 sis
1141 772 1199 798 vitae
1215 776 1265 799 tua:
1280 772 1425 807 legislator.
1447 773 1480 799 Et
1497 779 1602 799 rursum
1618 780 1624 798 :
1639 771 1715 803 Quod
1731 771 1828 803 odisti,
1842 772 1885 797 alii

1091 824 1122 842 ne
1137 817 1217 851 facias
1230 816 1303 851 (Tob.
1316 817 1341 844 4.
1358 817 1412 852 16).
1433 817 1483 844 Per
1500 817 1550 843 hoc
1563 816 1670 851 quidem
1685 824 1700 843 a
1715 816 1786 842 malo
1800 816 1886 851 fugam

1092 861 1212 893 inducit,
1230 870 1276 896 per
1294 862 1359 890 illud
1380 867 1469 890 autem
1483 862 1588 889 virtutis
1601 861 1798 896 operationem.
1814 860 1886 893 Quod

1091 907 1176 941 odisti,
1189 908 1234 934 alii
1244 916 1274 935 ne
1282 908 1370 943 facias.
1385 908 1469 935 Odisti
1480 908 1667 935 contumeliam
1682 907 1753 942 pati?
1766 915 1801 934 ne
1808 907 1887 933 alium

1091 954 1192 981 afficias
1206 955 1375 981 contumelia.
1401 954 1486 981 Odisti
1508 953 1633 980 invidiam
1655 953 1728 987 pati?
1753 960 1841 987 neque
1861 957 1887 978 tu

1091 1000 1168 1028 alteri
1192 1000 1320 1027 invideas.
1347 999 1414 1027 Ollio
1439 1000 1521 1026 habes
1550 999 1628 1026 falli?
1653 1006 1739 1032 neque
1763 1003 1790 1024 tu
1813 998 1887 1024 fallas

1090 1047 1182 1074 alium.
1207 1047 1241 1073 Et
1257 1054 1322 1073 vero
1345 1047 1370 1072 in
1393 1046 1516 1073 omnibus
1542 1045 1689 1079 generatim
1710 1045 1731 1071 si
1756 1044 1814 1070 haec
1835 1044 1886 1071 duo

1091 1093 1171 1119 verba
1195 1092 1376 1124 retineamus,
1400 1092 1450 1118 alia
1474 1092 1612 1126 disciplina
1629 1099 1681 1118 non
1697 1091 1885 1126 indigebimus.

1091 1137 1203 1165 Virtutis
1227 1138 1297 1164 enitn
1325 1137 1505 1172 cognitionem
1533 1136 1627 1163 indidit
1655 1137 1752 1163 anima:
1777 1141 1885 1167 noslrx,

1089 1183 1222 1210 actionem
1248 1191 1314 1210 vero
1338 1188 1364 1210 et
1388 1182 1600 1210 emendationem
1627 1182 1759 1208 voluntati
1789 1186 1885 1208 nostra:

1089 1230 1231 1257 concessit.
1252 1230 1385 1257 Fortassis
1399 1229 1541 1256 obscurum
1554 1234 1594 1255 est
1614 1228 1684 1263 quod
1702 1228 1820 1255 dicitur:
1838 1228 1887 1261 igi-

1089 1279 1132 1302 tur
1147 1275 1172 1303 id
1191 1276 1278 1310 ipsum
1293 1274 1461 1302 manifestius
1483 1275 1594 1302 reddere
1608 1274 1736 1301 conabor.
1766 1273 1800 1300 Ut
1817 1274 1886 1300 scia<

1089 1329 1147 1348 mus
1158 1321 1228 1356 quod
1242 1322 1340 1348 bonum
1356 1322 1390 1348 sit
1401 1320 1591 1355 temperantia,
1607 1327 1660 1346 non
1674 1328 1741 1354 opus
1757 1319 1886 1346 habemus

1088 1368 1193 1401 verbis,
1208 1375 1294 1402 neque
1312 1367 1432 1395 doctrina
1450 1375 1456 1393 :
1473 1374 1532 1393 nam
1554 1367 1580 1393 in
1596 1371 1687 1392 natura
1702 1365 1886 1400 cognitionem

1089 1413 1157 1440 hanc
1170 1413 1299 1440 habemus
1310 1434 1316 1445 ,
1338 1421 1387 1440 nec
1403 1421 1470 1447 opus
1483 1418 1525 1439 est
1542 1420 1601 1438 cum
1616 1412 1752 1439 laboribus
1766 1417 1812 1438 aut
1828 1411 1887 1438 fau-

1088 1459 1238 1494 gationibus
1258 1459 1400 1486 circumire
1419 1464 1446 1485 et
1464 1465 1588 1493 qurerere
1602 1465 1635 1484 an
1656 1457 1756 1484 bonum
1770 1457 1806 1484 sit
1819 1462 1886 1484 tem-

1088 1505 1206 1538 perantia
1223 1509 1249 1531 et
1263 1504 1326 1531 utile
1342 1513 1348 1531 :
1365 1504 1412 1532 sed
1424 1504 1559 1532 connnuni
1573 1504 1706 1531 sententia
1723 1511 1820 1531 omnes
1835 1504 1886 1530 hoc

1087 1551 1262 1584 confitemur,
1280 1555 1307 1578 et
1321 1558 1400 1578 nemo
1412 1551 1516 1578 dubitat
1527 1550 1560 1578 de
1573 1551 1682 1578 virtute.
1709 1550 1754 1577 Sic
1765 1555 1792 1577 et
1807 1550 1885 1576 adul-

1088 1598 1183 1625 terium
1199 1598 1298 1625 malum
1313 1605 1372 1625 esse
1389 1601 1528 1632 putamus,
1544 1601 1571 1624 et
1589 1604 1676 1632 neque
1690 1596 1733 1624 hie
1748 1596 1888 1624 laboribus

1086 1649 1111 1670 et
1125 1643 1264 1678 disciplina
1276 1643 1354 1670 nobis
1369 1647 1411 1670 est
1423 1651 1490 1678 opus
1503 1664 1510 1677 ,
1525 1648 1553 1670 ut
1571 1644 1672 1678 peccati
1689 1643 1768 1677 hujus
1784 1643 1885 1670 malitia

1087 1693 1228 1720 noscatur,
1245 1688 1293 1715 sed
1311 1696 1405 1715 omnes
1420 1688 1446 1715 in
1462 1688 1616 1722 hujusmodi
1631 1689 1772 1716 sententiis
1790 1695 1885 1718 sumus

1087 1742 1133 1768 per
1145 1742 1193 1761 nos
1207 1734 1279 1768 ipsos
1286 1734 1368 1767 docti,
1378 1739 1406 1761 et
1415 1735 1550 1767 virtutem,
1566 1734 1628 1762 licet
1641 1734 1726 1769 ipsatn
1738 1742 1787 1762 nos
1801 1735 1885 1762 obea-

1087 1788 1146 1807 mus
1158 1800 1165 1813 ,
1191 1779 1410 1807 commendamus
1426 1787 1432 1806 :
1449 1780 1519 1807 sicut
1541 1779 1657 1807 vicissim
1681 1779 1777 1807 vitium
1790 1801 1798 1812 ,
1822 1780 1885 1808 licet

1086 1834 1228 1861 operemur
1241 1847 1247 1859 ,
1261 1827 1376 1854 odimus.
1399 1827 1431 1853 Et
1445 1826 1497 1854 hoc
1512 1826 1560 1854 fuit
1578 1827 1723 1853 maximum
1741 1826 1788 1854 Dei
1800 1826 1883 1854 bene-

1087 1873 1175 1900 ficium
1186 1893 1193 1905 ,
1215 1877 1243 1900 ut
1256 1873 1448 1901 conscientiam
1464 1873 1570 1908 quidem
1586 1877 1704 1900 nostram
1720 1878 1748 1900 et
1762 1873 1883 1900 volunta-

1087 1925 1151 1953 tem,
1165 1925 1191 1947 et
1201 1921 1256 1955 jam
1269 1924 1330 1947 ante
1339 1920 1470 1947 actionem
1484 1920 1573 1947 virtuti
1584 1919 1741 1954 applicaret,
1758 1920 1883 1946 infestam

1085 1970 1174 1993 autem
1195 1965 1319 1993 redderet
1334 1965 1506 2000 improbitati.
1519 1966 1592 1993 Sicut
1612 1966 1689 2000 igitur
1703 1965 1770 1997 dixi,
1787 1965 1883 1992 horum

1085 2011 1193 2046 quidem
1220 2011 1360 2038 amborum
1384 2011 1500 2045 cognitio
1521 2011 1639 2037 omnium
1664 2010 1802 2037 hominum
1817 2018 1883 2037 con-

1085 2057 1203 2084 scientia:
1227 2057 1306 2083 insita
1329 2061 1389 2089 est,
1410 2064 1459 2084 nec
1473 2057 1526 2083 ullo
1548 2056 1696 2091 indigemus
1717 2061 1885 2090 prreceptore

1085 2102 1118 2130 ad
1133 2102 1191 2129 hmc
1205 2102 1346 2134 discenda;
1368 2103 1521 2129 emendatio
1534 2110 1598 2128 vero
1616 2102 1770 2135 laboribus,
1787 2101 1885 2128 volun-

1086 2149 1131 2176 tati
1144 2153 1170 2176 et
1184 2148 1272 2175 studio
1286 2148 1347 2175 data
1368 2153 1418 2175 est.
1442 2148 1530 2182 Quare
1552 2148 1678 2176 tandem?
1704 2149 1838 2182 Quoniam
1861 2149 1883 2175 si

1086 2199 1170 2221 totum
1196 2199 1297 2221 natura:
1323 2194 1477 2226 tribuisset,
1502 2194 1559 2221 sine
1583 2194 1691 2221 coronis
1714 2199 1741 2220 et
1766 2194 1885 2228 prmmiis

1085 2239 1229 2267 fuissemus
1245 2249 1251 2266 :
1270 2244 1297 2266 et
1318 2240 1386 2266 sicut
1411 2240 1487 2266 hrnta
1514 2241 1640 2266 virtutum
1661 2247 1726 2274 quas
1753 2239 1853 2267 habent
1868 2248 1885 2266 a

1085 2292 1189 2319 natura,
1206 2285 1356 2313 mercedem
1369 2291 1415 2312 aut
1426 2285 1530 2312 laudem
1543 2293 1640 2319 capere
1652 2293 1706 2312 non
1716 2285 1827 2316 debent,
1844 2285 1884 2312 sic

1085 2339 1171 2365 neque
1184 2338 1250 2363 nos,
1274 2331 1295 2358 si
1312 2331 1406 2357 horum
1427 2330 1526 2365 aliquid
1549 2329 1746 2357 habuissemus.
1775 2330 1885 2357 Natura:

1084 2377 1155 2404 enim
1171 2384 1281 2404 munera
1294 2384 1345 2403 non
1362 2376 1515 2403 habentium
1528 2397 1535 2409 ,
1558 2376 1604 2403 sed
1619 2376 1720 2403 datoris
1740 2382 1805 2402 sunt
1825 2377 1885 2403 laus

1083 2421 1328 2450 etcommendatio.
1356 2421 1417 2449 Ideo
1431 2421 1510 2456 igitur
1526 2430 1579 2448 non
1594 2426 1678 2448 totum
1698 2426 1803 2448 natura:
1821 2430 1883 2456 per-

1084 2467 1178 2494 misit:
1194 2474 1226 2494 ac
1247 2474 1354 2494 rursum
1377 2467 1543 2494 voluntatem
1562 2471 1646 2494 totum
1670 2467 1776 2502 pondus
1797 2468 1886 2493 susci-

1084 2520 1148 2548 pere
1161 2520 1214 2540 non
1229 2513 1363 2540 concessit
1375 2532 1383 2545 ,
1399 2517 1428 2539 et
1441 2513 1611 2548 cognitionis,
1628 2516 1657 2540 et
1671 2513 1883 2544 emendationis,

1084 2567 1118 2586 ne
1130 2568 1144 2586 a
1160 2558 1264 2585 virtutis
1282 2559 1418 2586 laboribus
1428 2558 1600 2589 abhorreret;
1615 2558 1661 2585 sed
1677 2557 1761 2585 dictat
1774 2558 1884 2593 quidem

1084 2605 1134 2640 ipsi
1157 2605 1317 2632 conscientia
1340 2612 1398 2639 quae
1421 2607 1483 2631 sunt
1503 2603 1604 2639 agenda
1618 2624 1625 2636 ,
1647 2603 1680 2630 ad
1694 2607 1882 2638 operat‘onem

1084 2659 1148 2678 vero
1162 2651 1218 2685 ipsa
1232 2650 1265 2677 de
1280 2657 1329 2677 suo
1343 2650 1435 2677 labore
1449 2649 1537 2676 affert.
1562 2650 1595 2676 Et
1616 2649 1687 2684 quod
1701 2649 1803 2676 bonum
1822 2649 1881 2684 qui-

1085 2695 1145 2722 dem
1159 2696 1194 2722 sit
1206 2695 1344 2722 moderate
1357 2695 1447 2722 vivere
1457 2716 1464 2728 ,
1486 2695 1544 2722 sine
1562 2695 1653 2722 labore
1667 2694 1793 2722 novimus
1809 2703 1816 2720 ε
1831 2701 1880 2721 ua-

1085 2742 1176 2769 turalis
1196 2742 1266 2768 enim
1287 2747 1328 2769 cst
1353 2742 1483 2777 cognitio;
1509 2741 1712 2776 temperantiam
1739 2749 1804 2768 vero
1827 2749 1880 2767 non

1084 2795 1226 2823 possumus
1247 2795 1373 2815 exercere
1385 2809 1392 2821 ,
1409 2788 1459 2815 nisi
1475 2788 1642 2819 laborantes,
1662 2791 1690 2814 et
1704 2787 1879 2821 cupiditatem

1086 2834 1267 2865 refraenantes,
1282 2835 1446 2868 multumque
1456 2833 1600 2860 subeuntes
1615 2832 1725 2860 laboris.
1740 2833 1798 2859 Non
1810 2833 1879 2859 enim

1087 2880 1137 2908 hoc
1148 2887 1253 2915 quoque
1265 2879 1341 2907 nobis
1356 2879 1430 2907 adest
1446 2887 1461 2906 a
1475 2883 1567 2906 natura
1579 2899 1586 2913 ,
1601 2879 1670 2906 sicut
1684 2878 1820 2913 cognitio,
1835 2877 1880 2905 sed
