1962 3121
89 136 130 163 ηε
520 129 565 157 AD
585 125 747 157 POPULUM
767 122 1013 151 ANTIOCHENUM
1044 124 1157 153 HOMIL.
1178 126 1247 154 XIII.

87 199 146 226 opus
161 190 237 217 habet
251 189 392 216 sedulitate
409 191 435 214 ct
453 185 549 213 studio.
571 185 625 212 Nec
639 184 726 212 solum
737 183 774 211 ita
787 182 862 209 nobis

87 237 181 273 pondus
193 235 298 266 levavit,
315 234 364 261 sed
378 238 404 261 et
414 233 466 260 alio
478 232 557 259 modo
569 239 661 258 rursus
677 230 794 264 ipsorum
809 236 866 255 mcL

86 286 185 312 ritorum
198 281 320 316 quadam
336 280 464 308 naturalia
480 279 556 306 nobis
566 286 627 306 esse
640 277 742 304 sinens.
758 275 863 304 Etenim

86 337 128 357 una
141 335 198 355 cunt
214 327 246 353 iis
268 327 314 360 qui
334 325 520 354 contumeliam
543 324 697 359 patiuntur,
722 321 862 356 indignari,

85 375 192 403 naturale
212 382 308 401 omnes
330 373 458 400 habemus
481 372 588 406 (statim
603 371 701 406 quippe
717 369 866 397 infestanti—

83 422 126 449 bus
137 420 265 447 efﬁcintur
276 419 378 446 inimici
389 440 397 452 ,
411 419 472 445 licet
485 418 534 452 ipsi
546 417 613 444 nihil
627 417 710 443 sintns
724 415 822 450 passi),
838 419 865 441 et

82 466 196 503 gratulari
209 465 367 492 defensiOne
380 463 515 491 etauxilio
525 462 700 497 patientibus,
717 467 742 488 et
758 461 783 487 in
797 461 863 487 alie-

84 517 118 541 nis
135 513 330 540 calamitatibus
345 511 608 547 afﬁigi,etcltaritate
622 513 711 536 mutua
727 508 864 535 delectari.

83 559 130 586 Etsi
143 558 210 585 enim
224 565 315 585 rerum
325 565 401 584 casus
413 557 574 584 simultatem
585 555 725 590 quamdam
739 554 865 580 indttcere

82 604 227 636 rideantur,
255 603 389 630 habemus
413 608 502 630 tamen
530 608 700 628 communent
726 600 794 626 inter
817 607 865 626 nos

83 657 197 677 amorem.
227 649 261 676 Et
284 649 339 676 ltoc
355 648 462 683 quidant
477 648 582 682 sapiens
603 647 716 674 innuens
734 646 839 673 dicebat
857 655 863 672 :

85 697 153 723 Omne
164 695 260 721 animal
269 700 342 722 amat
351 694 396 722 sibi
409 694 500 727 simile,
512 698 534 720 et
545 694 619 720 homo
633 693 777 728 proximum
791 700 865 718 suum

84 741 163 778 (Ereti.
180 741 225 768 15.
242 741 301 775 19).

111 788 133 814 ii.
149 787 240 814 Multos
255 791 347 813 autem
363 791 390 813 et
400 786 466 813 alios
478 786 575 820 praeter
586 785 778 812 conscientiam
794 793 864 817 pra!-

83 839 190 867 ceptores
207 832 288 859 nobis
302 832 375 859 Deus
390 832 533 867 praeposuit
550 841 556 858 :
571 831 670 858 etenint
690 835 778 866 patres
792 830 864 862 ﬁliis,

83 886 106 907 et
126 880 242 906 dominos
268 880 357 906 servis
370 900 376 911 ,
401 884 427 905 et
447 879 519 906 viros
533 878 659 905 uxoribus
671 898 679 910 ,
701 882 729 904 et
742 876 866 904 doctores

83 926 217 961 discipulis,
233 930 261 952 et
274 925 444 960 Iegislatorcs
458 929 485 952 et
497 925 601 959 judices
614 923 728 951 subditis
738 945 745 957 ,
761 928 788 951 et
798 924 866 950 ami-

82 980 119 1000 cos
131 973 227 1000 amicis.
251 972 334 1006 Saepe
353 979 417 999 vero
433 976 460 999 et
480 973 513 998 ab
525 971 639 998 inimicis
655 977 708 997 non
723 970 811 996 minus
826 969 866 995 lu—

82 1027 188 1050 cramur,
209 1026 290 1053 quam
312 1020 348 1045 ab
364 1019 457 1045 amicis
473 1028 478 1044 :
495 1026 556 1045 cum
572 1018 642 1045 enim
661 1017 738 1046 nobis
757 1021 865 1052 peccata

82 1065 306 1098 exprobraverint,
322 1064 403 1091 etiam
426 1064 522 1090 invitos
543 1064 569 1090 in
586 1064 704 1099 ipsorum
716 1063 865 1090 correctio-

82 1118 132 1137 nem
143 1110 269 1138 excitant.
299 1110 352 1137 Tot
367 1116 456 1138 autent
473 1110 598 1137 doctores
611 1110 689 1137 nobis
704 1109 862 1145 praeposuit,

81 1163 105 1184 ut
120 1157 199 1184 facilis
215 1157 295 1185 nobis
311 1157 436 1184 utilitatis
454 1157 572 1184 inventio
585 1161 614 1184 et
626 1157 761 1191 reparatio
777 1156 864 1188 ﬁeret,

80 1203 234 1230 multitudine
257 1204 293 1230 ad
320 1203 348 1230 id
372 1202 592 1238 compellentium
615 1210 668 1229 tton
695 1202 867 1236 pertnittentc

81 1257 121 1277 nos
132 1249 163 1276 ab
176 1250 224 1283 iis,
247 1258 310 1285 qua:
325 1250 403 1277 nobis
423 1249 585 1284 expediunt,
604 1249 737 1276 excidere.
760 1248 866 1279 Etenim

79 1296 98 1322 si
108 1301 224 1331 parentes
237 1300 461 1327 contemnamus,
477 1296 647 1330 magistratus
662 1295 797 1327 timentes,
811 1295 866 1322 eri-

80 1349 131 1368 mus
142 1342 248 1368 omnino
269 1342 394 1369 mitiores
411 1350 416 1368 :
432 1346 459 1369 et
478 1342 500 1368 si
521 1342 580 1368 illos
599 1341 625 1368 in
641 1341 759 1375 peccatis
775 1341 867 1375 despi-

79 1387 169 1414 ciamus
181 1409 187 1420 ,
206 1395 357 1423 numquam
381 1388 554 1415 conscientia:
576 1387 786 1421 increpationem
801 1386 866 1414 elfu~

79 1442 133 1468 gere
145 1441 284 1468 possumus
301 1443 308 1460 :
326 1439 354 1461 et
375 1434 397 1460 si
418 1434 487 1461 hanc
510 1441 688 1468 aspernemur
702 1437 729 1460 et
749 1433 866 1467 repella—

79 1487 139 1512 mus,
146 1479 291 1507 multornm
300 1480 457 1514 opinionem
468 1479 604 1511 timentes,
615 1479 741 1506 meliores
749 1478 849 1505 erimus
859 1487 866 1510 ;

79 1525 98 1551 si
115 1525 145 1552 ad
166 1525 233 1553 hanc
250 1534 307 1552 non
323 1525 512 1553 erubescamus
524 1547 531 1559 ,
557 1525 653 1552 insitus
678 1525 765 1560 legum
787 1525 868 1551 timor

79 1570 114 1597 vel
133 1570 226 1598 invitos
245 1579 296 1598 nos
312 1571 445 1606 castigare
465 1571 564 1606 poterit
578 1581 583 1597 :
599 1575 627 1598 et
641 1578 688 1598 eos
701 1571 745 1606 qui
754 1571 868 1606 juvenes

81 1621 143 1648 sunt,
156 1617 275 1651 magistri
290 1622 320 1644 et
335 1622 425 1652 patres
437 1638 443 1648 ,
463 1616 570 1644 adultos
584 1624 649 1644 vero
664 1617 830 1652 lwislatorcs
841 1622 868 1644 et

81 1662 202 1697 principes
213 1663 239 1689 in
255 1670 353 1690 curam
368 1670 443 1689 suam
455 1667 591 1690 sumentes
602 1666 771 1697 contpununt
787 1671 792 1688 :
807 1670 866 1690 ser-

81 1708 149 1743 vique
170 1708 279 1743 segnius
301 1716 333 1735 se
357 1708 487 1735 habentes
499 1712 526 1735 et
538 1716 553 1735 a
575 1708 735 1743 supradictis
749 1713 775 1735 et
787 1716 802 1735 a
817 1708 868 1735 do-

82 1754 150 1781 minis
170 1755 361 1781 necessitatem
381 1754 520 1781 modestice
540 1754 678 1781 servandae
699 1754 815 1787 habettt,
842 1759 869 1780 et

82 1800 195 1827 mulieres
207 1808 222 1827 a
232 1800 319 1833 viris;
334 1805 361 1827 et
372 1800 446 1827 multi
458 1800 575 1835 undique
588 1800 678 1835 generi
693 1804 785 1827 nostro
799 1800 868 1826 nturi

81 1850 150 1878 sunt,
164 1854 195 1873 tte
213 1845 294 1874 facile
317 1846 342 1873 in
357 1847 449 1873 vitium
464 1846 614 1874 dilabamur
628 1851 655 1873 et
675 1846 812 1873 cadamus.
829 1847 867 1873 Ad

81 1889 130 1918 hec
141 1896 226 1918 autem
242 1892 336 1918 omnia
345 1896 372 1919 et
386 1892 555 1927 aegritudines
569 1897 596 1919 et
611 1893 777 1927 negotiorum
792 1900 868 1926 pres-

82 1945 141 1964 sum
158 1945 206 1965 nos
229 1938 333 1965 decent
349 1947 356 1964 :
374 1938 474 1965 etenim
490 1943 516 1965 et
534 1942 675 1973 paupertas
695 1937 820 1971 cohibet,
843 1942 869 1965 ct

82 1982 168 2009 mulcla
182 1984 317 2018 castigat,
337 1988 364 2011 et
375 1984 522 2019 periculum
536 1985 665 2018 corripit,
678 1989 706 2011 et
721 1985 803 2011 multa
817 1984 868 2011 alia

81 2027 231 2063 ltnjusmodi.
258 2029 321 2056 Non
336 2034 419 2056 terret
432 2034 459 2057 te
471 2030 566 2065 pater?
587 2038 636 2057 nec
656 2030 802 2065 magister?
816 2038 868 2057 thll

81 2074 215 2108 princeps?
238 2082 295 2101 non
318 2074 473 2109 legislator?
498 2083 550 2102 nott
567 2075 669 2110 judex?
690 2083 744 2102 non
761 2081 786 2103 te
806 2083 870 2102 con-

82 2120 158 2147 fundit
173 2121 299 2149 amicus?
313 2129 364 2148 non
378 2126 403 2148 te
418 2121 523 2148 mordet
538 2122 679 2149 inimicus?
693 2130 745 2148 nott
759 2122 870 2157 castigat

82 2165 212 2193 dominus?
228 2174 284 2193 non
302 2167 381 2194 docet
399 2166 528 2194 maritus?
541 2174 594 2194 non
611 2167 720 2201 corrigit
732 2167 870 2194 conscien-

82 2211 129 2238 tia?
160 2212 212 2239 Sed
238 2213 392 2247 corporalis
419 2213 549 2247 :egritudo
581 2213 772 2248 superveniens
799 2221 870 2248 saepe

82 2259 161 2285 omnia
174 2259 315 2292 correxit,
333 2264 360 2286 et
379 2260 479 2286 mulcta
501 2260 630 2287 audacem
649 2260 711 2287 fecit
731 2259 871 2287 humanio-

82 2311 150 2332 rem:
164 2306 291 2340 quodque
310 2306 430 2340 profecto
446 2306 534 2340 majus
557 2311 597 2333 est
608 2326 614 2337 ,
635 2313 688 2333 non
704 2311 804 2333 tatttum
820 2314 866 2333 no-

82 2349 134 2383 bis,
149 2351 194 2378 sed
208 2359 235 2379 et
253 2351 315 2378 aliis
336 2352 483 2379 accidentia
497 2352 564 2378 mala
584 2360 744 2387 magnopere
759 2359 807 2379 nos
821 2352 870 2379 ad-

81 2394 166 2429 juvare
186 2402 387 2424 consueverunt
403 2406 409 2423 :
425 2401 450 2424 et
473 2397 522 2431 ipsi
539 2405 621 2431 grave
637 2397 674 2424 ttil
692 2398 780 2431 passi,
803 2397 870 2425 alios

83 2448 140 2467 vero
163 2443 250 2475 puniri
278 2442 446 2477 conspicati,
473 2451 525 2469 non
555 2443 641 2469 minus
667 2442 720 2469 illis
748 2443 868 2478 castigati

83 2492 175 2514 sumus.

115 2533 235 2561 Aduersus
251 2535 409 2569 juramenla.
425 2550 460 2554 --
477 2535 532 2561 Hoc
550 2540 576 2561 et
599 2535 624 2560 in
645 2534 789 2562 benefactis
809 2535 868 2569 quis

85 2579 164 2607 rideat
177 2581 286 2608 evenire
301 2590 308 2607 :
325 2581 393 2608 sicut
415 2581 486 2607 enim
500 2581 562 2607 dum
577 2580 722 2615 puniuntur
736 2581 810 2614 mali,
824 2581 870 2608 alii

85 2625 199 2652 meliores
222 2626 378 2653 efficiuntur
391 2635 398 2653 :
412 2627 451 2653 sic
475 2626 551 2654 bonis
572 2626 640 2653 bene
659 2634 688 2653 se
706 2627 867 2661 gerentibus,

86 2670 154 2697 ntuiti
167 2671 198 2698 ad
216 2672 332 2699 similem
352 2672 439 2698 zelum
457 2671 619 2699 inducuntur
638 2681 644 2699 :
662 2671 732 2707 quod
751 2673 813 2699 etin
833 2672 871 2706 ju-

87 2721 257 2744 ramentorum
279 2717 341 2752 fuga
366 2717 485 2752 contigit.
506 2717 579 2744 Multi
603 2718 673 2744 enim
697 2718 763 2744 alios
783 2718 869 2745 intuiti

86 2762 174 2789 malam
188 2763 345 2798 deposuisse
362 2763 468 2797 jurattdi
491 2763 728 2795 consuetudntent,
753 2763 868 2790 studiunt

87 2806 171 2834 inritati
185 2814 256 2842 sunt,
270 2813 463 2843 peccatumque
475 2809 596 2835 vicerunt
609 2818 615 2835 :
631 2814 770 2843 propterea
781 2815 808 2838 et
820 2819 868 2838 nos

88 2855 224 2889 promptius
237 2856 334 2883 iterent
351 2855 473 2882 eamdem
492 2856 623 2891 tangimus
646 2856 864 2885 admonitioncm.

919 180 1004 208 Nemo
1017 182 1088 210 extim
1104 182 1169 210 milti
1180 183 1262 216 dicat,
1278 183 1350 212 Multi
1364 186 1478 213 correcti
1495 192 1557 214 sunt
1574 196 1580 213 :
1599 187 1648 214 ltuc
1661 197 1712 216 non

919 232 960 255 est
974 228 1045 262 quod
1057 229 1195 264 quzeritur,
1211 230 1257 257 sed
1275 235 1304 257 ut
1314 239 1417 259 omnes.
1436 233 1524 260 Donec
1544 234 1594 261 hoc
1608 234 1710 268 videro,

918 273 1053 308 respirare
1072 283 1125 302 non
1148 282 1271 310 possum.
1283 276 1377 304 Pastor
1396 278 1440 305 ille
1461 283 1567 306 cetttum
1582 287 1645 308 oves
1669 282 1711 308 Ita.

921 318 1010 353 bebat,
1024 325 1051 348 et
1061 328 1112 347 una
1126 322 1234 354 amissa,
1252 329 1304 348 tton
1316 324 1399 350 settsit
1413 324 1445 351 de
1460 326 1601 361 nonaginta
1616 335 1711 355 novent

919 366 1005 393 salute
1015 367 1230 401 delectationem,
1245 369 1330 397 donec
1344 371 1473 404 perditam
1486 372 1584 400 invenit
1600 378 1628 401 et
1639 375 1712 410 gregi

920 414 1034 440 restituit
1047 414 1151 448 (Manli.
1166 415 1208 441 18.
1224 414 1267 442 12.
1285 416 1340 451 l5).
1357 416 1414 444 Non
1425 418 1513 445 cernis
1523 423 1550 446 et
1563 419 1589 446 itt
1601 427 1712 455 corpore

920 460 970 487 hoc
999 460 1076 488 ﬁeri?
1099 462 1119 488 si
1148 462 1219 488 enim
1239 463 1280 489 vel
1308 471 1420 499 unguem
1443 465 1528 492 solum
1549 466 1714 494 oll'endentes

919 506 1107 539 snbvertimus,
1122 512 1204 534 totum
1216 516 1312 543 Corpus
1326 510 1446 536 membro
1461 510 1595 539 cottdolet.
1611 511 1648 539 Ne
1663 512 1712 547 igi‘

920 558 962 580 tur
974 553 1057 585 dicas,
1081 554 1159 581 Pauci
1182 555 1289 589 quidam
1313 556 1396 583 relicti
1416 561 1487 586 snnt,
1511 557 1555 592 qui
1580 565 1631 584 tton
1651 563 1723 586 sunt'

919 599 1032 626 correcti
1045 607 1052 631 ;
1066 600 1112 626 sed
1129 600 1190 627 illud
1203 601 1351 633 considera,
1367 603 1437 636 quod
1450 603 1491 629 isti
1503 604 1579 637 pauci
1591 611 1642 630 non
1653 611 1714 631 cor-

919 646 983 672 recti
1004 647 1101 674 multos
1115 653 1287 682 corrumpant
1303 649 1378 676 alios.
1404 649 1507 676 Etenim
1530 655 1557 677 et
1576 651 1645 684 apud
1666 651 1721 678 C0--

919 692 1031 719 rinthios
1046 701 1113 720 unus
1125 698 1182 720 erat
1198 693 1354 728 fornicatus,
1375 702 1400 722 et
1421 701 1509 723 tamen
1536 697 1571 723 ita
1591 697 1713 731 gemebat

921 738 1025 770 l‘aulus,
1043 744 1176 775 tamquam
1202 745 1254 767 tota
1278 741 1380 776 perdita
1401 742 1508 769 civitate
1529 742 1640 778 (LCor.
1660 744 1710 778 5):

918 790 944 812 et
964 786 1074 818 merito;
1095 787 1195 813 sciebat
1215 788 1303 819 enim,
1328 788 1374 815 illo
1394 796 1446 815 non
1471 795 1601 822 correcta,
1621 789 1712 816 vitium

918 840 1030 866 serpens
1043 838 1069 859 et
1089 834 1156 860 alios
1171 841 1264 861 omnes
1287 835 1440 862 invasnrnnt
1459 843 1529 863 esse.
1552 836 1611 863 Vidi
1628 845 1712 872 nuper

919 878 945 903 in
966 877 1067 912 judicio
1088 879 1190 906 vinctos
1216 885 1243 907 et
1266 888 1313 914 per
1337 881 1452 908 medium
1476 881 1562 909 forunt
1584 882 1712 910 abductos

919 923 979 950 illos
992 923 1110 951 illustres
1124 926 1196 952 viros
1212 935 1217 952 :
1230 931 1258 953 et
1271 927 1427 961 quibusdam
1443 929 1611 956 contumeliae
1624 938 1714 957 exces-

919 975 977 994 sum
997 969 1207 1003 admirantibus,
1227 971 1293 998 nihil
1313 972 1439 999 adntirari
1454 979 1569 1008 Oportet,
1589 974 1713 1002 dicebant

919 1014 962 1040 alii
977 1024 983 1041 :
998 1014 1041 1042 ubi
1056 1016 1127 1042 enim
1143 1016 1288 1049 damnatio,
1302 1018 1417 1053 dignitas
1431 1020 1494 1046 nihil
1511 1021 1628 1054 prodest.
1640 1021 1712 1049 Non-

919 1069 953 1087 ne
967 1061 1045 1096 igitur
1059 1062 1144 1090 multo
1156 1063 1250 1098 magis,
1265 1064 1308 1092 ubi
1325 1065 1358 1091 sit
1374 1065 1506 1100 impietas,
1521 1067 1585 1094 nihil
1599 1067 1712 1102 dignitas

919 1107 1048 1141 adjuvat?

954 1154 980 1180 5.
998 1153 1059 1181 Πηεε
1072 1154 1151 1189 igitur
1162 1157 1319 1190 cogitantes,
1331 1165 1380 1185 nos
1394 1158 1465 1193 ipsos
1477 1160 1623 1188 excitemus
1638 1169 1645 1187 :
1661 1161 1712 1188 nisi

920 1201 990 1227 cnim
1006 1200 1121 1227 studiunt
1136 1202 1310 1230 adhibueritis
1323 1211 1369 1231 vos
1382 1225 1388 1236 ,
1405 1212 1419 1231 a
1433 1205 1510 1232 nobis
1523 1206 1610 1233 omnia
1627 1213 1711 1241 agun-

921 1251 962 1273 tur
975 1246 1118 1281 superflua.
1137 1248 1203 1281 Quid
1227 1249 1262 1276 ita
1281 1250 1407 1277 tandem?
1427 1250 1557 1283 Quoniam
1579 1259 1630 1278 nnn
1645 1252 1712 1279 sicut

920 1295 1029 1329 reliquae
1043 1298 1114 1321 artes
1126 1315 1132 1325 ,
1148 1295 1182 1321 ita
1195 1299 1236 1321 cst
1249 1295 1440 1330 magisteritnn.
1457 1297 1628 1332 Argentarius
1641 1298 1712 1325 enint

921 1340 993 1367 faber
1011 1341 1205 1376 qualecumque
1223 1349 1270 1370 vas
1287 1343 1425 1371 excuderit
1445 1349 1471 1371 et
1486 1345 1643 1379 reposuerit,
1660 1344 1713 1371 tale

920 1386 1047 1420 postridie
1068 1394 1191 1415 reversus
1216 1388 1312 1415 iterum
1335 1388 1451 1416 inveniet
1476 1399 1482 1416 :
1506 1394 1532 1417 et
1554 1391 1663 1417 :erarius
1687 1395 1712 1417 ct

921 1434 1111 1460 marmorei-ius
1137 1438 1164 1460 et
1190 1434 1321 1461 artiﬁcum
1344 1435 1456 1470 quisque
1474 1435 1554 1470 quale
1579 1436 1712 1470 propriunt

920 1486 986 1512 opus
1009 1478 1150 1512 dimiserit,
1168 1479 1220 1506 tale
1234 1487 1340 1507 rursum
1361 1481 1481 1515 recipiet.
1495 1480 1571 1508 Circa
1587 1489 1635 1509 nos
1650 1490 1714 1509 vero

921 1532 973 1550 non
996 1524 1042 1556 ita,
1066 1524 1113 1552 sed
1132 1525 1294 1552 contrarium
1319 1526 1427 1553 omnino
1445 1536 1451 1553 :
1469 1534 1521 1553 non
1536 1527 1606 1554 enim
1627 1527 1707 1554 inani~

922 1576 991 1597 inata
1005 1578 1077 1602 vasa.
1091 1571 1137 1598 sed
1148 1571 1251 1598 animas
1266 1571 1386 1599 cudimus
1405 1572 1558 1599 rationales.
1579 1572 1641 1600 ldeo
1660 1581 1714 1600 non

921 1618 989 1645 tales
1006 1626 1053 1645 vos
1073 1618 1235 1651 invenimus,
1254 1618 1347 1653 quales
1369 1619 1555 1654 relinquimus,
1572 1620 1618 1647 sed
1643 1625 1714 1655 post-

921 1672 1001 1698 quam
1014 1668 1151 1698 susceptos
1167 1664 1251 1691 multo
1264 1665 1354 1692 labore
1367 1665 1600 1693 reformaverimus
1615 1671 1642 1693 et
1651 1673 1712 1693 cor-

921 1711 1078 1742 rexerimus,
1103 1717 1129 1738 et
1142 1711 1308 1740 effecerimus
1330 1712 1515 1747 ferventiores,
1533 1721 1655 1749 egressos
1668 1722 1714 1741 tte-

921 1757 1051 1790 gotiorunt
1076 1757 1275 1785 circumstantia
1295 1766 1342 1785 vos
1363 1758 1479 1793 undique
1500 1759 1714 1788 circumcurrens

921 1810 1026 1829 rursum
1042 1804 1178 1837 pervertit,
1200 1809 1226 1832 et
1244 1805 1371 1839 majorem
1391 1805 1467 1833 nobis
1489 1806 1589 1840 praebet
1601 1806 1716 1834 difﬁcul-

922 1853 1014 1883 tatem.
1029 1848 1131 1877 Idcirco
1141 1850 1263 1885 supplico
1277 1855 1304 1878 et
1316 1859 1374 1883 oro,
1394 1860 1502 1879 martum
1522 1853 1674 1888 porrigatis,
1688 1859 1715 1882 et

921 1899 1049 1929 quantum
1063 1903 1112 1930 ego
1133 1895 1176 1923 hic
1197 1896 1230 1923 ad
1249 1897 1441 1926 corrcctionent
1462 1903 1579 1925 vestram
1596 1899 1714 1927 studium

922 1941 998 1972 facio,
1015 1945 1116 1968 tatttum
1132 1949 1178 1969 vos
1194 1941 1256 1969 hittc
1266 1942 1378 1977 digressi
1393 1944 1462 1970 circa
1476 1944 1589 1971 salutem
1599 1949 1713 1972 vestram

921 1995 993 2014 cura:
1008 1987 1208 2015 demonstretis.
1235 1988 1339 2016 Utinam
1365 1994 1455 2023 posset
1473 1989 1540 2021 ﬁeri,
1557 1995 1585 2017 ut
1598 1998 1648 2025 ego
1668 1998 1714 2025 pro

922 2033 996 2060 vobis
1012 2033 1079 2061 bene
1100 2041 1226 2066 mererer,
1249 2038 1276 2061 et
1295 2035 1450 2061 ttteritorum
1473 2035 1562 2062 bravia
1576 2043 1622 2062 vos
1638 2043 1714 2070 cape-

922 2079 1003 2109 retis;
1021 2087 1068 2106 ttcc
1082 2083 1182 2106 tantuttt
1205 2087 1251 2106 vos
1272 2087 1420 2107 vexassent.
1444 2080 1497 2107 Sed
1516 2081 1579 2115 quid
1601 2081 1715 2108 faciant?

922 2125 973 2152 ltoc
995 2125 1159 2161 impossibile
1174 2130 1236 2153 est:
1258 2126 1353 2160 cuique
1377 2127 1447 2152 enint
1472 2126 1616 2153 secundum
1634 2134 1714 2162 opera

922 2181 969 2200 sua
985 2174 1123 2201 retribuet.
1139 2174 1214 2201 Sicut
1229 2174 1308 2209 igitur
1324 2179 1409 2203 mater
1423 2174 1505 2202 ﬁlium
1520 2175 1714 2203 febricitantem

922 2227 1045 2252 cernens,
1062 2220 1161 2247 dolenti
1183 2225 1210 2247 et
1230 2221 1332 2247 ardenti
1356 2221 1492 2253 assistens,
1513 2221 1607 2256 lugens
1631 2229 1716 2256 aegro-

924 2265 987 2292 tanti
1009 2265 1074 2291 dicit
1094 2265 1169 2292 ﬁlio:
1186 2265 1303 2298 Utinant,
1320 2266 1366 2298 ﬁli,
1391 2266 1490 2292 febrem
1511 2273 1560 2301 ego
1580 2267 1715 2302 suscipere

923 2318 1038 2344 possein,
1053 2316 1080 2338 et
1096 2312 1120 2337 in
1133 2319 1176 2338 mc
1188 2311 1322 2338 ﬁamtnant
1337 2311 1472 2339 attrahere
1485 2320 1492 2339 :
1505 2312 1542 2339 sic
1555 2312 1674 2346 profecto
1688 2318 1715 2340 et

923 2366 972 2392 ego
986 2366 1057 2384 nunc
1072 2358 1131 2385 dico
1145 2367 1151 2384 ε
1167 2358 1271 2385 Utinam
1288 2358 1413 2392 possibile
1428 2364 1499 2385 esset
1514 2367 1557 2386 me
1577 2366 1626 2394 pro
1640 2359 1714 2387 vobis

923 2404 1086 2431 laborantem
1098 2404 1222 2431 omnibus
1239 2410 1310 2432 recte
1331 2413 1426 2439 agere;
1448 2405 1494 2432 sed
1511 2414 1563 2432 tton
1577 2406 1640 2433 licet
1653 2406 1714 2439 hoc,

923 2458 976 2477 non
991 2450 1063 2481 licet,
1080 2451 1125 2477 sed
1137 2458 1269 2485 quemque
1283 2458 1393 2478 necesse
1408 2456 1448 2478 est
1470 2459 1484 2477 a
1508 2459 1537 2477 se
1558 2452 1711 2478 commisSn-

924 2504 982 2522 rutn
1004 2496 1133 2524 rationem
1154 2496 1267 2523 reddere
1282 2504 1288 2523 :
1305 2504 1390 2531 neque
1406 2497 1495 2524 videre
1514 2502 1555 2524 est
1573 2498 1653 2524 alium
1668 2506 1715 2532 pro

923 2543 974 2570 alio
988 2543 1084 2578 puniri.
1099 2543 1240 2577 Propterea
1257 2543 1334 2570 doleo
1348 2547 1375 2570 et
1402 2543 1488 2577 lugeo,
1506 2544 1565 2578 quia
1582 2544 1656 2571 vobis
1671 2544 1714 2571 die

923 2588 969 2615 illo
981 2589 1111 2616 accusatis
1121 2589 1246 2615 assistere
1266 2596 1316 2615 non
1333 2594 1436 2623 potero,
1458 2590 1571 2615 maxime
1585 2597 1645 2615 cum
1668 2597 1716 2617 ne-

923 2642 974 2670 que
990 2635 1053 2661 tnilti
1068 2635 1163 2662 ﬁducia
1177 2635 1246 2669 apud
1270 2635 1351 2662 Deunt
1376 2635 1409 2662 sit
1427 2640 1516 2666 tanta;
1532 2635 1553 2661 si
1566 2642 1628 2661 vero
1642 2641 1670 2662 et
1685 2635 1715 2662 ﬁ-

923 2681 1026 2708 duciam
1038 2680 1174 2714 haberent,
1188 2689 1240 2707 non
1256 2688 1314 2707 sum
1328 2681 1398 2708 Mose
1415 2681 1540 2711 sanctior,
1560 2688 1647 2714 neque
1668 2680 1714 2708 Sa-

923 2727 1009 2755 muele
1018 2726 1122 2762 justior,
1139 2734 1205 2762 quos
1221 2727 1345 2754 virtutem
1361 2733 1460 2754 tantam
1478 2731 1636 2761 asscquutos
1648 2727 1714 2754 dixit

922 2781 975 2800 non
989 2774 996 2789 ‘
1009 2781 1087 2808 posse
1099 2773 1162 2808 quid
1172 2774 1278 2801 Judatos
1290 2773 1425 2808 adjuvare,
1438 2773 1507 2808 quod
1519 2773 1601 2800 nintio
1615 2775 1714 2808 torpori

954 2832 962 2846 ι
982 2829 1033 2859 Alii,
1043 2837 1089 2855 non
1101 2830 1217 2862 permisit,
1232 2839 1283 2862 rro,
1297 2831 1359 2856 dixit
1376 2838 1430 2856 non.
1452 2835 1476 2856 Et
1487 2832 1518 2856 ita
1532 2833 1603 2856 vertit
1616 2835 1713 2857 Bernar—

923 2863 968 2887 dus
979 2863 1109 2888 Brixianns.

1663 131 1718 158 ΗΞ
