1962 3121
253 118 302 145 “'5

251 175 353 208 seipsos
366 174 401 202 illi
414 174 553 203 dedissent
564 176 668 212 (Jerem.
682 177 767 214 l5,l).
777 178 907 212 Quontam
919 180 997 215 igitur
1009 187 1042 208 ex

251 221 366 254 propriis
378 221 504 255 operibus
525 223 649 257 punimur
665 228 691 250 et
708 224 854 257 salvamur,
878 224 1041 258 studeamus,

249 273 352 298 quzcso,
366 273 427 294 cum
440 266 500 294 aliis
514 268 638 295 omnibus
648 273 675 295 et
697 269 746 296 hoc
759 270 866 304 explere
877 270 1041 303 mandatum,

250 315 276 337 ut
292 318 353 338 cum
366 311 434 339 bona
448 320 496 347 spe
514 314 575 341 hinc
590 314 717 341 abeuntes
733 316 863 348 promissa
884 316 951 343 bona
967 324 1040 344 asse—

562 118 591 147 S.
611 119 750 148 JOANNIS
763 121 1000 150 CHRYSOSTOMI
1020 122 1178 152 ABCIIIEP.
1199 125 1463 157 CONSTAN'I'INOI‘.
1839 134 1883 162 ΜΔ

1095 189 1220 216 quamur,
1241 184 1327 219 gratia
1351 190 1378 213 et
1401 186 1563 222 benignitate
1587 188 1690 216 Domini
1715 190 1801 217 nostti
1825 190 1885 219 Jesu

1100 227 1209 261 Christi,
1222 237 1269 264 per
1281 237 1360 264 quem
1378 236 1473 259 etcum
1485 241 1538 268 quo
1557 234 1628 262 Patri
1645 236 1739 270 gloria,
1758 244 1811 263 una
1827 245 1884 265 cum

1094 279 1189 301 sancto
1203 275 1315 310 Spiritu,
1328 285 1397 305 ttunc
1411 284 1439 306 et
1456 287 1571 314 semper,
1586 286 1612 308 et
1625 282 1651 309 in
1663 283 1762 310 sartula
1781 284 1886 312 maculo-

1096 327 1164 346 rttm.
1181 319 1278 347 Amen.

1096 327 1164 346 I'llm.
1181 327 1278 348 Amen.

266 378 1485 396 Ἣ

249 424 369 446 POPULO
391 426 470 446 OMNI
494 427 532 446 ΔΒ
555 426 706 447 ΔΝΕυδΤΙΑ
730 427 887 448 LIBERATO
909 428 948 448 ET
975 428 1043 450 (ΣΟΝέ

1099 430 1170 452 ῗυΤΟ
1191 432 1223 452 IN
1246 433 1387 460 FIDUCIA,
1410 436 1533 460 QUIDAM
1556 437 1684 460 IIUBSUM
1713 439 1884 462 CIVITATEM

288 475 450 497 CONFICTIS
473 476 652 497 BUMORII‘US
673 477 854 498 TIIEMEXDIS
877 477 1122 506 TURBAVERUNT,
1147 481 1188 502 ΕΤ
1202 481 1349 504 CONVICTI
1372 484 1468 511 SUNT;
1493 486 1533 507 DE
1556 487 1616 508 HOC
1638 488 1749 509 IGITUR
1765 489 1882 512 ΒΔΒῙΤΔ

289 526 344 548 EST
367 526 511 551 HOMILIA,
535 527 575 547 ET
597 527 637 547 DE
659 526 918 548 JURAMENTORUM
944 527 1151 550 AIISTINENTIA
1173 531 1350 554 ADMONITIO
1372 534 1509 563 ADDITA;
1526 535 1664 563 IDEOQUE
1681 538 1723 558 DE
1744 538 1884 561 ,ιοΝΑ-ῙἮΑ

288 577 328 598 ΕΤ
349 577 448 598 SAULE
471 577 510 597 ΕΤ
530 577 674 598 .ΙΕΡΗΤΗΕ
697 577 845 597 HISTORIA
869 577 1031 598 PRODUCTA

1099 579 1123 606 Γ,
1147 580 1187 601 ΕΤ
1209 581 1479 613 DEMONSTIIATUM,
1502 587 1587 612 QUOD
1618 589 1659 609 EX
1693 589 1757 610 1]Νο
1790 591 1886 612 ιωιΛ-

288 627 397 648 MENTO
419 627 604 648 NASCUN'I‘UR
626 618 808 647 PERJURIA'.

988 680 1144 704 τΘίῧοαῦκίι

568 755 663 771 IIOMIIJA
676 753 727 772 Χιν.

287 801 312 826 1.
334 799 390 826 Non
408 807 500 834 parum
515 800 649 827 civitatem
664 799 740 826 nobis
761 799 818 826 heri
839 799 961 827 diabolus
981 807 1044 834 per-

249 847 373 879 turbavit,
387 846 433 874 sed
452 851 479 873 et
492 847 563 873 Deus
585 853 634 872 nos
654 846 749 872 iterum
768 853 820 872 non
840 853 931 879 parutn
944 853 1040 873 conso-

249 892 315 919 latus
330 897 382 924 est,
406 893 441 920 ita
463 897 490 919 ut
510 892 622 927 quisque
645 896 764 918 nostrum
784 897 934 926 opportune
953 892 1042 919 dicere

249 937 333 972 possit
356 938 420 964 illud
446 938 631 972 propheticum
656 947 662 964 :
688 937 833 964 Secundum
855 938 1041 965 multitudinem

248 983 365 1009 dolorum
380 992 491 1009 meorum
510 984 537 1009 in
552 984 626 1009 corde
642 991 696 1010 meo
710 983 894 1010 consolationes
916 988 966 1010 tua:
977 984 1042 1010 ιωιῑ-

249 1029 386 1062 [iuuerunt
400 1029 512 1054 animant
530 1037 610 1054 meant
627 1027 715 1061 (Psal.
727 1028 770 1055 95.
785 1028 848 1062 I9).
865 1028 918 1055 Nec
940 1033 1041 1056 tantum

247 1074 420 1105 consolando,
433 1074 479 1101 sed
494 1078 521 1100 et
535 1074 683 1108 perturbari
698 1073 888 1108 permittendo,
901 1074 1043 1108 providen-

248 1120 310 1146 tiam
325 1120 401 1146 nobis
413 1127 487 1146 suam
501 1120 570 1148 Deus
583 1119 713 1147 exhibuit.
727 1120 802 1152 Quod
814 1120 884 1147 ettim
898 1128 1040 1155 numquam

247 1165 336 1193 dicere
351 1166 453 1198 destiti,
470 1166 519 1193 hoc
531 1170 560 1193 et
573 1166 651 1193 hodie
664 1166 765 1199 dicam,
779 1174 831 1193 non
851 1167 930 1194 tnodo
944 1175 1041 1194 terum—

247 1219 340 1237 narum
356 1211 536 1243 solutionem,
558 1211 605 1237 sed
621 1216 649 1238 et
671 1211 764 1238 harttm
785 1212 988 1245 permissionem
1009 1220 1041 1239 ex

248 1256 295 1282 Dei
317 1256 499 1283 benevolentia
518 1264 587 1283 esse.
609 1256 675 1283 Cum
695 1257 765 1283 enim
785 1264 834 1284 nos
854 1257 886 1284 ad
908 1262 1041 1291 torporem

247 1302 413 1330 declinantes
427 1302 508 1335 videt,
521 1307 547 1329 et
566 1302 600 1329 ab
620 1302 702 1336 ipsius
720 1302 898 1329 familiaritate
919 1303 1041 1330 resilica-

248 1353 298 1379 tes,
315 1355 346 1374 ac
366 1348 542 1382 spiritualium
564 1348 663 1374 nullam
683 1348 812 1374 rationem
827 1348 965 1379 habentes,
979 1356 1043 1382 pau-

249 1394 302 1420 lutn
320 1401 368 1421 nos
387 1394 549 1428 derelinquit
561 1415 568 1425 ,
592 1398 620 1420 ut
636 1394 670 1420 ita
686 1394 818 1428 castigati,
833 1393 866 1420 ad
882 1394 968 1428 ipsum
983 1399 1041 1420 stu-

248 1440 348 1468 diosius
362 1440 515 1468 redeamus.
543 1440 574 1467 Et
596 1440 658 1474 quid
674 1440 813 1467 adtniraris
826 1460 833 1472 ,
857 1440 878 1467 si
902 1441 973 1467 circa
994 1449 1042 1468 nos

248 1490 384 1520 torpentes
408 1486 458 1513 hoc
473 1486 552 1518 facit,
576 1486 674 1520 quippe
689 1493 748 1512 cum
765 1485 862 1512 Paulus
877 1489 904 1513 et
926 1485 951 1512 in
967 1493 997 1512 se
1015 1490 1043 1512 et

249 1534 274 1560 in
303 1533 442 1568 discipulis
469 1533 524 1560 suis
549 1533 618 1559 hanc
644 1532 820 1559 tentationum
849 1539 956 1559 causam
983 1539 1043 1559 esse

248 1579 372 1607 dixerit?
397 1579 502 1606 Etenim
526 1579 559 1605 ad
584 1578 738 1606 Corinthios
764 1578 908 1605 secundam
934 1578 1043 1605 mittens

248 1625 399 1660 epistolam,
415 1625 454 1652 sic
468 1625 574 1652 dicebat
593 1634 598 1652 :
613 1623 682 1650 Nolo
695 1632 736 1650 vos
752 1624 879 1658 ignorare,
895 1626 998 1658 fratres,
1012 1624 1043 1650 de

249 1671 408 1698 tribulatione
431 1672 499 1706 facta
523 1670 593 1697 nobis
616 1671 642 1697 in
656 1671 734 1703 Asia,
758 1671 825 1705 quod
848 1679 925 1704 supra
940 1670 1042 1697 modum

249 1720 346 1754 gravati
360 1726 448 1746 sumus
460 1726 538 1753 supra
553 1717 669 1744 virtutem
679 1738 686 1749 ,
701 1717 737 1743 ita
752 1721 778 1743 ut
793 1717 894 1743 twderet
909 1725 954 1743 nos
969 1717 1043 1743 etiam

250 1765 351 1797 vivere;
366 1764 411 1791 sed
424 1764 473 1797 ipsi
487 1764 514 1790 in
527 1764 597 1790 nobis
610 1763 673 1797 ipsis
685 1771 835 1797 responsura
854 1763 940 1789 mortis
955 1763 1043 1789 habui-

249 1819 306 1838 mus
329 1811 375 1846 (2.
388 1811 447 1837 Cor.
460 1810 522 1837 L8.
536 1809 570 1845 9)
587 1819 594 1838 ε
614 1810 689 1844 quasi
713 1809 815 1836 diceret
828 1831 835 1840 .
858 1808 924 1836 Tam
948 1816 1043 1844 magna

250 1858 337 1891 nobis,
354 1858 455 1893 inquit,
473 1857 617 1884 incubuere
632 1856 748 1891 pericula
762 1876 769 1888 ,
794 1860 824 1883 ut
836 1856 926 1883 vivere
939 1856 1042 1883 abomi-

251 1912 387 1937 naremur,
403 1911 452 1931 nec
467 1903 581 1938 amplius
595 1909 765 1937 spcraremus
780 1902 860 1929 ullam
875 1901 931 1928 fore
946 1901 1042 1929 bonam

251 1950 425 1977 tnutationem
436 1970 444 1983 ,
466 1957 515 1977 nec
530 1950 579 1976 nisi
596 1953 710 1976 mortetn
725 1948 934 1982 exspectandum
949 1952 1021 1975 esset
1036 1956 1042 1973 :

252 1996 302 2023 hoc
315 1997 386 2024 enim
399 1996 464 2024 illud
477 2000 529 2028 est,
546 1995 601 2030 Ipsi
615 1996 641 2022 in
657 1995 727 2021 nobis
741 1994 802 2029 ipsis
816 2002 964 2029 responsum
976 2002 1044 2020 mor-

251 2044 282 2069 tis
296 2042 450 2074 habuimus;
465 2041 512 2069 sed
527 2045 614 2068 tamen
633 2044 693 2075 post
715 2045 815 2067 tantam
831 2039 1043 2074 desperationem

252 2089 353 2123 depulit
367 2089 436 2116 Deus
451 2088 595 2123 procellam
607 2108 614 2120 ,
631 2092 657 2114 et
673 2086 770 2113 nubem
785 2086 882 2120 abegit,
899 2093 999 2120 nosque
1012 2093 1044 2111 ex

251 2135 316 2169 ipsis
330 2136 423 2162 mortis
439 2133 557 2161 faucibus
568 2133 675 2167 eripuit.
691 2131 752 2159 Mox
766 2131 960 2163 demonstrans,
973 2131 1044 2165 quod

251 2180 400 2207 concedere
414 2180 478 2206 utin
494 2183 594 2206 tantum
610 2177 790 2205 incideremus
805 2177 962 2211 periculum,
979 2177 1045 2203 mul-

253 2231 287 2252 ta:
308 2230 366 2252 erat
390 2225 564 2260 providentia:
579 2231 656 2259 opus,
672 2231 704 2250 ex
730 2222 920 2250 tentationibus
943 2222 1044 2248 lucrum

252 2272 333 2298 etiam
363 2276 466 2305 partum
488 2274 640 2301 memorat;
665 2270 715 2295 hoc
739 2273 827 2294 autem
850 2271 924 2298 erat,
940 2267 1046 2294 assidue

253 2316 286 2343 ad
300 2316 386 2350 ipsutn
401 2315 546 2349 respicere,
570 2314 617 2341 sed
639 2314 676 2340 nil
699 2320 824 2348 magnum
845 2319 939 2347 sapere
959 2319 1046 2346 neque

252 2363 356 2389 extolli.
381 2361 523 2396 Propterea
539 2368 599 2387 cum
615 2360 742 2391 dixisset,
768 2358 824 2394 Ipsi
844 2360 870 2385 in
893 2359 963 2385 nobis
985 2359 1046 2392 ipsis

254 2416 400 2442 responsum
414 2408 501 2434 mortis
515 2407 667 2439 habuimus,
686 2410 711 2433 et
730 2413 837 2433 causam
859 2405 957 2432 intulit.
982 2404 1046 2438 Quae

254 2461 316 2480 vero
330 2453 388 2480 lucc
402 2457 444 2480 est
458 2452 559 2480 causa?
576 2451 608 2479 Ut
629 2460 680 2478 non
699 2452 777 2478 simus
794 2451 899 2484 ﬁdentes
919 2451 944 2476 in
964 2450 1044 2480 nobis.

254 2499 351 2534 inquit,
367 2498 411 2525 sed
424 2499 450 2524 itt
461 2497 525 2529 Deo,
543 2497 585 2532 qui
599 2497 702 2524 suscitat
717 2501 829 2523 mortuos
843 2495 880 2531 (2.
894 2495 951 2522 Cor.
968 2495 993 2522 I.
1007 2496 1044 2528 9).

255 2545 435 2571 Dortnitantes
448 2543 519 2570 enim
532 2550 581 2569 nos
594 2547 620 2569 et
631 2542 754 2576 delapsos
764 2541 968 2576 expergefacere
979 2541 1048 2568 solet

257 2595 284 2616 et
298 2590 415 2616 excitare
427 2609 434 2622 ,
451 2594 478 2616 et
501 2588 680 2622 religiosiores
696 2588 783 2614 facere
805 2587 978 2614 tentationum
997 2593 1046 2613 na-

255 2641 324 2662 tura.
341 2634 406 2662 Cum
423 2634 502 2669 igitur
517 2633 614 2660 videris
625 2654 632 2665 ,
653 2633 752 2660 dilecte
764 2654 771 2665 ,
789 2634 960 2660 tentationetn
978 2640 1048 2660 nunc

255 2680 362 2715 quidem
387 2680 544 2707 exstinctam
559 2700 566 2712 ,
588 2686 694 2706 rursum
717 2684 805 2705 autem
829 2685 988 2710 accensam,
1015 2685 1048 2705 ne

255 2727 345 2754 animo
365 2726 488 2753 concidas
509 2733 559 2752 neu
580 2725 713 2756 refugias;
737 2724 783 2751 sed
805 2723 901 2750 bonam
915 2731 990 2758 spent
1007 2730 1045 2751 te-

289 2787 297 2799 ι
315 2784 384 2808 savii.
395 2783 459 2807 hunc
470 2784 529 2808 item
538 2784 561 2806 in
570 2782 680 2812 margine
690 2780 785 2812 titulum
798 2779 876 2805 adfert
888 2787 894 2804 :
910 2780 1050 2805 Exhortatio

258 2815 288 2840 de
300 2814 440 2839 abstinentia
448 2813 590 2844 juranu’nti,
611 2811 633 2837 ei
647 2811 710 2841 quod
722 2812 856 2842 frequenter
863 2815 987 2841 jnrantem
999 2813 1048 2842 fre-

262 2850 335 2870 quent:
346 2851 357 2868 r
367 2845 439 2871 etnon
452 2849 578 2876 perjurarc
592 2849 686 2868 itccesse
699 2846 741 2867 est.

1100 757 1172 779 neas.
1191 750 1253 778 illud
1269 752 1336 779 intra
1353 753 1465 788 teipsum
1477 755 1647 788 ratiocinans,
1663 757 1733 791 quod
1746 765 1798 783 non
1814 765 1886 791 prro-

1095 802 1141 822 sus
1156 803 1205 822 nec
1219 802 1355 824 aversatus
1371 806 1420 825 nos
1435 799 1503 826 Deus
1516 800 1682 828 inimicorum
1697 802 1820 829 manibus
1835 807 1885 829 tra-

1095 840 1156 872 dat,
1173 841 1219 868 sed
1233 842 1407 871 studiosiores
1419 848 1447 871 et
1460 845 1510 872 sibi
1532 845 1615 880 magis
1638 845 1783 874 familiares
1798 847 1885 875 facere

1095 887 1196 914 volens.
1214 887 1251 916 Ne
1266 889 1344 924 igitur
1358 890 1476 917 animum
1492 891 1704 926 despondeamus
1715 913 1722 923 ,
1737 900 1788 920 nec
1801 898 1887 920 muta-

1096 935 1195 960 tionem
1211 934 1236 961 in
1253 935 1347 963 tnelius
1362 936 1543 970 desperemus,
1560 938 1606 965 sed
1620 939 1785 966 celerrimam
1800 947 1887 974 spere-

1096 987 1155 1006 mus
1169 979 1226 1006 fore
1240 982 1468 1016 tranquillitatem,
1480 988 1507 1010 et
1518 984 1637 1011 omnium
1647 985 1742 1019 quibus
1755 986 1884 1020 agitantur

1097 1026 1254 1054 Iumultuum
1271 1027 1349 1055 finem
1366 1029 1391 1055 in
1408 1029 1490 1056 Deum
1507 1030 1685 1065 projicicntes,
1702 1039 1808 1058 rursum
1823 1040 1886 1059 con-

1095 1077 1168 1099 sueta
1183 1073 1360 1108 attingamus,
1383 1075 1540 1110 solitatnque
1562 1076 1588 1102 in
1609 1076 1725 1103 medium
1739 1077 1886 1104 doctrinam

1096 1119 1272 1153 producamus
1285 1120 1292 1136 '
1306 1130 1312 1146 :
1329 1128 1420 1148 rursus
1440 1122 1511 1148 enim
1527 1122 1601 1150 vobis
1615 1124 1648 1150 de
1663 1123 1757 1150 eadem
1779 1124 1887 1150 materia

1095 1165 1185 1191 dicere
1197 1166 1268 1198 volo,
1282 1171 1308 1192 ut
1321 1166 1354 1193 de
1370 1171 1459 1193 mente
1475 1172 1561 1195 vestra
1573 1168 1691 1202 improba
1705 1168 1811 1203 jurandi
1825 1177 1887 1196 con-

1095 1211 1209 1239 suetudo
1224 1213 1348 1239 radicitus
1364 1214 1502 1240 evellatur.

1133 1268 1229 1295 flerunt
1242 1274 1330 1296 contra
1339 1270 1494 1304 jurantenta.
1506 1285 1539 1289 —
1552 1270 1652 1297 Idcirco
1662 1278 1773 1298 necesse
1783 1278 1887 1297 rursum

1096 1314 1128 1341 ad
1144 1314 1265 1341 eamdem
1282 1314 1424 1349 confugere
1444 1315 1673 1350 supplicationem.
1690 1316 1796 1344 Etenim
1812 1322 1887 1343 antea

1096 1369 1142 1387 vos
1158 1361 1265 1395 rogavi,
1283 1366 1311 1387 ut
1325 1361 1434 1388 Joannis
1449 1366 1528 1396 caput
1542 1362 1688 1388 abscissum
1703 1362 1791 1389 adhuc
1804 1363 1888 1389 calido

1096 1413 1191 1433 cruore
1203 1406 1339 1433 destillans
1354 1407 1552 1439 sumetttcs,sic
1564 1406 1671 1434 domum
1687 1407 1801 1442 quisque
1815 1415 1888 1435 suatn

1096 1451 1210 1478 redeatis
1222 1472 1230 1484 ,
1246 1456 1271 1478 et
1287 1452 1383 1486 putetis
1399 1457 1460 1479 ante
1475 1452 1566 1479 oculos
1581 1452 1679 1480 habere
1694 1453 1782 1487 ipsutn
1798 1461 1888 1481 vocem

1096 1499 1261 1524 emittentem
1283 1502 1311 1525 et
1332 1498 1463 1525 dicentem
1485 1507 1491 1524 2
1513 1498 1580 1525 0dio
1595 1498 1690 1526 habete
1712 1499 1888 1533 jugulatorem

1096 1551 1184 1570 meum
1203 1543 1394 1577 juramentum.
1417 1543 1492 1577 Quod
1507 1544 1653 1578 increpatio
1668 1552 1720 1571 non
1737 1543 1802 1572 fecit
1813 1566 1820 1577 ,
1840 1544 1890 1572 hoc

1097 1590 1158 1617 fecit
1181 1590 1361 1624 jnramentum
1378 1599 1384 1616 ε
1401 1590 1470 1624 quod
1493 1591 1531 1617 ira
1555 1598 1608 1617 non
1632 1590 1717 1625 potuit
1739 1590 1888 1626 tyrannica,

1097 1636 1147 1662 hoc
1164 1636 1273 1670 perjnrii
1293 1636 1437 1663 necessitas
1451 1636 1546 1663 effecit.
1563 1636 1633 1664 Sane
1648 1636 1754 1671 quando
1768 1636 1891 1663 omnibus

1097 1681 1201 1716 publice
1214 1682 1383 1709 audientibus
1395 1681 1568 1716 arguebatur,
1585 1681 1794 1716 increpatiOnetn
1810 1689 1890 1716 gene-

1097 1734 1158 1754 rose
1181 1727 1241 1754 tulit
1264 1733 1410 1763 tyrannus;
1436 1735 1496 1753 cum
1512 1734 1575 1754 vero
1592 1735 1621 1754 se
1640 1728 1665 1753 in
1679 1727 1890 1761 juratnentorum

1097 1773 1283 1801 necessitatem
1297 1773 1394 1808 adegit,
1410 1778 1473 1800 tunc
1485 1772 1549 1800 illud
1561 1773 1665 1800 beatum
1677 1777 1758 1807 caput
1770 1772 1889 1799 abscidit.

1098 1819 1154 1846 Hoc
1169 1819 1254 1854 ipsum
1270 1819 1349 1854 igitur
1362 1823 1390 1846 et
1403 1825 1474 1846 nunc
1496 1823 1556 1853 peto
1566 1839 1573 1850 ,
1597 1823 1624 1846 et
1642 1823 1732 1852 petere
1755 1827 1807 1845 non
1822 1818 1892 1845 desi-

1098 1871 1168 1894 stam
1178 1888 1185 1900 ,
1203 1871 1231 1894 ut
1244 1873 1410 1902 quocumque
1424 1865 1568 1892 abierimus
1578 1886 1584 1896 ,
1603 1865 1652 1891 hoc
1666 1869 1802 1899 gestantes
1815 1869 1892 1899 caput

1099 1913 1242 1946 abeamus,
1256 1918 1283 1939 et
1298 1912 1423 1939 omnibus
1436 1911 1607 1939 ostendamus
1629 1912 1749 1939 clamans
1770 1917 1797 1938 et
1818 1912 1892 1946 jura-

1100 1963 1187 1986 menta
1212 1959 1375 1992 vituperans.
1408 1957 1534 1991 Quamvis
1561 1964 1677 1992 namque
1705 1957 1784 1984 valde
1810 1957 1893 1983 simus

1100 2004 1185 2038 ignavi
1209 2008 1236 2030 et
1261 2004 1442 2038 negligentes,
1467 2003 1562 2037 capitis
1586 2003 1655 2030 illius
1677 2003 1771 2030 oculos
1795 2003 1892 2034 intuiti,

1101 2049 1253 2076 terribiliter
1274 2056 1322 2076 nos
1338 2049 1511 2084 respicientes
1523 2069 1530 2081 ,
1546 2052 1572 2075 et
1587 2048 1718 2075 minantes
1730 2048 1892 2082 iurantibus,

1100 2096 1175 2124 freno
1188 2097 1261 2123 omni
1275 2095 1460 2123 vehementius
1479 2102 1526 2129 per
1540 2095 1661 2122 timorem
1677 2094 1829 2129 ltujusmodi
1851 2102 1893 2121 re-

1101 2143 1184 2178 pressi
1198 2164 1204 2174 ,
1219 2142 1344 2169 cohibere
1356 2147 1382 2168 et
1394 2146 1514 2169 avertere
1529 2141 1604 2168 facile
1618 2141 1765 2176 poterimus
1778 2141 1893 2175 linguam

1100 2196 1114 2214 a
1127 2187 1232 2223 jurandi
1248 2188 1403 2222 pra‘cipitio.
1419 2187 1473 2214 Nec
1487 2187 1556 2214 enim
1572 2186 1622 2213 hoc
1636 2186 1721 2213 solum
1737 2186 1818 2213 habet
1833 2186 1893 2213 ntali

1098 2234 1289 2268 juramcnttnn,
1313 2233 1382 2268 quod
1396 2238 1422 2260 et
1437 2237 1592 2260 temeratum
1607 2237 1634 2259 et
1647 2237 1780 2259 servatum
1794 2232 1894 2266 juratos

1103 2287 1188 2315 paenae
1202 2279 1279 2306 faciat
1292 2278 1433 2312 obnoxios,
1449 2277 1520 2313 quod
1535 2279 1560 2305 in
1574 2278 1647 2304 nullo
1659 2283 1830 2312 peccatorum
1844 2277 1894 2303 alio

1101 2326 1221 2353 accidere
1234 2325 1363 2360 quispiam
1378 2325 1467 2357 videt;
1484 2323 1530 2351 sed
1543 2329 1571 2351 et
1585 2323 1655 2350 aliud
1670 2331 1722 2350 non
1743 2324 1833 2350 minus
1846 2322 1894 2349 isto

1102 2372 1211 2399 malum.
1225 2371 1293 2405 Quid
1306 2375 1394 2398 autem
1406 2371 1457 2398 hoc
1471 2371 1532 2398 est?
1547 2370 1622 2404 Quod
1634 2377 1721 2404 neque
1733 2370 1893 2400 volentibus,

1102 2426 1188 2454 neque
1203 2418 1369 2445 studentibus
1383 2417 1481 2451 smpius
1504 2416 1630 2451 possibile
1651 2417 1684 2443 sit
1706 2416 1775 2444 bene
1795 2417 1893 2450 jurare.

1102 2465 1192 2492 f’ritoo
1214 2465 1273 2498 quia
1295 2463 1447 2498 frequenter
1457 2463 1560 2497 jurans,
1575 2466 1602 2489 et
1621 2462 1712 2488 volens
1739 2467 1767 2488 et
1789 2462 1893 2491 invilus,

1102 2516 1128 2538 et
1143 2511 1264 2538 nesciens
1278 2515 1302 2536 ct
1316 2511 1414 2542 sciens,
1429 2513 1455 2536 et
1471 2510 1540 2536 serio
1551 2513 1577 2535 et
1590 2508 1662 2543 joco,
1674 2513 1702 2535 et
1722 2508 1757 2534 ab
1769 2509 1807 2534 ira
1828 2515 1895 2542 saepe

1102 2557 1187 2584 elatus
1198 2561 1225 2583 et
1239 2564 1253 2583 a
1267 2556 1356 2582 multis
1369 2555 1440 2588 aliis,
1453 2555 1562 2582 omnino
1575 2554 1716 2590 pejerabit.
1735 2554 1768 2580 Et
1782 2554 1823 2580 Itis
1833 2561 1895 2580 con-

1103 2602 1214 2630 tradicct
1236 2610 1312 2628 ttcmo
1334 2609 1440 2636 :usque
1463 2600 1530 2627 adeo
1555 2600 1661 2634 planum
1685 2603 1712 2626 et
1726 2599 1894 2626 manifestum

1102 2653 1159 2682 est,
1174 2647 1243 2683 quod
1258 2647 1370 2675 multum
1383 2647 1516 2682 jnrantem
1527 2667 1534 2679 ,
1551 2646 1685 2681 perjurum
1701 2653 1762 2673 esse
1775 2653 1895 2673 necessi-

1135 2739 1142 2753 ¹
1161 2740 1288 2768 ςθνηιιοςι,
1297 2735 1458 2768 proﬁcientes,
1470 2734 1505 2758 sic
1516 2733 1606 2768 habet}
1618 2736 1756 2768 .ttaneamtts
1767 2737 1812 2763 pro
1822 2730 1895 2755 omni-

1103 2769 1145 2800 bu;
1152 2763 1261 2800 gratiam
1273 2763 1384 2797 agentes;
1395 2768 1419 2790 et
1431 2765 1474 2800 hoc
1484 2764 1580 2800 quidem
1592 2763 1640 2800 ipsi
1652 2764 1894 2800 [izcictttelsrtttnqunut

1103 2794 1236 2828 desinatis;
1249 2794 1358 2828 eget-ero
1369 2794 1481 2828 consueta
1492 2795 1607 2826 attingam
1620 2794 1708 2818 iterum
1721 2794 1861 2823 solita-mque
1873 2798 1894 2815 ut

1104 2830 1209 2856 medium
1222 2826 1356 2854 doctrinam
1367 2826 1507 2859 producam.
