1962 3121
107 128 151 154 145

104 187 164 211 tium
177 184 220 209 sit.
241 183 385 215 Secundo,
401 183 448 211 etsi
464 191 515 210 non
537 188 645 218 raptus,
666 188 712 210 aut
735 182 833 209 invitus
846 186 892 209 aut

103 230 217 264 ignorans
234 228 285 256 hoc
300 228 425 262 patiatur,
440 228 474 254 ab
488 228 544 262 ipsa
558 228 596 255 rei
611 232 715 258 natura,
732 233 758 254 et
770 227 892 254 volunta-

101 275 151 302 rius
165 279 190 300 et
203 273 290 300 sciens
304 274 418 300 omnino
433 273 553 307 peierare
572 277 690 307 cogetur.
706 272 808 307 Saepius
820 273 890 299 enim

102 319 166 346 domi
188 319 264 346 nobis
286 319 497 352 prandentihus,
514 323 541 345 et
561 326 698 345 servorum
718 318 806 353 aliquo
828 326 890 352 pec-

101 370 187 396 culte,
203 371 232 390 se
252 363 330 390 illum
352 364 542 399 flagellaturam
558 372 626 391 uxor
639 363 736 397 juravit
748 383 756 396 ,
777 371 838 390 mox
852 363 891 389 vir

102 411 255 437 contrarium
269 410 391 443 juravit,
418 416 445 437 et
466 410 576 442 restitit,
594 417 643 436 nec
668 410 818 444 permisit’.
843 409 891 437 llic

101 455 220 491 quidquid
237 456 362 487 fecerint,
375 463 484 483 necesse
496 461 536 482 est
550 456 659 482 omnino
674 456 817 489 perjurium
828 463 890 482 eon-

101 502 166 529 stitui
181 510 188 527 :
203 508 253 527 nec
274 502 349 528 enim
364 501 512 528 volentibus
535 502 598 535 ipsis
616 506 642 527 et
656 501 823 528 studentibus
836 501 889 535 jam

101 553 137 576 est
158 548 284 582 possibile
308 548 446 575 custodire
469 548 669 582 juramcntum;
696 547 742 574 sed
765 547 890 581 quidquid

101 594 210 625 accidat,
233 594 356 628 ipsorum
379 594 448 621 alter
467 594 573 628 perjurii
598 601 659 620 reus
673 594 733 625 fiet,
748 593 789 620 vel
805 593 892 627 potius

101 640 181 672 ambo,
195 639 246 666 hoc
260 640 367 666 scilicet
381 639 471 671 modo,
486 647 564 674 quem
580 639 666 665 dicam
679 648 685 665 :
703 639 753 666 hoc
768 639 838 666 enim
852 644 893 665 est

102 685 259 712 admirabile.
274 685 388 712 Juratus
410 693 439 712 se
452 685 646 720 flagellaturum
668 692 773 711 scrvutn
787 684 827 710 vel
843 692 892 710 an-

102 731 207 758 cillulam
220 751 227 762 ,
249 736 350 766 postea
364 731 512 766 prohibitus
523 751 530 762 .
546 735 571 757 et
595 731 651 764 ipse
666 730 805 764 pejeravit,
828 738 894 764 qm:-

103 778 164 804 niam
179 784 230 803 non
247 777 314 803 fecit
327 777 398 811 quod
411 777 510 812 jura\it
524 786 529 804 :
543 781 570 803 et
584 777 766 809 prohibentem
779 783 811 802 ac
822 777 894 810 jura—

102 822 174 849 menti
190 822 334 849 veritatem
351 823 540 857 impedientem
556 823 662 857 periurii
676 823 787 850 crimine
801 823 894 857 alliga-

103 870 143 895 vit.
161 867 216 895 Non
233 869 307 895 enim
334 869 486 904 pcjerantes
506 873 627 901 tantum,
649 868 696 895 sed
711 869 770 896 aliis
790 876 895 903 quoque

102 915 280 942 necessitatem
296 914 370 942 hanc
381 915 535 948 afferentes,
550 915 705 942 eorumdetn
717 915 754 942 rei
768 919 830 941 sunt
843 916 896 940 t-ri-

103 961 193 988 tninum
209 969 216 986 :
232 968 286 987 nec
311 961 386 988 domi
413 965 513 987 tantum
526 981 533 993 ,
550 961 598 998 sed
618 966 645 988 et
667 961 693 987 in
718 960 822 995 publico
846 960 896 987 huc

103 1007 224 1042 quispim"
241 1007 300 1034 fieri
319 1008 429 1040 videat,
446 1012 473 1034 et
494 1008 519 1034 itt
536 1008 630 1042 pugnis
645 1008 776 1039 maxime,
791 1007 897 1042 quando

105 1054 166 1079 inter
178 1060 206 1079 se
222 1057 378 1086 pugnantes
393 1053 525 1079 contraria
536 1052 628 1087 jurant
642 1061 648 1078 ε
666 1052 708 1079 hic
721 1052 827 1087 quidem
840 1061 898 1078 ver-

105 1100 264 1131 beratur-im,
281 1099 330 1126 ille
342 1107 406 1126 vero
418 1107 471 1126 non
486 1100 652 1126 verberatum
666 1099 697 1126 iri
713 1108 719 1124 :
736 1099 778 1126 ltic
791 1099 898 1133 pallium

104 1154 130 1173 se
143 1146 292 1173 ablaturum
305 1167 313 1180 ,
340 1146 386 1173 ille
400 1154 453 1173 non
474 1146 665 1181 permissurum
681 1154 688 1172 :
704 1146 747 1172 hic
760 1152 898 1180 argentum

104 1200 129 1219 se
142 1192 332 1226 repetiturum.
350 1192 396 1219 ille
408 1199 471 1219 vero
483 1200 513 1219 se
528 1200 581 1218 non
597 1191 761 1218 redditurum
777 1200 782 1216 :
795 1195 823 1217 et
833 1191 900 1217 Illlll-

105 1243 127 1264 ta
146 1237 195 1264 alia
215 1237 416 1264 contendentes
437 1238 527 1272 jurant
548 1238 710 1271 huiusmodi.
729 1237 784 1264 lloc
797 1245 860 1264 vero
874 1242 901 1264 et

106 1283 129 1310 in
142 1283 252 1310 officinis
266 1288 295 1309 et
311 1283 413 1310 scholis
423 1283 554 1318 quispiam
565 1283 673 1310 evenire
686 1282 784 1309 videat.
799 1282 901 1317 Stepius

106 1329 196 1363 quippe
220 1329 321 1356 art.fex
346 1329 505 1363 discipulum
525 1329 665 1356 comedere
685 1332 712 1356 ct
736 1329 827 1356 bibere
848 1336 900 1355 non

107 1375 172 1408 prius
185 1382 213 1402 sc
227 1375 427 1409 permissurum
441 1381 501 1401 esse
514 1374 628 1408 juravit,
644 1382 721 1409 quam
735 1379 817 1400 tottun
836 1382 902 1408 opus

108 1421 248 1455 injunctum
263 1422 427 1456 expedierit.
444 1421 500 1449 lloc
512 1428 601 1448 autem
616 1427 642 1448 et
663 1421 821 1456 paedagogus
832 1428 903 1454 saepe

109 1466 131 1493 in
145 1475 252 1500 puerum
269 1471 298 1494 et
312 1467 340 1494 in
352 1467 476 1494 ancillam
488 1467 595 1494 domina
611 1467 672 1494 fecit
685 1475 691 1492 :
704 1471 730 1492 et
740 1474 849 1493 necesse
863 1471 903 1492 est

108 1513 313 1546 superveniente
328 1520 459 1547 vespere,
483 1519 510 1540 et
532 1520 613 1547 opere
635 1520 687 1539 non
714 1513 840 1546 impleto,
862 1512 903 1538 vel

109 1558 174 1586 fame
195 1566 249 1586 non
274 1559 453 1593 expedientes
468 1559 591 1592 absumi,
614 1559 655 1586 vel
677 1560 779 1593 juratos
796 1559 905 1585 omnino

110 1607 234 1640 pcjcrare.
261 1607 399 1641 Malignus
419 1608 491 1634 enim
506 1607 610 1634 da‘mon
634 1607 678 1634 ille
701 1607 778 1634 bonis
800 1615 906 1641 semper

111 1654 202 1680 no~tris
216 1653 351 1680 insidians
363 1653 465 1685 adstat,
482 1658 509 1680 et
524 1653 737 1688 jumncntorum
760 1654 906 1680 necessita—

112 1703 159 1724 tem
170 1699 295 1731 audiens,
310 1699 335 1726 in
348 1704 482 1733 torporem
493 1699 624 1726 obnoxios
638 1699 760 1733 itnpellit,
774 1699 814 1725 vel
825 1698 905 1725 aliam

111 1745 214 1772 molitur
225 1744 417 1772 difficultatem
430 1766 437 1775 ,
455 1750 484 1772 ut
498 1753 550 1772 noti
566 1745 675 1779 impleto
689 1752 771 1779 opere
783 1749 811 1771 et
825 1745 908 1779 plaga:

113 1797 136 1817 et
149 1791 322 1819 eontutnclize
336 1795 363 1818 et
383 1791 497 1826 periuria
518 1796 544 1818 et
565 1790 665 1817 infinita
687 1791 737 1817 alia
752 1790 820 1816 mala
834 1790 906 1816 ﬁant.

114 1838 181 1865 Sient
199 1838 274 1865 enim
293 1838 369 1873 pueri
386 1838 529 1864 funiculum
546 1837 654 1871 longunt
670 1842 696 1863 et
708 1841 862 1870 corruptum
876 1843 908 1862 ex

115 1885 244 1911 enntrario
256 1885 332 1911 inter
345 1891 375 1910 se
388 1883 523 1910 trahentes
535 1889 595 1909 cum
610 1883 694 1909 multo
709 1883 808 1916 impetu
821 1881 909 1916 supini

116 1937 204 1957 omnes
218 1930 323 1956 cadunt
347 1928 465 1956 funiculo
487 1936 534 1963 per
549 1928 664 1955 medium
680 1927 819 1961 disrupto,
842 1932 869 1954 et
885 1927 908 1952 hi

117 1976 218 2010 quidem
232 1976 335 2011 capite,
348 1976 386 2003 illi
399 1983 464 2003 vero
478 1976 528 2002 alia
541 1975 661 2009 corporis
675 1979 749 2009 parte
763 1974 909 2001 feriuntur:

118 2025 152 2049 sic
164 2028 191 2050 et
204 2023 278 2050 inter
294 2030 324 2049 se
339 2023 473 2050 contraria
484 2022 621 2057 juranles.
633 2021 787 2056 iuramento
805 2028 854 2056 pro
868 2028 910 2046 re-

118 2077 173 2096 rum
187 2070 354 2097 necessitate
367 2069 499 2102 dlSl‘upltt,
515 2069 540 2095 in
557 2068 666 2102 periurii
681 2068 834 2094 barathrum
849 2067 914 2093 utri-

120 2126 166 2151 que
179 2117 298 2150 cadunt,
316 2116 343 2143 hi
365 2116 472 2151 quidem
495 2115 650 2151 pejerando,
668 2115 704 2141 illi
720 2121 784 2142 vero
806 2113 913 2148 perjurii

120 2172 224 2192 causam
247 2164 310 2191 aliis
326 2163 478 2198 praebendo.

153 2210 180 2238 2.
195 2210 238 2237 Ea:
250 2210 341 2237 Sutilis
354 2210 460 2236 historia
469 2209 673 2243 juramentorum
687 2207 821 2242 perniciem
834 2212 916 2233 osten—

123 2257 167 2282 dit.
180 2271 215 2276 —
229 2256 265 2283 Et
280 2260 309 2282 ut
323 2256 376 2282 hoc
393 2263 445 2282 non
466 2260 566 2281 tantttm
585 2262 617 2280 ex
633 2254 665 2280 iis
678 2261 737 2287 qua:
750 2253 868 2288 quotidie
890 2253 915 2279 in

124 2301 246 2328 domibus
259 2305 287 2328 et
300 2299 395 2334 plateis
410 2299 485 2331 fiunt,
498 2299 545 2326 sed
559 2299 639 2325 etiam
652 2306 684 2325 ex
699 2298 762 2333 ipsis
775 2297 918 2331 Scripturis

125 2347 158 2374 sit
176 2347 370 2379 manifestum,
392 2346 527 2380 antiquam
547 2345 622 2372 vobis
644 2344 784 2380 quamdam
805 2344 918 2370 narrabo

128 2394 264 2420 historiam
277 2393 357 2420 dictis
372 2392 583 2419 convenientem.
601 2391 696 2418 Hastes
718 2390 859 2425 aliqttando
871 2389 918 2417 Ju-

128 2440 199 2467 daeos
206 2448 267 2468 cum
281 2439 452 2469 invasissent,
460 2446 555 2472 eosque
566 2437 693 2464 Jonathas
703 2444 841 2471 aggressus
849 2440 920 2463 esset

129 2487 181 2523 (hic
193 2491 282 2514 autem
296 2490 355 2513 erat
365 2486 453 2513 Saulis
467 2485 557 2520 filius),
568 2490 594 2511 et
608 2484 657 2511 hos
670 2483 775 2518 quidem
790 2482 920 2509 trucidas—

130 2539 178 2563 set.
201 2533 261 2560 illos
288 2539 354 2559 vero
377 2532 403 2558 in
427 2531 514 2566 fugam
536 2530 710 2558 ronvrrtissct
724 2538 730 2555 :
745 2530 836 2556 volens
857 2528 920 2555 Saul

133 2579 208 2613 hujus
232 2584 309 2614 pater
327 2578 442 2612 amplius
457 2581 548 2604 contra
562 2576 678 2610 reliquos
690 2576 833 2602 exercitum
849 2574 923 2601 exci-

135 2631 198 2657 tare,
212 2632 238 2652 et
252 2625 341 2652 facere
356 2633 388 2651 ne
406 2624 480 2658 prius
491 2623 632 2650 abszateret
643 2644 650 2654 ,
666 2630 744 2657 quam
766 2630 859 2649 omnes
875 2630 923 2656 op-

135 2671 290 2704 pressisset,
314 2669 478 2697 contrarium
500 2676 578 2704 quam
600 2668 698 2700 voluit,
716 2667 798 2695 fecit:
821 2668 925 2702 jurattts

137 2718 266 2743 neminem
293 2723 378 2750 usque
403 2715 436 2741 ad
461 2722 599 2749 vesperam
629 2721 723 2748 panem
747 2719 925 2741 comesturunt

139 2770 218 2797 usque
231 2762 264 2789 ad
280 2762 398 2789 hostium
411 2760 538 2787 ultionem
551 2767 669 2786 suorum.
684 2758 752 2793 Quid
770 2767 865 2793 nempe
879 2759 927 2785 hac

166 2841 188 2875 ᾖ.
195 2840 262 2865 sax-il.
273 2839 410 2875 ot_plurimi
421 2837 580 2875 atanuscripti.
591 2840 745 2862 Contrarium
752 2837 847 2869 Juravit
857 2840 879 2862 et
891 2843 929 2862 re-

143 2871 196 2896 stitit
207 2872 349 2896 rontendrns
361 2874 383 2896 ct
396 2877 441 2895 non
453 2871 598 2901 permittens.

535 126 581 154 AD
600 125 760 155 POPULUM
780 125 1024 155 ANTIOCHENUM
1055 128 1169 156 llOMlL.
1192 129 1258 158 XIV.

1685 136 1734 163 HG

946 191 975 210 re
997 184 1104 213 stultius
1126 186 1182 213 fieri
1206 187 1317 222 posset?
1340 188 1473 223 Fatigatos
1493 191 1579 222 enim,
1600 195 1627 217 et
1645 190 1735 218 labore

944 232 1028 259 multo
1049 240 1155 266 pressos
1177 234 1273 260 milites
1294 242 1354 260 cum
1374 236 1522 263 refocillare
1536 236 1688 268 debuisset.
1710 243 1736 265 et

945 277 1068 306 fortiores
1091 279 1211 306 hostibus
1227 280 1369 308 inunittere
1380 302 1386 312 ,
1408 281 1529 309 hostibus
1545 283 1609 317 ipsis
1629 284 1734 319 gravius

944 332 991 352 cos
1007 326 1113 358 habuit,
1130 333 1177 359 per
1188 327 1329 360 jnramenti
1344 328 1528 355 necessitatem
1550 328 1613 356 fami
1632 331 1734 364 gravis—

944 372 1019 397 sima:
1039 371 1110 405 ipsos
1127 371 1233 398 tradens
1252 372 1290 406 (l.
1305 371 1367 407 Reg.
1381 373 1423 399 14.
1435 373 1480 399 24.
1492 378 1516 399 et
1528 373 1595 408 sqq.)
1608 382 1614 400 :
1629 375 1735 409 pericu-

946 416 1030 442 losum
1053 416 1150 451 qttippc
1169 416 1203 443 dc
1224 418 1312 451 seipso
1333 418 1484 452 quempiam
1504 418 1613 452 jurare;
1639 421 1737 454 sapius

944 464 1014 490 enim
1029 471 1044 489 a
1058 471 1146 490 rermn
1159 463 1356 490 circumstantia
1372 465 1510 498 cogimur;
1524 465 1636 492 aliorum
1649 470 1736 492 autem

945 509 1102 536 sententiam
1122 509 1334 544 juramentorum
1359 517 1469 536 suorum
1490 510 1648 538 necessitate
1663 518 1737 538 com-

946 555 1120 588 prehendere,
1135 555 1218 581 multo
1233 555 1424 589 periculosius,
1441 559 1468 582 et
1480 555 1595 582 maxime
1608 563 1668 582 cum
1684 564 1736 582 non

945 600 978 626 de
994 608 1048 627 uno
1059 621 1066 632 ,
1084 604 1129 627 aut
1144 600 1246 626 duobus
1261 600 1302 627 vel
1325 600 1409 626 tribus
1421 620 1428 632 ,
1453 600 1499 626 sed
1522 600 1555 627 de
1571 599 1739 627 multitudine

946 646 1005 680 quis
1019 645 1119 673 infinita
1129 646 1201 680 juret
1215 655 1220 672 :
1236 646 1303 672 sicut
1314 651 1375 672 tunc
1386 645 1447 673 Sat'tl
1460 645 1655 672 inconsiderate
1668 646 1738 676 fecit,

947 699 1033 726 neque
1046 691 1170 724 cogitavit
1192 691 1372 718 verisimiliter
1389 699 1421 717 ex
1443 695 1517 717 tanto
1532 698 1642 717 nttmero
1658 698 1738 716 tinum

947 737 1042 764 saltem
1055 737 1234 771 juramcnlum
1249 741 1475 771 transgressurum
1492 744 1560 768 esse,
1576 744 1662 770 neque
1677 743 1741 763 con-

947 783 1074 810 sideravit
1088 783 1186 810 milites
1207 788 1234 810 et
1253 783 1352 811 milites
1372 788 1536 818 pugnantes,
1561 788 1586 809 et
1602 782 1711 809 multum
1726 790 1741 808 a

950 829 1114 863 philosophia
1138 829 1240 855 alienos
1260 834 1380 855 ventrem
1397 829 1504 855 vincere
1524 835 1576 854 non
1603 835 1697 862 posse.
1714 831 1742 854 et

949 876 1064 902 maxime
1077 883 1137 902 eum
1161 875 1234 902 labor
1248 876 1283 902 sit
1303 874 1443 909 plurimus.
1459 874 1512 901 Sed
1526 873 1583 900 haec
1595 873 1683 900 omnia
1700 873 1742 899 ille

949 921 1119 956 despiciens,
1137 926 1270 955 tamquam
1286 921 1320 947 de
1342 928 1394 947 uno
1417 924 1520 946 tantum
1542 926 1618 946 servo
1638 918 1740 952 jurans,

951 976 1028 1002 quem
1044 967 1120 995 facile
1134 968 1259 994 cohibere
1274 972 1373 1001 p05set,
1390 967 1428 992 sic
1440 966 1472 992 de
1485 965 1555 992 omni
1569 964 1742 991 ratiocinatus

950 1019 989 1041 cst
1005 1015 1133 1041 exercitu.
1147 1013 1182 1040 Et
1194 1013 1254 1040 idco
1266 1018 1367 1039 tanttttn
1378 1011 1485 1039 diabolo
1505 1011 1606 1038 aditum
1627 1010 1742 1044 aperuit,

952 1066 980 1086 ut
1001 1051 1053 1086 non
1069 1059 1148 1086 tnodo
1163 1059 1215 1085 duo
1234 1064 1262 1085 et
1284 1059 1333 1085 tria
1355 1062 1381 1085 et
1396 1063 1509 1092 quatuor
1521 1078 1528 1089 ,
1552 1056 1598 1084 sed
1620 1060 1647 1083 et
1661 1056 1744 1082 multo

953 1107 1027 1140 plura
1043 1106 1094 1133 hoc
1108 1113 1140 1133 ex
1153 1106 1304 1140 iuramento
1320 1105 1391 1131 brevi
1408 1109 1527 1137 tempore
1543 1102 1656 1137 perjnria
1671 1106 1744 1128 texe-

954 1156 1002 1178 t'ct.
1025 1152 1100 1178 Sicut
1113 1152 1184 1179 enim
1199 1159 1259 1178 cum
1282 1150 1347 1177 nihil
1368 1149 1477 1176 omnino
1496 1149 1634 1183 jnramus,
1650 1153 1745 1173 omnes

954 1197 1001 1231 ipsi
1018 1197 1104 1224 aditus
1117 1196 1281 1223 obstruimus
1295 1204 1303 1224 :
1319 1196 1353 1222 ita
1369 1195 1391 1222 si
1411 1202 1491 1221 unttm
1514 1194 1651 1220 dumtaxat
1670 1192 1745 1226 jura-

954 1248 1072 1271 mentum
1087 1243 1256 1270 amiserimus
1269 1263 1275 1273 ,
1302 1241 1351 1276 ipsi
1373 1247 1494 1275 magnam
1520 1239 1620 1266 infinita
1635 1245 1746 1272 compo-

954 1290 1035 1318 nendi
1049 1289 1164 1325 perjuria
1185 1292 1342 1322 potestatem
1363 1287 1523 1322 przebemus.
1538 1285 1572 1312 Et
1585 1284 1655 1311 sicut
1669 1283 1687 1310 ii
1701 1282 1746 1317 qtti

955 1342 1062 1364 catenas
1075 1336 1250 1370 complicant,
1267 1335 1289 1361 si
1308 1341 1369 1361 cum
1384 1333 1427 1368 qui
1442 1337 1520 1366 caput
1536 1336 1608 1358 tenet
1621 1329 1746 1359 habeant,

955 1382 1031 1409 facile
1044 1387 1072 1409 et
1083 1381 1224 1416 diligenter
1238 1384 1319 1407 totam
1334 1378 1476 1412 expediunt
1490 1377 1618 1404 nodorutn
1634 1375 1746 1402 seriem:

956 1428 978 1454 si
989 1435 1052 1455 vero
1065 1427 1108 1462 qui
1123 1426 1203 1453 faciat
1219 1426 1269 1453 hoc
1280 1425 1349 1452 adsit
1362 1431 1451 1457 nemo,
1464 1430 1513 1450 nec
1526 1422 1628 1449 initium
1642 1420 1748 1455 aggredi

957 1478 1087 1509 possunt:
1102 1472 1195 1500 eodem
1218 1471 1296 1498 tnodo
1310 1470 1432 1497 diabolus
1453 1476 1558 1504 quoque
1581 1472 1749 1502 peccatorum

957 1525 1109 1547 nostrorum
1125 1524 1232 1545 catenas
1247 1522 1367 1548 nectens,
1382 1515 1431 1542 nisi
1445 1523 1459 1541 a
1473 1515 1559 1549 lingua
1573 1519 1663 1540 nostra
1677 1512 1751 1547 prin-

957 1565 1055 1600 cipiutn
1079 1565 1175 1596 ducat,
1201 1570 1249 1590 nec
1271 1561 1376 1597 aggredi
1400 1560 1504 1595 quidem
1520 1560 1623 1594 possit;
1645 1558 1667 1584 si
1686 1564 1751 1584 vero

959 1619 1008 1638 nos
1032 1610 1190 1645 principium
1209 1609 1347 1635 dumtaxat
1370 1605 1529 1635 fecerimus,
1559 1604 1646 1638 lingua
1675 1602 1750 1637 quasi

960 1664 1049 1687 manu.
1072 1656 1253 1691 juramentum
1275 1653 1352 1680 ttobis
1374 1651 1560 1683 retinentibus,
1585 1657 1645 1676 cum
1669 1648 1751 1674 multa

958 1704 1011 1738 jam
1027 1702 1131 1729 licentia
1153 1700 1294 1735 malignam
1315 1704 1398 1725 artem
1419 1705 1492 1724 suam
1514 1701 1630 1726 exercet,
1653 1702 1687 1721 ex
1700 1701 1752 1719 uno

958 1749 1110 1783 juramento
1125 1747 1264 1773 innumera
1278 1751 1441 1778 componens
1455 1747 1482 1770 et
1503 1747 1596 1769 texens
1617 1739 1731 1775 perjuria
1745 1748 1751 1766 :

960 1794 1031 1830 quod
1054 1794 1171 1828 profecto
1190 1797 1217 1819 et
1237 1798 1307 1818 nttnc
1328 1791 1354 1817 in
1376 1789 1457 1817 Saﬁle
1479 1789 1522 1816 hic
1540 1787 1636 1815 effecit.
1658 1785 1753 1820 Aspice

963 1849 1058 1875 nempe
1072 1839 1156 1874 qualis
1172 1839 1222 1865 hoc
1242 1838 1394 1874 iuramento
1409 1836 1520 1870 laqueus
1540 1834 1668 1860 exoritur.
1692 1831 1754 1866 Syl-

963 1895 1020 1914 vam
1035 1886 1186 1921 prtrteribat
1196 1885 1330 1912 exercitus
1343 1883 1470 1917 apiarium
1485 1881 1638 1911 habentem,
1651 1882 1678 1905 et
1691 1877 1755 1904 illud

963 1939 1025 1960 ante
1041 1932 1133 1959 faciem
1148 1931 1203 1966 agri
1219 1931 1238 1963 ‘,
1252 1935 1279 1957 et
1294 1930 1429 1963 ingressus
1444 1932 1485 1954 est
1501 1926 1613 1960 populus
1632 1924 1664 1951 ad
1684 1923 1756 1957 apia-

964 1980 1051 2011 rium,
1069 1983 1096 2005 ct
1118 1976 1249 2004 transibat
1271 1975 1393 2009 loquens.
1417 1972 1510 2000 Vidisti
1533 1975 1658 2006 quantum
1681 1969 1758 1995 bara-

966 2025 1073 2052 thrum?
1086 2023 1174 2050 Mensa
1186 2024 1431 2055 extemporanca,ut
1442 2023 1469 2044 et
1479 2016 1623 2044 accedendi
1635 2014 1756 2046 facilitas,

966 2077 992 2099 ct
1006 2069 1160 2097 nutrimcnti
1176 2069 1307 2099 suavitas,
1323 2071 1349 2093 et
1366 2064 1463 2092 latendi
1476 2071 1538 2097 spes
1553 2063 1579 2088 in
1591 2061 1756 2096 juratnento—

967 2126 1025 2145 rum
1050 2116 1289 2151 transgressionem
1313 2113 1384 2147 ipsos
1403 2111 1531 2138 alliceret.
1547 2108 1613 2135 Nam
1635 2107 1718 2133 fames
1734 2110 1760 2132 ct

969 2165 1042 2191 labor
1057 2168 1083 2190 et
1098 2150 1202 2196 tempus
1214 2160 1316 2197 (Omnis
1325 2159 1408 2190 enitn,
1423 2157 1517 2191 inquit,
1529 2160 1596 2181 terra
1609 2150 1759 2187 prandebat)

970 2212 1007 2245 (1.
1018 2210 1080 2244 Reg.
1092 2210 1134 2235 14.
1143 2207 1191 2243 25)
1203 2212 1265 2233 tunc
1275 2206 1307 2232 ad
1320 2202 1564 2239 prtevaricationcm
1576 2197 1758 2233 impellebant.

969 2243 1100 2284 Favet-nm
1124 2257 1247 2287 aspectus
1268 2257 1374 2285 quoque
1396 2247 1477 2275 animi
1501 2246 1618 2280 vigorem
1643 2243 1760 2274 solvens,

971 2302 1136 2329 extrinsecus
1157 2299 1228 2333 ipsos
1243 2297 1378 2324 invitabat.
1397 2294 1496 2321 Mensa:
1511 2291 1582 2319 enim
1596 2296 1651 2316 tum
1665 2289 1762 2323 jucun-

971 2349 1056 2378 ditas,
1073 2352 1126 2373 tum
1142 2344 1226 2371 facilis
1245 2345 1386 2377 apparatus
1397 2361 1404 2372 ,
1428 2344 1454 2366 ct
1468 2335 1683 2372 deprehendendi
1700 2333 1762 2360 furti

973 2392 1113 2420 difficultas
1133 2396 1239 2417 onmem
1261 2386 1455 2422 philosophiam
1480 2383 1571 2410 fallere
1587 2385 1717 2416 poterant.
1734 2379 1763 2406 Si

975 2448 1070 2474 nempe
1080 2445 1174 2466 carnes
1190 2436 1310 2467 fuissent,
1324 2440 1389 2468 quas
1405 2432 1505 2459 elixare
1514 2430 1555 2457 vel
1571 2434 1672 2455 torrere
1687 2433 1765 2460 opor-

977 2492 1056 2517 teret,
1074 2494 1126 2512 non
1146 2489 1247 2510 tantum
1270 2481 1388 2516 ipsorum
1403 2478 1506 2505 animos
1520 2475 1690 2505 allexisscnt,
1705 2480 1765 2499 cum

977 2536 1002 2561 in
1018 2534 1082 2568 ipsis
1097 2529 1242 2566 coquendis
1257 2532 1284 2555 et
1297 2527 1330 2554 ad
1345 2533 1432 2554 escam
1451 2520 1634 2559 praeparandis
1649 2517 1768 2546 cunctari

977 2585 1001 2606 et
1018 2579 1122 2606 tardare
1132 2578 1277 2611 oporteret,
1295 2574 1322 2600 in
1335 2580 1364 2600 re
1386 2568 1549 2605 deprehendi
1562 2569 1747 2611 exspectantes
1762 2571 1768 2588 :

979 2632 1048 2652 nunc
1062 2631 1126 2651 vero
1141 2610 1176 2649 nil
1191 2626 1248 2648 erat
1263 2619 1315 2646 tale
1327 2640 1334 2652 ,
1357 2617 1402 2645 scd
1419 2615 1471 2643 mel
1487 2615 1589 2644 solum,
1613 2611 1657 2638 tibi
1678 2610 1770 2636 labore

979 2671 1052 2698 nttllo
1065 2677 1130 2704 opus
1144 2672 1220 2698 erat;
1242 2665 1390 2692 sufﬁciebat
1408 2666 1497 2688 autetn
1512 2664 1645 2686 summum
1658 2655 1768 2704 digitum

981 2699 1152 2751 intingentem
1168 2721 1201 2740 ex
1217 2719 1308 2739 mensa
1323 2717 1428 2744 capere.
1445 2707 1631 2734 Verumtamen
1645 2702 1682 2729 illi

981 2745 1088 2793 ditatem
1111 2761 1309 2791 continuerunt,
1331 2764 1380 2783 nec
1402 2756 1470 2782 intra
1493 2760 1523 2780 se
1545 2751 1689 2782 dixerunt,
1703 2745 1770 2781 Quid

1018 2867 1026 2882 ¹
1044 2869 1081 2890 sic
1093 2863 1187 2896 piurimi
1201 2867 1253 2888 \tss.
1263 2859 1369 2888 namcf,
1384 2855 1474 2890 popt'li,
1487 2851 1611 2888 pro,agri.
