1962 3121
186 97 236 124 Ι-ΓΙ

186 154 263 181 nobis
284 161 356 181 cura:
380 153 444 180 est?
467 152 593 187 numquid
621 155 741 179 nostrum
765 151 904 186 quisquam
930 149 980 176 ltoc

181 199 308 236 jurnvit?
330 199 375 226 ille
400 198 590 226 inconsiderati
613 204 706 232 pmuas
729 197 804 225 dabit
824 196 979 232 juramenti.

185 246 273 280 Quare
286 252 402 280 namque
411 244 540 279 iurabat?
554 244 588 271 At
601 244 666 271 nihil
677 243 808 279 ejusmodi
821 242 980 277 cogitarunt.

185 291 233 318 sed
255 298 317 318 cum
340 290 424 318 multa
449 290 596 318 transibant
619 290 768 318 reverentia
789 298 795 316 :
816 293 844 316 et
863 295 922 316 cum
942 292 983 315 tot

187 341 277 364 essent
287 358 294 368 ,
310 344 370 371 quze
384 337 457 371 ipsos
470 336 610 364 allicerent
620 356 627 368 ,
643 335 811 369 disciplinam
827 334 979 366 servabant,

186 382 219 409 Et
235 382 356 409 transibat
381 382 491 417 populus
514 382 617 416 loquens
636 382 680 415 (l.
694 381 757 416 Reg.
771 382 814 408 η.
825 381 860 408 26
869 380 889 416 ).
911 381 980 414 Quid

186 431 227 454 est
237 448 244 459 ,
259 427 398 462 Loquens?
419 428 542 455 Dolorem
556 427 644 454 verbis
657 428 825 454 consolantes
839 428 907 454 inter
921 435 981 455 sese

185 473 371 507 loquebantur.

218 519 244 546 5.
261 519 327 552 Quid
343 519 432 553 igitur,
448 525 586 554 postquam
596 520 682 547 omnis
691 520 803 554 populus
815 520 980 554 disciplinam

187 562 315 597 servavit,
332 572 396 591 nunt
411 564 474 592 nihil
490 565 603 600 amplius
617 571 704 592 actum
718 570 768 597 est,
786 566 832 593 sed
846 571 980 592 servatum

187 614 229 636 est
250 609 451 644 juramentum?
480 610 535 638 Nec
562 611 596 637 ila
622 611 728 645 qttidem
760 616 892 638 servatum
921 617 979 644 est,

187 655 233 682 sed
264 660 431 683 temeratum.
470 656 590 689 Qualiter
623 662 733 690 autem,
768 662 796 684 et
825 659 979 692 quomodo,

187 701 275 727 statim
305 701 439 734 audietis,
462 707 490 729 ut
522 707 549 729 et
568 711 674 730 omncnt
700 703 796 730 diaboli
824 709 907 730 artem
932 704 981 731 ad-

187 746 306 774 discatis.
339 747 464 774 Jonatltas
486 748 574 780 enim,
604 749 646 782 qui
675 757 725 775 non
745 748 860 775 audierat
885 754 981 784 patrem

187 801 262 819 suum
281 793 430 827 jurantem,
454 795 563 821 extendit
585 796 752 822 summitatem
779 796 889 830 sceptri,
915 796 982 830 quod

188 839 293 866 habebat
318 840 345 866 in
365 848 442 866 manu
463 849 527 874 sua,
543 845 566 867 et
590 841 691 867 intinxit
716 841 743 868 in
770 843 854 876 favum
878 842 981 874 mellis,

188 889 212 910 et
223 886 342 912 convertit
358 894 460 912 manum
471 895 543 913 suam
564 887 590 913 in
609 896 636 913 as
657 895 749 920 suum,
774 892 797 914 et
820 892 983 923 respexerunt

188 931 254 957 oculi
269 931 324 965 ejus
339 931 347 965 (
363 932 387 958 t.
402 931 466 966 Reg.
481 932 523 959 Η.
536 932 572 959 27
582 932 604 967 ).
619 931 684 960 Vide
698 940 777 967 quem
789 933 821 960 ad
837 933 982 968 perjurium

189 976 303 1010 impulit,
317 984 369 1004 non
383 985 464 1004 unum
476 977 588 1004 militum
599 998 606 1011 ,
623 977 670 1005 sed
686 978 772 1013 ipsum
781 978 862 1013 jurati
874 978 956 1006 ﬁlium
974 987 982 1007 :

189 1030 240 1050 nec
259 1023 329 1049 enim
345 1023 490 1058 periurium
506 1028 611 1058 patrare
627 1028 728 1051 tantum
748 1024 856 1051 volebat
870 1017 983 1055 ,‘verum

189 1071 217 1094 et
230 1067 274 1094 ﬁlii
290 1068 388 1095 cmdeut
403 1069 581 1103 Componeltat
591 1090 598 1100 ,
613 1074 639 1096 et
655 1069 704 1096 ltoc
721 1074 798 1096 antea
813 1069 982 1103 moliebatur,

189 1118 216 1141 et
229 1118 350 1140 naturaut
363 1114 446 1149 ipsam
461 1119 554 1142 contra
564 1115 679 1149 seipsam
691 1115 810 1143 dividere
824 1115 982 1143 festinabat:

189 1165 217 1187 et
229 1160 299 1194 quod
314 1161 376 1187 olim
394 1161 419 1188 in
433 1160 556 1196 Jephthte
571 1161 671 1189 fecerat
685 1162 782 1196 (ludic-
800 1163 841 1189 ll.
856 1163 900 1198 59)
910 1184 917 1195 ,
934 1163 986 1191 hoc

191 1209 217 1232 et
226 1210 318 1240 postea
331 1214 360 1233 se
373 1206 503 1234 facturum
515 1207 648 1242 sperabat.
664 1208 767 1234 Etenim
779 1208 824 1235 ille
840 1209 894 1236 Deo
909 1210 985 1243 polli-

189 1252 258 1278 citus
272 1259 302 1279 se
314 1252 428 1287 priutum
443 1253 494 1279 sibi
509 1260 680 1280 occursurum
697 1260 756 1287 post
770 1254 829 1282 belli
848 1255 985 1282 victoriam

189 1297 369 1331 iugulatorum
387 1318 394 1330 ,
412 1297 440 1324 in
460 1298 521 1325 ﬁliae
536 1306 628 1326 necent
650 1299 745 1326 cecidit
761 1307 768 1332 ;
786 1299 893 1327 ﬁliolatn
913 1300 984 1328 enim

191 1343 304 1377 primattt
329 1344 380 1371 sibi
403 1349 586 1371 ocettrrentem
612 1345 779 1378 immolavit,
801 1351 828 1373 et
848 1346 918 1374 Deus
933 1354 985 1374 non

191 1389 336 1424 prohibuit.

227 1436 347 1470 lepid/ia:
368 1437 481 1471 exemplo
499 1437 638 1471 juramenti
651 1437 772 1463 damnum
786 1438 937 1464 ostenditur.
952 1453 987 1457 —

192 1482 226 1509 Et
236 1483 296 1508 novi
311 1482 416 1516 quidem
433 1483 579 1510 inﬁdelium
596 1484 693 1510 multos
706 1484 890 1511 crudelitatem
907 1488 933 1510 et
948 1485 987 1510 in-

194 1529 384 1556 humanitatcm
399 1530 475 1556 nobis
491 1530 672 1565 improperare
686 1535 794 1565 propter
816 1530 866 1557 ltoc
886 1530 987 1559 sacriﬁ-

193 1576 280 1607 cium;
305 1583 355 1610 ego
381 1584 444 1603 vero
464 1577 554 1604 multa}
584 1577 758 1611 providentiae
785 1581 812 1604 et
838 1578 987 1604 clementia:

193 1620 449 1649 demonstrationem
474 1622 677 1657 permissionem
698 1624 723 1649 in
740 1623 790 1650 ltoc
803 1623 934 1650 sacriﬁcio
949 1623 987 1650 fa-

193 1671 264 1693 ctum
284 1674 344 1694 esse
367 1668 495 1700 dicerem,
521 1673 546 1695 et
571 1669 641 1703 quod
665 1669 770 1703 generis
791 1669 874 1696 nostri
897 1677 987 1697 curam

195 1720 306 1747 gerens,
322 1713 422 1740 cmdcm
439 1713 511 1740 illam
527 1722 578 1741 non
595 1714 770 1748 prohibuerit.
794 1715 821 1741 Si
844 1715 915 1742 enim
929 1719 990 1749 post

196 1765 286 1786 votum
302 1765 328 1787 et
342 1761 545 1795 promissionem
570 1761 641 1788 illam
661 1762 819 1789 sacriﬁciunt
836 1762 989 1797 prohibuis-

197 1810 247 1838 set,
263 1805 338 1832 multi
359 1806 440 1834 etiam
461 1811 521 1842 post
541 1807 663 1842 Jepbtlta:
677 1807 760 1835 Deum
784 1813 923 1843 sperantes
937 1817 990 1836 non

196 1857 392 1886 suscepturum,
406 1853 486 1879 multa
494 1853 627 1881 vovissent
642 1853 792 1889 bujusmodi
803 1860 874 1887 vota,
889 1859 916 1882 et
927 1862 988 1883 scn-

196 1897 246 1924 sim
275 1898 474 1932 progredientes
497 1899 523 1925 in
546 1898 660 1926 ﬁliorum
689 1900 789 1927 caedent
817 1901 989 1928 incidissent:

175 1978 178 1981 Δ
197 1950 268 1969 nunc
284 1950 349 1970 vero
368 1943 431 1970 illud
451 1951 534 1978 opere
557 1945 715 1979 permittens
729 1945 832 1980 impleri
847 1965 855 1979 ,
870 1950 991 1980 posteros

197 1995 291 2014 omnes
304 1988 449 2023 prohibuit.
478 1989 509 2016 Et
522 1989 591 2024 quod
607 1989 657 2017 hoc
675 1991 710 2017 sit
725 1998 816 2017 verum
826 2012 833 2023 ,
851 1995 991 2026 postquam

198 2034 319 2069 Jephtlne
334 2035 414 2062 ﬁliola
431 2036 478 2062 fuit
489 2036 608 2071 jugulata
626 2058 632 2068 ,
654 2041 684 2064 ut
697 2038 868 2072 sempiterna!
889 2045 992 2064 mento-

197 2081 244 2107 ria:
258 2081 398 2109 calamitas
411 2087 493 2115 esset,
509 2090 560 2109 neu
576 2083 674 2111 malum
690 2084 816 2111 oblivioni
833 2083 991 2115 traderetur,

197 2127 266 2160 apttd
279 2126 386 2154 Judaeos
401 2127 441 2154 lex
457 2133 498 2155 est
516 2129 566 2155 lata
579 2149 586 2158 .
605 2129 720 2164 virgines
735 2129 780 2156 illo
794 2134 914 2164 tempore
929 2137 992 2155 con-

198 2173 336 2200 venientes
363 2174 535 2208 quadraginla
567 2175 660 2201 diebtts
689 2175 858 2202 commissam
892 2175 992 2201 (aedem

198 2218 356 2253 deplorare,
372 2224 399 2246 ut
422 2220 494 2246 luctu
522 2220 603 2247 c:cdis
631 2220 787 2247 memoriam
810 2225 969 2247 renovantes
984 2240 991 2252 ,

204 2269 326 2297 posteros
339 2272 432 2292 omnes
445 2265 632 2299 prudentiores
651 2266 748 2293 faciant
765 2286 772 2298 ,
790 2271 817 2293 et
831 2266 934 2293 discant
956 2265 994 2292 illi

199 2310 227 2335 in
242 2314 330 2336 mente
347 2310 391 2336 Dei
403 2319 455 2337 nott
470 2311 550 2338 fuisse
561 2333 568 2343 ,
585 2316 612 2338 ιιι
635 2311 685 2339 hoc
709 2312 801 2339 ﬁeret:
814 2319 900 2346 neque
921 2312 993 2338 enint

202 2355 292 2389 lugere
311 2360 338 2382 et
353 2356 457 2390 plorare
471 2357 586 2392 virgines
602 2358 775 2392 permisisset.
798 2358 831 2384 Et
855 2357 926 2392 quod
941 2365 992 2384 non

201 2401 356 2434 conjectura
377 2402 408 2428 sit
421 2403 490 2437 quod
507 2403 603 2430 dicitur
616 2423 624 2435 ,
643 2403 703 2431 ﬁnis
716 2403 918 2430 demonstravit.
933 2403 995 2430 Post

202 2447 267 2474 illud
282 2448 352 2474 enim
367 2449 526 2475 sacriﬁcium
547 2457 624 2475 nemo
639 2450 691 2476 tale
711 2449 765 2477 Deo
787 2455 879 2476 vntum
901 2450 993 2481 vovit;

203 2498 343 2528 propterea
369 2494 418 2522 ltoc
443 2503 495 2521 non
523 2496 671 2530 prohibuit:
688 2496 758 2531 qttod
780 2500 869 2523 autem
893 2497 948 2531 ipse
962 2497 995 2523 de

203 2540 275 2567 Isaac
291 2541 473 2574 mandaverat,
488 2543 544 2576 ipse
557 2543 647 2575 vetuit,
662 2551 708 2577 per
719 2544 796 2570 antbo
810 2543 996 2571 demonstrans

203 2594 232 2612 se
249 2595 300 2613 non
316 2587 431 2621 gaudere
444 2587 596 2622 bujusmodi
613 2589 758 2616 sacriﬁciis.
788 2589 841 2616 Sed
868 2590 997 2623 malignus

204 2632 309 2660 (la-mon
324 2637 350 2659 et
366 2641 435 2660 nttuc
448 2634 527 2661 talem
544 2635 698 2668 tragmdiam
721 2640 825 2669 patrare
848 2635 996 2662 contende-

205 2677 249 2703 bat
261 2698 268 2708 ,
283 2677 394 2712 ideoque
406 2677 538 2706 Jouatban
561 2680 592 2706 ad
609 2681 856 2714 prmvaricationem
882 2681 994 2715 impulit.

204 2723 233 2750 Si
254 2724 312 2758 quis
325 2725 395 2751 enim
421 2726 532 2752 militum
559 2726 748 2761 praevaricatns
769 2726 853 2761 legent
879 2727 972 2754 fuisset
989 2747 996 2759 ,

206 2777 258 2796 non
281 2778 404 2806 magnotu
429 2772 454 2798 id
480 2772 577 2799 malum
592 2772 640 2806 ipsi
657 2772 811 2804 videbatur;
828 2781 897 2799 nt‘ne
910 2777 997 2800 autent

208 2818 283 2845 malis
311 2818 487 2847 insaturabilis
515 2819 658 2852 huutauis,
675 2826 724 2846 nec
751 2827 875 2854 umquam
899 2820 997 2848 nostris

551 93 578 122 S.
598 93 737 122 JOANNIS
755 89 993 122 CllBYSOSTOMI
1013 89 1171 119 ARClllEP.
1185 91 1452 122 CONSTANTINOP.

1778 99 1826 126 “8

1036 148 1156 182 expletus
1170 150 1286 177 miseriis
1296 171 1304 184 ,
1319 151 1383 178 nihil
1396 156 1532 180 strenuum
1548 160 1576 180 se
1594 153 1681 181 facere
1695 155 1804 188 putabat
1817 175 1826 187 .

1034 194 1056 220 si
1074 194 1174 221 catdem
1197 196 1336 224 moliretur
1350 197 1513 232 simplicem:
1527 199 1573 226 sed
1595 200 1644 227 nisi
1669 199 1717 226 tllii
1742 206 1826 229 morte

1033 241 1104 276 regis
1127 241 1264 269 dexteram
1284 243 1424 277 pollueret,
1448 243 1541 272 fecisse
1563 244 1628 272 nihil
1646 253 1677 272 se
1698 253 1824 281 magnum

1032 286 1220 314 arbitrabatur.
1238 289 1271 315 Et
1284 288 1347 324 quid
1371 289 1432 316 dico
1457 290 1503 317 filii
1523 291 1644 318 aedem?
1665 293 1826 327 excogitatit

1033 333 1105 360 enim
1121 334 1267 362 sceleratus
1292 336 1336 363 ille
1349 340 1377 363 et
1391 335 1441 364 hac
1462 345 1568 364 rursum
1590 338 1824 366 exsecrabiliorem

1033 379 1119 406 moliri
1132 379 1232 407 cuidem
1246 382 1257 407 Ἰ
1270 381 1297 408 Si
1306 381 1377 408 enint
1389 383 1475 410 sciens
1490 388 1635 417 peccasset,
1651 388 1679 411 et
1690 384 1826 419 jugulatns

1033 425 1139 457 fuisset,
1157 425 1203 453 ﬁlii
1215 426 1303 454 ert-des
1316 431 1417 454 tantum
1445 428 1471 455 id
1493 434 1550 455 erat
1567 439 1573 456 :
1602 438 1671 457 nunc
1690 435 1780 457 autem
1794 439 1825 457 οι

1033 472 1181 506 ignorantia
1191 474 1377 507 praevaricatus
1389 475 1450 510 (nec
1458 476 1528 503 enim
1540 476 1822 512 audivitjuramenta).

1032 517 1128 544 deinde
1140 517 1305 550 interfectus,
1317 520 1449 555 duplicem
1465 523 1533 556 patri
1546 522 1665 549 dolorem
1681 522 1824 550 effecisset:

1033 562 1115 589 tilium
1126 563 1207 596 enim,
1220 568 1247 591 et
1262 564 1343 592 lilium
1357 566 1402 600 qui
1417 566 1481 593 nihil
1498 573 1652 601 peccaverat
1669 589 1675 599 ,
1700 568 1822 594 immola-

1034 612 1108 634 turus
1122 612 1189 635 erat.
1202 609 1254 635 Sed
1275 609 1330 644 jam
1346 611 1378 637 ad
1392 611 1509 638 historim
1525 612 1626 647 reliqua
1640 613 1759 640 eundum
1774 618 1823 640 est.

1033 653 1176 688 Postquam
1191 655 1260 682 enim
1289 657 1424 689 comedit,
1440 657 1610 692 Respexerunt
1631 659 1697 685 oculi
1722 659 1802 694 ipsius
1817 680 1824 692 ,

1044 699 1141 733 inquit.
1151 698 1262 725 Multam
1273 704 1299 726 et
1310 700 1372 727 ltinc
1381 701 1451 734 regis
1458 706 1568 729 accusat
1579 703 1734 734 stultitiam,
1744 703 1832 730 decla-

1044 754 1108 773 rans
1119 747 1219 773 milites
1227 754 1341 774 cunctos
1348 747 1404 775 fere
1411 748 1509 776 famem
1519 749 1711 781 obeaacasse,et
1720 751 1831 776 ntultzuu

1042 793 1164 828 ipsorum
1181 794 1269 820 oculis
1288 794 1421 822 infudisse
1435 795 1591 829 caliginem.
1604 795 1703 823 Postea
1721 798 1831 831 conspi-

1042 843 1118 865 catus
1129 838 1238 872 quidant
1256 838 1383 870 militum,
1397 839 1434 865 ait
1446 849 1452 865 :
1464 839 1600 873 Adjurans
1616 840 1832 875 ndjurnvitpater

1042 889 1102 911 tuus
1117 885 1253 919 populum,
1268 885 1357 912 dicens
1372 894 1381 912 :
1398 885 1558 912 Maledictus
1575 887 1613 913 vir
1626 888 1671 921 qui
1690 888 1831 914 comederit

1040 939 1133 966 partem
1144 931 1222 958 hodie
1237 940 1246 958 .'
1256 936 1280 957 et
1291 931 1386 966 defecit
1403 932 1526 966 populus.
1543 932 1576 958 Et
1589 933 1658 959 dixit
1672 932 1804 959 Jonatlms
1819 943 1828 961 :

1039 978 1167 1005 Dissolvit
1178 983 1253 1012 pater
1264 987 1335 1005 meus
1349 983 1446 1006 terram
1457 980 1493 1014 (l.
1510 979 1572 1014 Reg.
1585 979 1682 1007 “.28.
1694 981 1752 1014 ‘29).
1761 980 1829 1012 Quid

1037 1027 1089 1055 est,
1109 1022 1254 1050 Dissolvit.’
1264 1022 1398 1056 Perdidit,
1414 1024 1537 1058 corrupit
1558 1032 1663 1052 omnes.
1686 1024 1832 1052 Temerato

1039 1068 1311 1103 igiturjurejurando
1321 1076 1418 1096 omnes
1430 1069 1565 1099 tacebant.
1581 1074 1606 1097 et
1620 1078 1696 1096 rettm
1714 1077 1796 1097 nemo
1806 1071 1832 1097 in

1037 1114 1157 1140 medium
1171 1122 1251 1149 agere
1261 1114 1389 1141 audebat.
1406 1113 1465 1141 Non
1482 1115 1729 1152 modicumautem
1744 1121 1771 1142 et
1783 1115 1833 1142 hoc

1037 1159 1110 1186 aliud
1120 1160 1223 1187 crimen
1235 1159 1336 1187 factum
1347 1164 1403 1192 est;
1414 1168 1468 1187 non
1482 1161 1552 1187 enim
1566 1161 1654 1187 solum
1667 1161 1832 1195 pejcrantt-s.

1037 1205 1083 1231 sed
1091 1209 1118 1232 et
1127 1206 1229 1232 conscii
1240 1210 1267 1233 et
1275 1206 1431 1241 obtegentes
1442 1207 1604 1234 criminibus
1616 1208 1832 1234 communicant.

1072 1247 1099 1274 4.
1114 1246 1213 1274 Verum
1226 1247 1337 1282 reliquia
1352 1247 1496 1275 videamus.
1513 1248 1546 1274 Et
1568 1249 1649 1282 inquit
1669 1249 1756 1276 Sail:
1779 1249 1827 1276 De-

1037 1294 1188 1320 scendamua
1205 1299 1261 1328 post
1271 1294 1434 1331 alienigenas,
1448 1299 1471 1320 et
1484 1294 1635 1329 diripianzus
1654 1303 1695 1321 eo:
1704 1302 1714 1321 .'
1729 1302 1753 1321 et
1766 1295 1830 1321 dixit

1037 1341 1164 1373 sacerdos,
1181 1340 1335 1367 Accedamut
1347 1340 1396 1367 huc
1407 1339 1442 1366 ad
1456 1339 1537 1367 Deum
1551 1339 1631 1374 (Ibid.
1640 1350 1666 1367 ν.
1682 1340 1739 1375 56).
1753 1341 1829 1367 Anti-

1037 1387 1126 1422 quitus
1139 1387 1210 1414 enim
1226 1386 1295 1414 Deus
1307 1386 1361 1413 dux
1376 1392 1434 1413 erat
1448 1386 1589 1418 bellorum,
1604 1391 1631 1413 et
1644 1386 1745 1420 absque
1761 1386 1830 1412 illius

1038 1434 1168 1460 sententia
1184 1440 1327 1467 numquam
1340 1433 1469 1467 attingere
1489 1440 1602 1466 pugnam
1617 1433 1674 1459 ausi
1694 1432 1806 1458 fuissent
1820 1452 1827 1462 ,

1038 1486 1065 1506 et
1078 1480 1174 1507 bellum
1200 1480 1264 1514 ipsis
1288 1479 1392 1513 pietatis
1413 1479 1523 1506 tnateria
1540 1479 1628 1506 ﬁebat.
1643 1479 1697 1506 Nec
1712 1479 1783 1506 enini
1798 1487 1828 1506 ex

1039 1528 1158 1562 corporis
1170 1527 1334 1559 inﬁrmitate,
1349 1526 1396 1553 sed
1412 1531 1519 1561 propter
1529 1531 1636 1561 peccata
1647 1526 1828 1557 \‘ithtfbllllllll‘,

1040 1574 1062 1600 si
1075 1573 1181 1608 quando
1194 1573 1256 1599 victi
1271 1577 1348 1599 sunt:
1367 1579 1416 1599 nec
1426 1572 1542 1606 potentia
1558 1577 1585 1598 et
1597 1571 1753 1598 fortitudine
1766 1591 1772 1602 ,
1785 1571 1830 1598 sed

1040 1628 1154 1654 superna
1169 1620 1353 1647 benevolentia
1369 1619 1520 1651 vincebant,
1537 1617 1760 1652 quandocumque
1772 1617 1830 1643 vin-

1040 1667 1136 1694 cebant
1150 1676 1155 1692 2
1172 1671 1199 1693 et
1218 1666 1329 1693 victoria
1346 1671 1374 1693 at
1388 1665 1476 1692 clades
1496 1665 1652 1691 exercitatio
1666 1664 1732 1697 ipsis
1744 1668 1771 1690 et
1782 1664 1832 1689 vir-

1042 1714 1106 1740 tutis
1119 1713 1258 1740 iustructio
1273 1717 1330 1739 erat
1344 1722 1349 1738 ε
1367 1720 1416 1739 nec
1433 1713 1496 1745 ipsis
1510 1717 1621 1743 tantum,
1637 1711 1683 1738 sed
1698 1711 1779 1738 etiam
1793 1711 1831 1745 ip-

1042 1768 1086 1786 sos
1099 1759 1321 1794 oppugnantibus.
1337 1759 1439 1785 Etenim
1454 1758 1504 1784 hoc
1515 1758 1578 1792 ipsis
1590 1757 1759 1784 manifestum
1767 1762 1831 1787 erat,

1041 1805 1111 1840 quod
1128 1814 1179 1831 uon
1200 1812 1334 1831 armorum
1351 1809 1443 1831 natura
1459 1825 1466 1835 ,
1491 1804 1538 1830 sed
1562 1803 1716 1830 bellantium
1734 1803 1786 1828 vita
1808 1806 1833 1828 et

1043 1851 1143 1878 meritis
1159 1859 1218 1878 cum
1231 1850 1328 1877 ludatis
1341 1850 1440 1877 bellum
1454 1849 1656 1876 decernebatur.
1671 1848 1728 1874 lloc
1746 1848 1833 1882 itaque

1043 1897 1158 1924 scientes
1184 1896 1338 1928 Madianmi,
1363 1899 1391 1922 et
1413 1899 1605 1928 cognoscentes
1630 1899 1739 1928 gentem
1765 1893 1834 1920 illam

1043 1943 1273 1978 inexpugnabilem
1288 1950 1348 1969 esse
1364 1963 1372 1975 ,
1393 1947 1420 1969 et
1441 1941 1571 1968 machinis
1591 1941 1697 1976 quidem
1714 1946 1742 1967 et
1756 1941 1836 1968 armis

1043 1989 1187 2024 expugnari
1202 1996 1255 2016 non
1269 1995 1347 2023 posse
1357 2009 1364 2021 ,
1381 1993 1491 2023 peccato
1503 1994 1569 2014 vero
1583 1991 1684 2013 tantum
1700 1987 1773 2020 ipsos
1794 1993 1838 2012 ca-

1044 2043 1107 2071 pere
1122 2035 1198 2062 facile
1210 2041 1270 2062 esse
1287 2055 1295 2067 ,
1316 2033 1433 2068 virgines
1446 2033 1582 2068 spcciosas
1594 2037 1723 2059 ornantes
1738 2036 1765 2058 et
1776 2036 1837 2059 ante

1044 2087 1129 2109 castra
1143 2086 1292 2109 statuentes
1301 2101 1309 2113 ,
1324 2080 1357 2107 ad
1371 2080 1507 2107 lasciviam
1522 2079 1620 2106 milites
1633 2078 1817 2113 provocabant
1829 2098 1836 2110 ,

1045 2136 1092 2163 per
1106 2127 1306 2154 fornicatiouettt
1323 2126 1369 2153 Dei
1395 2125 1524 2152 auxilium
1548 2124 1654 2151 auferre
1678 2124 1836 2151 studentes:

1045 2174 1116 2209 quod
1132 2174 1239 2208 quidem
1254 2178 1282 2200 ct
1303 2174 1402 2199 evenit.
1417 2172 1558 2206 Postquam
1574 2171 1644 2198 enim
1658 2171 1684 2197 in
1700 2175 1838 2205 peccatum

1047 2221 1197 2248 inciderunt
1207 2241 1214 2253 ,
1228 2220 1352 2247 omnibus
1366 2219 1425 2245 facti
1440 2223 1503 2245 sunt
1513 2217 1720 2252 cxpugnabiles:
1736 2222 1763 2243 et
1773 2223 1839 2251 quos

1048 2275 1121 2294 arma
1136 2272 1163 2293 et
1186 2267 1246 2301 equi
1261 2271 1288 2292 et
1301 2266 1399 2292 milites
1414 2269 1440 2291 et
1459 2269 1496 2290 tot
1511 2265 1724 2290 machinamenta
1745 2271 1840 2296 capere

1047 2322 1099 2341 non
1119 2318 1262 2348 potuerunt
1275 2334 1281 2345 ,
1300 2313 1348 2340 hos
1369 2313 1469 2347 peccati
1486 2316 1579 2338 natura
1603 2310 1706 2336 vinctos
1721 2309 1840 2335 hostibus

1049 2360 1270 2395 tradiditzclypei
1298 2358 1405 2394 quidem
1430 2363 1456 2385 et
1481 2357 1563 2384 hasta:
1579 2361 1604 2384 et
1626 2357 1732 2390 sagitta:
1747 2363 1840 2382 omnes

1049 2407 1145 2434 frustra
1168 2411 1261 2437 erant;
1277 2406 1365 2432 vultus
1378 2410 1466 2431 autem
1484 2404 1567 2430 fornta
1592 2408 1618 2429 ct
1634 2402 1715 2429 animi
1732 2401 1838 2428 lascivia

1049 2454 1098 2480 ltus
1108 2452 1268 2486 expugnavit
1279 2473 1284 2481 ,
1297 2450 1394 2485 alioqui
1407 2455 1539 2476 strenuos.
1558 2449 1701 2481 Propterea
1717 2447 1840 2474 admonet

1049 2500 1155 2535 quidaut
1174 2499 1295 2525 dieeus’:
1314 2496 1354 2523 Ne
1377 2496 1459 2523 discas
1482 2495 1693 2529 pntr/rrilmlinem
1711 2493 1820 2519 alienam
1836 2514 1842 2522 ,

1048 2551 1072 2573 et
1088 2555 1117 2572 ne
1130 2553 1246 2572 occurras
1265 2543 1362 2570 mulieri
1375 2542 1509 2577 fornicrmti
1526 2542 1535 2576 (
1549 2540 1628 2566 Ecrti.
1646 2540 1672 2567 9.
1686 2541 1712 2566 8.
1730 2540 1746 2566 3
1760 2540 1777 2573 ).
1792 2538 1844 2565 Mel

1050 2595 1116 2620 enim
1131 2592 1236 2618 distilla!
1249 2599 1265 2616 a
1275 2590 1346 2616 labiis
1360 2589 1471 2615 mulieris
1486 2587 1643 2621 fornicantis,
1658 2586 1726 2620 quod
1740 2585 1774 2611 ad
1782 2590 1842 2610 Irm-

1051 2639 1245 2676 pnsimpingnut
1259 2642 1345 2671 guttur
1356 2642 1425 2662 luunt
1440 2656 1446 2666 ,
1463 2635 1621 2669 postmodum
1635 2637 1719 2658 autem
1733 2632 1840 2657 munrittt

1052 2686 1109 2714 felle
1122 2687 1203 2720 ipsum
1216 2684 1323 2710 invenies
1335 2703 1342 2715 ,
1354 2687 1376 2708 et
1387 2682 1484 2707 acutius
1500 2680 1584 2714 gladio
1598 2678 1702 2713 ancipiti
1713 2677 1802 2711 (Prov.
1815 2677 1839 2703 5.

1052 2733 1077 2758 3.
1095 2733 1131 2766 4).

1083 2791 1091 2805 ¹
1111 2788 1161 2815 Alii,
1175 2786 1269 2818 sapiens
1281 2784 1380 2815 quidam
1391 2783 1481 2808 dicens.
1492 2781 1552 2806 Infra
1564 2781 1604 2806 alii
1618 2788 1623 2792 ”
1638 2779 1736 2810 Qtta’ttd
1745 2783 1839 2808 tempus.

1051 2828 1103 2853 pro,
1116 2817 1179 2850 quod
1192 2817 1223 2843 ad
1237 2821 1338 2846 tempus.
