1962 3121
117 149 161 174 HS
559 152 604 179 AD
624 151 784 180 POI‘ULUM
804 152 1048 181 ANTIOCHENUH
1080 154 1193 182 llOMlL.
1215 155 1283 183 XIV.

146 206 308 234 Meretricum
322 216 415 235 mores.
428 223 462 228 —
471 208 594 236 Meretrix
609 210 680 237 enim
693 217 785 237 amare
803 210 906 243 nescit,

111 252 155 279 sed
169 253 312 281 insidiatur
337 259 456 287 tantum;
472 263 602 283 venenum
627 256 708 283 habet
730 256 813 291 ipsius
827 264 908 283 oscu—

111 298 171 329 lum.
182 303 209 325 et
224 300 347 327 toxicum
363 301 541 336 perniciosum
554 309 595 328 os.
620 302 647 329 Si
660 310 724 329 vero
746 310 800 330 non
820 303 908 330 statim

109 351 230 380 apparet,
245 345 310 373 ideo
326 348 412 382 magis
426 348 510 383 ipsam
537 348 628 383 fugere
641 353 747 383 oportet
758 370 765 380 .
781 350 908 384 quoniam

109 392 202 426 obtegit
227 394 378 426 perniciem
393 399 421 421 et
438 401 551 422 mortem
572 395 652 422 habet
669 396 781 424 celatam
795 417 802 428 ,
820 405 869 424 nec
894 405 908 423 a

108 439 258 472 primordiis
275 442 448 468 manifestam
460 449 589 476 apparere
615 444 752 477 permittit.
783 443 873 479 Itaque
885 444 908 471 si

107 486 161 519 quis
169 486 339 520 voluptatem
348 494 468 515 sectatur
474 494 499 515 ct
509 490 587 516 vitam
595 489 692 516 hctitizc
701 490 816 524 plenam.
827 490 910 516 forni-

107 531 218 558 cautium
234 534 378 561 consortia
392 535 534 562 mulierum
551 535 631 570 fugiat
643 545 649 562 :
661 536 813 563 bellisenint
829 537 907 563 innu-

107 577 181 603 meris
195 583 223 604 et
238 579 404 608 tumultibus
418 585 567 608 amatormn
583 582 687 609 animos
703 582 823 616 implent,
838 589 904 609 eon-

109 624 189 651 tinuas
212 625 280 659 ipsis
307 633 413 661 pugnas
428 628 667 661 contentioneSque
683 629 847 655 concitantes
861 636 909 663 per

107 671 191 702 verba,
206 679 255 705 per
271 679 357 706 opera
372 675 479 701 omnia:
495 679 523 701 et
543 675 611 701 sicut
626 675 741 702 hostium
757 675 907 701 inimicissi-

108 717 138 742 mi
149 737 156 746 ,
171 716 210 743 sic
226 717 354 751 profecto
377 723 405 746 et
421 719 461 746 lue
475 720 564 746 omnia
580 719 678 746 faciunt
693 725 720 747 et
740 720 908 754 negotiantur

107 762 136 788 ad
149 762 198 789 hoc
211 783 217 793 ,
235 769 264 789 ut
281 763 335 798 ipsi
350 765 377 791 in
392 765 564 800 ignominiam
580 771 608 793 et
620 770 804 800 paupertatem
818 770 907 792 extre-

109 816 197 843 maque
217 809 292 836 mala
319 811 452 838 incidant.
474 812 506 839 Et
520 812 745 847 quemadmodum
765 817 907 840 venatores

109 854 201 882 retibus
215 857 342 883 extensis
358 858 500 893 sylvestria
513 859 637 886 animalia
650 859 795 886 immittere
807 866 904 893 aggre-

109 901 222 937 diuntur,
241 907 271 929 ut
287 903 346 937 ipsa
361 903 504 938 jugulent:
522 904 556 931 ita
571 904 651 932 etine
668 909 808 940 postquam
829 905 906 931 lasci-

112 951 156 977 vim
169 959 273 985 pennas
285 951 407 985 undique
414 951 584 979 extenderint
598 959 646 986 per
657 951 748 978 oculos
762 956 788 978 et
801 950 907 978 habitus

108 1000 132 1022 et
142 996 218 1023 verba
232 1017 240 1028 ,
256 1002 354 1031 postea
366 1004 431 1024 suos
446 997 568 1032 injiciunt
579 1002 713 1024 amatores
724 1003 750 1024 et
765 997 902 1032 colligant,

108 1050 154 1068 non
170 1043 242 1076 prius
253 1043 422 1070 obsistentes
433 1065 440 1076 ,
451 1051 530 1078 quam
541 1048 567 1070 et
579 1044 697 1078 ipsorutn
711 1051 832 1071 cruorem
848 1044 905 1070 ehi—

108 1087 198 1121 berint,
216 1089 382 1117 insultantes
397 1090 577 1124 postmodum,
593 1094 619 1117 et
632 1090 750 1125 ip~orum
765 1090 904 1117 stultitiam

107 1141 253 1168 carpentes,
269 1140 299 1162 et
310 1136 424 1162 multum
439 1135 473 1163 de
488 1136 551 1170 ipsis
562 1137 644 1162 risum
655 1136 805 1163 fundentes.
814 1136 905 1170 Neque

108 1182 170 1208 enim
183 1187 210 1208 ut
229 1182 450 1210 misericordiam
475 1183 592 1209 inveniat
606 1182 700 1218 digitus
714 1187 755 1209 est
769 1182 905 1216 hujnsmo-

108 1227 149 1259 di,
171 1227 218 1254 sed
236 1232 265 1254 ut
289 1228 449 1255 derideatur
467 1233 494 1255 et
513 1228 668 1255 mordeatur
681 1249 688 1260 ,
705 1236 765 1255 cum
782 1228 903 1259 muliere,

108 1277 132 1298 et
154 1272 265 1300 muliere
295 1274 443 1300 meretrice
462 1273 585 1300 stolidior
604 1278 742 1308 appareat.
759 1273 904 1308 Propterea

109 1325 194 1345 rursus
204 1326 253 1345 nos
266 1318 399 1346 admonet
414 1319 521 1354 sapiens
534 1319 578 1346 ille
589 1326 648 1346 cum
664 1319 742 1346 dicit:
757 1318 818 1345 Bibe
827 1327 905 1353 aquas

109 1363 137 1389 de
148 1365 210 1390 vasis
224 1365 275 1391 tuis
289 1370 314 1392 et
331 1365 362 1392 de
375 1370 477 1392 tuorum
491 1370 622 1400 puteorum
636 1367 725 1401 fonte:
738 1370 765 1392 et
780 1373 884 1392 rursum
896 1386 903 1397 ,

109 1409 193 1437 Cervus
205 1411 329 1438 amicitice
340 1416 364 1438 et
376 1411 463 1446 pullus
481 1417 581 1438 tuarum
595 1412 734 1446 gratiarum
747 1417 906 1438 conversetur

109 1461 182 1482 terum
196 1458 204 1491 (
219 1457 300 1484 Prov.
327 1459 354 1487 5.
376 1459 420 1486 15.
438 1466 463 1486 et
482 1468 538 1494 sqq.
558 1458 566 1493 )
579 1466 585 1484 :
600 1458 632 1485 de
646 1466 728 1485 uxore
743 1466 789 1492 per
801 1458 906 1492 nuptia-

111 1512 162 1530 rum
175 1504 259 1539 legem
272 1505 447 1533 cohabitante
457 1506 516 1533 talia
530 1506 622 1533 dicens
634 1514 640 1531 :
657 1506 728 1539 Quid
741 1505 905 1540 derelinquis

109 1550 271 1584 adjutricem,
291 1557 320 1578 et
332 1551 366 1578 ad
382 1552 573 1579 insidiatricem
584 1553 692 1580 curris?
707 1552 769 1587 quid
782 1553 843 1579 vita:
856 1559 903 1579 so-

110 1596 170 1622 ciam
184 1598 321 1624 aversaris
335 1618 342 1630 ,
360 1603 386 1624 et
398 1605 475 1630 eam,
497 1606 558 1632 quae
579 1597 661 1625 vitam
683 1603 754 1625 tuatn
774 1597 905 1625 subvertit

110 1643 233 1670 sectaris?
250 1643 316 1671 llaec
339 1643 490 1671 membrum
517 1649 589 1670 tuum
610 1649 636 1671 et
659 1652 755 1679 corpus
774 1648 837 1676 est;
861 1644 903 1670 illa

111 1690 204 1723 gladius
217 1698 326 1719 acutus.
345 1692 490 1726 Propterea
502 1713 509 1722 ,
525 1693 615 1720 dilecti
627 1713 634 1725 ,
650 1692 732 1727 fugite
747 1692 903 1720 fornicatio-

111 1744 164 1762 nctn
177 1741 202 1763 et
217 1743 333 1772 propter
348 1738 491 1772 pruentia
506 1739 576 1765 mala
592 1759 598 1769 ,
623 1744 649 1766 et
664 1742 775 1773 propter
798 1746 902 1772 puniant

111 1781 226 1809 laturam.
251 1783 335 1811 Forte
355 1789 512 1819 argumento
533 1785 667 1812 excidisse
689 1785 812 1812 videmur
827 1806 834 1818 ,
855 1785 902 1812 sed

112 1826 156 1854 hoc
165 1836 215 1855 non
228 1833 271 1856 est
282 1829 427 1862 excidere;
448 1837 502 1857 non
521 1830 591 1859 enim
612 1829 739 1857 histerias
750 1831 826 1858 vobis
836 1831 902 1858 sim-

112 1873 207 1907 pliciter
226 1875 320 1910 legcre
335 1875 478 1908 volumus,
501 1876 547 1903 sed
569 1876 749 1911 nequitiarum
767 1884 815 1903 vos
835 1876 903 1903 infe-

112 1920 231 1946 stantium
251 1928 391 1956 quamque
413 1921 562 1956 corrigere:
579 1921 640 1949 ideo
654 1921 809 1957 frequentes
828 1922 904 1950 vobis

112 1963 274 1993 immittimus
298 1967 484 2001 correptiones
500 1988 507 1998 ,
529 1967 631 1994 varium
652 1967 727 1994 vobis
751 1975 902 1995 sermonem

112 2016 293 2039 construentes
304 2033 311 2044 ,
325 2013 387 2047 quia
399 2013 484 2040 varias
496 2014 667 2048 :rgritudines
681 2014 707 2041 in
718 2019 791 2041 tanto
805 2014 903 2049 populo

111 2063 164 2083 esse
175 2058 322 2085 Verisimile
336 2063 376 2086 est
391 2068 398 2085 :
424 2067 473 2087 nec
494 2068 575 2087 untun
597 2061 682 2088 Stliutll
698 2068 793 2088 curare
808 2061 903 2088 vulnus

112 2103 181 2130 nobis
195 2106 364 2140 propositum
377 2107 483 2138 est,sed
497 2108 577 2133 mttlta
594 2113 623 2134 et
638 2108 725 2134 varia:
741 2107 842 2135 idcirco
853 2115 899 2134 va-

112 2150 174 2178 rium
191 2152 276 2179 etiam
297 2160 358 2180 esse
378 2153 507 2180 doctrinae
532 2154 756 2181 medicamentum
782 2158 898 2189 oportet.

113 2196 257 2226 Redeamus
274 2199 356 2234 igitur
370 2208 404 2227 eo
417 2221 424 2232 ,
441 2200 510 2228 unde
534 2201 646 2236 digressi
661 2210 754 2229 sumus
770 2222 778 2233 ,
801 2207 829 2229 ιιι
844 2203 901 2231 haec

112 2244 264 2273 diceremus.
289 2246 324 2273 Et
341 2247 407 2274 dixit
427 2248 564 2274 sacerdos:
580 2248 735 2274 Accedumus
756 2249 790 2274 ad
809 2248 900 2276 Deum.

114 2289 142 2316 lit
153 2289 228 2318 Deum
241 2292 309 2319 Saftl
321 2293 483 2328 interrogavit
493 2301 502 2320 :
511 2293 549 2320 An
559 2294 708 2320 descendam
718 2299 773 2328 post
781 2294 901 2329 alienige-

113 2345 162 2369 nas,
174 2344 195 2365 et
204 2340 289 2366 trades
304 2340 374 2374 ipsos
388 2341 414 2366 in
426 2349 516 2367 manus
528 2349 596 2367 meas
607 2341 619 2367 ?
640 2339 672 2367 Et
683 2349 734 2367 non
742 2342 870 2375 respondit
879 2342 901 2368 ei

113 2383 136 2409 in
147 2384 184 2411 die
193 2386 238 2412 illa
250 2385 421 2421 Dominusﬂ.
433 2385 497 2422 Reg.
511 2387 553 2414 14.
570 2387 614 2414 36.
631 2387 686 2421 57).
696 2387 812 2422 Respice
826 2387 902 2414 beni-

113 2430 230 2463 gnitatem
249 2436 276 2458 et
292 2431 527 2459 mansuetudinem
542 2433 745 2462 clementissimi
767 2433 824 2460 Dei.
841 2433 898 2460 Non

115 2476 176 2504 enim
200 2478 301 2506 fulmen
324 2480 437 2506 immisit
451 2500 458 2512 ,
474 2488 560 2515 neque
576 2486 675 2508 terram
689 2482 840 2514 concussit;
853 2483 898 2508 scd

114 2524 175 2556 quod
189 2525 214 2552 iu
227 2526 329 2553 amicos
337 2527 415 2554 amici
432 2527 540 2560 faciunt,
555 2527 662 2562 quando
673 2529 843 2556 contumeliis
857 2529 898 2555 af-

115 2566 168 2596 fecti
179 2570 277 2598 fuerint
287 2593 294 2604 ,
312 2572 363 2598 hoc
378 2577 405 2600 et
418 2572 445 2599 in
458 2580 565 2600 servum
580 2573 709 2601 Daminus
723 2573 802 2602 fecit:
818 2575 900 2602 tacuit

116 2616 204 2642 tantum
218 2637 226 2649 ,
250 2624 298 2651 per
319 2617 454 2644 silentium
477 2618 590 2653 loquens
613 2624 641 2646 et
662 2627 769 2646 omnem
784 2620 834 2654 ipsi
849 2620 898 2647 de-

116 2666 255 2689 monstrans
271 2662 492 2697 indignationem.
504 2663 634 2698 Cognovit
645 2664 696 2691 hoe
706 2665 769 2692 sint
787 2686 794 2698 ,
811 2665 845 2692 Et
857 2667 898 2693 di-

116 2705 162 2732 xit:
175 2707 300 2735 Adducite
321 2717 409 2735 omnes
432 2710 511 2737 tribus
535 2711 640 2745 populi,
661 2716 685 2737 et
701 2712 863 2747 cognoscite:
876 2717 898 2738 ct

118 2752 185 2780 videte
198 2755 222 2781 in
240 2763 290 2790 quo
308 2757 404 2790 factum
417 2762 451 2783 est
466 2757 541 2783 hodie
556 2763 686 2791 peccatum
701 2758 748 2784 hac
758 2779 764 2791 ,
778 2759 899 2793 quoniam

117 2798 164 2825 vicit
187 2800 311 2829 Dominus
324 2823 332 2836 ,
356 2803 400 2836 qui
420 2803 516 2830 salvum
536 2805 595 2839 fecit
614 2804 715 2831 Israel:
729 2806 797 2839 quod
814 2806 836 2832 si
859 2815 898 2832 re-

119 2847 228 2878 tponderit
241 2853 334 2876 contra
348 2848 478 2876 Jonathan
491 2849 574 2884 ﬁlium
589 2859 681 2883 meum,
691 2858 770 2878 morte
778 2852 898 2879 morietur

121 2890 148 2923 ll.
165 2892 220 2929 Reg.
237 2895 280 2922 tt.
298 2893 355 2925 58).
368 2894 462 2922 Vidisti
479 2896 676 2925 temeritatem?
689 2898 798 2926 intuitus
813 2903 895 2926 teme-

1705 154 1755 182 150

965 216 1050 238 ratum
1066 212 1339 246 priusjuramentum,
1353 221 1440 248 neque
1454 215 1492 241 sic
1502 214 1657 250 castigatur.
1671 215 1718 242 sed
1731 221 1759 242 et

963 257 1107 284 secundum
1120 258 1212 290 adjicit
1228 266 1344 285 rursum.
1371 259 1403 286 Et
1420 260 1561 288 considera
1582 261 1679 288 diaboli
1702 269 1760 289 ma-

963 303 1110 337 lignitatem
1123 304 1141 330 ¹.
1156 305 1286 338 Quoniam
1310 305 1381 332 enim
1401 307 1600 340 cognoscebat,
1615 307 1685 342 quod
1707 314 1759 333 sa:-

963 351 1022 384 pius
1045 358 1109 385 puer
1130 350 1312 385 deprehensus
1332 356 1360 378 et
1382 351 1407 378 in
1426 352 1541 379 medium
1557 353 1711 387 productus,
1725 361 1757 379 ex

962 397 1021 431 ipso
1040 403 1148 432 aspectu
1168 398 1256 424 statim
1281 403 1383 432 patrem
1407 398 1528 433 mitigare
1552 404 1579 426 et
1597 400 1666 434 regis
1689 399 1757 426 iram

962 443 1066 469 mollire
1091 448 1213 477 poterat,
1228 444 1405 470 secundorum
1428 451 1520 470 rursus
1542 444 1755 478 juramentorum

962 488 1121 515 necessitate
1144 488 1226 523 ipsius
1240 489 1398 515 sententiam
1417 490 1614 523 praeoccupavit
1630 510 1637 521 ,
1658 489 1757 524 duplici

961 534 1076 568 quodam
1090 535 1195 561 vinculo
1209 534 1336 562 cohibens
1351 535 1446 569 ipsum.
1463 543 1512 562 nec
1526 535 1682 569 permittens
1693 543 1757 569 pro-

962 580 1026 614 pria:
1041 581 1097 607 tieri
1113 580 1252 607 scntentim
1267 580 1404 608 dominum
1418 602 1425 613 ,
1440 581 1487 607 sed
1511 581 1628 615 undique
1642 581 1667 608 in
1683 581 1756 608 illam

961 625 1061 653 caedem
1077 627 1192 661 iniquam
1209 627 1358 661 impellens,
1375 632 1401 655 et
1422 627 1538 654 nondtun
1559 632 1696 662 comperto
1711 628 1756 662 qui

961 678 1107 706 peccasset,
1120 673 1249 705 judicium
1259 673 1329 705 fecit,
1345 678 1371 700 et
1386 682 1459 701 reum
1470 674 1601 707 nesciens,
1618 674 1668 700 lata
1677 674 1755 701 dam-

961 719 1032 744 navit
1045 718 1176 746 sententia
1190 727 1196 744 :
1212 724 1239 746 et
1254 724 1329 753 pater
1341 718 1427 746 factus
1439 723 1480 746 est
1504 719 1550 746 filii
1573 719 1691 746 carnifex
1707 740 1714 752 ,
1730 725 1757 746 et

960 767 1022 790 ante
1037 771 1148 791 examen
1163 764 1343 792 damnationis
1365 764 1473 798 protulit
1495 765 1663 792 sententiam.
1688 764 1756 798 Quid

960 809 1011 836 hoc
1026 810 1232 837 irrationabilius
1248 811 1304 837 tit-ri
1320 811 1428 845 posset?

995 857 1021 883 5.
1037 856 1099 884 llzec
1112 857 1192 891 igitur
1203 857 1248 884 illo
1261 857 1365 884 dicente
1380 857 1464 892 magis
1480 857 1566 884 timuit
1585 857 1713 892 populus,
1729 863 1757 886 et

960 910 1053 929 omnes
1064 903 1176 929 erantin
1191 908 1306 930 tremore
1316 907 1343 930 et
1355 904 1449 930 timore
1459 904 1558 930 multo:
1573 904 1694 931 diaholus
1709 913 1757 931 an-

960 953 1012 976 tem
1031 949 1171 976 lauabatur
1186 970 1193 980 ,
1205 956 1264 976 cum
1279 957 1373 975 otnnes
1385 949 1478 976 anxios
1493 949 1654 977 reddidisset
1665 951 1684 976 ³.
1697 949 1756 976 Non

959 991 1025 1021 enim
1040 999 1095 1021 erat
1109 995 1153 1030 qui
1166 995 1326 1029 responderet
1338 1015 1344 1026 ,
1364 995 1467 1029 inquit,
1490 1003 1521 1022 ea:
1535 1000 1586 1022 toto
1607 996 1701 1030 popula
1711 1004 1720 1022 :
1733 1001 1756 1022 ρι

960 1041 1025 1067 dixit
1039 1040 1106 1068 Saﬁl
1121 1061 1127 1073 ,
1149 1040 1198 1067 Vos
1220 1041 1289 1067 eritis
1309 1041 1334 1067 in
1349 1041 1511 1073 servitutem,
1525 1046 1549 1067 et
1571 1049 1616 1076 ego
1640 1046 1663 1068 et
1687 1042 1756 1075 filius

959 1095 1028 1113 meus
1035 1086 1161 1113 Jonathas
1169 1087 1195 1114 in
1207 1087 1350 1114 servitutth
1360 1087 1382 1122 (Ι
1390 1086 1464 1121 .Reg.
1471 1097 1498 1113 v.
1506 1087 1550 1114 59.
1558 1087 1615 1121 40).
1625 1087 1700 1120 Quod
1709 1095 1756 1114 au-

960 1139 1012 1160 tem
1025 1133 1099 1167 dicit,
1117 1134 1169 1161 tale
1179 1138 1237 1161 est:
1252 1133 1322 1160 Nihil
1330 1133 1411 1165 aliud,
1427 1133 1522 1167 inquit,
1538 1134 1660 1166 studetis,
1675 1141 1756 1168 quam

958 1179 1080 1206 hostibus
1100 1187 1148 1206 vos
1171 1179 1276 1206 tradere
1291 1200 1297 1209 .
1320 1183 1348 1206 et
1361 1187 1410 1213 pro
1424 1179 1514 1206 liberis
1525 1187 1620 1206 servos
1643 1178 1733 1206 facere
1746 1200 1753 1212 ,

959 1226 1042 1252 Deum
1062 1230 1154 1252 contra
1175 1233 1223 1252 vos
1246 1225 1403 1260 instigantes
1418 1245 1425 1257 ,
1445 1233 1520 1251 reum
1543 1232 1595 1252 non
1615 1225 1753 1252 tradendo.

958 1271 1071 1306 Respice
1086 1276 1174 1298 autem
1181 1276 1207 1298 et
1220 1271 1298 1298 aliam
1312 1278 1346 1298 ex
1355 1270 1510 1304 iuramento
1524 1270 1666 1298 conﬂatam
1687 1278 1754 1298 con-

958 1318 1131 1345 trarietatem.
1147 1318 1212 1346 Cum
1228 1318 1299 1345 enim
1315 1326 1383 1353 opus
1397 1323 1484 1348 esset,
1499 1317 1521 1344 si
1532 1324 1666 1345 auctorem
1680 1318 1756 1344 inve-

959 1365 1017 1392 nire
1031 1365 1151 1396 volebat.
1165 1365 1231 1392 nihil
1247 1366 1300 1393 tale
1315 1367 1408 1394 minari
1424 1387 1432 1400 ,
1448 1374 1497 1394 nec
1509 1367 1661 1401 juramento
1676 1365 1756 1392 ultio-

958 1420 1018 1439 ncm
1030 1412 1149 1447 obligare
1165 1433 1172 1443 ,
1187 1418 1213 1439 et
1227 1413 1383 1441 audaciores
1397 1413 1459 1442 facti
1479 1422 1553 1441 reum
1567 1413 1715 1449 promptius
1730 1413 1755 1439 in

957 1457 1074 1485 medium
1090 1463 1216 1492 agerent;
1244 1458 1289 1485 ille
1309 1467 1414 1486 rursum
1428 1467 1459 1486 ex
1473 1459 1510 1486 ira
1530 1464 1556 1486 ct
1567 1459 1658 1486 furore
1672 1459 1754 1485 mttltc

959 1508 987 1531 et
1012 1504 1091 1538 priori
1115 1504 1223 1531 stultitia
1238 1510 1329 1531 contra
1346 1526 1352 1536 ,
1373 1513 1453 1540 quam
1470 1505 1528 1532 vnit
1542 1526 1550 1538 ,
1571 1505 1668 1531 iterum
1683 1497 1764 1532 lacit.‘

958 1550 1025 1584 Quid
1039 1558 1106 1584 opus
1117 1555 1156 1577 est
1171 1550 1252 1577 multa
1266 1551 1374 1578 dicere?
1385 1551 1453 1578 Sorti
1467 1551 1600 1586 negotium
1610 1550 1753 1584 concessit,

957 1601 984 1623 ct
996 1601 1067 1624 sorte
1081 1596 1267 1623 examinantur
1281 1597 1344 1624 Saiil
1354 1602 1381 1624 et
1393 1597 1530 1631 .lpnathas.
1547 1596 1579 1623 Et
1590 1596 1654 1623 dixit
1666 1596 1748 1623 Satil:

956 1641 1039 1668 Jacite
1051 1647 1145 1668 sortem
1159 1643 1224 1668 inter
1238 1650 1277 1669 me
1291 1647 1314 1669 et
1324 1642 1474 1674 lauat/ian;
1489 1648 1512 1669 et
1520 1643 1621 1677 jaciunt
1636 1646 1729 1668 sortem
1744 1662 1751 1673 ,

957 1692 981 1713 et
994 1688 1094 1721 capitur
1108 1686 1244 1714 Jonatltus.
1270 1687 1303 1714 Et
1323 1688 1388 1714 dicit
1407 1687 1472 1715 Sail!
1491 1688 1525 1714 ad
1536 1687 1667 1714 lauat/tan
1678 1696 1687 1714 :
1701 1687 1754 1713 Αη-

957 1735 1045 1760 nuntia
1055 1734 1127 1766 milii,
1148 1734 1209 1768 quid
1218 1734 1319 1766 fecisti?
1335 1734 1367 1760 Et
1380 1735 1538 1760 annuntiavit
1551 1734 1600 1768 ipsi
1613 1733 1751 1766 lauat/tas,

957 1779 1041 1806 dicens
1052 1787 1062 1806 .'
1071 1779 1182 1806 Gustans
1191 1779 1291 1815 gustavi
1303 1780 1330 1806 in
1345 1781 1489 1806 summitate
1502 1780 1609 1814 sceptri,
1624 1779 1691 1814 quod
1703 1779 1753 1806 Ita-

959 1827 1046 1854 bebam
1061 1827 1086 1854 in
1109 1835 1186 1853 ntanu
1205 1835 1261 1853 mea
1273 1847 1281 1860 ,
1295 1835 1385 1862 parum
1399 1827 1481 1854 mellis
1495 1827 1505 1843 ³
1519 1832 1542 1854 ct
1562 1836 1592 1854 en
1604 1835 1648 1862 ego
1661 1827 1756 1853 morior

957 1874 996 1908 (t.
1014 1873 1076 1908 licg.
1092 1873 1136 1900 Μ.
1150 1873 1194 1900 42.
1206 1873 1264 1909 45).
1279 1873 1363 1906 Quem
1376 1881 1427 1900 non
1441 1873 1592 1907 ﬂexissent,
1608 1881 1687 1908 quem
1701 1880 1753 1900 non

957 1920 982 1946 in
1008 1919 1216 1947 miscricordiam
1246 1920 1362 1954 egissent
1395 1919 1453 1946 haec
1481 1919 1583 1947 verba?
1610 1919 1755 1946 Considera

956 1971 1084 2000 quantum
1098 1966 1221 2000 procella:
1234 1966 1331 1993 deinde
1351 1966 1415 1993 Safil
1436 1966 1561 1993 sustinuit
1574 1986 1581 1997 ,
1595 1973 1655 1992 cum
1670 1965 1752 1999 ipsius

956 2013 1058 2039 viscera
1072 2012 1288 2047 dirumpereutur
1300 2033 1306 2043 ,
1319 2016 1348 2039 et
1361 2012 1493 2047 utrimque
1516 2012 1752 2046 profundissimam

956 2063 1097 2094 appareret
1107 2059 1299 2093 prmcipitium;
1325 2058 1371 2085 sed
1388 2063 1474 2085 tamen
1490 2066 1539 2085 nec
1558 2058 1592 2084 ita
1616 2062 1753 2086 correctus

955 2109 1013 2132 est:
1026 2104 1072 2131 sed
1084 2104 1146 2139 quid
1160 2104 1216 2130 ait?
1233 2103 1294 2130 Παῖς
1310 2104 1387 2139 faciat
1401 2103 1463 2130 mihi
1482 2102 1568 2135 Deus,
1583 2108 1606 2130 et
1621 2103 1677 2130 luet:
1686 2104 1754 2138 adji-

955 2151 1004 2176 ciat
1015 2170 1023 2183 ,
1035 2150 1155 2185 quoniam
1172 2155 1251 2176 morte
1263 2150 1378 2176 morieris
1395 2149 1469 2176 hodie
1482 2150 1491 2184 (
1507 2149 1547 2176 Ib.
1561 2160 1588 2178 v.
1602 2150 1634 2176 Alt
1646 2149 1667 2185 ).
1683 2149 1754 2178 Ecce

956 2196 1062 2223 tertium
1077 2203 1170 2222 rursus
1182 2195 1363 2230 juramcntum
1374 2216 1382 2228 ,
1397 2203 1447 2222 nec
1460 2196 1616 2230 simpliciter
1628 2196 1752 2228 tertium,

954 2242 1001 2269 sed
1020 2242 1101 2269 etiam
1119 2249 1179 2269 cum
1200 2242 1281 2268 multa
1302 2242 1430 2276 temporis
1453 2242 1585 2276 angustia.
1608 2242 1665 2269 Non
1679 2243 1749 2269 enitn

954 2288 1112 2323 simpliciter
1132 2288 1222 2322 dixit,
1249 2287 1388 2315 Morieris:
1407 2288 1454 2315 sed
1478 2287 1571 2315 Hodie.
1597 2288 1752 2316 Festinabat

953 2336 1024 2362 enim
1044 2335 1166 2362 diabolus
1187 2335 1273 2369 ipsum
1296 2335 1321 2361 in
1344 2334 1414 2362 hanc
1430 2335 1537 2369 impiam
1549 2343 1629 2370 agere
1647 2335 1749 2362 ca‘dom

953 2387 980 2409 et
1003 2381 1150 2416 impellere.
1179 2381 1324 2415 Propterea
1345 2388 1396 2408 nec
1416 2381 1555 2408 sententia:
1568 2385 1664 2408 statum
1679 2381 1750 2409 diem

952 2427 1081 2454 adhibere
1103 2427 1248 2462 permittit,
1263 2435 1297 2454 ne
1310 2434 1361 2461 qua
1385 2434 1418 2454 ex
1431 2434 1507 2454 mora
1523 2427 1584 2453 mali
1602 2426 1647 2454 liat
1660 2434 1751 2455 corrc-
1772 2427 1778 2434 ‘

952 2475 1016 2501 etio.
1032 2473 1141 2501 Etdixit
1153 2473 1266 2509 populus
1278 2473 1312 2500 ad
1326 2473 1404 2501 Sani:
1419 2473 1482 2501 IItL'c
1491 2474 1568 2509 faciat
1581 2474 1651 2501 nobis
1667 2473 1748 2507 Deus,

952 2526 976 2547 et
999 2522 1052 2548 [nec
1072 2521 1193 2555 adjiciat,
1208 2521 1229 2547 si
1246 2525 1325 2547 morte
1345 2521 1465 2548 morietur
1481 2541 1489 2553 ,
1514 2522 1557 2556 qui
1569 2521 1627 2556 fecit
1641 2521 1747 2547 salutem

953 2575 1071 2602 magnam
1087 2566 1180 2594 Israel.
1205 2566 1272 2593 Vivit
1293 2566 1420 2594 Dominus
1436 2588 1442 2598 ,
1466 2567 1489 2593 si
1503 2567 1576 2594 cadet
1596 2567 1704 2601 capillus
1719 2567 1751 2593 de

952 2613 1034 2648 capite
1041 2614 1095 2648 ejus
1105 2614 1130 2640 in
1145 2619 1248 2646 terram,
1261 2613 1319 2648 quia
1329 2613 1527 2640 misericordiam
1537 2612 1584 2639 Dei
1598 2613 1656 2647 fecit
1671 2613 1698 2639 in
1709 2613 1750 2640 die

953 2659 1000 2685 hnc
1015 2659 1094 2693 (Ibid.
1111 2670 1135 2686 ιλ.
1149 2659 1206 2693 45).
1223 2659 1294 2686 Ecce
1306 2663 1333 2687 et
1353 2659 1466 2694 populus
1479 2659 1624 2687 secundum
1637 2659 1748 2694 iuravit,

952 2710 978 2732 et
995 2706 1049 2741 regi
1068 2706 1232 2733 contrarium
1244 2706 1353 2740 juravit.
1379 2706 1453 2733 Nunc
1466 2706 1530 2733 mihi
1545 2706 1748 2733 reminiscimini

953 2751 1097 2779 funiculum
1108 2760 1123 2778 a
1139 2752 1256 2787 puerulis
1270 2757 1380 2779 tractum
1396 2773 1403 2786 ,
1424 2757 1452 2780 et
1472 2753 1620 2787 disruptum
1633 2773 1641 2785 ,
1655 2757 1681 2780 et
1695 2757 1748 2779 tra-

986 2810 994 2824 ⁸
1012 2809 1136 2834 Sententia
1159 2809 1300 2840 imperfecta
1317 2809 1411 2833 videtur
1432 2807 1615 2840 Hontefalconio
1626 2815 1664 2833 cui
1676 2809 1749 2833 mini-

951 2846 992 2864 me
1003 2840 1157 2864 assentimus.
1170 2844 1290 2864 Caeterum
1299 2841 1379 2864 omnia
1392 2839 1542 2870 exemplaria
1552 2841 1588 2864 sic
1598 2839 1699 2864 habent.

983 2872 993 2886 ²
1012 2870 1054 2895 Alii
1066 2877 1114 2895 uno
1127 2872 1211 2900 verbo,
1226 2869 1352 2896 (artabatur
1364 2869 1573 2895 anutibns’amiis.

985 2902 994 2918 ³
1011 2905 1042 2926 tta
1051 2906 1102 2926 εει.
1117 2906 1142 2927 et
1153 2903 1255 2926 maxima
1268 2909 1323 2933 pars
1333 2906 1383 2926 Mss.
1393 2901 1466 2926 Morel
1475 2907 1534 2927 vero
1546 2908 1553 2925 :
1563 2900 1744 2934 Exiguumrmt.
