1962 3121
195 156 239 184 l5l
564 157 591 185 S.
611 157 750 186 JOAN‘NIS
768 158 1005 186 CHRYSOSTOMI
1031 159 1466 194 ARCIIIEP.CONSTANTINOP.

193 215 287 242 hentes
300 215 411 250 supinos
424 215 618 250 projicientem.
631 217 735 244 Juravit
747 217 810 245 Saﬁl
825 225 879 245 non
891 217 986 251 semel,

194 268 280 295 neque
291 261 331 288 bis
341 283 348 294 ,
364 261 411 288 sed
424 267 451 289 et
465 263 576 296 saepius:
592 264 725 290 contraria
736 263 835 298 juravit
850 263 964 298 populus
981 284 989 296 ,

192 312 218 332 et
229 306 283 341 jam
295 307 482 335 contendebat.
498 308 612 336 Necesse
624 308 677 343 jatn
690 310 799 336 omnino
809 309 990 343 juramentttm

193 353 277 379 scindi
293 362 298 379 :
317 361 376 380 nam
401 358 450 381 hos
465 362 558 381 omnes
571 363 634 381 vere
645 356 751 389 jttrasse
760 360 802 382 est
815 355 988 390 impossibile.

229 398 438 426 Juramentorum
453 401 546 426 damna
560 401 650 427 nmlta.
661 416 697 420 ——
711 401 764 428 Nec
778 402 841 428 mihi
857 401 895 428 rei
909 409 990 428 even-

194 447 248 470 tmn
264 443 348 476 dicas.
363 445 409 472 sed
425 446 521 480 cogita,
536 450 600 480 quot
615 447 682 472 tuala
699 446 885 478 nascebantur,
898 451 923 472 et
938 451 991 472 tra-

195 489 307 523 gtediam
329 495 355 516 et
369 490 535 525 tyrannidem
549 492 669 518 venturis
684 499 731 526 per
745 491 871 518 Absalom
891 492 992 519 similes

197 535 257 563 hinc
278 536 398 563 diabolus
421 537 549 564 strnebat.
565 538 592 565 Si
609 537 680 564 enim
703 538 832 565 voluisset
855 546 900 566 rex
923 539 990 565 resi-

194 587 266 609 stere
285 588 311 609 et
329 583 361 609 ad
379 583 558 618 juramenlum
581 584 737 619 procedere,
760 590 830 612 totus
851 586 993 612 restitisset

196 629 318 662 populus,
345 633 372 656 et
388 630 507 664 tyrannis
531 631 714 657 crudelissima
733 630 800 657 facta
827 631 920 659 fuisset
939 641 946 658 :
966 636 993 659 et

196 683 301 701 rursum
323 675 345 702 si
367 676 495 703 voluisset
518 677 587 704 ﬁlius
608 678 722 712 propriae
744 679 888 706 consulens
912 679 991 706 saluti

195 720 233 747 sei
239 728 314 755 psum
326 723 455 749 exercitui
467 722 576 756 dedere,
590 723 722 758 parricida
735 725 822 752 statim
836 726 991 753 exstitisset.

195 764 278 793 Vides
291 770 318 794 et
333 768 509 802 tyrannidem.
524 773 550 795 et
565 768 610 795 ﬁlii
622 769 734 802 easdem,
745 775 772 797 et
783 770 953 804 parricidium
966 775 994 799 et

195 811 293 838 bellutn
309 812 397 844 civile,
412 817 440 840 et
451 822 575 848 pugnam,
590 819 618 841 ct
629 815 818 849 jngulationes,
833 821 860 843 et
871 824 991 850 cruores,

196 861 223 883 et
247 857 347 884 inﬁnita
371 858 500 886 cadavera
523 867 555 887 ex
576 867 629 887 uno
653 866 756 896 patrata
776 862 938 896 jnramento.
964 864 992 891 Si

197 909 312 936 namque
334 903 433 930 bellum
458 905 513 932 ﬁeri
536 906 693 939 accidisset.
710 911 737 934 et
756 907 818 935 Saitl
837 907 947 935 forsitan
965 914 993 936 et

197 946 327 975 Jonathas
345 948 480 983 jugulatus
496 951 603 983 fuisset,
618 957 645 978 et
661 953 735 980 tnttlti
750 953 862 981 militum
882 955 994 982 fuissent

198 993 343 1020 trucidati:
367 999 394 1021 et
419 995 484 1022 nulli
506 997 545 1023 sic
563 997 743 1031 juramentutn
766 999 833 1027 bene
855 1002 991 1029 cessisset.

196 1037 286 1073 Itaque
307 1047 339 1067 ne
352 1041 507 1069 consideres
526 1043 585 1075 hoc,
597 1044 667 1078 quod
693 1053 745 1072 non
765 1045 800 1072 ita
825 1046 923 1074 factum
938 1049 991 1081 sit;

196 1086 243 1113 sed
258 1086 322 1113 illud
336 1088 476 1115 considera
487 1109 494 1121 ,
514 1090 584 1122 qttod
600 1091 636 1117 tei
651 1096 746 1118 natura
761 1093 817 1119 ha-c
840 1093 897 1120 ﬁeri
911 1102 992 1129 coge-

197 1131 242 1158 bat
264 1141 270 1158 :
296 1133 408 1167 popttlus
433 1139 520 1161 autem
543 1135 614 1162 vicit.
640 1137 696 1171 Age
720 1137 800 1172 igitur
823 1146 993 1166 numeremus

196 1178 339 1205 comtnissa
360 1180 486 1214 perjttria.
509 1181 677 1209 'l'emeratum
707 1189 747 1211 cst
769 1185 882 1218 primum
906 1185 993 1214 Sat‘tlis

193 1222 375 1257 juramentnm
396 1233 411 1252 a
434 1226 488 1252 ﬁlio
510 1236 516 1254 :
538 1229 684 1255 secundum
705 1237 815 1264 rursus,
839 1236 865 1258 et
886 1233 992 1260 tertiutn

197 1269 282 1303 ipsius
296 1270 383 1297 Saulis
395 1271 428 1298 de
450 1272 495 1298 ﬁlii
510 1273 601 1300 cede:
617 1279 645 1301 et
657 1276 730 1302 visus
746 1281 786 1303 est
802 1278 915 1311 populus
931 1287 993 1306 vere

193 1315 317 1349 jurasse;
331 1317 378 1344 sed
397 1318 419 1344 si
439 1319 498 1352 quis
511 1319 653 1355 diligenter
674 1330 729 1349 rem
753 1325 900 1357 examinet,
919 1331 945 1352 et
965 1325 993 1352 hi

197 1367 291 1387 rursus
303 1368 398 1389 oames
412 1364 521 1398 perjurii
541 1366 698 1394 criminibus
714 1368 822 1396 obnoxii
843 1369 903 1397 facti
919 1377 991 1399 sunt.

196 1405 281 1439 Ipsius
293 1407 364 1434 enim
372 1407 495 1436 Jonatlue
507 1415 608 1444 patrem
621 1413 742 1446 pejerare
754 1421 909 1449 coegerunt,
925 1419 992 1452 patri

198 1451 280 1478 ﬁlium
298 1461 350 1480 non
374 1454 512 1483 dedentes.
537 1457 617 1485 Vides
636 1464 701 1493 quot
724 1459 847 1488 homines
871 1467 924 1489 tum
948 1472 994 1490 vo-

195 1497 299 1531 lentes,
327 1504 381 1527 tum
403 1501 500 1529 invitos
524 1504 642 1538 perjurio
665 1506 795 1535 obnoxios
823 1516 903 1536 unum
932 1509 993 1537 fecit

194 1543 397 1578 juramentum?
414 1553 479 1582 quot
503 1550 572 1576 mala
593 1551 713 1579 molitum
740 1558 797 1587 est,
821 1559 886 1589 quot
904 1556 993 1584 caedes

196 1590 329 1624 patravit!

232 1636 258 1663 ϐ.
274 1636 405 1671 Equidem
428 1646 581 1670 sermOnetn
598 1642 729 1678 incipiens
752 1646 860 1679 promisi
883 1655 927 1675 me
945 1647 992 1676 de-

197 1688 406 1712 monstraturum
422 1686 449 1713 in
463 1689 604 1716 contrariis
619 1689 779 1724 juramentis
798 1694 909 1722 omnino
934 1703 994 1729 pcr-

194 1729 292 1763 jurium
307 1732 388 1762 nasci.
401 1731 510 1761 historia
521 1742 585 1762 vero
596 1743 734 1771 progressa
748 1740 832 1767 multo
843 1741 901 1775 plus
913 1749 992 1776 quam

197 1776 315 1803 conabar
336 1777 532 1807 demonstravit
549 1789 555 1807 :
572 1789 624 1808 non
645 1784 717 1811 enim
731 1792 810 1812 unum
829 1791 857 1813 et
878 1786 946 1814 duos
966 1793 994 1815 et

197 1825 252 1848 tres
268 1822 389 1850 homines
400 1843 407 1854 ,
422 1825 469 1852 sed
484 1826 621 1861 populum,
645 1836 697 1856 non
713 1837 794 1857 unmn
818 1836 845 1858 et
860 1833 924 1866 tria,
945 1834 993 1860 sed

198 1867 281 1895 tnulto
295 1868 370 1903 plura
387 1869 539 1905 juramenta
554 1877 681 1901 temerata
699 1875 826 1904 exhibuit.
843 1876 950 1906 Licebat
966 1883 992 1906 et

196 1913 274 1940 aliain
290 1922 398 1942 narrare
413 1916 562 1952 historiam,
576 1924 602 1946 et
613 1928 646 1948 ex
663 1920 705 1947 illa
728 1922 913 1951 demonstrare
933 1933 993 1959 gra-

173 1983 175 1985 .
197 1959 298 1987 viorem
323 1961 372 1988 hac
393 1967 421 1989 et
443 1964 571 1998 majorem
594 1967 772 1995 calamitatem
796 1977 875 1997 unum
897 1970 993 1999 fecisse

195 2006 389 2040 juramentum.
406 2009 512 2038 Etenim
528 2012 666 2040 civitatum
681 2020 708 2041 et
731 2016 872 2044 mulierum
887 2023 913 2045 et
928 2026 991 2053 pue-

197 2053 316 2080 rulorum
331 2056 499 2089 captivitate,
519 2062 546 2084 ct
565 2058 704 2093 incendio,
721 2066 748 2088 et
761 2062 934 2090 barbarorum
951 2065 991 2091 in-

196 2099 304 2127 vasione
315 2121 321 2131 ,
335 2106 362 2128 et
375 2108 527 2130 sanctorum
546 2105 692 2138 pollutione
702 2127 710 2140 ,
733 2112 760 2134 et
775 2108 921 2136 innumeris
934 2110 993 2137 aliis

194 2148 361 2180 gravioribus
376 2150 451 2177 malis
468 2151 576 2178 .ludreos
590 2152 679 2179 all'ecit
699 2162 779 2181 unum
794 2162 889 2182 omnes
906 2156 991 2191 jusju-

196 2193 318 2220 randum.
333 2195 384 2221 Scd
400 2196 426 2222 in
449 2196 558 2231 longum
576 2205 729 2226 sermonem
747 2201 867 2234 protendi
889 2201 965 2229 video
985 2211 991 2229 :

197 2246 338 2274 propterea
352 2241 470 2269 historia:
486 2243 564 2278 hujus
576 2247 756 2273 narrationem
773 2247 815 2274 hic
828 2248 969 2275 absolvens
981 2270 989 2281 ,

196 2292 256 2313 Cum
269 2286 379 2314 Joannis
391 2289 477 2323 capite
489 2289 612 2317 .lonathze
625 2291 736 2324 credent,
749 2296 775 2319 et
787 2293 930 2327 perniciem
945 2302 990 2329 ge-

196 2332 313 2358 neralem
335 2334 415 2360 totius
428 2335 518 2370 populi
541 2336 603 2364 licet
617 2345 669 2364 non
690 2338 851 2372 admissam,
865 2340 899 2367 de
913 2340 991 2375 jura-

196 2382 346 2404 mentorum
361 2383 449 2406 tamen
463 2382 621 2410 necessitate
635 2384 846 2418 provenientem,
863 2386 931 2413 inter
944 2394 992 2414 vos

165 2422 175 2432 ⁸
194 2429 408 2451 commemorare
422 2425 559 2460 exhortor,
571 2432 598 2454 et
610 2427 693 2460 domi,
709 2433 736 2457 et
754 2430 779 2456 in
798 2431 866 2465 foro,
880 2436 906 2458 et
919 2432 990 2466 apttd

194 2469 332 2503 conjuges.
348 2475 376 2497 et
397 2471 467 2505 apud
489 2472 605 2506 amicos,
619 2478 646 2500 et
660 2475 729 2509 apud
750 2476 871 2510 vicinos,
883 2480 910 2504 et
921 2478 991 2513 apud

195 2522 291 2542 omnes
299 2517 461 2551 generaliter
473 2517 550 2553 hujus
559 2519 597 2546 rei
613 2527 704 2548 curam
712 2529 805 2557 gerere
818 2531 825 2550 :
840 2531 889 2550 nec
898 2529 990 2558 putare

196 2561 320 2588 idoneam
337 2570 398 2590 esse
418 2564 494 2591 nobis
509 2565 709 2599 defensionem,
732 2568 754 2595 si
770 2570 989 2598 consuetudinem

194 2608 402 2642 praetendamus.
416 2609 493 2644 Quod
511 2612 582 2639 enim
595 2615 732 2641 excusatio
749 2615 806 2642 haec
825 2617 859 2643 sit
880 2622 907 2644 et
923 2625 991 2652 prat—

194 2659 291 2687 textus,
307 2663 356 2682 nec
376 2658 587 2690 consuetudinis,
605 2660 651 2687 sed
670 2662 785 2696 torporis
799 2663 833 2689 sit
851 2664 939 2698 culpa,
955 2664 990 2691 ab

196 2699 239 2728 his
253 2709 312 2735 qua:
325 2702 380 2736 jam
393 2711 518 2737 evenere,
535 2705 610 2733 vobis
624 2708 785 2740 persuadere
799 2710 926 2737 conabor.

229 2746 373 2782 Imperator
387 2750 556 2778 Antiochenos
566 2752 661 2780 balneis
673 2754 834 2782 ittterdimat
843 2757 868 2782 in
877 2765 986 2790 pontum.

193 2793 314 2821 Civitatis
328 2795 422 2823 balnea
437 2797 584 2832 Imperator
599 2799 744 2831 obstruxit,
760 2807 787 2827 ct
807 2800 888 2829 lavari
908 2803 987 2837 jussit

193 2840 336 2874 neminem,
353 2846 379 2868 et
396 2842 480 2878 legem
502 2844 649 2878 transgredi
663 2850 705 2872 est
725 2854 805 2873 ausus
828 2856 916 2879 neruo.
940 2854 986 2877 aut

192 2885 290 2914 factum
312 2887 453 2921 incusare,
469 2894 514 2917 aut
538 2890 758 2919 consuetudinem
785 2893 952 2926 praetendere
975 2903 983 2922 :

1793 169 1845 197 152

1047 228 1137 248 verum
1149 226 1176 249 et
1186 222 1230 257 qui
1246 229 1318 257 saepe
1332 228 1393 250 sunt
1407 223 1433 250 in
1448 224 1604 259 a‘gritudine
1617 225 1678 259 viri,
1695 225 1823 253 mulieres
1833 246 1843 258 .

1044 267 1120 300 pueri
1134 271 1161 294 et
1175 275 1264 301 senes,
1276 274 1303 295 et
1315 269 1405 297 multae
1419 275 1510 306 partus
1520 271 1658 299 doloribus
1671 276 1798 299 recenter
1812 272 1845 298 li-

1047 313 1148 340 berata:
1159 314 1296 347 mulieres,
1311 319 1338 342 et
1352 323 1445 343 omnes
1459 317 1612 344 necessario
1626 318 1678 345 tale
1692 318 1842 345 remedium

1046 364 1177 394 petentes,
1187 360 1271 388 velint
1280 361 1365 388 nolint
1377 362 1529 390 mandatum
1541 363 1593 390 hoc
1606 363 1705 396 ferunt,
1716 369 1744 391 et
1756 372 1845 399 neque

1046 406 1169 434 ntorhum
1184 407 1315 442 corporis,
1337 416 1424 442 neqtte
1437 409 1639 437 consuetudinis
1651 410 1820 446 tyrannidem
1833 431 1842 444 ,

1045 460 1132 487 neque
1149 453 1207 480 aliis
1233 454 1404 488 peccantibus
1422 461 1452 481 se
1473 455 1576 489 puniri,
1593 463 1642 482 nec
1659 456 1730 482 aliud
1749 456 1842 482 talium

1045 499 1189 534 qttidquam
1213 500 1400 534 prtetcnduut:
1426 501 1473 528 sed
1497 501 1648 535 bujusmodi
1674 506 1749 536 grate
1772 502 1844 528 exci-

1045 546 1121 580 piunt
1133 545 1272 579 ultionem,
1288 546 1348 579 quia
1363 546 1462 580 majora
1474 551 1628 581 exspectant
1641 547 1719 579 mala,
1737 553 1764 574 et
1777 555 1843 581 qun-

1045 592 1109 619 tidie
1133 598 1275 627 precantur
1301 593 1430 620 hactenus
1455 594 1557 628 regium
1589 593 1705 620 furorem
1734 594 1814 620 sister
1826 606 1840 620 -.

1048 638 1128 666 Vides
1141 639 1212 674 quod
1224 639 1267 666 ubi
1282 644 1324 667 est
1335 640 1423 670 timor,
1441 639 1517 667 facile
1530 640 1649 666 solvatur
1663 639 1842 670 consuetudo,

1045 685 1150 712 etiamsi
1165 685 1242 713 valde
1262 685 1387 713 diuturna
1406 686 1440 714 sit
1456 691 1483 713 et
1502 686 1669 713 necessaria?
1690 687 1772 721 Atqui
1787 694 1842 712 non

1046 731 1127 759 lavari
1142 739 1236 767 grave.
1252 733 1309 759 Etsi
1322 734 1393 760 enim
1408 733 1510 760 centies
1525 733 1747 768 philosopheer
1757 753 1764 764 ,
1780 740 1843 759 cor-

1045 778 1121 813 poris
1142 783 1236 805 natura
1249 778 1384 813 arguitur.
1401 779 1466 806 nihil
1483 779 1517 806 ab
1529 779 1610 806 animi
1626 778 1794 813 philosophia
1814 779 1842 804 in

1046 823 1180 858 propriam
1188 824 1368 851 valetudinem
1377 824 1497 859 adjuvari
1510 833 1516 851 :
1527 832 1580 851 non
1589 825 1679 858 jurarc
1688 831 1754 851 vero
1764 823 1844 851 valde

1045 869 1133 903 facile,
1149 875 1177 897 et
1191 870 1292 897 nullum
1304 870 1589 903 all‘ertnocumentum,
1606 878 1657 898 non
1671 870 1842 904 corporibus,

1046 925 1099 945 non
1113 918 1220 949 animis,
1233 917 1279 944 sed
1295 918 1376 944 etiam
1391 918 1503 944 multum
1516 917 1700 949 emolumenti,
1718 924 1843 951 magnam

1045 963 1197 995 utilitatem.
1212 964 1323 990 tnultam
1342 963 1515 998 opulentiam.
1530 964 1670 997 Quomodo
1689 964 1770 997 igitur
1789 970 1842 988 non

1045 1010 1190 1037 absurdum
1211 1011 1373 1045 lmperatore
1387 1010 1509 1045 jubente,
1527 1010 1571 1037 vel
1583 1009 1742 1037 difﬁcillima
1759 1009 1844 1035 susti-

1046 1064 1120 1088 nere,
1142 1056 1198 1083 Deo
1214 1063 1277 1083 vero
1297 1060 1431 1083 statuente
1451 1055 1475 1082 id
1499 1055 1569 1090 quod
1591 1063 1677 1090 neque
1692 1062 1774 1089 grave
1797 1055 1843 1087 sit,

1046 1109 1132 1136 neque
1143 1102 1261 1134 difﬁcile,
1277 1109 1368 1128 verum
1383 1109 1509 1136 perquam
1523 1101 1599 1128 facile
1613 1105 1640 1128 et
1650 1100 1823 1128 commodum
1835 1121 1842 1132 ,

1045 1153 1218 1176 contemnere
1227 1153 1253 1175 et
1261 1148 1384 1175 deridere
1392 1152 1419 1175 et
1429 1147 1647 1174 consuetudinem
1657 1146 1844 1181 prmlendcre?

1045 1195 1093 1226 Ne,
1117 1202 1218 1229 quaeso,
1235 1203 1268 1222 ne
1288 1195 1314 1222 itt
1331 1200 1430 1222 tantum
1452 1194 1565 1222 salutem
1584 1198 1702 1220 nostram
1722 1197 1845 1219 contem-

1045 1249 1150 1272 namus,
1164 1241 1209 1268 sed
1222 1242 1363 1268 timeamus
1374 1241 1466 1271 Deum,
1480 1240 1546 1266 sicut
1559 1239 1693 1266 hominem
1705 1240 1842 1265 timemus.

1045 1287 1112 1314 Novi
1134 1294 1184 1314 vos
1208 1286 1380 1314 exhorruisse
1400 1286 1496 1313 talibus
1516 1286 1631 1317 auditis;
1657 1285 1704 1312 sed
1732 1285 1844 1311 horrore

1046 1333 1154 1367 dignum
1170 1338 1212 1360 est
1224 1341 1258 1360 ne
1274 1337 1376 1359 tantum
1393 1332 1499 1366 quidem
1524 1331 1588 1364 Deo,
1602 1335 1733 1366 quantum
1757 1329 1844 1356 homi-

1046 1379 1123 1406 nibus
1145 1378 1275 1406 bonorem
1293 1378 1454 1410 attribuere;
1476 1378 1522 1405 sed
1545 1377 1716 1412 imperatOria
1734 1377 1843 1403 decreta

1045 1425 1187 1460 diligenter
1195 1425 1379 1457 observantes,
1393 1424 1482 1452 divina
1493 1429 1520 1451 et
1529 1424 1563 1451 de
1573 1424 1645 1451 cmlis
1656 1423 1766 1457 delapsa
1777 1430 1843 1449 con-

1045 1473 1160 1505 culcare,
1177 1477 1204 1499 et
1214 1479 1441 1507 supervacaneum
1455 1479 1514 1498 esse
1529 1475 1623 1506 putare
1638 1471 1708 1498 circa
1723 1469 1774 1496 hoc
1785 1474 1843 1495 stu-

1045 1518 1127 1546 dium.
1149 1519 1276 1552 Qturnam
1300 1518 1435 1545 excusatio
1459 1517 1536 1544 nobis
1561 1517 1612 1544 erit.
1635 1516 1757 1549 reliqua?
1784 1523 1842 1550 quze

1046 1574 1111 1592 vero
1135 1566 1226 1597 venia,
1245 1564 1352 1600 quando
1374 1568 1436 1600 post
1459 1569 1558 1590 tantam
1580 1563 1790 1589 admonitionem
1816 1561 1841 1587 in

1046 1613 1140 1639 iisdem
1157 1611 1364 1646 permanemus?
1387 1611 1493 1638 Etenim
1510 1614 1636 1637 nascente
1650 1609 1757 1636 miseria
1775 1608 1840 1639 hac,

1045 1666 1104 1693 qua:
1117 1657 1251 1685 civitatem
1274 1658 1390 1687 detinet.
1414 1657 1483 1683 hanc
1505 1656 1591 1691 incepi
1607 1655 1817 1682 admonitionem
1832 1663 1839 1681 :

1045 1709 1071 1732 et
1097 1705 1140 1731 illa
1160 1704 1267 1739 quidem
1285 1704 1340 1738 jam
1352 1703 1433 1730 debet
1455 1702 1539 1734 ﬁniri,
1564 1709 1613 1729 nos
1637 1708 1701 1729 vero
1724 1700 1841 1727 nondum

1045 1759 1127 1778 unum
1147 1751 1313 1787 explevimus
1330 1749 1495 1777 mandatum.
1519 1748 1658 1783 Quomodo
1682 1748 1763 1783 igitur
1784 1755 1841 1775 ma-

1047 1799 1131 1825 lorum
1157 1806 1207 1825 nos
1231 1797 1408 1825 detinentium
1434 1800 1556 1830 petemus
1578 1795 1758 1826 solutionem,
1781 1801 1840 1821 cum

1046 1852 1095 1871 nec
1102 1852 1182 1871 unum
1193 1844 1267 1871 obire
1281 1843 1435 1870 mandatum
1445 1841 1624 1877 potuerimus?
1636 1841 1772 1876 quomodo
1780 1847 1841 1867 vero

1046 1891 1142 1917 bonam
1156 1890 1370 1923 exspectabimus
1391 1888 1581 1916 mulationem?
1596 1887 1731 1922 quomodo
1752 1892 1841 1913 autem

1046 1936 1266 1970 orabimns?qua
1289 1936 1379 1970 lingua
1401 1935 1483 1962 Deum
1507 1933 1708 1961 iuvet-abimus?
1723 1932 1750 1960 Si
1769 1933 1840 1959 enim

1046 1984 1132 2018 legem
1151 1991 1343 2018 exsequamur,
1367 1983 1476 2009 multam
1501 1982 1637 2015 capiemus
1659 1980 1840 2014 voluptatem.

1047 2031 1209 2065 lmperatore
1220 2030 1320 2057 civitati
1334 2029 1490 2060 conciliato;
1502 2028 1524 2055 si
1534 2035 1597 2055 vero
1609 2028 1634 2054 in
1646 2031 1758 2061 peccato
1768 2033 1839 2052 man-

1046 2079 1170 2108 serimus,
1187 2077 1273 2112 pudor
1287 2083 1314 2103 et
1333 2076 1504 2110 opprobrium
1527 2075 1643 2109 undique
1668 2073 1746 2100 nobis
1768 2073 1840 2099 erit:

1046 2124 1172 2159 quoniam
1186 2131 1246 2150 cum
1262 2123 1332 2149 Deus
1344 2122 1490 2156 periculum
1507 2121 1627 2152 solverit,
1642 2127 1691 2146 nos
1705 2120 1731 2146 in
1746 2119 1840 2146 eodem

1045 2171 1191 2197 mansimus
1213 2175 1330 2204 torpore.
1353 2169 1460 2196 Utinam
1485 2168 1548 2194 tuihi
1572 2168 1664 2194 liceret
1688 2166 1842 2201 frequenter

1043 2218 1188 2252 jurantium
1200 2217 1302 2243 animas
1316 2224 1422 2246 exuere.
1438 2221 1466 2242 et
1477 2216 1592 2250 ipsarutn
1607 2213 1690 2240 oculis
1709 2213 1842 2246 subjicere

1045 2263 1156 2290 vulnera
1177 2267 1205 2290 et
1226 2263 1366 2289 cicatrices
1387 2269 1453 2296 quas
1468 2261 1587 2296 quotidie
1611 2259 1719 2293 capiunt
1740 2267 1753 2284 a
1768 2258 1841 2292 jura-

1045 2310 1162 2338 mentis:
1179 2317 1229 2336 nec
1244 2308 1435 2335 admonitionis
1458 2312 1502 2334 aut
1515 2306 1620 2333 consilii
1640 2305 1840 2339 indigeremus:

1045 2357 1171 2392 quoniam
1184 2356 1324 2383 vulnerum
1340 2359 1464 2389 aspectus
1479 2353 1552 2381 omni
1565 2360 1691 2380 sermone
1704 2351 1841 2387 potentius

1045 2404 1107 2431 huic
1127 2403 1255 2438 improha:
1276 2400 1462 2429 consuetudini
1480 2401 1561 2428 etiam
1585 2399 1731 2435 plurimum
1753 2397 1842 2424 adbaa-

1044 2457 1135 2479 rentes
1158 2458 1174 2478 a
1197 2449 1297 2476 malitia
1312 2449 1446 2476 abducere
1471 2451 1571 2481 posset.
1601 2445 1793 2473 Verumtamen
1819 2443 1841 2470 si

1045 2499 1133 2525 minus
1140 2497 1234 2528 oculis,
1249 2494 1401 2530 cogitationi
1412 2493 1520 2528 quidem
1530 2497 1603 2520 certe
1611 2492 1730 2526 ipsorum
1744 2490 1840 2517 anima:

1045 2543 1162 2572 dedecus
1177 2542 1319 2577 subjicere.
1335 2545 1363 2568 et
1375 2541 1459 2575 ipsam
1474 2539 1631 2566 tabcfactam
1646 2542 1672 2564 et
1685 2540 1838 2571 corruptam

1045 2589 1187 2617 ostendere
1200 2589 1270 2615 licet.
1287 2587 1359 2614 Sicut
1368 2586 1444 2618 enim,
1458 2586 1552 2620 inquit,
1567 2591 1653 2611 servus
1667 2583 1711 2616 qui
1723 2582 1840 2608 continua

1045 2635 1201 2670 ﬂagellatur,
1217 2634 1248 2660 de
1260 2634 1376 2660 cicatrice
1387 2640 1437 2658 non
1453 2631 1614 2658 mundabitur
1627 2638 1635 2657 :
1652 2630 1688 2656 sic
1695 2630 1801 2663 jurans.
1817 2629 1838 2653 ιι

1045 2681 1127 2708 Deum
1148 2689 1246 2714 semper
1266 2681 1408 2708 nominans.
1422 2687 1437 2704 α
1454 2682 1556 2713 peccato
1576 2685 1625 2703 mm
1644 2675 1765 2701 innocens
1780 2673 1837 2707 ﬁt."

1044 2729 1138 2765 (Ea-Ii.
1153 2729 1197 2756 93.
1213 2728 1268 2763 ll).
1286 2726 1451 2761 lmpossibile
1465 2725 1546 2755 enim.
1570 2722 1736 2757 impossibile
1750 2728 1780 2748 os
1794 2720 1836 2754 ju«

1044 2779 1165 2802 ramento
1177 2773 1366 2804 assuefactum,
1380 2779 1432 2798 non
1444 2771 1599 2805 frequenter
1609 2769 1739 2803 pejerare.
1771 2766 1835 2793 Pru-

1044 2828 1134 2858 pterea
1150 2821 1270 2856 supplico
1285 2819 1418 2850 omnibus.
1431 2822 1460 2844 ut
1473 2816 1648 2852 perniciosam
1661 2815 1730 2841 hanc
1744 2818 1770 2841 et
1785 2813 1832 2838 ita-

1077 2900 1085 2915 ι
1103 2899 1171 2924 savii.
1182 2903 1207 2924 et
1218 2898 1309 2924 aliqua:
1320 2902 1382 2928 Mss,
1395 2899 1524 2929 miptmz'tus
1535 2899 1588 2926 erit.
