1983 3125
74 153 118 180 {53
517 157 563 184 AD
583 157 745 188 POPULUM
765 161 1008 193 ANTIOCIIENUM
1047 166 1162 195 HOMIL.
1185 169 1242 197 XV.

72 211 169 245 probant
185 211 408 238 consuetudinem
423 211 587 247 deponentes
607 223 639 242 ex
659 216 759 250 anima,
775 219 854 246 aliain

72 262 184 282 coronam
197 257 350 290 reportclis.
364 257 397 283 Et
411 258 479 285 sicut
489 259 584 294 ubique
600 260 634 288 de
644 262 750 291 civitate
763 269 854 293 nostra

71 306 177 333 cantant,
193 302 263 336 quod
275 302 362 336 prima
375 304 492 331 omnium
509 305 533 331 in
548 307 613 334 orbe
629 312 760 336 terrarum
775 311 854 338 Chri-

69 349 203 376 stianorum
221 355 320 374 nomen
337 348 417 376 induit
433 350 439 364 ¹
454 359 460 376 ;
475 351 512 377 sic
527 351 606 379 facile
620 358 649 380 ιιι
658 361 752 381 omnes
765 355 852 384 dicant

69 394 141 420 solani
155 393 272 419 omnittm
291 394 317 420 in
335 395 432 421 mundo
456 396 623 424 Antiochiam
642 401 756 435 propriis
776 401 852 436 jura-

69 443 145 466 menta
165 439 261 466 linibtts
281 441 425 475 expulisse.
452 442 507 469 lmo
528 451 592 471 vero
608 446 628 471 si
653 446 703 474 hoc
724 447 783 480 fiat,
799 456 853 476 non

69 491 154 513 tantum
164 486 218 520 ipsa
229 487 411 520 eoronabitur,
425 496 518 516 Verum
530 491 611 518 etiam
619 493 683 520 alias
692 494 717 520 in
727 495 851 523 eumdem

68 531 139 558 zelum
153 532 263 566 rediget.
290 533 324 559 Et
337 534 404 561 sicut
416 534 628 564 Christianorum
647 547 763 572 nomen,
778 542 852 570 velut

68 587 93 605 ex
103 578 210 613 quodam
225 578 300 606 fonte
312 579 373 607 hinc
384 580 525 616 incipiens,
537 587 620 611 totum
633 586 761 613 mundum
773 587 851 615 intin-

67 625 128 652 davit
145 634 151 652 :
166 624 203 651 sic
218 625 342 659 profecto
354 632 382 654 et
395 628 520 655 meritum
534 630 584 657 hoc
597 631 713 659 radicem
728 638 755 660 et
769 641 849 660 occa-

95 679 100 692 '
112 686 158 706 sar.
171 686 196 706 et
207 682 305 713 quidam
317 687 381 714 Mss,
393 690 479 710 nonum
489 685 535 712 sibi
545 688 685 720 adscripsit.

72 742 1239 774 Ἢ

67 800 160 820 mna!
195 800 226 820 IN
263 801 494 824 CALAMITATEM
525 805 681 829 CIVITATIS
708 810 901 842 ANTIOCHIE,

1655 176 1707 203 154

910 221 1012 248 sionem
1029 222 1090 250 hinc
1103 225 1222 259 capiens,
1236 234 1330 254 omnes
1347 233 1444 256 terram
1458 229 1608 260 habitantes
1624 232 1706 260 disci-

910 267 985 301 pulos
996 274 1099 297 vestros
1105 271 1348 309 efﬁciet,‘utduplex
1357 275 1432 303 vobis
1440 281 1466 303 et
1476 278 1570 312 triplex
1579 280 1624 306 fiat
1632 287 1705 307 mer-

908 321 964 347 ces,
977 319 1004 342 et
1013 315 1047 343 dc
1058 318 1171 351 propriis
1183 320 1325 354 meritis,et
1336 321 1369 349 de
1382 322 1494 350 aliorum
1504 325 1635 354 doctrina.
1649 327 1705 354 Hoc

908 359 1058 388 diademate
1072 363 1191 397 quolibet
1212 366 1286 393 vobis
1299 368 1351 394 erit
1372 369 1538 403 splendidius
1552 381 1558 398 :
1574 372 1625 400 hoc
1644 381 1703 402 me-

908 407 1030 440 tropolim
1046 409 1120 436 vobis
1134 411 1268 439 civitatem
1287 412 1365 441 faciet
1380 423 1431 442 non
1446 416 1473 443 in
1497 422 1566 445 terra
1580 423 1682 447 tantum
1698 440 1705 453 .

906 460 998 480 Verum
1012 459 1040 482 et
1062 456 1089 482 in
1104 457 1177 485 cmlis
1192 467 1199 484 :
1215 458 1267 487 hoc
1287 464 1315 487 et
1334 461 1410 488 nobis
1424 462 1467 490 die
1486 464 1530 491 illa
1550 467 1702 499 patrocina-

905 499 985 531 bitur,
1000 505 1027 528 et
1039 501 1148 536 jnstitia:
1159 512 1284 533 coronam
1300 507 1376 535 nobis
1386 508 1480 537 afferet
1493 519 1499 537 :
1513 518 1591 545 quam
1605 517 1633 539 ut
1644 520 1704 540 om-

905 553 953 572 nes
963 553 1152 582 assequamur,
1169 550 1248 578 detur
1265 553 1348 587 gratia
1371 559 1398 581 et
1412 555 1574 591 benignitate
1597 558 1701 586 Domini

904 591 987 617 nostri
1007 591 1069 619 Jesu
1085 593 1201 626 Christi,
1224 604 1283 624 cum
1306 607 1358 633 quo
1373 600 1443 627 Patri
1464 601 1558 636 gloria,
1580 603 1659 630 simul
1675 609 1701 630 et

903 641 996 662 sancto
1011 637 1130 671 Spiritui,
1148 649 1217 668 nunc
1233 648 1258 669 et.
1272 651 1387 679 semper,
1405 650 1432 674 et
1447 647 1473 673 in
1497 649 1594 676 sarcula
1610 657 1698 677 saecu-

902 681 998 709 lorum.
1015 685 1110 712 Amen.

1245 766 1702 780 Ἢ

926 817 1047 841 UTILEM
1070 821 1189 848 UBIQUE
1218 824 1366 847 TIMOREM
1403 827 1473 849 ESSE
1507 829 1698 857 LUCTUMQUE

98 851 159 872 “'5”
174 851 364 878 UT'L‘OREMv
382 854 422 874 ΕΤ
437 854 468 875 ῙΝ
487 855 580 877 ῐιῐιυο
594 858 726 886 ΒΙΟἸὌΜ,
743 862 882 885 AGNOSCE
897 866 982 892 QUOD
999 869 1030 890 IN
1046 870 1147 893 nemo
1166 873 1360 899 LAQUEORUM
1386 877 1579 901 PERTRANSIS
1605 871 1698 911 (Ec-

98 893 133 911 ,ιΙέ
161 893 179 911 0
211 893 276 911 ΟΠΧ
317 904 357 911 νς·-
380 904 462 911 A'vn“
485 906 576 911 -...-..,.
602 908 652 911 --ην
683 910 691 911 κ

97 893 141 922 cli.
161 893 188 922 9.
211 893 251 922 20
267 894 290 933 ),

317 904 357 924 ΕΤ
379 904 463 930 QUOD
485 906 577 928 PEJUS
598 908 733 938 δυιιΑιιΕ,
756 911 844 937 QUAM
866 914 1033 940 OCCIDERE.

715 972 1030 1004 MMDIW

353 1034 462 1054 HOIILIA
482 1035 531 1056 ιν,

94 1069 117 1095 ί.
130 1070 270 1103 Oportebat
283 1075 314 1098 et
328 1071 408 1099 hodie
422 1077 450 1100 et
470 1074 608 1108 superiore
628 1076 738 1105 sabbato
758 1079 792 1107 de
803 1088 846 1114 je-

63 1114 124 1148 junio
136 1113 220 1142 facere
237 1123 394 1144 sermonem
411 1126 417 1144 :
433 1118 649 1154 intempestivum
674 1123 724 1151 hoc
744 1113 846 1153 dictum

64 1167 112 1187 esse
124 1161 215 1195 cogitet
228 1169 322 1189 nemo.
335 1162 399 1190 Nam
415 1163 441 1191 in
455 1164 548 1192 diebus
557 1166 663 1201 quidem
676 1169 769 1203 jejunii
780 1178 846 1198 con-

63 1205 110 1231 silio
121 1205 180 1232 nihil
195 1213 263 1240 opus
277 1213 323 1234 est
335 1213 363 1234 et
376 1209 568 1244 admonitione,
583 1212 639 1246 ipsa
655 1213 758 1242 dierum
775 1224 845 1251 prsc-

63 1253 132 1279 sentia
148 1254 224 1280 etiam
238 1255 485 1290 negligentissimos
500 1257 532 1285 ad
543 1258 636 1293 jejunii
649 1265 782 1289 certamen
796 1271 844 1291 ex-

62 1300 164 1332 citante;
179 1301 225 1327 sed
249 1302 380 1336 quoniam
400 1302 537 1331 hominum
555 1306 631 1333 multi
652 1307 781 1343 jejunium
797 1318 844 1346 ag-

62 1347 172 1380 gressuri,
189 1351 326 1382 tamquam
342 1348 428 1384 longae
440 1350 547 1378 cuidam
561 1351 710 1381 obscssioui
735 1355 843 1383 traden-

60 1391 101 1418 dus
120 1392 151 1419 sit
173 1397 279 1427 venter,
299 1395 416 1429 crapulte
437 1400 464 1422 et
484 1396 605 1425 ebrietati
627 1407 844 1436 prmoccupantes

63 1437 183 1472 indulgent
197 1447 203 1465 :
219 1447 383 1475 rursumque
395 1441 495 1476 egressi
510 1447 633 1478 tanquam
642 1452 675 1471 ex
689 1445 765 1481 longa
777 1455 841 1482 qua-

61 1483 109 1510 dam
117 1485 208 1517 esurie,
221 1490 247 1513 et
258 1487 335 1521 gravi
348 1487 443 1522 jejttnii
459 1496 568 1517 carcere
582 1491 670 1524 soluti,
685 1500 744 1519 cum
759 1495 843 1522 multo

62 1532 176 1561 dedecore
188 1534 220 1561 ad
233 1543 343 1563 mensas
352 1542 470 1570 currunt,
485 1545 533 1566 ceu
547 1539 683 1568 studentes
696 1541 745 1568 sibi
756 1546 841 1568 ortam

61 1585 86 1603 ex
102 1578 195 1613 jejunio
218 1581 362 1608 utilitatem
389 1584 504 1618 crapula:
525 1592 636 1612 excessu
656 1594 760 1613 rursum
780 1595 841 1622 pcr-

61 1624 128 1657 dere;
140 1633 225 1660 operte
241 1628 360 1662 pretium
376 1629 424 1656 fuit
437 1633 464 1656 et
480 1634 551 1663 tunc,
566 1636 593 1658 et
607 1639 676 1658 nunc
691 1632 723 1659 de
738 1637 840 1667 tempe-

62 1670 130 1696 rantia
142 1671 281 1700 instituere
295 1681 460 1701 sermonem.

90 1714 213 1744 Calamilaa
226 1718 330 1745 virtuti:
349 1721 481 1755 magistra.
497 1736 531 1740 —
547 1721 736 1750 Verumtamen
755 1732 841 1758 neque

63 1761 120 1794 prius
129 1763 267 1798 quidquam
282 1765 435 1800 hujusmodi
446 1767 571 1801 diximus,
587 1776 674 1804 neque
687 1778 758 1797 nunc
769 1771 841 1797 dice-

62 1814 108 1834 mus
122 1816 128 1834 :
143 1808 265 1837 instantis
279 1811 353 1838 enim
371 1812 529 1840 calamitatis
543 1814 622 1841 timor
640 1822 690 1849 pro
705 1816 776 1842 omni
790 1815 839 1842 ad-

61 1854 185 1883 monitione
205 1861 233 1883 et
255 1857 372 1885 consilio
399 1864 553 1886 cunctorum
577 1861 679 1888 animas
705 1862 836 1888 moderari

61 1899 124 1927 valet.
138 1901 197 1935 Quis
211 1904 285 1930 enim
297 1908 351 1930 tam
363 1905 444 1932 miser
456 1910 483 1933 et
495 1914 672 1940 terunmosus,
685 1913 713 1935 ut
727 1909 752 1935 in
768 1914 839 1936 tanta

61 1950 196 1980 tempestate
214 1949 384 1977 inebrietur?
396 1951 455 1985 quis
476 1956 528 1978 tam
552 1952 718 1986 insensalus,
734 1959 761 1981 ut
773 1955 839 1982 civi-

60 1994 102 2018 tatc
111 1992 145 2019 sic
153 1992 309 2028 ﬂuctuante,
319 2000 346 2023 et
356 1997 493 2032 naufragio
505 1997 549 2024 tali
560 1998 715 2026 imminente
729 2008 780 2027 non
792 2008 836 2027 θος

59 2035 118 2063 brius
129 2038 162 2065 sit
182 2044 209 2066 et
220 2041 331 2074 vigilet,
347 2046 375 2068 ct
389 2042 438 2069 hac
452 2043 586 2070 anxietate
605 2051 658 2070 non
673 2044 835 2079 diligentius,

59 2089 122 2116 quam
134 2085 203 2111 ontni
221 2087 339 2114 consilio
354 2092 383 2115 et
400 2087 582 2116 admonitione
601 2090 766 2125 corrigatur?
778 2091 835 2118 Non

59 2127 113 2155 enim
126 2134 221 2158 tantum
240 2132 352 2160 efﬁcere
371 2134 469 2168 poterit
491 2141 590 2168 sermo,
606 2141 733 2170 quantum
755 2137 836 2164 timor

58 2180 162 2207 operatur
176 2186 182 2204 :
194 2183 219 2204 et
235 2178 288 2205 hoc
302 2179 389 2213 ipsum
403 2187 436 2207 ex
450 2181 492 2214 iis,
508 2189 567 2216 quae
578 2189 648 2209 nunc
662 2182 832 2216 acciderunt,

58 2219 220 2251 demonstrare
240 2224 320 2252 facile
341 2230 391 2252 est.
407 2225 478 2259 Quot
491 2234 606 2262 namque
625 2235 764 2256 sermones
785 2229 834 2256 im-

58 2267 186 2302 pendimus,
201 2271 370 2306 torpidorum
384 2273 483 2300 multos
495 2274 679 2308 admonentes,
697 2281 724 2303 et
736 2284 833 2304 consu-

59 2311 126 2340 lentes
141 2319 169 2341 ut
183 2315 288 2343 theatra
310 2322 338 2344 et
358 2318 429 2345 illinc
444 2320 631 2353 provenieutcs
651 2321 773 2349 lascivias
790 2323 832 2349 di-

58 2359 189 2388 mitterent?
202 2368 229 2390 et
242 2371 297 2390 non
311 2364 498 2399 abstinebant,
513 2366 559 2394 sed
574 2374 681 2402 semper
701 2375 784 2403 usque
798 2369 832 2396 ad

59 2403 111 2433 hanc
124 2407 189 2435 diem
202 2409 234 2436 ad
247 2410 340 2449 illicita
355 2412 507 2439 saltantium
522 2414 673 2448 spectacula
686 2423 831 2443 concurre-

58 2450 114 2484 bant,
135 2453 292 2483 diabolicam
315 2457 474 2485 concionem
497 2459 626 2486 adversus
645 2459 690 2487 Dei
710 2460 831 2488 ecclesiae

57 2496 229 2529 plenitudinem
245 2503 461 2536 constituebant,
476 2508 503 2531 et
518 2504 597 2540 hujus
612 2505 662 2532 loci
678 2507 831 2539 psalmodiis

56 2541 166 2572 clamores
179 2546 240 2575 inde
254 2555 314 2575 cum
336 2549 418 2576 multa
433 2550 530 2577 sublati
545 2551 712 2579 vehementia
724 2553 829 2580 obstre-

57 2587 146 2618 Debant.
161 2591 212 2619 Sed
235 2600 300 2621 ecce
318 2602 390 2621 nunc
413 2596 560 2624 tacentibus
580 2597 657 2624 nobis
679 2602 706 2625 et
718 2598 784 2626 nihil
797 2599 830 2626 de

57 2632 96 2660 huc
107 2635 259 2672 dicentibus,
274 2645 370 2674 sponte
391 2641 555 2668 orchestram
569 2643 780 2677 obstruxerunt,
803 2649 830 2671 et

56 2679 126 2708 circus
146 2682 333 2713 inaccessibilis
358 2686 441 2714 factus
455 2693 505 2715 est.
533 2688 653 2716 Antehac
677 2694 828 2717 nostrorum

58 2726 117 2752 inulti
128 2727 159 2754 ad
172 2729 228 2758 illos
242 2732 402 2764 currebant;
419 2741 489 2760 nunc
502 2739 591 2761 autem
606 2735 679 2762 illinc
692 2743 785 2762 omnes
795 2735 829 2762 ad

57 2772 176 2801 ecclesiam
197 2776 389 2812 confugerunt,
414 2782 441 2805 et
462 2785 581 2806 nostrum
605 2788 699 2808 omnes
722 2780 829 2807 laudant

60 2815 135 2845 Deum.

85 2862 197 2894 Crimina
209 2869 283 2895 timor
295 2869 366 2901 γεηηί
377 2878 494 2897 coronant
506 2870 591 2902 affert.
601 2886 637 2892 —
649 2871 728 2899 Vides
742 2879 828 2904 quan-

193 2912 329 2944 PATROL.
354 2914 412 2944 Gn.
435 2915 543 2946 XLIX.

903 1043 957 1065 tum
982 1049 1013 1068 ex
1030 1043 1124 1071 timore
1147 1046 1213 1074 lucri
1238 1047 1335 1075 factum
1358 1051 1494 1078 est?Nisi
1518 1052 1603 1079 bonus
1624 1059 1698 1080 esset

902 1086 991 1119 timor,
1008 1088 1069 1116 ﬁliis
1090 1096 1178 1124 patres
1193 1093 1352 1130 paedagogos
1368 1104 1420 1123 non
1434 1102 1630 1131 praeponerent,
1645 1107 1697 1127 non

901 1131 1066 1167 legislatures
1089 1137 1241 1166 civitatibus
1264 1140 1332 1167 ullos
1355 1143 1534 1176 magistratus.
1560 1144 1627 1177 Quid
1649 1152 1697 1179 ge-

899 1176 986 1204 henna
1010 1181 1132 1215 gravius?
1146 1183 1192 1210 sed
1207 1185 1284 1219 hujus
1299 1191 1371 1214 metu
1387 1187 1424 1214 ttil
1440 1188 1528 1216 utilius
1543 1198 1549 1215 :
1565 1176 1694 1224 geheniue

900 1231 1014 1259 namque
1029 1226 1108 1254 timor
1122 1230 1196 1263 regni
1219 1231 1296 1258 nobis
1309 1232 1387 1259 affert
1400 1241 1535 1261 coronam.
1553 1235 1602 1263 Ubi
1618 1236 1696 1263 timor

898 1275 949 1302 est,
968 1271 1035 1299 livor
1050 1281 1102 1299 non
1115 1279 1156 1301 est
1170 1284 1176 1301 :
1192 1275 1235 1303 ubi
1249 1277 1329 1304 timor
1349 1284 1401 1311 est,
1426 1280 1599 1314 pecuniarum
1619 1289 1695 1309 amor

899 1324 952 1343 non
969 1324 1048 1345 vexat
1066 1329 1071 1345 :
1086 1320 1130 1347 ubi
1146 1322 1225 1349 timor
1239 1329 1290 1355 est,
1308 1325 1455 1352 exstinctus
1471 1326 1544 1353 furor
1556 1332 1607 1360 est,
1621 1329 1696 1363 cupi—

897 1363 966 1390 ditas
992 1365 1111 1399 improba
1134 1374 1265 1400 correcta,
1282 1371 1369 1397 ontttis
1393 1371 1584 1400 irrationabilis
1608 1374 1696 1408 passio

897 1411 1082 1437 exterminata.
1101 1412 1133 1439 Et
1157 1413 1227 1441 sicut
1250 1415 1275 1441 in
1291 1415 1371 1443 domo
1387 1422 1474 1445 stante
1493 1418 1576 1446 milite
1589 1427 1696 1454 semper

896 1461 1009 1489 armato,
1025 1465 1077 1484 non
1093 1459 1171 1490 latro,
1187 1468 1240 1487 non
1257 1461 1308 1495 fur,
1323 1470 1376 1489 non
1392 1463 1461 1490 alius
1473 1465 1533 1499 quis
1549 1465 1610 1492 talia
1625 1467 1695 1493 mala

897 1504 1058 1536 patrantium
1082 1512 1213 1541 apparere
1236 1510 1344 1543 propius
1365 1510 1493 1538 audebit:
1509 1511 1548 1538 sic
1572 1516 1600 1539 et
1622 1518 1694 1540 metu

896 1548 998 1575 animas
1014 1556 1119 1579 nostras
1134 1559 1292 1588 occupaute,
1308 1555 1474 1584 illiberalium
1490 1558 1562 1585 nulla
1584 1563 1693 1594 pertur—

895 1593 1032 1622 bationum
1048 1597 1124 1624 facile
1139 1599 1216 1626 nobis
1229 1600 1359 1635 subrepit,
1374 1602 1421 1630 sed
1435 1610 1530 1630 omnes
1542 1603 1655 1638 fugiunt,
1666 1610 1694 1632 et

895 1640 1040 1674 pelluntur,
1058 1642 1162 1671 timoris
1177 1644 1291 1679 imperio
1312 1647 1428 1682 undique
1442 1654 1553 1676 exactio.
1568 1648 1623 1678 Nec
1642 1649 1693 1677 hoc

895 1685 980 1713 solutn
996 1691 1037 1714 est
1052 1689 1122 1723 quod
1143 1697 1176 1716 ex
1193 1691 1288 1718 timore
1309 1692 1452 1726 lucramur,
1466 1702 1559 1721 verum
1572 1699 1599 1722 et
1619 1695 1693 1723 aliud

895 1731 946 1760 hoc
962 1733 1046 1760 mttlto
1057 1735 1153 1770 majus.
1167 1735 1224 1764 Non
1240 1738 1312 1764 enim
1325 1738 1461 1774 improbas
1475 1745 1576 1768 tantum
1586 1745 1692 1769 nostras

893 1780 1001 1813 expellit
1016 1782 1164 1816 passiones,
1174 1784 1220 1810 sed
1234 1789 1261 1811 et
1275 1792 1381 1812 omnem
1394 1794 1454 1813 cum
1469 1787 1551 1814 tuulta
1566 1787 1691 1816 facilitate

893 1825 1018 1853 virtutem
1043 1827 1152 1855 inducit.
1169 1828 1219 1856 Ubi
1243 1829 1324 1857 timor
1339 1836 1390 1863 est,
1413 1832 1448 1858 ibi
1471 1837 1498 1860 et
1512 1833 1691 1870 eleemosyna:

892 1871 1019 1904 stndiutn,
1035 1877 1062 1899 et
1081 1874 1209 1901 orationis
1225 1875 1348 1909 intentio,
1372 1881 1400 1904 et
1417 1877 1543 1913 lacryma:
1557 1879 1691 1908 ferventes

891 1923 918 1944 et
932 1920 1076 1952 continuas,
1098 1925 1126 1947 et
1140 1922 1255 1956 gemitus
1276 1923 1386 1950 multam
1410 1923 1539 1952 habentes
1559 1933 1690 1961 compun-

890 1964 1018 1993 ctionem.
1033 1966 1104 1994 Nihil
1120 1968 1190 1995 enim
1205 1973 1307 1996 tantum
1321 1975 1428 2004 peccata
1443 1973 1587 2005 consumit,
1604 1973 1690 2000 virtu-

891 2015 999 2045 temque
1011 2019 1134 2040 crescere
1155 2013 1218 2041 facit
1232 2018 1259 2041 et
1269 2016 1430 2050 germinare,
1447 2023 1574 2051 quantum
1589 2019 1689 2046 assidui

890 2057 994 2085 timoris
1019 2063 1122 2086 natura.
1140 2059 1285 2095 Propterea
1300 2063 1344 2097 qui
1368 2070 1421 2089 non
1445 2063 1512 2090 vivit
1532 2065 1558 2091 in
1575 2064 1686 2098 timore,

889 2108 961 2132 recte
982 2105 1057 2131 illum
1080 2113 1159 2140 agerc
1174 2115 1227 2133 non
1250 2112 1293 2134 est
1317 2109 1441 2142 possibile
1457 2119 1464 2136 :
1479 2110 1548 2137 sicut
1568 2111 1686 2139 vicissim

887 2157 948 2176 cum
976 2151 1071 2178 timore
1097 2152 1230 2179 viventem
1246 2158 1287 2180 est
1313 2154 1478 2189 impossibile
1500 2164 1622 2191 peccare.
1649 2158 1687 2185 Ne

887 2195 966 2230 igitur
985 2196 1134 2230 doleamus,
1150 2198 1258 2231 dilecti,
1275 2207 1362 2234 neque
1375 2201 1493 2228 animum
1515 2202 1685 2237 despondea-

888 2249 947 2269 mus
962 2242 996 2269 ob
1023 2248 1183 2277 praesentem
1200 2244 1411 2278 tribulationem,
1436 2246 1482 2273 sed
1499 2247 1625 2274 solertem
1640 2249 1687 2276 Dei

886 2288 1043 2322 sapientiam
1066 2289 1240 2317 admirentur.
1264 2290 1338 2317 Unde
1353 2298 1467 2326 namque
1484 2292 1617 2320 civitatent
1635 2302 1685 2320 no-

886 2339 968 2361 stram
994 2335 1115 2362 diabolus
1138 2344 1168 2363 se
1188 2343 1344 2364 eversuruut
1369 2338 1494 2372 speravit,
1518 2339 1606 2366 Deus‘
1621 2339 1685 2368 inde

885 2381 1001 2408 restituit
1030 2381 1114 2416 ipsam
1142 2386 1168 2409 et
1193 2384 1318 2410 correxit.
1354 2384 1480 2412 Diabolus
1503 2392 1600 2419 nempe
1624 2386 1684 2419 qui-

884 2427 996 2455 busdam
1012 2428 1100 2463 impiis
1120 2429 1270 2457 hominibus
1284 2430 1432 2466 inspiravit,
1450 2436 1478 2458 ut
1491 2431 1683 2466 imperatorum

884 2478 986 2501 statuas
1001 2473 1104 2508 injuriis
1125 2474 1273 2508 officerent,
1294 2483 1348 2511 quo
1361 2481 1388 2504 et
1402 2477 1490 2510 ipsum
1506 2477 1581 2504 urbis
1594 2477 1682 2504 solum

885 2519 1086 2552 destrueretur;
1104 2520 1172 2547 Deus
1181 2525 1270 2548 autem
1283 2521 1334 2548 hoc
1347 2522 1404 2556 ipso
1418 2521 1488 2549 facto
1503 2522 1536 2549 ad
1552 2522 1682 2557 majorem

883 2569 1001 2592 nostram
1025 2567 1219 2594 COI‘I‘CUiOﬂCRI
1242 2574 1305 2594 usus
1321 2572 1379 2599 est,
1394 2572 1555 2602 εχενεοιειῑω
1570 2569 1682 2596 commi-

883 2612 999 2638 nationis
1023 2614 1119 2639 timore
1133 2621 1239 2640 omnem
1256 2613 1401 2641 extrudens
1424 2618 1557 2648 torporem
1574 2623 1580 2641 :
1595 2620 1622 2641 et
1641 2614 1681 2642 fa-

882 2664 953 2686 ctum
968 2663 1010 2686 est
1033 2663 1125 2686 contra
1150 2667 1230 2694 quam
1255 2659 1360 2687 datmon
1384 2660 1501 2692 volebat,
1518 2668 1549 2688 ex
1573 2661 1605 2688 iis
1619 2669 1678 2695 qua:

883 2705 950 2739 ipso,
962 2709 1104 2732 struxerat.
1122 2705 1224 2733 Civitas
1238 2707 1309 2733 ettim
1324 2707 1442 2741 quotidie
1456 2707 1532 2734 nobis
1545 2715 1677 2742 expurga-

883 2755 933 2784 tur,
939 2756 965 2779 et
976 2751 1106 2786 angiporti
1119 2757 1146 2778 et
1158 2751 1227 2778 bivia
1239 2757 1265 2779 et
1275 2752 1371 2787 plateae
1389 2752 1509 2780 liberatte
1519 2753 1676 2780 meretriciis

913 2845 921 2859 ¹
941 2847 971 2869 Ita
989 2848 1041 2870 sav.
1061 2848 1088 2870 et
1106 2845 1209 2870 maxima
1228 2851 1283 2876 pars
1299 2849 1350 2869 Mss.
1371 2848 1394 2868 tn
1410 2843 1492 2869 Morel.
1511 2850 1570 2868 vero
1588 2844 1673 2873 deest,

883 2879 945 2901 Deus
948 2894 954 2900 .

1503 2920 1540 2949 10
