1983 3125
251 130 301 158 155

249 193 274 213 ιιι
300 187 407 214 lubricis
427 191 489 214 sunt
510 188 631 215 cantibus
648 197 654 215 :
669 193 696 216 et
719 196 887 223 quocumque
903 189 1050 224 respeverit

249 232 356 266 aliquis,
381 233 591 267 supplicationes
614 238 641 262 et
655 234 856 262 benedictiones
882 240 909 261 et
927 235 1051 270 laerymre

251 285 302 312 pro
315 278 369 305 risu
390 279 486 312 soluto,
503 285 530 307 et
543 280 623 307 verba
646 281 840 316 philosophiam
867 282 990 310 lial'entia
1004 289 1052 316 pro

252 323 342 351 verbis
365 325 485 359 turpibus
502 335 508 352 :
526 332 551 352 et
567 327 679 354 ecclesia
705 327 773 354 facta
796 328 873 355 nobis
897 333 937 355 est
958 328 1052 355 civitas

254 373 320 403 tota,
335 369 450 397 officinis
464 371 573 403 clausis,
590 373 714 400 omnibus
728 373 753 400 in
769 374 808 400 his
825 375 936 406 publicis
949 374 1051 408 suppli-

255 416 406 443 cationibus
421 416 490 444 diem
509 422 592 444 totum
607 419 758 453 agentibus,
776 425 798 445 ei
818 419 899 446 Deum
916 428 967 446 una
981 427 1053 446 corn-

255 462 383 496 munique
410 470 476 489 voce
502 471 562 490 cum
585 464 667 490 multa
693 465 878 491 invocantibus
905 465 1052 492 alacritate.

257 506 322 540 Quis
334 507 390 535 hate
399 516 488 536 sermo
500 517 622 544 umquam
637 511 762 544 expedire
774 512 903 546 potuisset
914 512 925 538 ?
938 519 996 546 qua:
1008 511 1055 538 ad-

258 554 390 581 monitio?
400 555 471 590 quod
483 556 642 583 consilium?
653 562 750 591 quanta
763 558 890 592 temporis
900 557 1054 592 longitudo?

293 601 320 626 2.
349 600 493 635 Propterea
521 602 576 629 Deo
601 603 700 637 gratias
724 611 843 638 agamus,
870 612 922 630 non
944 604 1056 630 moleste

259 647 386 680 feramus,
410 657 459 674 nec
476 649 654 683 indignemur.
675 650 751 684 Quod
765 652 837 678 enim
859 651 957 678 bonum
971 651 1006 678 sit
1026 651 1057 677 ti-

260 702 329 726 mor,
352 699 380 721 et
407 699 555 722 memorata
578 695 831 723 demonstraverunt
847 706 854 724 :
868 697 928 724 audi
945 705 1007 723 vero
1031 702 1058 723 et

259 741 430 767 Salomonem
455 741 488 768 de
516 741 566 768 hoc
591 742 626 769 ita
655 742 906 778 philosophantem,
935 743 1057 769 Salonio-

262 793 334 818 nem,
348 786 467 820 inquam,
482 787 606 814 omnibus
632 787 788 815 innutritum
802 787 913 819 deliciis,
929 793 954 814 ct
977 788 1058 814 multa

264 833 374 867 potitum
390 833 520 861 libertate.
544 834 612 868 Quid
627 834 706 869 igitur
730 835 814 870 inquit
826 835 893 862 ille?
919 835 1010 862 Melius
1025 840 1059 862 est

262 879 299 905 ire
307 880 333 905 in
348 880 449 907 domum
461 880 542 907 luctus
553 889 629 916 quam
645 881 671 908 in
686 881 789 908 domum
802 881 906 908 convivii
920 881 1018 916 (I'Iccle.
1032 881 1058 907 7.

265 925 294 959 '5)
307 925 356 961 (ri).
375 926 443 959 Quid
458 932 510 959 est,
530 935 633 962 quaeso,
645 927 716 962 quod
731 928 792 955 ais?
809 927 857 955 Ubi
873 929 968 957 luctus.
985 931 1010 954 et
1021 927 1060 954 la-

265 979 374 1007 cryiiim,
389 977 415 999 et
427 973 552 1007 gemitus,
565 977 592 1001 et
604 973 690 1005 dolor,
698 975 730 1001 ‘et
744 973 849 1001 tristitia
864 977 946 1001 tanta.
967 973 1062 1000 melius

266 1017 338 1045 illinc
361 1018 515 1051 abscedi-re,
539 1027 619 1054 quam
644 1019 687 1048 tibi
703 1020 819 1053 choreae,
841 1024 869 1047 et
891 1019 1021 1056 cymbala,
1036 1024 1064 1047 et

266 1064 345 1096 risus,
359 1069 386 1091 et
400 1064 511 1098 delieim,
524 1070 551 1093 et
564 1065 683 1100 crapula,
697 1070 724 1094 et
735 1066 868 1094 ebrietas?
883 1066 978 1096 Etiun,
991 1066 1027 1092 ait
1040 1066 1061 1092 ¹.

271 1109 380 1141 Verum,
402 1118 453 1146 qua
469 1110 502 1138 de
523 1119 614 1143 causa,
630 1119 732 1146 qnmso,
746 1116 774 1138 et
788 1112 968 1146 quapropter?
990 1111 1064 1145 Quo-

269 1157 339 1184 niam
362 1157 436 1184 illinc
456 1157 564 1192 quidem
588 1158 741 1193 petulantia,
768 1158 830 1185 hinc
849 1166 911 1184 vero
936 1157 1064 1184 modestia

268 1203 385 1230 nascitur
401 1212 407 1230 :
424 1208 450 1230 et
465 1204 486 1230 si
501 1204 560 1238 quis
572 1204 604 1230 ad
618 1204 792 1239 opulentioris
807 1204 884 1231 abeat
903 1204 1064 1236 convivium,

270 1256 323 1276 non
347 1249 460 1283 amplius
473 1257 534 1276 cum
548 1249 640 1277 eadem
661 1249 752 1276 laetitia
766 1250 873 1277 domum
896 1254 1043 1277 revertetur
1057 1270 1064 1281 ,

271 1293 318 1321 sed
333 1294 416 1321 trisris
429 1295 535 1329 quidem
548 1294 581 1322 ad
596 1303 706 1323 uxorem
723 1295 827 1328 redibit,
842 1296 926 1324 tristis
939 1301 1026 1324 autem
1040 1301 1066 1323 et

270 1339 303 1367 de
315 1347 363 1367 sua
385 1347 476 1367 mensa
491 1341 669 1375 participabit,
685 1346 712 1368 et
727 1342 854 1369 molestus
868 1343 952 1369 servis
965 1347 991 1369 et
1006 1341 1067 1368 liliis

273 1391 299 1413 et
314 1386 438 1414 omnibus
458 1387 508 1414 erit
523 1387 687 1420 domesticis,
712 1397 745 1416 ex
767 1388 878 1415 aliorum
894 1389 969 1423 copia
992 1396 1066 1416 suam

271 1431 426 1465 diligentius
449 1437 630 1466 paupertatem
645 1433 829 1460 considerans.
845 1434 900 1461 Nec
916 1434 966 1461 hoc
980 1434 1066 1461 solmn

271 1484 312 1506 est
325 1487 413 1514 grave,
431 1479 477 1507 sed
489 1480 514 1507 id
528 1480 607 1507 etiam
621 1480 691 1515 quod
707 1488 778 1514 smpe
791 1481 896 1508 vocanti
911 1488 940 1508 se
953 1480 986 1507 ad
1001 1488 1067 1508 cou-

271 1526 370 1553 vivium
395 1526 511 1559 invidet;
527 1532 554 1554 et
577 1527 642 1554 nihil
670 1527 775 1561 penitus
796 1527 858 1554 boni
882 1529 1003 1563 gratique
1021 1535 1067 1555 su-

273 1581 350 1600 mens
368 1573 476 1600 domum
492 1573 644 1602 revertiur.
668 1574 745 1602 Circa
771 1575 892 1610 lugentes
915 1583 979 1602 vero
1004 1575 1069 1602 nihil

273 1620 327 1650 tale
349 1620 400 1650 diei
423 1625 521 1657 potest,
545 1621 592 1650 sed
615 1621 696 1650 multa
719 1621 754 1650 ibi
779 1621 962 1658 philosoiihia,
988 1623 1069 1649 multa

274 1668 415 1696 modestia.
443 1669 528 1696 Simul
554 1669 626 1696 enim
650 1676 682 1696 ac
710 1669 841 1704 quispiam
874 1668 970 1696 domus
996 1675 1070 1696 mor-

273 1720 348 1742 tuum
373 1714 496 1743 habentis
518 1716 676 1743 vestibulum
700 1716 860 1747 ascenderit,
874 1721 1007 1743 mortuum
1030 1716 1070 1743 in-

274 1760 357 1787 tuitus
372 1764 486 1793 mutum,
497 1761 640 1796 jacentern,
653 1767 679 1789 et
692 1769 801 1789 uxorem
813 1762 902 1788 crines
916 1761 1070 1794 vellentem,

275 1807 437 1834 lacerantem
463 1815 565 1842 genas,
593 1813 621 1836 et
643 1808 749 1836 brachia
774 1813 930 1842 secantem,
959 1808 1071 1842 corripi-

276 1857 328 1885 tur,
351 1853 480 1887 tristatur,
495 1859 522 1881 et
534 1853 729 1881 considentium
742 1855 853 1889 quisque
868 1854 900 1881 ad
923 1855 1072 1889 proximum

275 1898 314 1926 nil
327 1898 399 1926 aliud
418 1898 544 1935 loquitur,
565 1907 644 1934 quam
660 1900 730 1934 quod
755 1900 791 1927 nil
814 1907 918 1931 sumus,
932 1904 959 1927 et
973 1900 1073 1926 malitia

276 1949 367 1972 nostra
381 1944 415 1971 sit
428 1943 578 1972 ineﬂ‘abilis.
593 1945 661 1979 Quid
678 1945 718 1972 his
737 1945 825 1972 verbis
846 1945 992 1980 sapientius
1013 1952 1072 1972 esse

278 1991 372 2026 possit,
393 1998 454 2018 cum
467 1995 495 2019 et
508 1995 609 2019 naturzc
624 1992 753 2018 vilitatem
777 1999 962 2026 agnoscamus,
985 1996 1011 2018 et
1027 1999 1074 2017 n0-

277 2041 360 2064 stram
375 2044 532 2065 accusemus
545 2038 752 2072 improbitatem,
768 2043 794 2065 ct
809 2037 873 2064 nihil
887 2045 947 2064 esse
958 2045 1074 2070 prtescn-

278 2084 315 2111 tia
328 2084 476 2120 cogitemus
493 2093 499 2111 :
514 2084 574 2111 aliis
597 2084 703 2120 quidem
725 2085 824 2117 verbis,
839 2085 969 2112 sententia
985 2090 1073 2111 tamen

278 2130 373 2158 cadent
389 2130 540 2159 Salomonis
554 2131 597 2158 illa
621 2131 760 2165 loquentes
783 2131 913 2158 mirabilia
936 2136 963 2157 ct
986 2131 1074 2157 "mlta:

279 2176 357 2211 plena
372 2175 557 2211 philosophiae,
579 2175 684 2203 Vanilas
697 2177 844 2208 uanilalum,
860 2181 882 2203 ct
899 2177 983 2202 omnia
1002 2177 1075 2202 t‘ani-

283 2227 321 2249 ιιιι
336 2221 436 2257 (Ectlc.
451 2223 477 2249 l.
500 2222 540 2257 2).
557 2222 715 2257 Lugentium
730 2222 838 2249 domum
853 2222 998 2257 ingressus,
1022 2226 1075 2248 sta-

280 2269 327 2294 tim
357 2268 481 2303 laerymis
512 2267 665 2296 defunctum
700 2269 888 2303 prosequitur,
914 2268 1018 2296 etiamsi
1043 2268 1077 2295 sit

279 2315 413 2341 inimicus.
423 2314 517 2341 Vidisti
530 2320 630 2349 quanto
645 2315 738 2342 melior
752 2315 807 2342 lucc
817 2323 896 2350 quam
911 2315 953 2342 illa
965 2314 1077 2341 domus?

281 2359 328 2387 Ille
342 2361 424 2393 enim,
442 2360 545 2388 etiamsi
571 2362 672 2388 amicus
693 2361 737 2394 sit,
761 2361 879 2393 invidet;
905 2361 947 2388 hic
967 2365 1054 2388 autem
1069 2381 1075 2391 ,

283 2405 386 2432 etiamsi
402 2405 523 2433 inimicus
536 2406 580 2438 sit,
598 2406 761 2442 lacrymatur
778 2406 868 2441 :quod
884 2407 1002 2433 omnium
1018 2414 1075 2433 ma-

281 2452 351 2478 xime
372 2451 441 2478 [)eus
456 2451 581 2485 exquirit,
606 2457 635 2478 nt
655 2460 708 2479 non
731 2452 888 2479 insultcnms
912 2452 953 2484 iis,
970 2452 1012 2486 qui
1029 2459 1078 2479 nos

281 2497 482 2523 contristavere.
498 2497 554 2524 Non
570 2497 627 2524 hcce
637 2503 726 2525 autem
742 2498 798 2525 sola
811 2503 920 2532 possunt
933 2498 994 2525 hinc
1007 2498 1074 2524 bona

316 2561 323 2574 ¹
339 2559 405 2586 llam,
417 2557 489 2583 etiam
503 2557 545 2586 ait,
558 2557 581 2581 in
592 2559 646 2582 solo
660 2558 745 2582 Morel.
758 2559 855 2581 dt'sutll.

317 2590 352 2620 (rt)
366 2591 390 2613 tn
403 2591 540 2620 hasvoces,
552 2595 622 2620 quam
635 2588 659 2613 in
671 2589 769 2613 domum
779 2587 890 2617 convicii,
904 2589 949 2612 hoc
959 2589 1080 2615 dederunt

285 2622 403 2644 monitum
417 2619 528 2644 editores
540 2620 637 2646 Veneti,
651 2627 673 2650 [ιν
686 2620 737 2643 155.
754 2620 778 2644 Β.
793 2621 808 2643 6
822 2628 826 2644 ;
843 2628 851 2642 ‹
867 2620 895 2643 Lt
909 2620 981 2644 verba
995 2625 1085 2646 sanctis

286 2651 391 2681 paginag
405 2654 477 2681 prout
490 2650 529 2674 hic
540 2658 552 2674 a
566 2651 594 2674 l).
608 2652 780 2679 Chrysostomo
802 2651 954 2678 referuntur,
964 2680 967 2681 ν
977 2651 1085 2676 lidclitcr

287 2680 422 2709 vertamus,
434 2688 479 2705 vox
492 2680 556 2706 risus
568 2681 738 2706 substituenda
751 2685 789 2705 est
801 2683 853 2706 voci
866 2680 968 2713 convivii
979 2688 987 2706 :
998 2689 1084 2713 qnam-

287 2713 323 2744 vis
339 2720 388 2737 tum
404 2713 518 2742 Vulgata,
531 2716 581 2736 tum
594 2713 755 2743 Septuaginta
770 2720 837 2744 cunr
851 2712 966 2744 hebraieo
978 2718 1081 2744 consen-

287 2743 358 2771 tiant;
371 2744 487 2774 quodque
502 2744 590 2774 mirum
607 2745 685 2773 magis
698 2744 818 2770 videatur.
832 2743 884 2774 ipse
897 2743 1084 2770 Chrysostumus

286 2773 387 2798 sensum
410 2773 525 2798 lectionis
544 2774 674 2801 hebraicae.
699 2776 722 2798 in
747 2775 775 2797 iis
799 2773 854 2805 qua:
873 2778 1021 2804 sequuntur,
1043 2781 1083 2797 re-

287 2809 379 2834 spexit,
390 2809 412 2829 et
438 2807 511 2835 patilo
534 2804 637 2828 inferius
650 2806 706 2833 (col.
723 2805 774 2831 lbti.
793 2806 807 2828 Ι.
824 2805 862 2833 ll)
876 2805 990 2829 eumdem
1005 2806 1083 2828 locum

288 2837 423 2869 Salomonis
435 2838 667 2869 (ll‘tldeprtil't‘l't‘l‘tS,
682 2836 751 2865 legit,
763 2843 817 2860 eum
831 2837 986 2867 septuaginta
1007 2836 1083 2860 luter-

288 2867 408 2898 prclibus,
423 2866 534 2897 convicii,
547 2874 604 2897 non,
618 2866 691 2892 risus.
706 2875 714 2890 ι

623 130 651 158 S.
670 131 808 160 .IOANNIS
828 131 1067 160 CllftYSOSTOMl
1088 131 1246 159 ARCillEl‘.
1262 130 1528 159 CONSTANTINOP.

1849 125 1896 152 Ιίἰό

1104 190 1220 224 exeerpi,
1235 197 1326 216 verum
1349 193 1375 216 et
1395 189 1445 215 alia
1461 188 1502 215 his
1515 195 1566 214 nou
1583 187 1695 214 minora.
1719 185 1828 213 Etenim
1842 192 1898 219 pec-

1104 240 1223 263 catorum
1239 235 1350 270 quisque
1372 242 1479 262 suorum
1496 233 1683 266 reminiscitur,
1706 231 1840 260 tremendi
1856 232 1901 258 tri-

1106 282 1208 308 lmnalis
1228 286 1254 308 et
1280 289 1417 316 pmnarum
1443 281 1549 307 illarum
1571 285 1598 306 et
1617 279 1721 314 judicii,
1744 286 1776 305 ac
1794 277 1857 304 licet
1870 278 1902 303 sit

1106 327 1207 354 inﬁnita
1222 328 1255 354 ab
1269 327 1327 354 aliis
1343 334 1436 361 passus
1448 327 1527 358 mala,
1541 330 1568 352 et
1576 325 1646 352 domi
1659 324 1780 351 tristitias
1796 323 1901 354 habeat,

1108 373 1226 408 ipsortnn
1240 373 1359 400 onmium
1374 371 1476 399 medela
1496 376 1583 405 capta,
1600 371 1634 397 ita
1657 370 1812 397 revertitur.
1828 367 1903 402 Cogi-

1107 423 1165 446 tans
1177 420 1247 446 enim
1262 423 1289 446 et
1302 427 1331 446 se
1342 423 1370 446 et
1391 426 1438 445 eos
1457 424 1562 448 omnes,
1577 417 1620 451 qui
1642 415 1766 450 superbia
1779 419 1883 441 tument
1895 435 1902 444 ,

1108 465 1220 499 idipsum
1244 465 1318 491 brevi
1340 471 1465 499 passuros
1487 470 1557 495 csse,
1584 467 1611 489 et
1633 461 1787 488 transitoria
1811 465 1903 487 cuncta

1108 511 1249 545 przesentia
1263 518 1332 541 esse,
1345 510 1399 536 sive
1413 509 1503 537 suavia
1519 509 1572 535 sint
1587 509 1641 534 sive
1657 507 1753 539 tristia,
1771 506 1904 533 tristitiam

1108 561 1136 584 et
1153 557 1280 584 invidiam
1295 564 1400 583 onmem
1413 555 1560 590 deponens,
1577 559 1603 581 et
1623 554 1705 581 levem
1721 553 1838 580 reddens
1851 553 1905 578 ani-

1109 611 1191 636 mam,
1214 607 1240 630 et
1255 603 1403 636 relevatus,
1419 602 1458 629 sic
1480 601 1589 628 domum
1611 605 1759 628 revertetur
1775 608 1781 624 ε
1798 604 1826 626 ct
1847 598 1905 625 hinc

1110 650 1273 677 mansuetior
1286 654 1336 675 erit
1350 649 1375 675 in
1391 656 1494 681 oumes,
1511 654 1537 675 et
1550 647 1699 678 humanior,
1716 646 1867 680 benignior,
1881 650 1905 672 ct

1110 696 1264 730 sapientior,
1287 696 1436 722 futurorum
1453 695 1549 721 timore
1569 693 1650 728 ipsius
1674 694 1790 719 annnam
1815 692 1905 718 subin-

1111 749 1203 777 grcsso
1222 747 1248 768 ct
1273 749 1366 768 omnes
1387 741 1477 775 spinas
1498 740 1664 767 ahsnmcntc.
1682 739 1714 766 Et
1737 739 1795 765 ha-c
1819 737 1905 764 omnia

1112 789 1326 824 cognoscensille
1336 788 1451 820 diccbat,
1463 787 1555 814 chlius
1567 793 1600 815 est
1614 788 1650 814 ire
1659 789 1692 813 ad
1703 788 1807 812 domum
1816 787 1907 816 luctus,

1113 845 1190 866 quant
1203 836 1237 862 ad
1256 835 1358 861 domum
1377 834 1482 861 (ont'it'ii
1496 833 1593 867 (little.
1610 833 1636 860 7.
1653 833 1691 866 3).
1718 833 1792 858 Illinc
1808 837 1906 864 torpor,

1114 883 1175 910 hinc
1188 883 1307 909 anxietas
1319 881 1434 908 nascitur
1449 890 1455 907 :
1473 880 1545 908 illinc
1563 884 1738 913 contemptus,
1755 877 1816 904 lunc
1831 877 1907 903 timor

1114 931 1146 957 ad
1161 937 1267 957 OlllllClll
1285 938 1331 956 nos
1347 930 1469 956 virtutem
1480 927 1615 955 deducens
1630 927 1648 952 '.
1665 925 1718 952 Nisi
1731 926 1828 951 lnuunu
1841 928 1909 950 esset

1117 977 1207 1008 linter,
1223 984 1274 1002 non
1290 976 1388 1003 multos
1411 974 1584 1010 impendisset
1596 973 1716 1000 Christus
1731 977 1872 999 sermones
1886 976 1912 997 et

1116 1023 1219 1058 longus,
1238 1023 1271 1049 de
1294 1030 1370 1056 pu‘ua
1394 1027 1419 1048 ct
1444 1021 1573 1056 supplicio
1596 1019 1648 1046 illic
1671 1018 1766 1045 luluris
1790 1018 1909 1052 loquens.

1117 1069 1208 1096 Timor
1221 1069 1255 1096 nil
1270 1068 1340 1095 aliud
1355 1073 1404 1099 est.
1419 1076 1498 1103 quatit
1514 1074 1605 1094 murus
1620 1071 1646 1093 ct
1667 1065 1872 1094 tntmitncntnrn,
1886 1067 1910 1089 et

1117 1116 1198 1143 turris
1219 1115 1431 1150 inexpugnabilis
1447 1123 1453 1141 :
1467 1114 1566 1142 etenim
1577 1113 1658 1140 multa
1675 1112 1752 1138 nobis
1766 1110 1912 1137 munitione

1117 1170 1184 1197 opus
1206 1167 1266 1192 est;
1287 1161 1349 1196 quia
1374 1160 1464 1188 multa:
1488 1164 1549 1187 sunt
1571 1158 1686 1193 undique
1710 1155 1824 1185 insidire,
1847 1155 1913 1181 sicut

1121 1209 1178 1243 ipse
1189 1207 1314 1236 Salomon
1330 1214 1434 1234 rursum
1445 1205 1483 1234 sic
1501 1205 1648 1232 admonens
1665 1203 1770 1230 dicebat
1783 1222 1790 1228 .
1803 1204 1914 1235 Agnosre

1118 1256 1185 1289 quor!
1193 1255 1218 1281 in
1230 1255 1311 1281 medio
1319 1255 1466 1287 laqueorum
1481 1252 1582 1281 transis,
1599 1256 1620 1277 ct
1631 1258 1706 1282 sttpcr
1717 1249 1914 1282 propugnaculis

1120 1301 1187 1328 urbis
1201 1302 1210 1316 '
1221 1301 1335 1327 mnbulas
1351 1299 1443 1333 (lin-li.
1457 1299 1483 1326 9.
1505 1298 1563 1329 9.0).
1583 1297 1670 1331 l‘apa‘,
1693 1300 1757 1330 quot
1785 1295 1914 1320 honorum

1121 1347 1227 1381 plenum
1252 1352 1294 1374 cst
1319 1346 1369 1374 hoc
1394 1345 1520 1376 verbum.
1548 1351 1595 1371 nec
1619 1343 1707 1370 minus
1731 1348 1811 1376 quam
1835 1345 1914 1374 supc-

1120 1393 1174 1420 rius
1186 1394 1192 1419 ε

1156 1438 1189 1465 1η
1205 1439 1298 1465 nutritio
1320 1438 1394 1473 plena
1413 1445 1497 1464 omnm
1513 1435 1618 1468 laqueis.
1633 1449 1664 1454 —
1685 1433 1773 1472 Ipsum
1798 1433 1876 1466 igitur
1891 1430 1916 1457 in

1121 1490 1209 1513 mente
1220 1486 1331 1520 quisque
1345 1490 1434 1512 nostra
1445 1484 1601 1515 scribamus,
1613 1487 1640 1509 ct
1653 1487 1758 1514 semper
1774 1487 1801 1505 in
1816 1484 1917 1505 ιιιοιιιοι

1122 1531 1160 1558 ria
1175 1531 1404 1563 eircmnteramns,
1419 1535 1444 1556 et
1459 1537 1510 1556 non
1527 1528 1602 1556 {aede
1626 1527 1805 1562 petzcalnnins.
1822 1523 1917 1550 Inscri-

1124 1579 1215 1605 bamus
1240 1579 1312 1613 prius
1338 1579 1422 1613 ipsum
1446 1584 1506 1604 cum
1530 1575 1602 1603 elnrii
1622 1575 1758 1609 diligentia
1773 1573 1918 1599 discentes.

1122 1623 1179 1651 Non
1201 1631 1274 1651 enim
1298 1623 1382 1650 dixit:
1399 1623 1495 1657 Aspice
1520 1621 1588 1655 quod
1605 1628 1630 1647 ιιι
1653 1619 1742 1647 medio
1764 1621 1918 1652 laqueorum

1123 1670 1279 1707 pertransis,
1296 1670 1354 1701 sed,
1379 1670 1501 1704 Αςιιοετε.
1527 1667 1560 1694 Et
1578 1674 1660 1702 quate
1683 1666 1759 1693 divit.
1786 1666 1898 1698 Aquom
1908 1662 1925 1688 ."

1123 1719 1303 1747 Obumbrattls
1315 1721 1367 1746 est.
1387 1715 1482 1750 inquit,
1499 1715 1607 1748 laqueus
1624 1721 1630 1739 :
1646 1713 1698 1739 hoc
1717 1719 1789 1738 enim
1813 1712 1920 1742 laqueus

1124 1769 1174 1795 est,
1186 1764 1293 1800 quando
1305 1771 1356 1790 non
1368 1766 1458 1797 aperte
1468 1766 1541 1788 mors
1551 1763 1670 1793 apparet.
1683 1764 1770 1791 neque
1781 1755 1920 1782 uianilesta

1125 1809 1225 1842 clades,
1251 1809 1297 1838 sed
1321 1809 1437 1843 undique
1460 1808 1566 1835 obtecta
1581 1804 1684 1840 adjacet
1700 1812 1706 1830 :
1725 1807 1867 1837 propterea
1881 1801 1921 1826 duo

1125 1857 1173 1889 xit,
1198 1857 1322 1891 Agnosco.
1347 1855 1426 1882 Multa
1443 1854 1488 1881 tibi
1513 1860 1580 1888 opus
1593 1858 1634 1879 est
1657 1847 1882 1878 cmisnlerationc,
1896 1851 1921 1874 et

1125 1903 1244 1937 diligenti
1258 1901 1440 1928 scrutatione:
1453 1900 1522 1927 sicut
1541 1898 1610 1926 enim
1626 1905 1700 1932 pueri
1716 1902 1787 1922 terra
1803 1895 1921 1928 laqueos,

1126 1949 1165 1976 sic
1189 1948 1309 1975 diabolus
1331 1947 1391 1974 vita:
1414 1944 1593 1979 voluptatibus
1613 1947 1719 1978 pccrata
1743 1939 1921 1968 circumterit.

1127 1994 1179 2022 Sed
1204 2001 1319 2029 agnosce
1345 1997 1514 2028 perscrutans
1538 1990 1700 2025 diligenter:
1717 1993 1744 2014 et
1771 1987 1793 2014 si
1820 1987 1922 2013 lucrum

1127 2041 1282 2073 occurrerit,
1307 2047 1341 2066 ne
1363 2039 1465 2066 lucrum
1490 2037 1603 2072 aspicias
1626 2035 1724 2066 solum,
1740 2033 1788 2061 sed
1805 2036 1924 2059 scrutare

1127 2088 1276 2123 diligenter,
1289 2094 1322 2114 ne
1335 2085 1402 2113 forte
1416 2091 1489 2112 mors
1503 2088 1530 2111 et
1543 2087 1680 2118 peccatum
1696 2081 1764 2107 intra
1776 2080 1880 2107 lucrum
1891 2078 1924 2104 sit

1128 2133 1312 2161 absconditum
1329 2141 1336 2160 :
1352 2137 1378 2159 ct
1402 2132 1424 2158 si
1444 2130 1550 2161 videris,
1567 2130 1667 2161 refugo.
1684 2127 1785 2153 Rursus
1798 2133 1859 2152 cuin
1880 2124 1925 2150 dc-

1128 2182 1235 2209 leetatio
1249 2185 1276 2208 et
1294 2180 1416 2214 voluptas
1439 2176 1593 2208 occurrerit,
1614 2183 1647 2202 nc
1662 2174 1825 2208 voluptatem
1840 2171 1925 2198 solum

1129 2228 1267 2262 respicias,
1288 2226 1334 2253 sed
1350 2233 1383 2252 ne
1399 2225 1467 2252 forte
1489 2223 1612 2258 iniquitas
1631 2221 1717 2254 aliqua
1733 2220 1760 2246 in
1783 2217 1926 2252 Voluptatis

1130 2273 1261 2309 profundo
1275 2272 1431 2298 obumbrata
1456 2270 1500 2301 sit,
1527 2268 1666 2302 diligenter
1688 2264 1841 2297 considera,
1864 2263 1927 2290 etsi

1131 2320 1272 2351 inveneris,
1289 2318 1400 2346 resilito.
1421 2317 1482 2344 Sive
1494 2315 1614 2343 conSulat
1627 2313 1769 2348 quispiam,
1794 2311 1851 2338 sive
1863 2309 1927 2336 adu-

1131 2367 1210 2399 letur,
1225 2366 1280 2393 sive
1294 2364 1466 2398 obsequatur,
1482 2362 1538 2389 sive
1560 2361 1675 2387 honores
1689 2357 1857 2393 polliceatur,
1872 2355 1927 2382 sive

1131 2413 1316 2449 quodcumque
1331 2409 1419 2440 aliud;
1436 2407 1524 2435 omnia
1547 2413 1607 2433 eum
1632 2404 1767 2446 diligentia
1790 2401 1927 2430 examine-

1132 2468 1201 2492 mus,
1224 2464 1251 2486 et
1274 2458 1388 2492 undique
1413 2454 1631 2484 consideremus,
1654 2460 1687 2478 ne
1708 2450 1777 2477 forte
1802 2449 1927 2476 damtmm

1131 2505 1248 2541 aliquod,
1264 2513 1297 2531 ne
1322 2504 1389 2530 torte
1411 2501 1556 2536 periculurn
1572 2497 1678 2533 aliquod
1693 2504 1726 2524 ex
1741 2495 1866 2527 consilio,
1889 2493 1928 2520 vel

1133 2540 1245 2584 honore,
1262 2551 1302 2578 vel
1319 2548 1448 2583 obsequio
1464 2546 1539 2574 nobis
1550 2544 1667 2576 eveniat,
1679 2547 1706 2570 et
1718 2550 1753 2569 ne
1767 2540 1892 2569 celeriter
1904 2543 1930 2566 et

1133 2598 1328 2627 inconsiderate
1351 2601 1532 2623 accnrramus.
1555 2592 1583 2620 Si
1597 2592 1669 2619 enim
1692 2597 1761 2617 unus
1784 2593 1887 2615 tantum
1903 2590 1930 2612 et

1133 2646 1185 2672 duo
1201 2644 1285 2679 laquei
1302 2643 1398 2673 forent,
1417 2640 1500 2668 facilis
1513 2643 1584 2667 esset
1596 2635 1715 2665 custodia
1728 2643 1736 2668 ;
1751 2641 1822 2661 nunc
1842 2637 1930 2660 autem

1134 2693 1250 2727 ipsorum
1277 2690 1471 2718 multitudinem
1499 2686 1642 2714 ostendere
1668 2683 1762 2710 volens
1783 2681 1930 2710 Salomon,

1134 2737 1267 2774 quomodo
1281 2737 1346 2764 dicit
1356 2735 1447 2762 audias
1463 2743 1469 2760 :
1486 2734 1599 2768 Agnosce
1611 2730 1678 2766 quod
1693 2730 1720 2755 in
1733 2728 1816 2754 medio
1829 2726 1930 2774 laqueo-

1134 2794 1188 2810 ltllll
1205 2783 1352 2818 pt‘l'lraltsis.
1373 2781 1430 2808 Non
1445 2780 1520 2811 dixit,
1545 2778 1623 2805 Juxta
1644 2777 1752 2810 laqueos
1767 2778 1910 2809 pertranSts
1922 2790 1930 2802 ,

1169 2844 1174 2856 ι
1195 2841 1236 2865 Alii
1251 2847 1257 2864 :
1273 2839 1332 2864 Hinc
1346 2837 1549 2867 litilOl‘,lit‘10l'lld
1559 2841 1660 2863 animm.
1672 2837 1720 2858 etc.

1168 2875 1176 2887 '3
1197 2872 1247 2900 .tlii,
1260 2871 1362 2896 urbium.
