1983 3125
187 146 237 175 157

190 208 354 242 Ἐπιγνωθι,
369 207 413 234 ὅτι
428 206 462 233 ἑν
473 206 556 241 μέσῳ
579 207 712 241 παγίδων
730 207 901 240 διαϐαίνεις.
915 206 971 234 Καὶ
991 207 1019 233 ὲν

183 251 256 284 οἰκίᾳ
267 249 389 282 παγίδες,
403 248 451 274 καὶ
461 248 507 275 ἐπὶ
518 248 658 284 τραπέζης
670 248 791 282 παγίδες,
807 248 854 274 καὶ
869 248 915 274 ἐπὶ
928 247 1019 273 συλλό-

183 307 238 333 γων
254 299 376 333 παγιδες.
392 298 525 330 Πολλάκις
538 299 746 334 ἀπερισκέπτως
760 307 802 330 τις
819 298 919 334 μεταξὺ
935 298 1018 333 φίλων

183 349 292 386 Θαῤῥῶν
313 349 465 384 ἐφθέγξατό
484 359 510 376 τι
527 349 580 376 τῶν
597 349 648 376 οὐκ
667 349 828 384 ὀφειλόντων
846 348 1018 384 ἐξενεχθῆναι

183 400 324 435 ῥημάτων,
338 400 385 427 καὶ
398 399 518 427 κίνδυνον
531 400 629 435 ἠνεγκε
642 399 778 432 τοσοῦτον,
792 398 862 426 ὥστε
873 399 1018 434 ὁλόκληρον

182 450 332 486 ἀνατρέψαι
342 451 391 486 τὴν
404 451 500 477 οίκίαν.

217 513 251 543 γ’.
260 509 429 545 Πανταχόθεν
437 510 525 536 τοίνυν
535 508 734 544 διερευνώμεὼι
741 508 775 535 τά
785 508 932 544 πράγματα
950 508 1019 542 μετὰ

182 561 333 596 ἀκριϐείας.
360 560 491 592 Πολλάκις
514 560 560 587 καὶ
581 559 649 595 γυνὴ
670 560 765 593 γέγονε
788 561 871 594 παγὶς
897 560 953 591 τοῖς
980 559 1017 595 μὴ

182 611 357 646 προσέχουσι,
374 611 502 642 πολλάκις
514 610 619 642 παιδία,
641 610 768 641 πολλάκις
790 610 872 645 φίλοι,
889 609 1018 641 πολλάκις

182 661 311 695 γείτονες.
335 661 391 688 Καὶ
414 661 485 692 τίνος
507 660 601 687 ἕνεκεν
625 659 755 686 τοσαῦται
772 659 895 693 παγίδες,
920 659 1016 694 φησίν;

183 713 242 740 Ἵνα
259 713 296 748 μὴ
312 712 434 740 κάτωθεν
450 711 607 747 πετώμεθα,
620 711 688 738 ἀλλὰ
699 711 734 737 τά
744 710 799 737 ἄνω
813 710 948 746 ζητῶμεν.
964 710 1018 735 Καὶ

181 763 216 797 γά
220 772 236 798 ρ
246 763 279 790 τὰ
289 762 408 794 πετεινὰ,
418 763 469 794 ἕως
480 762 513 789 ἂν
519 763 564 789 τὸν
575 761 675 797 ὑψηλὸν
686 761 755 796 ἀέρα
765 761 861 795 τέμνῃ,
872 760 902 786 οὐ
915 760 1018 795 ταχέως

182 814 332 840 ἁλίσκεται·
354 812 425 840 οὕτω
444 813 491 839 καὶ
509 813 552 843 σὺ,
574 811 626 843 ἓως
645 812 678 838 ἂν
694 811 762 846 πρὸς
782 810 816 836 τὰ
836 810 891 837 ἅνω
905 809 1017 844 βλέπῃς,

181 863 242 890 οὒτε
257 864 309 890 ὑπὸ
330 863 452 897 παγίδος,
470 862 530 889 οὗτε
550 862 594 896 ὑφ’
610 861 706 897 ἐτέρας
723 861 795 892 τινὸς
811 859 902 896 ἁλώσῃ
921 859 1018 895 ῥᾳδίως

181 914 338 949 ἐπιϐουλῆς.
350 913 469 948 Ὶξευτής
487 914 561 940 ἐστιν
578 913 592 939 ὁ
612 911 743 943 διάϐολοςε
762 910 841 945 γενοῦ
859 910 946 936 τοίνυν
964 909 1018 936 τῶν

181 964 286 990 ἐκείνου
307 963 438 999 καλάμων
458 963 631 999 ὑψηλότερος.
645 962 672 988 '0
691 962 759 997 πρὸς
777 961 806 988 τὸ
829 960 896 995 ὕψος
915 960 1018 991 ἀναϐὰς

182 1014 274 1040 οὐκέτι
287 1014 360 1040 οὐδὲν
374 1013 544 1049 θαυμάσεται
554 1013 607 1039 τῶν
622 1011 755 1047 βιωτικῶν
766 1011 945 1047 πραγμάτων·
958 1011 1018 1037 ἀλλ’

182 1064 286 1100 ὥσπερ,
295 1064 403 1090 ἐπειδὰν
416 1065 456 1095 είς
468 1064 516 1099 τὴν
531 1063 651 1098 κορυφὴν
662 1062 862 1096 ἀναδράμωμεν
871 1060 924 1087 τῶν
936 1061 1017 1096 ὀρῶν,

183 1111 268 1147 μικρά
289 1111 336 1138 καὶ
357 1113 372 1146 ἡ
391 1111 469 1142 πόλις
490 1111 556 1146 ἡμῖν
577 1109 645 1143 εἶναι
662 1110 735 1136 δοκεῖ
752 1109 798 1135 καὶ
817 1109 852 1135 τὰ
869 1109 955 1144 τείχη.
973 1111 1018 1136 καὶ

183 1161 334 1194 μυρμήκων
348 1159 426 1193 δίκην
443 1159 488 1184 ἐπὶ
503 1159 551 1193 τῆς
569 1158 619 1193 γῆς
633 1158 658 1183 οἱ
673 1157 767 1192 ἄνδρες
783 1157 848 1192 ἡμῖν
867 1156 1018 1190 βαδίζοντες

182 1207 329 1241 φαίνονται·
357 1206 444 1237 οὕτως
461 1205 569 1232 ἐπειδὰν
589 1205 634 1231 ἐπὶ
655 1204 704 1240 τὴν
726 1203 830 1240 ὑψηλὴν
849 1203 950 1230 ἔννοιαν
970 1203 1018 1238 τῆς

182 1254 340 1287 φιλοσοφίας
358 1253 483 1289 ἀνέλθῃς,
498 1253 575 1279 οὐδέν
588 1261 618 1279 σε
630 1252 684 1278 τῶν
699 1252 744 1278 ἐπὶ
759 1253 807 1287 τῆς
821 1252 873 1287 γῆς
886 1251 1018 1287 ἐκπλῆξαι

181 1303 336 1337 δυνήσεται,
360 1301 426 1327 ἀλλα
452 1301 537 1336 μικρά
562 1300 651 1327 πάντα
668 1301 804 1334 φανεῖται,
823 1302 870 1327 καὶ
893 1299 1017 1333 πλοῦτος,

182 1350 229 1376 καὶ
247 1348 319 1381 δόξα,
342 1349 390 1375 καὶ
407 1348 562 1380 δυναστεία,
583 1349 630 1375 καί¹
655 1348 722 1383 τιμὴ
745 1349 792 1375 καὶ
811 1348 838 1375 εἴ
855 1357 881 1375 τι
899 1348 1018 1375 τοιοῦτον

182 1397 283 1432 ἕτερον,
304 1397 367 1423 ὅταν
386 1396 420 1423 τὰ
441 1398 469 1423 ἐν
489 1397 613 1431 οὐρανοῖς
630 1395 740 1431 βλέπῃς·
757 1396 883 1432 καθάπερ
902 1395 948 1423 οὖν
971 1397 1018 1424 καὶ

182 1445 280 1480 Παύλῳ
297 1445 382 1480 μικρά
400 1445 488 1471 πάντα
504 1445 638 1479 ἐφαίνετο,
654 1445 701 1472 καὶ
715 1445 818 1481 νεκρῶν
833 1446 1019 1481 ἀχρηστότερα

181 1494 215 1520 τὰ
227 1493 341 1529 λαμπρὰ
354 1493 400 1520 τοῦ
413 1493 547 1528 παρόντος
556 1492 625 1528 βίου.
634 1494 683 1520 Διὰ
694 1492 774 1519 τοῦτο
784 1493 830 1519 καὶ
842 1493 906 1520 ἐὸόα
919 1493 1015 1528 λέγων·

182 1542 264 1576 Ἐμοὶ
280 1543 393 1577 κόσμος
405 1542 608 1600 ἐσταύρωτῠ
614 1541 658 1568 διὰ
670 1541 748 1568 τοῦτο
765 1541 812 1568 καὶ
821 1542 887 1577 ἡμῖν
903 1542 1018 1578 παρῄνει

178 1591 277 1624 λέγων·
295 1591 333 1617 Τὰ
347 1590 408 1617 ἀνω
422 1590 675 1624 φρονεῖτε.“Ανω;
690 1591 754 1616 ποῖα
766 1590 865 1623 λέγεις,
881 1590 940 1616 είπέ
957 1599 1016 1625 μοις

181 1640 248 1666 ὃπου
261 1639 346 1674 ἥλιος,
359 1639 426 1666 ὅπου
443 1638 558 1674 σελήνης
574 1638 659 1673 Οὐχὶ,
674 1639 764 1673 φησίν.
779 1638 860 1665 Ἀλλά
873 1638 924 1664 ποῦ
935 1648 942 1670 ;
952 1639 1018 1665 ὅπου

181 1688 302 1723 ἄγγελοι,
317 1688 384 1714 ὅπου
397 1686 573 1722 ἀρχάγγελοι,
592 1687 659 1712 ὅπου
675 1687 708 1712 τά
722 1686 853 1722 χερουὸὶμ
866 1687 913 1713 καὶ
928 1687 962 1714 τὰ
975 1696 1019 1714 σε-

183 1737 288 1772 ραφίμ;
311 1736 393 1771 Οὐχὶ,
419 1736 512 1771 φησίν.
533 1735 616 1762 Ἀλλά
638 1735 706 1767 ποῦ;
737 1736 832 1762 Ὅπου
853 1738 868 1763 ό
893 1738 1019 1770 Χριστός

180 1785 268 1811 ἐστιν
275 1785 309 1810 ἐν
317 1782 400 1817 δεξιᾷ
409 1783 462 1810 τοῦ
475 1783 548 1810 Θεοῦ
560 1782 734 1818 καθήμενος.
747 1783 909 1818 Πειθώμεθα
919 1785 1017 1817 τοίνυν,

183 1833 292 1859 κάκεῖνο
303 1831 434 1866 διηνεκῶς
445 1831 625 1866 λογιζώμεθα,
636 1832 677 1857 ὅτι
694 1831 820 1866 καθάπερ
833 1832 871 1867 τῷ
888 1832 1019 1868 στρουθίῳ

182 1879 278 1913 ὄφελος
291 1879 366 1905 οὐδὲν
378 1879 431 1905 τῶν
449 1878 557 1914 πτερῶν
579 1878 632 1905 ὑπὸ
652 1878 703 1913 τῆς
721 1879 833 1913 παγίδος
847 1880 946 1911 ἀλόντι,
962 1881 1018 1907 ἀλλ’

180 1927 243 1961 σίκῆ
255 1927 302 1952 καὶ
316 1926 403 1962 μάτην
416 1935 464 1953 πτε
470 1926 606 1961 ρύσσεται·
621 1926 692 1952 οὕτω
703 1927 750 1953 καὶ
762 1928 802 1953 σοὶ
815 1927 869 1954 τῶν
882 1928 1019 1963 λογισμῶν

182 1975 258 2001 οὐδὲν
275 1974 379 2009 ὖφελος,
395 1974 443 2001 ἐὰν
461 1974 530 2000 κατά
547 1975 646 2009 κράτος
662 1974 714 2000 ὑπὸ
727 1974 777 2010 τῆς
792 1976 911 2010 πονηρᾶς
926 1976 1020 2002 ἐπιθυ-

183 2023 249 2057 μίας
269 2023 351 2058 άλῷς,
376 2022 433 2049 ἀλλ’
454 2023 503 2049 ὅσα
530 2023 562 2048 ἂν
580 2023 740 2058 σκιρτήσῃς.
764 2024 859 2055 ἐάλως.
875 2025 923 2051 Διά
942 2025 1020 2052 τοῦτο

182 2071 270 2106 πτερά
279 2073 335 2103 τοῖς
347 2071 505 2106 στρουθίοις,
521 2071 563 2098 ἵνα
573 2071 679 2107 ἐκφύγῃ
691 2072 740 2104 τὰς
752 2073 876 2106 παγίδας·
889 2073 933 2100 διὰ
942 2073 1020 2100 τοῦτο

183 2119 308 2154 λογισμοὶ
322 2121 377 2151 τοῖς
392 2119 553 2154 ἀνθρώποις,
569 2120 610 2146 ἵνα
625 2120 764 2155 ἐκφύγωσι
776 2121 810 2147 τά
823 2122 1018 2157 ἁμαρτήματα.

183 2166 250 2192 Τίνα
260 2164 305 2192 οὖν
317 2166 413 2201 ἕξομεν
429 2166 602 2202 συγγνώμην,
614 2168 674 2194 τίνα
686 2168 714 2195 δὲ
725 2168 882 2203 ἀπολογίαν,
893 2170 956 2197 ὅταν
966 2170 1019 2197 τῶν

184 2213 288 2247 ἀλόγων
302 2210 376 2248 ὦμεν
392 2214 581 2250 ἀνοητότεροι;

225 2263 253 2289 '0
268 2263 318 2298 μὲν
335 2263 389 2298 γὰρ
405 2263 531 2298 στρουθὸς
549 2263 622 2296 ἅπαξ
642 2265 721 2296 ἁλοὺς
741 2265 793 2291 ὑπὸ
816 2267 938 2300 παγίδος,
959 2266 1019 2294 εἶτα

184 2310 330 2344 διαφυγὼν,
351 2311 398 2337 καὶ
424 2311 521 2345 ἔλαφος
538 2311 565 2337 δέ
585 2313 625 2344 είς
639 2312 768 2340 δίκτυονυ
794 2314 951 2349 ἐμπεσοῦσα
973 2316 1018 2342 καὶ

184 2359 335 2394 διαδρᾶσα,
365 2359 500 2391 δυσκόλως
526 2360 675 2387 ἁλώσονται
706 2362 785 2388 πάλιν
819 2364 874 2394 τοῖς
907 2364 1016 2395 αὐτοῖς·

185 2406 292 2441 ἑκάστῳ
309 2405 361 2441 γάρ
376 2407 393 2441 ὴ
407 2407 488 2441 πεῖρα
504 2407 662 2440 διδάσκαλος
678 2409 828 2443 ἀσφαλείας
851 2409 926 2446 [156]
944 2411 1017 2445 γίνε-

185 2461 240 2480 ται.
262 2454 357 2489 Ἡμεῖς
379 2454 406 2480 δὲ
425 2454 554 2486 πολλάκις
570 2457 625 2487 τοῖς
639 2457 731 2489 αὐτοῖς
751 2458 872 2490 ἁλόντες,
889 2460 946 2490 τοῖς
970 2460 1018 2486 αὺ-

184 2502 240 2532 τοῖς
255 2502 466 2536 περιπίπτομεν,
480 2503 526 2529 καὶ
542 2503 602 2529 οὐδὲ
617 2504 671 2531 τῶν
686 2505 790 2539 ἀλόγων
800 2506 830 2532 τὸ
842 2508 1018 2542 προνοητικὸν

185 2549 231 2576 καὶ
256 2551 495 2585 μεμεριμνημένον
518 2552 542 2577 οἱ
569 2551 639 2587 λόγῳ
661 2554 821 2588 τιμηθέντες
851 2555 1015 2591 μιμούμεθα.

185 2597 305 2629 Ποσάκις
330 2596 376 2624 οὖν
407 2598 506 2630 ἰδόντες
525 2600 657 2632 γυναῖκα,
679 2601 763 2636 μυρία
789 2602 926 2637 ἐπάθομεν
945 2603 1019 2630 δεινὰ

185 2644 275 2670 οἴκαδε
294 2645 520 2680 ἀναχωρήσαντες
531 2666 537 2678 ,
557 2647 603 2673 καὶ
621 2647 670 2682 τὴν
691 2648 835 2684 ἐπιθυμίαν
856 2650 996 2685 δεξάμενοι
1009 2672 1043 2685 ,-

186 2693 233 2718 καὶ
250 2692 296 2718 ἐπὶ
312 2693 422 2724 πολλαῖς
437 2694 609 2729 ὁδυνηθέντες
623 2696 750 2731 ἡμέραις,
764 2697 821 2724 ἀλλ’
832 2698 906 2733 ὅμως
922 2700 951 2725 οὐ
966 2708 1016 2725 σω-

186 2741 376 2776 ᾳρονιζόμεθα,
406 2742 473 2768 ἀλλά
491 2743 566 2777 μόλις
586 2743 615 2769 τὸ
643 2744 774 2779 πρότερον
798 2745 1016 2781 θεραπεύσαντες

185 2789 274 2822 ἕλκος,
287 2790 367 2816 πάλιν
380 2792 435 2822 τοῖς
447 2792 538 2823 αὐτοῖς
551 2792 760 2827 περιπίπτομεν,
775 2794 822 2820 καὶ
837 2795 888 2821 ὑπὸ
903 2796 957 2821 τῶν
967 2796 1016 2823 αὺ-

185 2836 238 2862 τῶν
253 2837 430 2872 άλισκόμεθα,
443 2839 488 2865 καὶ
499 2839 542 2865 διὰ
556 2839 683 2874 βραχεῖαν
693 2841 788 2876 ἡδονὴν
797 2841 894 2876 ὅψεως,
905 2843 1015 2880 διηνεκῆ

185 2892 245 2910 τινα
262 2885 307 2910 καὶ
323 2885 427 2920 χρόνιον
439 2887 608 2923 ὑπομένομεν
623 2887 729 2924 ὀδύνην.
748 2889 816 2916 Ἀλλ’
826 2890 873 2918 ἐὰν
885 2891 1015 2928 μάθωμεν

215 2943 225 2955 ⁸
235 2943 285 2970 Alii
297 2946 328 2974 είς
341 2945 432 2970 δίκτυα.

430 2984 439 2995 η

559 144 588 172 S.
608 143 751 172 JOANNIS
769 142 1015 173 CHRYSOSTOMI
1034 142 1193 171 ARCHIEP.
1213 140 1483 170 CONSTANTINOP.

1855 141 1906 170 158

1074 199 1192 235 συνεχῶς
1210 198 1311 234 ταύτην
1334 199 1469 233 ἐπιλέγειν
1491 199 1595 230 ἑαυτοῖς
1614 198 1664 234 τὴν
1685 198 1779 234 ῥῆσιν,
1798 199 1908 225 πάντων

1073 247 1282 283 ἀποστησάμεθα
1305 246 1358 272 τῶν
1375 247 1482 273 δεινῶν·
1500 247 1581 280 παγὶς
1596 247 1711 281 μεγίστη
1735 246 1836 277 κάλλος
1858 255 1908 279 γυ-

1074 297 1164 327 ναικός
1175 305 1181 311 ·
1200 296 1299 330 μᾶλλον
1315 295 1343 322 δὲ
1352 296 1413 330 οὐχὶ
1427 295 1524 326 κάλλος
1541 294 1680 328 γυναικὸς,
1697 294 1754 321 ἀλλ’
1771 295 1788 329 ἡ
1806 295 1908 321 ἀκόλα-

1074 350 1134 374 στος
1148 342 1223 377 ὄψις·
1242 342 1279 378 μὴ
1294 342 1348 378 γὰρ
1370 343 1402 378 δὴ
1416 342 1450 368 τὰ
1467 343 1617 378 πράγματα
1636 342 1836 377 διαϐάλλωμεν,
1850 342 1908 368 ἀλλ’

1072 390 1146 424 ἡμᾶς
1162 390 1210 416 καὶ
1225 388 1274 425 τὴν
1286 389 1424 425 ἡμετέραν
1440 390 1576 425 ρᾳθυμίαν
1586 398 1593 405 ·
1620 389 1686 425 μηδέ
1705 389 1842 424 λέγωμεν,
1861 390 1908 425 Μὴ

1072 438 1196 465 ἔστωσαν
1207 439 1345 472 γυναῖκες,
1360 437 1428 465 ἀλλά
1443 438 1488 473 Μὴ
1505 438 1625 465 ἔστωσαν
1638 439 1760 473 μοιχεῖα·
1781 438 1848 473 μηδὲ
1865 438 1909 464 λέ-

1074 493 1179 520 γωμεν,
1196 485 1242 520 Μὴ
1257 485 1327 511 ἐστω
1341 485 1447 517 κάλλος,
1463 485 1530 512 ἀλλά
1546 486 1590 520 Μὴ
1605 485 1673 511 ἔστω
1692 485 1820 520 πορνείαν
1840 485 1908 520 μηδὲ

1072 531 1204 567 λέγωμεν,
1221 533 1266 567 Μὴ
1279 532 1349 559 ἐστω
1364 532 1462 564 κοιλία,
1476 532 1544 559 ἁλλά
1556 532 1601 568 Μὴ
1622 532 1692 558 ἐστω
1702 532 1842 567 ἀδηφαγία
1854 541 1860 547 ·
1876 533 1906 558 οὐ

1072 579 1152 615 γὰρὴ
1165 581 1253 608 κοιλία
1260 581 1308 617 τὴν
1323 581 1476 616 ἀδηφαγίαν
1489 582 1570 611 ποιεῖ,
1587 580 1643 606 ἀλλ’
1653 581 1670 616 ἡ
1685 581 1808 615 ἡμετέρα
1826 580 1908 616 ῥαθυ-

1074 628 1131 663 μία.
1146 629 1192 664 Μὴ
1202 629 1324 664 λέγωμεν
1334 629 1378 655 διὰ
1385 629 1415 656 τὸ
1425 630 1521 663 φαγεῖν
1532 629 1579 655 καὶ
1590 630 1661 655 πιεῖν
1672 629 1761 656 πάντα
1770 629 1804 656 τά
1817 630 1890 656 κακά
1899 639 1905 645 ³

1072 677 1101 703 οὺ
1129 677 1183 713 γάρ
1204 677 1249 704 διὰ
1275 677 1370 709 τοῦτο,
1390 677 1458 704 ἀλλά
1480 677 1524 704 διὰ
1549 677 1598 712 τὴν
1622 677 1757 713 ῥᾳθυμίαν
1785 679 1834 704 καὶ
1858 678 1907 712 τὴν

1071 726 1222 761 ἀπληστίαν
1237 726 1286 762 τὴν
1299 726 1446 761 ἡμετέραν.
1466 726 1522 752 Οὐκ
1541 725 1625 760 ἔφαγε
1639 726 1705 760 γοῦν
1723 726 1785 752 οὐδέ
1802 726 1878 752 ἔπιεν
1893 728 1907 753 ὁ

1071 773 1202 806 διάϐολος,
1216 775 1261 801 καὶ
1278 774 1428 801 κατέπεσεν
1438 784 1445 791 -
1459 775 1543 809 ἐφαγε
1556 776 1602 801 καὶ
1614 775 1690 802 ἕπιεν
1701 777 1714 802 ὁ
1728 775 1847 807 Παῦλος,
1861 774 1908 800 καὶ

1072 823 1112 854 είς
1130 823 1175 849 τὸν
1199 823 1312 858 οὐρανὸν
1336 823 1444 858 ἀνῆλθε.
1462 823 1555 850 Πὸσων
1582 824 1673 850 ἀκούω
1695 824 1844 857 λεγόντων,
1861 824 1907 858 Μὴ

1072 870 1140 897 ἐστω
1160 872 1256 898 πενίαί
1277 872 1510 907 Ἐπιστομίζωμεν
1537 872 1627 898 τοίνυν
1652 873 1715 903 τοὺς
1738 872 1772 898 τά
1793 871 1908 899 τοιαῦτα

1071 918 1309 952 δυσχεραίνοντας·
1326 919 1484 955 βλασφημία
1506 919 1560 955 γὰρ
1574 920 1605 946 τὸ
1623 920 1657 946 τά
1682 920 1795 946 τοιαῦτα
1817 920 1908 954 λέγειν

1072 967 1138 993 ἐστί.
1167 967 1298 1002 Λέγωμεν
1325 968 1413 994 τοίνυν
1433 969 1500 1003 πρὸς
1524 968 1632 999 αὐτούς·
1650 967 1693 1003 Μὴ
1716 968 1788 994 ἔστω
1811 976 1908 1002 μικρο-

1071 1013 1170 1048 ψυχία·
1194 1014 1273 1040 πενία
1294 1015 1348 1050 γὰρ
1364 1015 1448 1050 μυρία
1465 1016 1505 1045 είς
1518 1015 1562 1042 τὸν
1586 1015 1642 1050 βίον
1655 1016 1734 1050 ἡμῶν
1758 1016 1908 1050 εἰσήγαγεν

1072 1061 1181 1094 ἀγαθὰ,
1200 1062 1246 1088 καὶ
1272 1063 1355 1097 χωρὶς
1383 1063 1476 1094 πενίας
1498 1064 1512 1089 ό
1538 1063 1652 1095 πλοῦτος
1682 1064 1830 1099 ἄχρηστος.
1861 1063 1907 1098 Μὴ

1071 1108 1161 1134 τοίνυν
1187 1109 1255 1144 μήτε
1274 1109 1366 1136 τοῦτον
1385 1111 1453 1144 μήτε
1478 1111 1586 1145 ἐκείνην
1600 1110 1803 1146 διαϐάλλωμεν·
1826 1110 1907 1136 πενία

1073 1156 1125 1191 γάρ
1138 1156 1184 1182 καὶ
1208 1155 1321 1188 πλοῦτος
1348 1157 1418 1183 ὂπλα
1435 1157 1493 1183 ἐστὶ
1510 1157 1579 1193 πρὸς
1602 1158 1701 1194 ἀρετὴν
1721 1158 1841 1193 ἑκάτερα
1857 1158 1906 1192 φέ-

1074 1212 1164 1238 ροντα,
1183 1204 1215 1230 ἂν
1226 1205 1370 1240 ἐθέλωμεν.
1381 1206 1485 1241 Ὥσπερ
1494 1205 1540 1233 οὖν
1550 1207 1564 1232 δ
1578 1207 1701 1240 γενναῖος
1723 1205 1906 1241 στρατιώτης,

1072 1249 1127 1278 οἷον
1151 1252 1184 1279 ἂν
1199 1252 1280 1279 ὅπλον
1297 1252 1366 1288 λάϐῃ
1377 1273 1384 1284 ,
1400 1253 1450 1288 τὴν
1466 1253 1568 1280 οίκείαν
1586 1254 1685 1290 ἀρετὴν
1704 1254 1905 1280 ἐπιδείκνυται·

1072 1299 1157 1331 οὕτως
1178 1301 1192 1326 ὁ
1206 1300 1334 1335 ἄνανδρος
1347 1301 1393 1326 καὶ
1409 1301 1494 1333 δειλὸς
1508 1302 1553 1336 ὑφ’
1567 1303 1704 1337 ἑκατέρων
1718 1302 1905 1337 ἐμποδίζεται.

1073 1347 1127 1374 Καὶ
1152 1348 1194 1375 ἵνα
1213 1348 1312 1384 μάθῃς,
1329 1349 1370 1374 ὅτι
1392 1349 1563 1389 τοῦτόιέστιν
1587 1350 1698 1385 ἀληθὲς.
1715 1349 1907 1385 ἀναμνήσθητι

1074 1402 1118 1429 μοι
1131 1394 1177 1421 τοῦ
1195 1394 1265 1427 Ἰὼϐ,
1279 1395 1308 1427 ὃς
1323 1396 1390 1430 ὁμοῦ
1414 1397 1460 1422 καὶ
1481 1397 1605 1429 πλούσιος
1624 1398 1670 1424 καὶ
1688 1398 1772 1433 πένης
1787 1398 1885 1432 γέγονε
1898 1417 1906 1430 ,

1073 1443 1119 1469 καὶ
1133 1443 1250 1479 ἑκάτερα
1269 1443 1303 1470 τὰ
1325 1444 1393 1470 ὅπλα
1418 1445 1636 1480 μετεχειρίσατο,
1653 1446 1700 1472 καὶ
1721 1446 1750 1472 ἐν
1766 1445 1907 1480 ἑκατέροις

1072 1490 1217 1525 ἐκράτησε.
1246 1491 1301 1518 Καὶ
1317 1491 1362 1517 ὅτε
1388 1491 1437 1527 μὲν
1458 1492 1585 1524 πλούσιος
1598 1490 1641 1528 ἦν,
1657 1493 1761 1527 ἔλεγεν·
1784 1494 1815 1519 Ἡ
1831 1493 1908 1526 θύρα

1069 1547 1128 1572 μου
1144 1538 1233 1565 παντὶ
1252 1539 1370 1566 ἐλθόντι
1386 1539 1516 1573 ήνέῳκτο
1529 1548 1535 1554 ·
1557 1541 1602 1566 ὅτε
1620 1540 1648 1566 δέ
1671 1541 1755 1575 πένης
1777 1541 1888 1574 γέγονεν
1900 1560 1907 1572 ,

1072 1585 1174 1620 ἔλεγεν·
1194 1587 1224 1612 ’0
1238 1587 1342 1620 Κύριος
1354 1587 1474 1619 ἔδωκεν,
1492 1589 1508 1613 ό
1519 1588 1625 1621 Κύριος
1638 1588 1777 1622 ἀφείλετο
1790 1597 1796 1603 ⁸
1813 1588 1853 1620 ὡς
1867 1587 1909 1620 τῷ

1071 1634 1168 1667 Κυρίῳ
1182 1633 1297 1667 ἔδοξεν,
1315 1634 1392 1660 οὕτω
1408 1634 1457 1660 καὶ
1479 1634 1608 1668 ἐγένετο.
1626 1635 1690 1661 Ὅτε
1718 1634 1845 1666 πλούσιος
1861 1633 1908 1670 ἦν,

1073 1681 1172 1717 πολλὴν
1199 1681 1247 1717 τὴν
1273 1682 1436 1716 φιλοξενίαν,
1455 1683 1500 1708 ὅτε
1513 1682 1597 1717 πένης
1613 1682 1718 1717 γέγονε,
1734 1682 1836 1717 πολλὴν
1857 1683 1908 1718 τὴν

1073 1730 1212 1765 ὑπομονὴν
1227 1730 1392 1762 ἐπεδείξατο.
1414 1730 1469 1757 Καὶ
1486 1731 1517 1756 σὺ
1529 1730 1618 1756 τοίνυν
1639 1730 1768 1762 πλούσιος
1783 1728 1823 1763 εἷς
1842 1730 1909 1756 πολ-

1072 1778 1120 1813 λὴν
1132 1778 1302 1805 ἐπιδείκνυσο
1317 1778 1365 1814 τὴν
1380 1779 1573 1814 ἐλεημοσύνην.
1591 1780 1678 1814 Πένης
1695 1779 1826 1813 γέγονας;
1844 1777 1910 1805 πολ-

1073 1825 1120 1861 λὴν
1135 1826 1183 1861 τὴν
1198 1827 1346 1861 καρτερίαν
1367 1827 1413 1853 καὶ
1432 1827 1482 1862 τὴν
1501 1828 1650 1863 ὑπομονήν.
1664 1828 1734 1855 Οὔτε
1751 1829 1806 1864 γὰρ
1822 1828 1909 1854 πλοῦ-

1073 1881 1117 1903 τος
1138 1872 1232 1904 κακὸν,
1248 1872 1309 1898 οὔτε
1324 1873 1404 1899 πενία
1421 1873 1512 1905 ἁπλῶς
1522 1882 1529 1889 ·
1543 1875 1610 1901 ἀλλὰ
1626 1875 1701 1910 παρὰ
1716 1875 1764 1911 τὴν
1778 1875 1910 1910 προαίρε-

1074 1928 1115 1947 σιν
1129 1920 1182 1946 τῶν
1198 1920 1344 1955 χρωμένων
1359 1920 1477 1955 ἑκάτερα
1491 1920 1577 1948 ταῦτα
1589 1921 1705 1956 γίνεται.

1107 1968 1137 1995 δ’.
1152 1968 1343 2003 Παιδεύσωμεν
1354 1969 1443 1995 τοίνυν
1455 1969 1566 2001 ἑαυτοὺς
1582 1969 1620 2004 μὴ
1636 1970 1763 2002 τοιαύτας
1774 1970 1840 2004 περὶ
1855 1970 1910 1996 τῶν

1073 2016 1243 2051 πραγμάτων
1257 2015 1329 2051 ἔχειν
1344 2016 1393 2047 τὰς
1407 2017 1522 2052 κρίσεις,
1542 2017 1610 2052 μηδὲ
1621 2017 1655 2044 τὰ
1677 2018 1746 2054 ἔργα
1761 2017 1810 2048 τοῦ
1829 2017 1909 2048 Θεοῦ,

1074 2061 1142 2088 ἀλλὰ
1162 2062 1211 2097 τὴν
1228 2062 1386 2097 προαίρεσιν
1404 2063 1454 2098 τὴν
1469 2064 1591 2098 πονηρὰν
1605 2064 1660 2091 τῶν
1683 2063 1837 2100 ἀνθρώπων
1853 2063 1911 2090 δια-

1073 2107 1189 2134 δάλλειν.
1220 2107 1271 2134 Τὸν
1304 2107 1469 2143 μικρόψυχον
1497 2109 1557 2135 οὺδέ
1580 2111 1595 2136 ὁ
1623 2110 1737 2141 πλοῦτος
1765 2109 1910 2144 ὠφελῆσαι

1073 2152 1201 2180 δύναται’
1218 2154 1263 2180 τὸν
1283 2154 1471 2189 μεγαλόψυχον
1494 2155 1554 2181 οὐδὲ
1579 2156 1595 2191 ἡ
1618 2156 1698 2183 πενία
1719 2156 1910 2184 καταϐλάπτει

1073 2199 1149 2226 ποτέ.

1114 2253 1285 2287 Ἐπιγνῶμεν
1296 2254 1385 2280 τοίνυν
1398 2255 1448 2286 τὰς
1459 2256 1586 2289 παγίδας,
1599 2256 1645 2282 καὶ
1659 2256 1802 2291 πόρρωθεν
1819 2257 1908 2284 αὐτῶν

1074 2300 1224 2336 βαδίζωμεν
1235 2308 1241 2314 ’
1261 2300 1417 2335 ἐπιγνῶμεν
1431 2302 1494 2333 τοὺς
1510 2304 1659 2338 κρημνοὺς,
1672 2304 1719 2329 καὶ
1738 2303 1808 2338 μηδέ
1825 2304 1909 2337 ἐγγὺς

1073 2345 1222 2380 γινώμεθα.
1244 2346 1329 2372 Τοῦτο
1347 2347 1496 2381 ἀσφαλείας
1512 2349 1578 2383 ἡμῖν
1594 2349 1670 2375 ἐσται
1685 2349 1760 2385 [157]
1776 2351 1908 2385 μεγίστης

1073 2391 1210 2425 ὑπόθεσις,
1221 2392 1250 2418 τὸ
1263 2393 1300 2427 μὴ
1311 2393 1345 2419 τά
1356 2394 1542 2429 ἁμαρτήματα
1555 2394 1665 2429 φεύγειν
1677 2396 1768 2430 μόνον,
1781 2397 1851 2423 ἀλλὰ
1864 2399 1908 2424 καὶ

1071 2436 1106 2463 τὰ
1118 2437 1251 2473 ἀδιάφορα
1268 2439 1317 2472 μέν
1337 2436 1405 2465 εἶναι
1425 2439 1564 2473 δοκοῦντα,
1581 2441 1649 2476 πρὸς
1664 2441 1691 2467 δὲ
1706 2442 1756 2474 τάς
1772 2443 1909 2478 ἁμαρτίας

1071 2484 1144 2518 ἡμᾶς
1155 2484 1376 2515 ὑποσκελίζοντα.
1391 2483 1453 2512 υἷόν
1465 2495 1491 2512 ’τι
1507 2486 1588 2520 λέγω’
1608 2487 1643 2513 Τὸ
1657 2488 1739 2523 γελᾷν
1753 2489 1802 2515 καὶ
1817 2490 1909 2515 ἀστεῖα

1072 2529 1159 2564 λέγειν
1175 2531 1203 2556 οὺ
1216 2530 1289 2556 δοκεί
1304 2531 1354 2566 μὲν
1369 2531 1577 2568 ὡμολογημένον
1587 2533 1739 2569 ἁμάρτημα
1753 2532 1837 2566 εἶναι,
1849 2536 1908 2567 ἄγει

1072 2575 1100 2601 δέ
1126 2576 1166 2606 είς
1189 2575 1399 2611 ὡμολογημένον
1423 2577 1591 2613 ἁμάρτημα·
1614 2579 1743 2610 πολλάκις
1771 2579 1838 2613 γοῦν
1857 2581 1908 2606 ἀπὸ

1072 2620 1188 2654 γέλωτος
1201 2621 1301 2656 αἰσχρὰ
1313 2622 1422 2657 ῥήματα
1434 2623 1567 2657 τίκτεται,
1582 2624 1635 2651 ἀπὸ
1648 2626 1778 2660 ῥημάτων
1789 2627 1908 2660 αἰσχρῶν

1072 2666 1185 2703 πράξεις
1207 2667 1398 2702 αίσχρότεραι·
1414 2668 1543 2696 πολλάκις
1564 2669 1617 2695 ἀπὸ
1644 2671 1774 2705 ῥημάτων
1797 2672 1844 2697 καὶ
1864 2672 1909 2705 γέ-

1071 2713 1156 2743 λωτος
1180 2713 1298 2748 λοιδορία
1321 2715 1369 2740 καὶ
1389 2713 1476 2750 ἱϐρις,
1500 2715 1554 2741 ἀπὸ
1579 2716 1711 2751 λοιδορίας
1733 2718 1781 2743 καὶ
1804 2718 1908 2753 ὖδρεως

1072 2759 1174 2793 πληγαὶ
1201 2760 1248 2786 καὶ
1269 2759 1425 2795 τραύματα,
1452 2762 1507 2787 ἀπὸ
1531 2763 1696 2797 τραυμάτων
1718 2764 1765 2789 καὶ
1797 2765 1907 2798 πληγῶν

1073 2805 1175 2839 σφαγαὶ
1191 2806 1238 2832 καὶ
1256 2806 1339 2839 φόνοι.
1359 2807 1406 2832 “Av
1422 2808 1512 2833 τοίνυν
1532 2808 1631 2844 μέλλῃς
1652 2810 1715 2844 περὶ
1731 2811 1846 2836 σεαυτοῦ
1861 2819 1910 2837 κα-

1071 2853 1125 2885 λῶς
1144 2855 1327 2889 βουλεύεσθαι.
1345 2855 1406 2889 οὐχὶ
1425 2855 1457 2880 τά
1479 2857 1578 2891 αἰσχρά
1603 2858 1712 2892 ῥήματα
1737 2858 1828 2892 μόνον.
1848 2858 1906 2884 οὐδὲ

1071 2901 1104 2926 τά
1116 2901 1216 2936 αἰσχρά
1231 2902 1389 2936 πράγματα,
1402 2901 1462 2927 οὐδὲ
1475 2901 1525 2933 τὰς
1539 2902 1645 2937 πληγάς
1655 2904 1701 2929 καὶ
1715 2905 1750 2930 τά
1762 2905 1906 2940 τραύματα

1073 2950 1117 2975 καὶ
1136 2950 1199 2979 τοὺς
1221 2948 1326 2981 φόνους,
1350 2947 1417 2974 ἀλλά
1440 2948 1487 2975 καὶ
1506 2949 1584 2976 αὑτὸν
1600 2949 1644 2976 τὸν
1666 2950 1780 2986 ἄκαιρον
1801 2951 1906 2986 γέλωτα
