1983 3125
102 169 144 196 ll};
554 161 600 188 AD
619 156 780 188 POPULUM
800 156 1043 186 ANTIOCllENUM
1075 158 1188 186 llOMlL.
1213 157 1269 185 XV.

103 225 154 255 sed,
169 223 199 249 In
214 222 292 248 medio
306 221 458 256 laqueorum.
474 217 612 252 Utrimque
629 216 706 244 nobis
720 215 860 251 voragines
871 236 878 248 ,

103 270 223 303 utrimque
247 266 310 294 doli.
340 264 469 292 Processit
490 263 622 298 quispiam
645 263 672 289 in
696 262 800 293 forum,
816 261 882 288 vidit

103 315 236 344 inimicum,
256 312 359 339 exarsit
378 318 410 338 ex
432 313 540 344 aspectu
562 308 620 335 solo
646 316 652 334 :
680 307 746 334 vidit
766 306 881 334 amicum

103 360 194 388 laudent
213 361 417 392 consequentem
427 375 434 387 ,
449 354 557 381 invidit:
569 353 635 381 vidit
650 359 807 388 pauperem,
819 359 883 379 con-

102 408 238 439 tempsu,et
244 402 367 437 despexit
374 411 380 427 :
387 401 503 433 divitem,
511 399 637 427 etinvidit
645 409 651 426 :
659 398 808 434 quempiam
818 398 883 425 vidit

101 451 211 478 arrectum
221 448 358 483 iujuria,et
366 454 434 482 aegre
443 446 502 473 tulit
512 455 517 472 :
527 444 678 480 quempiam
684 444 750 472 vidit
757 443 882 471 infestan-

102 504 157 530 tem,
167 501 192 523 et
205 495 356 529 indignatus
370 498 411 521 est.
424 502 431 520 :
445 492 510 520 vidit
523 492 671 527 speciosam
681 491 831 523 mulierem,
841 498 884 517 ca-

102 547 153 578 ptus
161 545 208 569 est.
221 540 312 567 \‘idcn‘
320 545 385 575 quot
394 538 501 573 laquei?
515 538 577 565 Ideo
587 537 775 572 dicit,Agnosce
783 537 883 572 quodin

103 588 173 614 medio
184 587 330 620 laqueorum
347 584 448 610 transis.
462 584 493 611 Et
513 583 585 610 domi
599 583 697 618 laquei,
713 588 740 609 et
753 583 778 609 in
793 589 885 609 mensa

103 633 187 668 laquei,
209 636 236 658 et
260 631 286 658 in
309 630 482 657 concionibus
503 629 601 664 laquei.
615 628 718 663 Saepius
733 627 885 655 inconside-

103 685 151 707 rate
161 678 216 712 quis
229 677 299 703 inter
313 676 414 703 amicos
429 675 576 707 conﬁdens,
588 675 713 710 loquutus
724 679 765 701 est
779 674 886 709 aliquod

103 724 228 752 verborum
250 730 311 758 qure
328 722 439 757 proferri
454 729 506 749 non
517 721 630 754 debent,
648 725 676 748 et
704 720 756 748 tale
779 720 888 755 pertulit

104 769 234 805 periculum
245 789 252 800 ,
267 773 297 795 ut
320 773 401 795 totam
415 767 523 795 domum
536 767 713 794 subverteret.

134 817 157 842 5.
170 815 291 849 Undique
308 815 388 849 igitur
401 821 444 841 res
453 821 513 841 cum
528 812 664 848 diligentia
678 815 886 847 perscrutemur.

107 863 133 889 Et
146 868 206 888 uxor
219 868 291 895 saepe
309 868 364 887 non
385 859 583 886 advertentibus
603 858 713 894 laqueus
734 862 776 885 est
796 857 864 884 facta
880 878 887 890 ,

106 915 166 942 sepe
178 906 233 938 ﬁlii,
250 913 324 939 sarpe
340 905 430 938 amici,
447 905 526 932 vicini
548 911 630 939 saepe.
645 904 677 930 Et
690 911 741 938 qua
762 903 795 930 de
808 910 836 930 re
851 907 891 929 tot

106 953 201 989 laquei?
222 952 259 980 Ne
273 952 402 980 deorsum
417 951 547 983 volemus,
570 950 618 978 sed
632 949 770 985 superiora
785 955 890 984 quzera-

108 1007 166 1026 mus.
181 999 283 1026 Etenim
299 998 419 1025 volatilia
432 997 517 1025 donec
530 998 610 1024 altunt
623 1003 713 1023 aerem
725 999 825 1027 secant,
839 1003 891 1022 non

108 1045 174 1072 facile
187 1045 330 1079 capiuntur
348 1053 354 1070 ε
369 1045 404 1071 ita
419 1048 446 1071 tu
459 1043 545 1070 donec
557 1042 591 1070 ad
612 1042 749 1077 superiora
764 1049 890 1076 respexe-

108 1087 147 1122 ris‘,
162 1085 208 1117 n’ec
222 1085 323 1125 laqueo
338 1094 387 1117 nec
401 1089 460 1116 ullis
481 1088 557 1116 facile
578 1088 691 1123 capieris
705 1087 817 1114 insidiis.
838 1087 892 1113 Au-

109 1144 162 1172 ceps
174 1141 212 1163 eSt
222 1135 349 1167 diabolus
364 1144 370 1161 :
387 1135 424 1162 sis
437 1135 515 1169 igitur
529 1134 611 1168 ipsius
623 1133 732 1160 calamis
741 1132 891 1160 sublimior.

109 1184 151 1215 Qui
169 1182 287 1211 ascendit
314 1182 344 1208 in
368 1181 461 1212 altum,
486 1187 539 1213 non
562 1179 678 1214 amplius
700 1179 779 1205 ullam
804 1185 893 1205 rerum

107 1218 267 1256 admirabitur
294 1228 494 1258 humanarum,
521 1226 569 1254 sed
597 1226 666 1253 sicut
699 1230 838 1260 postquam
867 1224 894 1251 in

108 1275 223 1302 montium
238 1274 372 1302 verticem
386 1272 594 1304 ascenderimus,
609 1279 688 1307 parva
701 1272 776 1299 nobis
790 1275 817 1298 et
832 1270 895 1298 urbs

108 1326 131 1348 et
144 1321 234 1348 moenia
254 1324 401 1355 apparent,
423 1324 450 1347 et
473 1319 642 1346 formicarum
657 1325 731 1346 more
747 1317 823 1344 nobis
847 1317 896 1343 viri

108 1358 188 1402 super.
197 1373 295 1395 terram
323 1368 364 1395 ire
378 1367 500 1394 videntur
515 1375 522 1393 :
538 1367 576 1393 sic
589 1370 727 1400 postquam
742 1365 775 1391 ad
798 1365 896 1391 celsam

109 1413 275 1449 philosophia:
297 1414 489 1448 cogitationem
512 1412 674 1444 ascenderis,
696 1411 761 1438 nihil
775 1415 897 1438 terreno-

109 1468 161 1487 rum
175 1465 200 1487 te
222 1460 373 1494 percellere
389 1459 495 1494 poterit,
511 1458 558 1485 sed
574 1465 654 1493 parva
666 1457 826 1484 videbuntur
840 1464 898 1483 om-

110 1507 158 1539 nia,
170 1511 195 1533 et
217 1507 332 1539 divitire,
348 1511 374 1532 et
387 1505 481 1540 gloria,
495 1509 520 1532 et
537 1504 663 1540 potentia,
678 1508 705 1530 et
724 1503 822 1535 honor,
837 1506 865 1529 et
877 1502 899 1528 si

111 1552 165 1587 quid
178 1552 248 1579 aliud
272 1551 439 1586 hujusmodi,
456 1559 516 1578 cum
537 1550 651 1578 caelestia
667 1549 795 1584 respicias
809 1557 816 1575 :
833 1549 902 1575 sicut

111 1599 202 1626 scilicet
214 1603 240 1625 et
254 1599 342 1626 Paulo
365 1605 445 1633 parva
460 1598 548 1624 omnia
565 1596 732 1629 videbantur,
750 1600 778 1622 et
791 1595 902 1622 mortuis

112 1644 233 1672 inutiliora
255 1652 299 1676 ea,
323 1652 382 1679 quae
397 1644 424 1670 in
444 1643 569 1678 praisenti
592 1643 644 1669 vita
669 1646 731 1669 sunt
746 1640 896 1676 splendida.

113 1690 246 1724 Propterea
261 1690 409 1723 clamabat,
423 1689 515 1717 dicens
530 1698 536 1715 :
553 1688 620 1715 Mihi
639 1688 748 1715 mundus
767 1688 903 1721 cruciﬁxus

114 1735 222 1770 (51(Gal.
237 1736 264 1763 6.
293 1736 340 1770 14)
359 1744 366 1762 :
383 1735 443 1762 ideo
458 1740 485 1761 et
500 1742 549 1762 nos
562 1734 723 1761 admonebat
736 1733 778 1760 his
790 1733 878 1760 verbis
896 1741 902 1760 :

116 1780 171 1812 Qua:
190 1789 290 1808 sursum
317 1785 375 1807 sunt
397 1779 479 1815 sapite
500 1779 607 1815 (Coloss.
624 1779 650 1806 5.
666 1778 706 1814 2).
723 1778 786 1811 Qum
805 1786 905 1804 sursum

114 1833 165 1854 sunt
175 1827 187 1854 ?
199 1828 287 1862 qualia
303 1827 383 1858 dicis,
400 1827 442 1854 dic
455 1826 543 1854 mihi?
558 1827 601 1854 ubi
614 1826 664 1858 sol,
681 1826 724 1852 ubi
738 1826 820 1852 luna?
836 1825 903 1857 Non,

115 1874 199 1908 inquit.
215 1874 267 1901 Sed
283 1874 330 1901 ubi
343 1874 354 1900 ?
368 1874 411 1900 ubi
425 1873 522 1908 angeli,
538 1873 582 1900 ubi
595 1873 758 1908 archangeli,
775 1873 818 1899 ttbi
837 1872 906 1900 Che-

116 1919 193 1946 rubim
215 1924 242 1947 et
264 1919 431 1954 Seraphim?
454 1919 524 1952 Non,
552 1919 637 1954 inquit
682 1918 733 1946 Sed
759 1918 825 1945 ubi?
851 1917 902 1945 Ubi

116 1965 221 1993 Christus
231 1971 267 1993 est
278 1967 306 1992 in
318 1967 420 1992 dextera
431 1965 478 1992 Dei
485 1966 573 1993 sedens
585 1965 664 2001 (Ibid.
675 1973 699 1992 v.
713 1965 750 2001 l).
763 1965 908 1992 Pareamus

117 2012 195 2046 igitur.
211 2017 238 2039 et
260 2011 328 2039 illud
342 2011 450 2038 assidue
465 2012 664 2041 ratiocinemur,
687 2010 758 2045 quod
773 2011 841 2037 sicut
853 2010 909 2036 avi-

116 2058 176 2084 cultc
190 2058 286 2092 laqueo
310 2061 396 2091 captae
420 2057 520 2084 alarum
543 2057 641 2083 utilitas
657 2057 738 2088 nulla,
752 2056 798 2084 sed
812 2056 907 2083 frustra

117 2107 141 2129 et
153 2103 282 2130 incassum
304 2103 363 2130 alas
377 2102 494 2130 concutit
509 2111 515 2129 :
531 2102 567 2129 ita
583 2103 628 2129 tibi
642 2102 714 2129 nulla
727 2102 909 2129 ratiocinatio-

118 2158 174 2176 num
188 2150 300 2182 utilitas,
315 2150 337 2176 si
352 2149 385 2176 ab
406 2149 525 2184 improba
539 2149 644 2183 penitus
658 2148 802 2183 cupiditate
817 2153 909 2183 captus

119 2196 161 2230 sis,
182 2197 227 2224 sed
243 2201 490 2232 quantumcumque
513 2196 650 2227 resilieris,
676 2200 769 2231 captus
793 2203 831 2222 es.
849 2195 911 2222 ldco

119 2242 163 2269 ala:
177 2247 239 2269 sunt
258 2242 383 2275 avieulis,
400 2245 430 2269 ut
443 2242 569 2276 effugiant
585 2242 693 2276 laqueos
710 2251 715 2268 :
731 2242 791 2269 ideo
804 2241 911 2268 ratioci-

120 2288 233 2315 nationes
249 2288 417 2320 hominibus,
433 2293 461 2314 ut
475 2291 583 2322 peccata
607 2287 716 2321 fugiant.
732 2287 816 2321 Quam
832 2287 912 2321 igitur

120 2334 414 2366 veniam'habcbimus,
439 2341 518 2368 quam
544 2341 608 2360 vero
632 2333 826 2366 defensionem,
852 2341 911 2360 curn

121 2378 199 2406 brutis
212 2380 298 2406 simus
311 2379 512 2406 dementiores?

154 2424 318 2458 Experiendo
338 2425 444 2451 ταμιείαν
466 2425 595 2460 magistra.
609 2439 644 2444 ——
665 2424 774 2452 Avicula
799 2431 913 2459 namque

122 2471 198 2497 semel
221 2475 300 2505 capta
324 2471 431 2505 laqueo,
450 2479 511 2498 mox
531 2471 631 2506 elapsa,
646 2475 673 2498 et
691 2477 786 2498 cervus
807 2471 833 2497 in
857 2474 914 2497 rete

123 2516 243 2544 decidens
255 2523 283 2545 et
296 2517 436 2552 eﬂ'ugicus,
452 2518 546 2544 iisdem
570 2518 665 2545 iterum
682 2517 790 2544 difficile
804 2517 908 2551 capiun-

124 2567 184 2589 tur:
200 2571 261 2590 nam
287 2564 385 2598 cuique
407 2564 436 2590 fit
458 2563 621 2597 experientia
645 2563 756 2590 cautela:
778 2564 913 2597 magistra.

125 2607 175 2635 Nos
194 2609 291 2643 saepius
314 2609 408 2635 iisdem
424 2609 504 2643 capti,
520 2610 545 2635 in
566 2609 659 2636 eadem
681 2608 816 2636 cadimus:
832 2615 916 2642 neque

128 2654 259 2682 brutorum
275 2655 470 2690 providentiam
484 2660 511 2681 et
523 2655 728 2682 sollicitudinem
744 2661 793 2681 nos
813 2653 917 2680 ratione

128 2699 239 2726 decorati
254 2701 401 2727 imitamur.
421 2700 531 2733 Quoties
545 2700 645 2734 quippe
658 2699 795 2726 mulierem
810 2700 916 2733 conspi«

130 2745 192 2776 tati,
212 2746 351 2773 innumera
368 2747 437 2780 passi
453 2753 545 2773 sumus
558 2746 657 2780 gravia,
671 2745 778 2772 domutn
791 2749 918 2779 concepta

132 2792 226 2818 reversi
238 2792 395 2826 cupiditate,
413 2796 440 2819 et
461 2792 551 2819 multis
565 2792 657 2819 diebus
678 2792 768 2819 dolore
788 2790 919 2818 confecti?

134 2835 317 2865 Verumtamen
341 2845 395 2864 non
416 2837 584 2872 corrigimur,
603 2837 648 2865 sed
662 2837 705 2864 vix
725 2837 814 2872 priore
829 2842 920 2864 curato

133 2882 247 2912 vulnere.
263 2890 356 2911 rursus
370 2883 396 2910 in
411 2883 504 2911 eadem
523 2883 646 2918 labimur,
661 2889 687 2911 et
709 2884 741 2911 ab
760 2883 854 2911 iisdem
872 2890 918 2910 ex-

1674 154 1725 183 lSS

934 223 1091 251 pugnamur,
1105 220 1132 243 et
1150 221 1259 252 propter
1274 216 1381 244 brevem
1396 217 1468 245 visus
1484 217 1644 253 voluptatem
1665 219 1725 245 ditt-

933 267 1039 290 turnum
1059 263 1200 297 quemdam
1214 267 1241 290 et
1253 264 1406 290 continuum
1421 263 1538 291 dolorem
1550 265 1722 292 sustinemus.

934 308 988 336 Sed
999 309 1022 336 si
1037 308 1189 343 frequenter
1206 309 1282 336 nobis
1293 309 1344 336 hoc
1359 314 1480 344 repetere
1494 310 1592 337 dictum
1604 311 1726 339 didiceri-

935 362 1005 387 mus,
1014 354 1139 381 omnibus
1152 354 1228 381 malis
1244 354 1445 382 abstinebimus.
1459 355 1581 391 Laqueus
1596 358 1728 384 maximus

935 400 1053 427 mulieris
1072 400 1155 427 forma
1171 409 1177 426 :
1202 401 1255 427 imo
1276 408 1340 427 vero
1356 408 1408 428 non
1430 401 1550 428 mulieris
1572 402 1666 435 forma,
1679 402 1728 430 sed

936 446 1049 474 lascivus
1072 452 1203 481 aspectus.
1219 446 1275 473 Non
1297 447 1368 474 enim
1398 454 1441 474 res
1462 447 1664 480 calumniemur,
1680 448 1726 475 sed

937 499 985 519 nos
1004 496 1031 519 et
1044 498 1163 520 nostrum
1181 497 1331 526 torporem;
1355 500 1441 527 neque
1453 493 1571 520 dicamus
1588 502 1594 519 :
1618 493 1656 521 Ne
1677 494 1730 520 sint

937 538 1075 571 mulieres,
1092 538 1148 570 sed,
1165 537 1203 565 Ne
1215 537 1267 564 sint
1280 538 1409 565 adulteria
1422 547 1427 565 ε
1452 545 1538 572 neque
1552 539 1680 571 dicamus,
1692 539 1730 566 Ne

934 584 969 612 sit
984 583 1161 619 pulchritudo.
1176 584 1234 618 sed,
1251 585 1288 611 Ne
1308 585 1343 611 sit
1367 585 1507 612 foruicatio
1528 594 1534 610 :
1558 593 1643 619 neqtte
1657 585 1730 612 dica-

938 637 1006 660 mus,
1023 629 1061 657 Ne
1076 631 1110 656 sit
1125 635 1227 661 venter,
1250 630 1308 663 sed,
1323 631 1381 657 Non
1402 631 1435 658 sit
1448 631 1555 665 crapula
1569 640 1575 657 :
1594 639 1645 658 non
1659 630 1731 658 enim

938 680 1030 702 venter
1052 675 1187 710 crapulam
1212 675 1284 709 facit,
1304 676 1352 703 sed
1375 677 1533 711 negligentia
1556 682 1658 704 nostra.
1673 677 1731 704 Non

938 721 1075 753 dicamus,
1100 721 1168 755 Quia
1193 722 1341 749 conteditur
1370 727 1397 749 et
1424 723 1533 756 bibitur,
1556 723 1644 750 omnia
1671 723 1733 750 hinc

939 767 1008 794 mala
1024 776 1029 793 :
1047 775 1100 794 non
1116 768 1187 795 enim
1208 773 1317 802 propter
1332 769 1392 801 hoc,
1407 768 1454 796 sed
1469 773 1577 804 propter
1599 773 1733 804 torporem

939 817 968 839 et
981 813 1122 847 ingluviem
1146 819 1276 841 nostram.
1291 814 1347 841 Non
1363 815 1478 842 comedit
1495 815 1592 850 quippe
1606 823 1655 842 nec
1669 816 1735 843 bibit

941 857 1072 892 diabolus,
1086 863 1113 885 et
1133 859 1247 887 cecidit:
1265 860 1381 887 comedit
1394 866 1421 887 et
1445 861 1510 888 bibit
1534 861 1641 895 Paulus,
1662 867 1688 889 et
1710 863 1734 890 in

941 905 1035 931 cmlum
1057 905 1186 933 ascendit.
1204 907 1274 940 Quot
1292 906 1411 934 dicentes
1430 907 1518 940 audio,
1538 907 1595 935 Non
1611 908 1646 936 sit
1669 916 1736 943 pau-

943 951 1050 985 pertas?
1073 951 1264 979 Obmutescere
1285 952 1412 980 faciamus
1434 953 1512 987 igitur
1533 962 1590 987 eos,
1610 955 1654 989 qui
1675 955 1736 982 talia

942 1004 1012 1032 agre
1037 997 1124 1024 ferunt
1138 1007 1144 1023 :
1159 998 1323 1033 blasphemia
1342 1000 1411 1025 enim
1434 1004 1475 1026 est
1491 1000 1553 1026 talia
1568 1000 1666 1028 dicere.
1691 1002 1736 1028 Di-

944 1051 1034 1071 camus
1048 1044 1127 1079 igitur
1143 1045 1218 1080 ipsis,
1236 1045 1294 1072 Non
1307 1046 1342 1072 sit
1358 1047 1560 1081 pusillanimitas
1574 1057 1580 1075 :
1598 1054 1738 1083 paupertas

944 1091 1015 1117 enirn
1029 1091 1167 1118 innumera
1181 1091 1241 1118 vitre
1252 1091 1322 1118 bona
1334 1093 1422 1119 intulit
1436 1098 1545 1126 nostrte,
1560 1098 1587 1121 et
1604 1095 1662 1122 sine
1674 1103 1738 1129 pau»

946 1140 1048 1170 portate
1067 1136 1173 1163 inutiles
1188 1142 1249 1163 sunt
1264 1137 1372 1164 divitiae.
1392 1137 1430 1165 Ne
1445 1138 1638 1166 calumniemur
1651 1140 1739 1175 itaque

945 1189 994 1208 nec
1009 1181 1067 1214 has,
1083 1189 1133 1208 nec
1154 1182 1225 1208 illam
1242 1190 1247 1208 :
1265 1187 1406 1216 paupertas
1421 1183 1491 1209 enim
1514 1189 1541 1210 et
1555 1183 1654 1212 divitim
1679 1191 1741 1213 sunt

946 1235 1029 1259 artua,
1043 1227 1076 1253 ad
1090 1227 1213 1254 virtutem
1227 1232 1340 1262 utraque
1356 1227 1478 1261 ferentia,
1492 1229 1512 1256 si
1528 1229 1650 1258 velimus.
1667 1231 1741 1258 Sicut

948 1273 1026 1308 igitur
1051 1280 1195 1308 generosus
1219 1273 1306 1305 utiles,
1322 1274 1506 1309 quodcumque
1521 1274 1621 1302 ferrum
1643 1276 1740 1310 capiat,

949 1318 1082 1352 propriam
1098 1319 1222 1345 virtutem
1240 1319 1357 1346 ostendit
1375 1328 1381 1346 :
1405 1321 1443 1347 sic
1458 1321 1572 1348 imbellis
1585 1325 1611 1348 et
1634 1322 1743 1356 ignavus

949 1364 982 1391 ab
995 1364 1118 1391 omnibus
1141 1364 1293 1399 impeditur.
1309 1365 1341 1392 Et
1356 1369 1384 1392 ut
1395 1365 1482 1392 discas
1497 1365 1547 1393 hoc
1566 1374 1658 1393 verum
1673 1374 1743 1400 esse,

951 1411 1020 1439 illius
1036 1411 1100 1437 mihi
1114 1411 1165 1438 Job
1181 1411 1332 1444 recordare,
1346 1412 1391 1446 qui
1415 1412 1492 1439 simul
1508 1418 1536 1439 et
1550 1413 1625 1440 dives
1639 1418 1665 1440 et
1678 1421 1743 1447 pau-

951 1465 998 1492 per
1009 1457 1093 1485 factus
1103 1462 1154 1491 est,
1166 1462 1192 1484 et
1205 1463 1315 1492 utraque
1325 1466 1398 1485 arma
1410 1460 1542 1491 tractavit,
1553 1464 1579 1487 et
1592 1460 1617 1486 in
1628 1460 1745 1495 utrisque

952 1503 1023 1531 vicit.
1040 1503 1074 1530 Et
1087 1503 1193 1538 quando
1209 1503 1285 1530 dives
1300 1504 1406 1538 quidem
1429 1509 1496 1537 erat,
1513 1505 1617 1532 dicebat
1632 1515 1638 1531 2
1659 1505 1746 1532 Janua

953 1557 1008 1576 mea
1027 1549 1096 1576 omni
1120 1549 1227 1575 uenienti
1248 1550 1295 1584 fuit
1315 1554 1402 1584 aperta
1427 1549 1486 1585 (Job
1501 1551 1620 1586 31,52);
1641 1552 1746 1585 quando

953 1602 1018 1622 vero
1033 1601 1134 1629 pauper
1154 1594 1236 1621 factus
1251 1600 1302 1628 est,
1319 1595 1442 1622 dicebat:
1460 1596 1583 1623 Dominus
1595 1596 1674 1629 dedit,
1691 1597 1746 1624 Do-

953 1642 1038 1668 minus
1058 1640 1176 1673 abstulit;
1192 1642 1255 1668 sicut
1274 1641 1384 1668 Domino
1409 1642 1513 1676 placuit,
1536 1643 1572 1669 ita
1594 1644 1688 1678 factum
1709 1649 1745 1670 est

956 1687 1035 1717 (Jobl
1045 1686 1115 1723 .21).
1124 1688 1189 1714 Dum
1199 1687 1246 1714 fuit
1257 1687 1339 1720 dives,
1347 1688 1456 1714 multam
1466 1688 1681 1723 hospitalitatem,
1689 1697 1748 1717 Cum

957 1732 1041 1759 factus
1053 1737 1094 1759 est
1109 1739 1218 1766 pauper,
1234 1732 1343 1758 multam
1360 1733 1512 1767 patientiam
1531 1733 1660 1761 exhibuit.
1678 1735 1710 1762 Et
1722 1740 1749 1762 tu

956 1779 1035 1813 igitur
1055 1779 1076 1805 si
1095 1778 1169 1805 dives
1184 1786 1223 1810 es,
1241 1779 1350 1805 multant
1363 1778 1518 1806 demonstra
1536 1780 1748 1816 eleemosynam:

958 1825 978 1851 si
995 1832 1095 1859 pauper
1117 1824 1203 1851 factus
1222 1832 1261 1856 es,
1276 1824 1407 1859 patientia:
1422 1826 1535 1853 mttltum
1551 1830 1578 1853 et
1592 1826 1750 1853 tolerantiae.

957 1870 1048 1905 Neque
1068 1870 1138 1897 enim
1157 1870 1257 1897 divitia:
1270 1871 1369 1897 malum
1380 1891 1387 1903 ,
1406 1879 1455 1899 nec
1470 1877 1610 1907 paupertas
1624 1873 1752 1908 simplici-

959 1921 1009 1949 ter,
1023 1917 1151 1951 scdjuxta
1165 1916 1327 1943 voluntatem
1343 1918 1472 1944 utentium
1487 1918 1544 1945 lnec
1557 1923 1668 1952 utraque
1676 1918 1753 1946 fiunt.

995 1963 1021 1989 4.
1036 1962 1090 1989 Nos
1103 1962 1183 1997 igitur
1195 1963 1268 1996 ipsos
1282 1963 1461 1994 instituamus,
1476 1968 1505 1990 ut
1518 1972 1569 1991 non
1591 1965 1650 1991 talia
1664 1964 1698 1992 de
1709 1972 1753 1992 re-

960 2009 1008 2035 bus
1021 2007 1138 2034 feramus
1147 2008 1256 2042 judicia,
1273 2016 1360 2043 neque
1376 2009 1422 2035 Dei
1436 2017 1528 2043 opera,
1545 2010 1591 2037 sed
1605 2010 1753 2044 improbam

962 2054 1097 2081 hominum
1108 2054 1270 2082 voluntatem
1279 2062 1446 2082 accusemus.
1459 2055 1549 2090 Neque
1561 2057 1754 2091 pusillanimem

961 2100 1059 2127 divitiae
1080 2105 1191 2135 possunt
1210 2101 1346 2135 adjuvare,
1363 2109 1413 2129 nec
1433 2103 1602 2137 magnanimo
1617 2105 1756 2138 pauperies

961 2154 1077 2180 unquam
1095 2151 1182 2173 ttocct.

1000 2192 1148 2219 Occasiones
1168 2192 1286 2219 vitandaz.
1301 2207 1335 2212 —
1348 2193 1531 2227 Agnoscamus
1545 2193 1623 2228 igitur
1636 2194 1755 2229 laqueos,

963 2242 991 2264 et
1003 2238 1035 2265 ab
1051 2238 1114 2272 ipsis
1130 2237 1220 2272 procul
1234 2245 1340 2264 eamus:
1352 2245 1528 2272 agnoscamus
1540 2240 1696 2273 praecipitia,
1707 2247 1758 2267 nec

964 2284 1216 2318 appropinquemus.
1234 2283 1290 2310 Hoc
1311 2285 1426 2311 maxime
1448 2284 1599 2311 securitatis
1613 2285 1688 2312 nobis
1708 2287 1760 2313 erit

965 2329 1080 2361 occasio,
1096 2336 1148 2355 non
1173 2333 1274 2355 tantum
1297 2334 1403 2363 peccata
1429 2329 1529 2364 fugere,
1545 2338 1635 2357 verum
1661 2336 1687 2358 et
1701 2340 1759 2366 qua:

965 2375 1087 2402 videntur
1111 2375 1287 2402 indifferentia
1301 2375 1409 2410 quidem
1433 2383 1502 2408 csse,
1529 2376 1574 2404 sed
1599 2377 1632 2404 ad
1655 2374 1770 2411 peccata

968 2428 1017 2448 nos
1031 2421 1211 2456 supplantant.
1230 2421 1349 2456 Exempli
1363 2429 1443 2448 causa
1457 2422 1554 2455 ridere,
1576 2427 1602 2450 et
1612 2423 1704 2457 jocosa
1722 2424 1761 2450 di-

967 2474 1028 2494 cere
1041 2467 1133 2500 verba,
1149 2474 1201 2494 non
1224 2467 1394 2494 manifestum
1410 2467 1517 2502 quidem
1544 2474 1679 2502 peccaturo
1703 2478 1764 2496 esse

969 2513 1081 2545 videtur,
1102 2512 1148 2540 sed
1169 2513 1194 2539 in
1217 2511 1386 2540 manifestum
1407 2513 1507 2540 crimen
1532 2513 1653 2541 inducit:
1669 2522 1763 2548 nempe

969 2559 1066 2593 swpius
1085 2567 1118 2587 ex
1140 2559 1196 2586 risu
1221 2559 1307 2593 turpia
1329 2565 1475 2586 nascuntur
1497 2559 1589 2591 verba.
1605 2568 1621 2587 a
1644 2561 1765 2595 turpibus

970 2606 1058 2633 verbis
1072 2606 1192 2633 actiones
1215 2605 1356 2640 turpiores.
1370 2605 1474 2641 Smpius
1495 2613 1527 2634 ex
1550 2607 1638 2634 verbis
1660 2612 1687 2634 et
1710 2607 1765 2634 risu

971 2651 1092 2679 convicia
1114 2656 1141 2678 et
1155 2651 1340 2685 contumelize;
1363 2651 1397 2679 de
1417 2652 1538 2679 convicio
1560 2657 1587 2680 et
1606 2654 1765 2680 contumelia

972 2698 1055 2733 plaga:
1064 2703 1090 2725 et
1104 2698 1225 2729 vulnera,
1236 2698 1270 2726 de
1279 2698 1433 2726 vulneribus
1445 2699 1562 2734 etplagis
1576 2699 1663 2727 caules
1676 2705 1703 2727 et
1715 2700 1765 2727 ho-

974 2744 1090 2770 micidia.
1102 2743 1130 2771 Si
1145 2743 1193 2770 tibi
1208 2744 1288 2779 igitur
1302 2744 1370 2771 bene
1379 2745 1548 2772 consulturus
1561 2752 1599 2777 es,
1613 2752 1664 2772 non
1681 2746 1767 2780 turpia

974 2794 1075 2816 tantum
1091 2789 1182 2823 verba,
1197 2797 1283 2824 neque
1298 2790 1384 2824 tttrpia
1402 2794 1502 2817 tantum
1522 2789 1602 2823 facta,
1616 2798 1702 2826 neque
1713 2791 1768 2825 pla-

974 2843 1020 2871 gas
1040 2840 1067 2862 et
1080 2835 1189 2862 vulnera
1204 2840 1231 2863 et
1250 2835 1403 2869 homicidia,
1424 2844 1517 2863 verum
1529 2841 1555 2863 et
1570 2837 1656 2871 ipsum
1673 2838 1768 2865 intem-

976 2882 1106 2917 pcstivum
1121 2882 1203 2909 risum
1225 2885 1252 2910 et
1271 2882 1350 2910 verba
1377 2881 1460 2917 fugies
1485 2882 1617 2915 scurrilia,
1642 2883 1767 2916 quoniam
