1962 3121
266 123 316 151 159

263 179 482 214 subsequentium
499 182 630 210 malorum
647 185 721 212 radix
735 186 795 212 talia
810 194 870 214 esse
883 188 979 215 solent.
992 187 1057 215 Pro—

263 230 352 260 pterea
374 227 472 255 Paulus
497 229 603 263 inquit:
625 231 818 266 Stultiluquium
832 238 855 259 ct
868 234 1009 260 scurrilitas
1028 243 1059 261 ne

262 271 366 306 prodeat
379 281 410 299 ex
422 281 465 300 ore
476 279 556 301 vestro
578 274 684 310 (Ephcs.
701 277 728 304 5.
743 277 782 312 5).
797 279 853 304 litsi
876 287 990 312 namque
1012 288 1058 313 per

261 324 290 343 se
305 325 413 351 parvutu
430 318 514 353 ipsutn
527 328 587 347 esse
599 321 712 354 videtur,
729 330 883 357 magnorum
899 329 987 352 tamen
1002 334 1057 352 ma-

259 361 345 389 lorum
367 371 445 390 causa
466 365 541 391 nobis
564 366 689 393 efficitur.
713 368 827 395 llursntn
843 369 944 397 deliciis
963 379 1056 398 vacare

259 414 311 433 non
335 408 439 436 videtur
454 410 561 444 quidem
583 419 643 438 esse
667 413 768 440 crimen
782 415 951 443 manifestum
966 422 992 444 el
1007 426 1055 444 ex-

258 460 400 487 pressum;
424 460 541 483 attamen
567 458 649 486 multa
672 460 748 486 nobis
764 461 831 495 parit
846 462 924 494 mala,
939 463 1053 490 ebrieta-

257 505 321 533 tem,
337 500 464 534 furorem,
481 504 629 535 avaritiam,
653 506 768 540 rapinas.
786 507 964 543 Sttmptuosns
983 511 1053 537 enim

255 551 283 573 et
297 547 393 580 lautus,
414 554 440 576 et
455 550 602 578 ministeria
617 553 704 579 ventri
722 554 876 582 ministrans
899 556 1053 584 intolerabi-

257 592 302 626 lia,
317 592 398 620 fttrari
413 602 483 629 sa'pc
497 597 600 630 cogitur
612 601 639 624 et
652 598 737 625 aliena
753 607 847 633 rapere
862 605 889 628 et
902 602 1052 636 opprimere

255 643 283 665 et
299 639 407 666 violare.
433 640 460 667 Si
487 641 596 669 delicias
618 643 707 679 itaque
731 644 826 679 fugias,
842 651 870 673 et
893 648 1010 675 avaritia:
1025 654 1052 676 et

255 685 355 719 rapinae
369 691 395 713 et
408 687 543 715 ebrietatis
557 693 584 716 et
597 690 827 719 innumerabilium
844 694 974 721 malorum
988 703 1049 722 sus-

255 732 337 758 tulisti
368 733 516 767 materiam,
537 735 683 770 iniquitatis
703 737 818 765 radicem
832 746 847 765 a
863 740 992 774 principio
1008 750 1050 768 re—

254 785 358 805 sccans.
377 779 521 814 Propterea
535 786 562 808 et
577 782 673 810 Paulus
687 782 791 810 diccbat
808 793 814 810 :
834 785 896 818 Quae
910 785 935 812 in
951 786 1050 813 deliciis

253 828 290 849 est
303 823 388 855 vidua,
402 825 485 852 vivens
499 832 597 853 mortua
612 834 648 853 est
662 827 693 861 (1.
711 827 777 855 Tim.
792 830 817 856 5.
834 830 873 864 6).
897 831 923 857 lu
947 832 1049 859 theatra

252 875 358 895 rursum
382 871 536 904 ascendere,
552 878 578 899 et
594 881 722 908 equorum
746 876 892 902 certamina
914 882 1047 911 spectare,

252 917 280 940 et
301 914 372 941 alcas
393 921 506 943 tractare
528 926 580 944 non
604 919 708 945 videtur
727 921 816 947 ttmltis
836 929 974 956 peccatum
989 932 1048 951 esse

251 960 433 992 manifestum,
453 962 498 989 sed
515 963 616 990 infinita
635 965 694 991 vita:
713 966 781 992 mala
796 967 864 994 solet
877 968 985 996 inferre.
1002 970 1047 996 Et—

251 1006 322 1031 enim
346 1007 369 1032 in
395 1007 504 1034 theatris
520 1009 671 1037 immoratio
691 1011 903 1045 fornicationem,
924 1016 1046 1048 petulan-

251 1051 358 1084 tiam,et
367 1053 474 1079 omnem
485 1053 702 1082 incontinentiam
717 1058 836 1092 peperit:
851 1063 877 1085 et
887 1059 1046 1087 circensium

250 1098 431 1130 spectaculum
454 1107 564 1134 pugnas,
581 1102 711 1135 convicia,
726 1103 845 1135 vulnera,
859 1106 1044 1139 contumelias,

248 1142 325 1177 iuges
351 1143 502 1171 inimicitias
526 1146 636 1174 adduxit
654 1157 660 1174 :
675 1153 702 1174 et
725 1150 796 1176 circa
820 1150 892 1177 aleas
915 1152 1044 1185 studium,

248 1188 438 1224 blasphemias,
453 1191 582 1225 jacturas,
599 1193 661 1224 iras.
673 1196 803 1227 convicia,
819 1196 975 1233 infinitaque
992 1199 1044 1226 alia

249 1235 291 1262 his
306 1237 427 1271 graviora
450 1246 523 1272 saepe
539 1240 673 1273 produxit.
698 1241 736 1268 Ne
750 1246 852 1270 tantum
878 1244 967 1278 itaque
980 1252 1043 1280 pec-

248 1286 306 1308 cata
321 1282 461 1316 fugiamus,
477 1291 568 1310 verum
582 1289 609 1312 et
621 1293 650 1312 ea
666 1287 771 1321 quidem
787 1297 846 1322 quze
865 1289 1043 1318 indifferentia

247 1326 380 1360 videnlur,
390 1329 436 1355 sed
451 1330 577 1363 paulatim
589 1332 614 1358 in
627 1331 683 1360 hinc
693 1338 800 1367 peccata
815 1343 863 1362 nos
877 1337 1041 1370 pertraheut.

246 1371 313 1398 Nam
328 1373 372 1407 qui
396 1374 471 1407 juxta
497 1377 672 1410 praecipitium
701 1380 828 1413 ambulat,
849 1384 974 1416 quamvis
989 1392 1041 1411 non

245 1417 362 1450 decidat,
379 1422 478 1453 tremit,
502 1426 528 1448 et
549 1431 734 1457 sa-penumcro
756 1427 789 1453 ab
816 1428 873 1461 ipso
899 1429 1042 1458 StleCl‘SUS

246 1468 366 1492 tremore
380 1466 477 1494 decidit
493 1477 498 1494 :
516 1468 550 1494 ita
565 1473 592 1495 ct
605 1470 649 1504 qui
664 1478 716 1497 non
734 1474 823 1506 procul
845 1480 950 1508 peccata
965 1476 1039 1511 fugit,

245 1511 292 1538 sed
308 1519 386 1539 secus
406 1513 462 1547 ipsa
486 1515 566 1547 vadit,
589 1522 648 1542 cuin
675 1517 770 1546 timore
792 1520 872 1554 vivet,
889 1525 915 1548 et
942 1522 968 1548 in
984 1522 1040 1557 ipsa

245 1556 349 1584 labetur
368 1559 475 1593 smptus.
497 1559 562 1586 Nam
577 1561 621 1596 qui
633 1562 734 1589 alienas
747 1564 852 1592 curiose
864 1570 967 1600 spectat
983 1568 1039 1595 for-

244 1610 312 1634 mas,
330 1605 451 1638 qttann’is
472 1613 524 1632 non
549 1607 707 1640 maechetur,
725 1614 813 1637 tamen
837 1614 999 1647 concupivit,
1013 1619 1040 1642 et

242 1651 389 1678 secundum
398 1651 494 1679 Christi
505 1654 664 1682 sententiam
675 1655 758 1683 factus
768 1662 806 1683 est
816 1658 920 1686 adulter
930 1659 1036 1696 (Matth.

243 1695 269 1721 5.
286 1695 350 1731 28);
374 1699 473 1732 saepius
494 1703 582 1726 autem
598 1701 631 1728 ab
653 1701 708 1736 ipsa
732 1703 946 1737 concupiscentia
961 1710 989 1733 et
1012 1708 1037 1734 in

242 1747 381 1776 peccatum
396 1751 425 1770 rc
441 1743 497 1778 ipsa
508 1745 637 1774 defertur.
652 1747 705 1774 Nos
729 1748 807 1784 igitur
831 1751 903 1784 ipsos
917 1753 1008 1785 procul
1022 1761 1037 1780 a

243 1789 360 1822 peccatis
375 1791 546 1818 retineamus.
562 1792 606 1819 Vis
620 1797 771 1829 tetnperans
786 1798 865 1824 esse?
887 1806 919 1825 ne
935 1803 1036 1826 tantum

241 1834 326 1868 fugias
350 1835 577 1870 adulteriutn,sed
599 1840 677 1867 etiam
702 1843 863 1876 petulantem
887 1851 1034 1879 aspectum.

242 1879 288 1906 Vis
302 1888 317 1906 a
335 1881 423 1908 verbis
437 1884 557 1917 turpibus
572 1885 687 1913 abesse?
710 1895 742 1914 ne
764 1890 842 1916 verba
866 1895 967 1918 tantum
982 1897 1035 1919 tur-

240 1927 283 1960 pia
300 1927 394 1962 fugias,
411 1937 502 1956 verum
522 1935 549 1958 et
563 1931 645 1959 risuu:
661 1934 788 1968 soluttnn,
804 1941 830 1962 et
847 1945 953 1964 omnem
969 1947 1034 1966 con—

241 1973 442 2006 cupiscentiam.
456 1975 500 2002 Vis
511 1977 629 2005 caedibus
642 1988 700 2006 esse
717 1982 828 2014 procul?
841 1983 901 2018 fuge
914 1986 1033 2013 convicia

239 2027 353 2054 quoque.
372 2021 416 2047 Vis
432 2021 466 2047 ab
485 2022 614 2051 ebrietate
639 2027 774 2060 separari?
797 2027 857 2063 fuge
882 2030 992 2058 delicias
1007 2037 1034 2059 ct

239 2065 324 2092 lautas
347 2074 463 2098 mensas,
480 2073 507 2095 et
523 2069 650 2098 radicitus
667 2073 757 2100 vitium
773 2075 900 2109 exstirpa.
924 2076 1033 2112 Magnus

238 2111 347 2145 laqucm
368 2117 409 2139 est
430 2114 526 2148 [iugum
551 2117 714 2151 petulantia,
735 2124 762 2146 et
785 2119 863 2148 freno
885 2123 1031 2152 admodum

237 2158 367 2192 indigens.
381 2159 526 2194 Propterea
541 2167 568 2189 et
579 2164 685 2197 quidam
702 2166 785 2200 inquit
800 2177 805 2192 :
821 2168 938 2202 Laqueus
958 2171 1031 2205 [ortis

236 2204 288 2230 viro
304 2206 408 2239 propria
422 2206 499 2240 labia,
513 2213 536 2235 ct
551 2211 651 2243 capitur
665 2212 744 2238 verbis
758 2215 808 2241 oris
825 2218 920 2250 proprii
938 2217 1028 2251 (Prov.

237 2252 261 2276 ti.
285 2251 329 2285 2).

272 2297 298 2323 5.
320 2297 416 2324 flerunt
428 2304 515 2326 contra
525 2301 683 2336 juramcuta.
696 2319 729 2323 —
743 2306 828 2341 Supra
842 2314 937 2335 cartera
951 2310 1029 2344 igitur

235 2347 330 2369 cuiicta
345 2345 464 2371 tncmbra
481 2345 548 2373 hanc
567 2348 747 2380 moderemur,
766 2353 833 2379 hanc
849 2354 1024 2388 refrenemus,

237 2393 263 2414 et
278 2389 397 2415 convicia
411 2393 640 2427 contumeliasque
655 2403 685 2421 ac
702 2397 861 2432 turpiloquia
876 2405 903 2426 et
918 2402 1027 2428 maledi—

233 2439 275 2460 ctn
287 2442 318 2460 ex
333 2443 379 2461 ore
391 2436 530 2469 pellamus,
544 2442 570 2464 et
582 2440 676 2466 trullam
688 2441 902 2475 juramentoruui
917 2454 1028 2474 consue—

236 2479 354 2506 tudinem
369 2489 374 2506 :
388 2488 492 2507 rursum
509 2484 580 2510 enim
604 2493 652 2512 nos
671 2487 703 2513 ad
727 2489 849 2516 eamdem
865 2491 1026 2520 admonitio-

235 2534 296 2551 nem
311 2533 400 2552 sermo
411 2527 528 2554 deduxit.
543 2529 575 2555 Et
589 2531 695 2565 quidem
711 2533 767 2560 heri
781 2542 937 2564 cumvestra
945 2538 1033 2566 chari-

234 2574 288 2598 ιλιιο
313 2573 456 2604 constitui,
480 2581 522 2600 tne
548 2583 599 2602 non
625 2578 738 2612 amplius
762 2580 796 2608 de
824 2581 874 2609 hoc
900 2585 1026 2612 mandato

234 2617 366 2644 dicturum
384 2626 390 2645 :
407 2620 532 2653 quoniam
548 2622 672 2649 omnibus
686 2626 868 2659 superioribus
882 2629 976 2657 diebus
990 2632 1024 2658 de

233 2662 280 2688 illo
296 2662 460 2691 sufficienter
476 2665 618 2694 disserttun
632 2674 673 2695 est
686 2678 692 2696 :
705 2670 752 2697 sed
769 2672 831 2705 quid
847 2673 959 2702 faciam?
975 2677 1025 2703 Do-

235 2717 284 2736 nec
307 2719 354 2738 vos
376 2717 511 2740 correctos
533 2715 646 2748 videam,
670 2724 721 2743 non
747 2725 855 2752 possum
878 2729 892 2747 a
914 2725 1025 2751 consilio

231 2755 319 2781 dando
341 2757 474 2785 abstinere
489 2759 520 2785 ¹ε
541 2760 667 2793 quoniam
688 2766 714 2788 et
738 2762 835 2792 Paulus
857 2767 900 2800 qui
924 2767 1024 2795 Calatis

264 2823 270 2837 ¹
290 2824 359 2867 siml.
374 2829 399 2849 ct
410 2825 504 2867 plurimi
515 2830 579 2857 Mss,
592 2834 637 2852 non
646 2828 776 2854 sustineo...
792 2832 916 2858 abstinere.
931 2837 1022 2867 mort-3.,

230 2859 275 2879 nou
285 2854 392 2885 placet...
403 2854 529 2883 abstinere.

638 128 667 156 S.
687 129 826 158 JOANNIS
845 131 1087 160 CHRYSOSTOMI
1106 133 1263 164 ARCHIEP.
1285 138 1551 172 CONSTANTINOP.
1852 152 1900 181 ltiti

1114 189 1194 224 dicit,
1209 192 1334 231 Deinceps
1353 196 1449 226 labores
1462 201 1524 227 milii
1545 210 1616 229 nemo
1636 205 1744 237 praebeat
1758 205 1860 241 (Colat.
1876 211 1900 238 6.
1912 216 1920 232 ε

1113 237 1175 272 17),
1192 247 1295 268 rursum
1318 243 1382 278 ipsis
1404 252 1515 280 apparet
1534 255 1693 284 congressus
1715 257 1743 279 et
1765 253 1903 288 loquutus.

1112 282 1267 318 Huiusmodi
1289 294 1351 316 sunt
1374 296 1481 324 paterna
1498 294 1599 321 viscera
1610 316 1617 328 ,
1630 298 1679 323 etsi
1700 306 1857 326 recessuroa
1872 309 1900 329 se

1110 335 1198 363 patres
1212 339 1271 359 esse
1285 333 1390 368 dicant,
1406 345 1458 364 non
1481 338 1630 373 absistunt,
1652 342 1738 370 donec
1760 350 1899 372 correctus

1109 374 1224 403 viderint
1237 377 1306 405 filios
1317 386 1390 407 suos.
1405 383 1524 410 Audistis
1536 387 1690 420 prophetam
1703 389 1736 415 de
1747 390 1903 423 iuramento

1109 422 1187 449 hodie
1202 424 1278 452 nobis
1293 425 1465 461 loquentem?
1481 429 1590 466 Respexi
1610 434 1691 461 oculis
1705 437 1783 467 meis,
1799 442 1822 463 et
1837 438 1901 472 vidi,

1108 467 1211 502 inquit,
1234 475 1257 496 et
1289 480 1344 499 ecca
1368 473 1424 508 (ala:
1451 476 1539 504 volans
1565 479 1730 514 longitudinis
1758 483 1901 510 cubitorum

1106 514 1204 548 viginti,
1228 521 1251 542 et
1273 517 1414 546 latitudinis
1440 522 1577 550 cubitorum
1605 526 1698 553 decent.
1716 527 1750 554 Et
1778 529 1844 556 dixit
1869 532 1901 557 ad

1106 568 1157 591 mc,
1184 562 1252 594 Quid
1276 568 1302 590 tu
1326 566 1413 593 vides?
1424 573 1448 593 et
1467 568 1536 600 dixi,
1557 569 1633 597 Video
1660 573 1752 606 falcem
1777 577 1900 603 volantem

1105 606 1271 641 longitudinis
1291 611 1430 639 cubitorum
1457 615 1563 649 viginti,
1588 621 1611 643 et
1634 617 1779 646 latitudinis
1805 621 1900 648 cubito-

1104 660 1160 679 rum
1183 654 1278 681 decem.
1303 656 1335 683 El
1362 658 1515 694 ingredietur
1536 662 1655 696 domum,
1679 665 1784 700 inquit,
1805 668 1900 702 juran-

1103 702 1133 723 tis
1148 700 1247 726 nomine
1261 709 1326 733 meo,
1342 707 1366 729 et
1379 704 1489 732 destruet
1504 707 1529 733 in
1545 708 1637 741 medio,
1653 714 1676 736 et
1688 700 1813 744 su/fodiet
1828 713 1896 748 lapi-

1103 743 1145 769 des
1154 749 1178 770 et
1190 745 1259 779 ligna
1270 746 1360 779 (Zach.
1371 750 1397 777 5.
1411 751 1478 785 l-A).
1488 752 1557 785 Quid
1570 755 1675 782 tandem
1688 743 1733 783 est
1742 757 1844 785 dictum
1874 766 1898 786 et

1102 797 1152 822 qua
1168 789 1201 816 de
1213 798 1293 819 causa
1309 794 1335 820 in
1348 796 1437 829 specie
1448 798 1534 830 falcis,
1545 804 1571 826 et
1586 800 1662 828 falcis
1673 803 1788 831 volantis
1800 805 1896 839 juran-

1103 839 1142 861 tcs
1155 843 1269 870 sequens
1284 846 1362 872 poena
1376 841 1498 870 videtur?
1519 843 1553 871 Ut
1567 845 1695 874 ultionem
1712 848 1894 878 inevitabilem

1101 889 1170 913 esse,
1182 887 1208 910 ct
1218 885 1376 918 supplicium
1387 888 1513 917 declinari
1527 899 1577 919 non
1593 900 1671 924 posse
1681 895 1782 923 videas.
1797 897 1896 925 Ensem

1100 927 1170 954 t'nitn
1186 929 1319 957 volantem
1336 931 1446 960 forsitan
1460 935 1554 970 aliquis
1568 938 1686 973 effugere
1709 942 1807 975 poterit
1821 951 1828 969 :
1845 942 1895 970 fal-

1099 979 1156 998 cem
1178 978 1266 1001 autem
1289 977 1314 1002 in
1334 978 1432 1006 collum
1454 981 1591 1016 delapsam
1611 990 1636 1011 et
1660 994 1708 1020 pro
1720 986 1840 1015 funiculo
1856 989 1894 1016 fa-

1099 1023 1177 1051 ctam,
1194 1029 1272 1048 nemo
1286 1022 1376 1058 fugere
1393 1031 1494 1059 potest:
1510 1037 1569 1055 cum
1583 1035 1670 1058 autem
1687 1038 1714 1060 et
1730 1035 1780 1061 ake
1792 1035 1891 1067 adsint,

1099 1072 1158 1098 qum
1171 1067 1263 1094 salutis
1275 1069 1385 1097 ulterius
1398 1073 1477 1106 Spes?
1495 1074 1550 1106 Qua
1567 1084 1630 1103 vero
1645 1077 1679 1105 de
1691 1086 1772 1106 causa
1789 1080 1893 1115 lapides

1098 1116 1124 1137 et
1145 1111 1213 1146 ligna
1233 1113 1347 1148 jurantis
1366 1117 1503 1146 dissolvit?
1519 1119 1553 1148 Ut
1575 1123 1649 1150 ruina
1672 1124 1732 1152 aliis
1753 1128 1886 1154 correctio

1098 1157 1154 1184 ﬁat.
1164 1158 1229 1191 Quia
1239 1161 1310 1188 enim
1321 1161 1455 1196 jurantem
1464 1171 1598 1195 mortuum
1608 1173 1676 1197 terra
1687 1173 1768 1200 condi
1782 1181 1893 1202 necesse

1097 1209 1155 1237 est,
1172 1205 1267 1234 dotnus
1279 1207 1408 1238 dissoluta
1423 1216 1450 1238 et
1467 1212 1492 1239 in
1513 1215 1618 1242 ruinam
1635 1225 1711 1244 versa
1725 1226 1892 1253 prattereun-

1098 1251 1168 1278 tibus
1180 1253 1304 1281 omnibus
1318 1261 1344 1283 et
1358 1259 1530 1287 cernentibus
1544 1261 1692 1290 admonitio
1703 1251 1754 1292 erit
1764 1286 1772 1298 ,
1788 1271 1817 1293 ut
1839 1275 1890 1294 non

1096 1296 1189 1324 eadem
1205 1299 1329 1333 audeant,
1347 1310 1381 1329 ne
1394 1303 1486 1331 eadem
1503 1308 1647 1340 patiantur,
1660 1309 1757 1345 illaque
1765 1296 1890 1340 defuncti

1095 1344 1196 1371 crimen
1210 1352 1317 1380 semper
1330 1354 1431 1383 arguet.
1447 1349 1504 1377 Non
1519 1351 1553 1378 ita
1568 1354 1659 1388 pungit
1672 1357 1755 1387 ensis,
1768 1357 1838 1384 sicut
1850 1358 1890 1392 ju-

1094 1391 1207 1417 ramenti
1217 1397 1308 1419 natura
1318 1403 1324 1419 :
1335 1401 1386 1421 non
1396 1395 1434 1422 sic
1442 1397 1538 1424 occidit
1546 1398 1659 1433 gladius,
1670 1401 1889 1437 sicutjuramenti

1096 1436 1183 1470 plaga.
1199 1437 1308 1466 Juratus
1323 1441 1372 1467 etsi
1388 1442 1477 1470 virere
1490 1443 1623 1478 videatur,
1633 1448 1687 1480 jam
1703 1436 1829 1476 mortuus
1837 1456 1886 1483 est,

1093 1485 1120 1508 et
1136 1482 1229 1510 vulnus
1243 1486 1348 1520 excepit
1360 1495 1365 1512 :
1377 1492 1404 1514 et
1424 1489 1492 1515 sicut
1511 1490 1555 1524 qtti
1580 1496 1678 1518 restem
1693 1494 1782 1528 capit,
1801 1496 1888 1529 prius-

1092 1537 1171 1562 quam
1195 1530 1302 1559 civitate
1323 1534 1484 1567 egrcdiatur.
1508 1542 1534 1562 et
1547 1537 1579 1563 ad
1599 1539 1774 1573 prtecipitium
1789 1542 1886 1574 veniat,

1092 1579 1120 1600 et
1133 1580 1260 1603 tortorem
1275 1577 1362 1604 videat
1376 1579 1558 1608 iuuninentcm
1571 1603 1577 1612 ,
1595 1588 1715 1611 mortuus
1728 1591 1769 1612 est
1780 1607 1786 1617 ,
1808 1587 1884 1614 simul

1092 1628 1122 1648 ac
1139 1623 1255 1656 praetorii
1273 1624 1369 1658 januas
1382 1634 1506 1659 egressus
1519 1633 1561 1655 est
1574 1638 1581 1655 :
1596 1631 1635 1657 sic
1648 1635 1673 1658 et
1684 1631 1802 1666 juratus.
1823 1633 1886 1661 lltec

1093 1672 1255 1701 reputemus,
1271 1675 1297 1696 et
1314 1678 1347 1696 ne
1360 1670 1455 1699 fratres
1468 1673 1632 1708 adjuremus.
1649 1677 1718 1710 Quid
1735 1678 1819 1712 facis,
1836 1679 1885 1706 bo-

1092 1721 1135 1737 11η)
1143 1713 1154 1739 ?
1168 1722 1248 1747 super
1264 1723 1383 1743 mensam
1400 1717 1508 1752 adjuras
1523 1727 1628 1748 sacram
1640 1743 1647 1754 ,
1662 1727 1689 1749 et
1704 1724 1749 1750 ubi
1764 1724 1885 1753 Christus

1091 1759 1192 1791 positus
1206 1765 1246 1786 cst
1260 1761 1412 1789 iuttnolattts
1422 1783 1429 1795 ,
1451 1764 1505 1791 illic
1527 1765 1635 1793 fratrem
1650 1773 1725 1795 tuum
1743 1770 1884 1798 immolas?

1090 1803 1219 1832 Latrones
1229 1806 1336 1840 quidem
1351 1808 1376 1834 in
1392 1809 1441 1836 viis
1455 1815 1571 1838 mactant
1584 1820 1590 1838 :
1604 1816 1632 1839 tu
1644 1821 1710 1841 vero
1723 1823 1815 1842 coram
1830 1825 1883 1843 nia-

1091 1854 1129 1876 tre
1146 1850 1229 1877 filium
1250 1852 1371 1880 immolas
1391 1855 1564 1889 sceleratius,
1581 1865 1660 1892 quam
1674 1858 1738 1886 Cain
1752 1881 1758 1891 ,
1777 1866 1882 1895 patrans

1090 1896 1281 1925 homicidium?
1303 1899 1350 1927 llle
1364 1908 1460 1936 nempe
1475 1901 1584 1930 fratrem
1599 1911 1678 1931 suum
1694 1906 1721 1932 in
1735 1906 1844 1934 deserto
1857 1913 1880 1934 ct

1089 1943 1212 1976 pra-senti
1228 1950 1313 1971 morte
1329 1947 1472 1980 mactavit;
1497 1953 1523 1975 ιιι
1538 1957 1601 1976 vero
1615 1950 1724 1978 fratrem
1739 1957 1815 1980 tuum
1831 1955 1878 1981 im-

1088 1989 1173 2015 molas
1187 1990 1211 2016 in
1227 1991 1313 2017 medio
1327 1993 1458 2026 ecclesiae,
1476 1994 1555 2029 idque
1569 2000 1655 2023 morte
1669 1996 1757 2025 futura
1773 1999 1880 2027 immor-

1088 2035 1143 2061 lali.
1159 2035 1225 2063 Num
1239 2037 1309 2063 enim
1326 2043 1466 2073 propterea
1481 2039 1550 2068 facta
1565 2046 1606 2068 est
1620 2043 1734 2070 ecclesia
1744 2065 1751 2075 ,
1765 2050 1795 2071 ut
1807 2045 1879 2079 jure-

1088 2082 1164 2108 nms?
1178 2082 1320 2116 Propterea
1335 2084 1403 2111 facta
1415 2090 1466 2118 est,
1481 2091 1508 2112 ut
1523 2095 1640 2114 oremus.
1655 2088 1724 2115 Num
1737 2087 1812 2117 cnim'
1824 2091 1878 2118 ideo

1087 2135 1177 2154 int-usa
1193 2129 1276 2162 posita
1291 2134 1347 2162 est,
1363 2135 1391 2157 ut
1405 2131 1578 2165 adjuremus?
1594 2132 1656 2161 Ideo
1676 2140 1763 2168 posrta
1780 2142 1838 2170 est,
1853 2142 1877 2164 ut

1087 2178 1193 2207 peccata
1207 2175 1351 2210 solvamus,
1368 2185 1420 2204 non
1435 2182 1463 2204 ut
1477 2178 1625 2212 alligemus.

1119 2220 1268 2247 Jurumcutu
1284 2222 1480 2258 Evangeliorum
1494 2231 1619 2253 contactu.
1631 2243 1666 2247 —
1676 2228 1716 2255 Tu
1728 2237 1793 2257 vero
1804 2231 1826 2257 si
1841 2231 1877 2258 ni—

1085 2266 1120 2292 hil
1135 2267 1217 2300 aliud,
1232 2268 1327 2295 saltent
1343 2269 1440 2296 librum
1456 2272 1543 2306 ipsum
1559 2280 1693 2307 reverere,
1709 2283 1790 2309 quem
1805 2277 1831 2304 in
1841 2277 1875 2312 ju-

1085 2318 1232 2340 ramentum
1249 2315 1365 2350 porrigis
1376 2316 1605 2352 :etEvangelium,
1617 2321 1688 2353 quod
1704 2321 1773 2348 intra
1786 2330 1875 2350 manus

1083 2359 1191 2392 capiens
1211 2360 1302 2393 jurare
1321 2361 1416 2395 iubes,
1432 2363 1552 2398 explica,
1569 2369 1595 2391 et
1615 2365 1727 2393 audiens
1756 2369 1820 2400 quid
1844 2369 1873 2396 ibi

1083 2404 1203 2432 Christus
1218 2405 1251 2432 de
1262 2406 1423 2440 juramcntis
1436 2409 1565 2442 disserat,
1581 2410 1708 2439 horresce
1724 2417 1752 2439 et
1768 2415 1872 2442 desiste.

1083 2450 1150 2482 Quid
1167 2452 1244 2485 igitur
1257 2452 1311 2480 illic
1326 2453 1358 2480 de
1371 2454 1529 2488 iuramentis
1543 2457 1647 2492 inquit?
1659 2458 1715 2494 Ego
1727 2466 1811 2487 autem
1823 2462 1874 2487 dico

1082 2498 1149 2522 vobis
1167 2498 1268 2524 omnino
1289 2507 1339 2526 non
1356 2500 1446 2534 jurare
1461 2501 1570 2536 (Matth.
1583 2503 1609 2530 5.
1624 2503 1681 2538 54).
1702 2505 1741 2531 Tu
1759 2513 1824 2533 vero
1838 2506 1872 2532 le,

1082 2551 1140 2576 geni
1163 2544 1255 2577 jurare
1278 2545 1463 2579 prohibentem
1475 2567 1481 2577 ,
1498 2548 1524 2574 in
1539 2548 1721 2582 juramentum
1736 2552 1835 2585 ponis?
1854 2552 1873 2578 0

1082 2590 1281 2624 contumeliam,
1294 2599 1310 2618 ο
1322 2593 1467 2620 insaniam!
1481 2593 1551 2621 idem
1562 2596 1633 2622 enim
1649 2596 1725 2630 facis,
1741 2606 1774 2626 ac
1786 2599 1808 2625 si
1818 2599 1872 2633 quis

1081 2637 1258 2669 lcgislatorem
1283 2638 1434 2666 interficere
1457 2639 1659 2675 prohibentem,
1680 2643 1769 2677 ipsum
1794 2644 1870 2672 caulis

1081 2682 1130 2708 sibi
1153 2682 1252 2709 socium
1276 2691 1335 2710 esse
1354 2684 1456 2719 jubeat.
1481 2685 1538 2713 Non
1563 2687 1598 2714 ita
1621 2695 1700 2722 gemo
1714 2694 1742 2716 et
1764 2690 1870 2724 deploro

1081 2728 1218 2761 quospiam
1235 2729 1260 2755 in
1278 2730 1327 2757 viis
1338 2731 1473 2766 jugulatos
1487 2732 1608 2765 audiens,
1622 2734 1692 2760 sicut
1704 2742 1783 2769 gemo
1797 2741 1823 2763 et
1837 2736 1870 2763 la-

1081 2773 1178 2808 crymis
1193 2781 1340 2808 prosequor
1352 2781 1378 2802 et
1393 2776 1532 2811 horresco,
1551 2785 1610 2805 cum
1629 2779 1707 2806 video
1719 2774 1868 2816 quempiam

1081 2827 1161 2854 prope
1176 2828 1295 2847 mensam
1313 2821 1381 2849 hanc
1394 2823 1546 2850 venientem
1558 2844 1565 2857 ,
1579 2829 1604 2851 et
1621 2833 1717 2853 manus
1732 2826 1868 2861 imponen-

1085 2870 1147 2897 tetu,
1162 2863 1347 2901 etEvangcliis
1360 2870 1489 2896 contactis
1501 2869 1645 2904 iurantem.
1673 2872 1711 2900 De
1734 2872 1865 2907 pecuniis,
