1962 3121
205 117 252 145 ιιιι

204 175 275 208 σίον;
303 175 333 201 El
351 175 400 211 μὲν
426 175 572 207 πιστεύεις,
596 178 636 204 ὅτι
655 179 757 215 ἀληθής
777 181 854 208 ἐστιν
881 183 986 218 όάνὴρ,
1004 184 1041 219 μὴ

202 218 346 254 ἐπαγάγῃς
360 219 408 246 τοῦ
421 220 502 255 ὅρκου
516 220 566 255 τὴν
580 221 713 258 ἀνάγκην·
739 225 763 250 εί
778 225 806 251 δέ
821 223 903 258 οἶδας,
919 227 960 253 ὅτι
973 218 1041 261 ψέύὲ

201 262 285 294 δεται,
295 263 332 298 μὴ
350 263 509 299 ἀναγκάσῃς
524 266 671 300 ἐπιορκεῖν.
693 264 761 294 Ἀλλ’
774 268 817 296 ἴνα
830 269 1039 306 πληροφορηθῶ,

200 307 292 341 φησίν.
308 307 391 333 Ὅταν
408 307 456 342 μὲν
470 306 515 334 οὖν
529 309 566 345 μὴ
578 310 701 347 ὁρκίσῃς,
715 312 775 338 τότε
791 312 885 348 ἱκανὴν
895 313 957 350 δέξῃ
971 314 1039 350 πλη-

201 351 342 395 ροφορίαν.
355 351 412 378 Νῦν
422 352 470 387 μὲν
487 353 540 389 γὰρ
551 355 732 391 ἀναχωρήσας
740 356 832 383 οἴκαδε
846 358 975 395 κατεσθίῃ
1000 359 1039 386 δι-

199 394 305 428 ηνεκῶς
320 395 372 422 ὑπὸ
400 396 447 422 τοῦ
464 398 614 430 συνειδότος
629 399 716 427 ταῦτα
729 400 913 436 λογιζόμενος,
928 394 983 437 ἆρα
1001 403 1038 438 μὴ

200 438 288 474 μάτην
299 438 436 474 ὥρκωσα;
454 438 508 476 ἄρα
529 442 567 477 μὴ
582 442 772 478 ἐπιώρκησεν;
800 443 855 480 ἄρα
870 445 907 481 μὴ
922 446 976 480 ἐγὼ
989 447 1039 482 τῆς

199 482 337 518 ἁμαρτίας
354 484 487 520 ἐγενόμην
501 485 604 519 αἴτιος;
619 488 667 513 'Av
686 487 714 514 δέ
728 489 766 524 μὴ
778 489 914 526 ὸρκώσῃς,
930 490 1037 525 ἀναχω-

202 527 288 561 ρήσας
300 528 391 554 οἴκαδε
407 528 506 564 πολλὴν
521 529 583 565 δέξῃ
600 532 777 567 παραμυθίαν
803 533 973 569 εὐχαριστῶν
998 535 1037 570 τῷ

200 570 269 606 Θεῷ,
286 571 334 598 καὶ
348 572 446 606 λέγων·
462 573 612 609 Εὐλογητὸς
623 576 637 601 ὁ
653 575 729 607 Θεὸς,
746 576 787 602 ὅτι
804 578 935 612 κατέσχον
953 580 1037 612 ἐμαυ-

196 615 253 647 τὸν,
270 615 317 642 καὶ
330 616 380 651 οὺχ
409 616 529 651 ὦρκωσα
555 618 616 654 εικῆ
643 619 703 645 οὐδὲ
725 620 824 655 μάτην.
847 621 995 656 Οἰμωζέτω
1007 623 1036 649 τὸ

195 660 319 694 χρυσίον,
344 660 506 687 ἀπολλύσθω
522 661 556 688 τά
585 662 732 697 χρήματα,
756 663 828 690 ὥστε
848 665 1034 701 πληροφορίαν

195 703 262 738 ἡμῖν
274 703 354 730 τοῦτο
366 704 486 740 ἐντίθησι
503 705 631 740 μάλιστα,
650 706 681 732 τὸ
698 706 736 742 μὴ
751 707 908 743 παραϐῆναι
925 709 971 736 τὸν
991 711 1034 737 νό-

199 756 260 781 μον,
284 748 352 782 μηδὲ
366 748 459 784 ἕτερον
480 750 634 783 ἀναγκάσαι
656 750 735 776 τοῦτο
751 751 871 786 ποιῆσαι.
894 752 1033 789 Ἐννόησαι

194 791 238 817 διὰ
249 790 309 831 τίνα
322 792 370 826 οὐχ
386 791 531 827 ῶρκωσας,
555 794 602 820 καὶ
616 793 726 828 ἀρκέσει
745 803 786 821 σοι
801 796 879 822 τοῦτο
892 798 931 828 είς
946 806 1033 834 παρα-

196 834 294 869 μυθίαν
309 836 356 861 καὶ
379 836 560 872 παράκλησιν.
588 837 720 869 Πολλάκις
737 838 803 872 γοῦν
817 840 906 874 μάχης
923 841 1033 876 γινομέ-

194 886 244 913 νης
261 878 436 914 ὑϐριζόμενοι
455 879 575 915 φέρομεν
587 881 718 914 γενναίως
729 901 736 912 ,
755 882 802 908 καὶ
818 884 886 918 πρὸς
901 884 946 910 τὸν
957 885 1034 920 ὑδρί-

195 921 276 953 ζοντα
296 922 421 958 λέγομεν·
451 923 485 950 Τί
508 932 550 950 σοι
566 925 685 960 ποιήσω;
703 927 717 952 ό
731 925 805 953 δεῖνά
822 935 855 961 με
870 927 968 954 κωλύει
980 935 1004 960 α,
1019 931 1034 956 ό

194 965 349 1001 προστάτης
364 968 378 993 ὁ
389 967 444 999 σὸς,
461 967 564 1000 ἐκεῖνός
591 977 641 1004 μου
668 969 777 1004 κατέχει
792 970 840 1002 τὰς
855 972 959 1006 χεῖρας·
986 973 1032 999 καὶ

191 1010 274 1044 ἀρκεῖ
286 1010 363 1037 τοῦτο
375 1013 441 1047 ἡμῖν
458 1013 498 1044 είς
509 1013 696 1048 παραμυθίαν.
708 1013 787 1041 Οὕτω
803 1015 850 1040 καὶ
863 1016 906 1046 σὺ,
924 1016 1032 1042 ἐπειδὰν

194 1053 293 1089 μέλλῃς
311 1054 372 1081 τινὰ
392 1056 523 1090 ὁρκίζειν,
543 1056 654 1091 ἐπίσχες
667 1058 764 1085 σαυτὸν
782 1058 829 1084 καὶ
844 1058 1032 1089 κώλυσον,καὶ

191 1097 252 1124 εἰπὲ
263 1097 331 1133 πρὸς
343 1098 389 1126 τὸν
403 1099 533 1134 μέλλοντα
552 1100 678 1135 ὀμνύναι·
691 1101 724 1127 Τί
740 1110 781 1128 σοι
800 1103 905 1137 ποιήσω
918 1111 924 1135 ;
939 1104 953 1129 ὀ
966 1103 1032 1136 Θεὸς

192 1141 317 1169 ἐκέλευσε
339 1143 376 1179 μὴ
393 1143 522 1179 ὁρκίζειν·
539 1145 642 1177 ἐκεῖνός
657 1154 690 1181 με
714 1146 824 1182 κατέχει
846 1147 903 1174 νῦν.
939 1148 1032 1183 Ἀρκεῖ

190 1186 269 1213 τοῦτο
285 1188 331 1214 καὶ
345 1188 385 1220 είς
403 1188 485 1224 τιμὴν
505 1189 552 1215 τοῦ
566 1189 794 1225 νομοθετήσαντος
803 1211 810 1222 ,
823 1191 871 1217 καὶ
891 1192 931 1222 είς
943 1192 1030 1226 ἀσφάμ

189 1231 264 1258 λειαν
280 1233 339 1268 σὴν,
357 1233 403 1259 καὶ
415 1235 454 1265 εἰς
471 1233 553 1268 φόϐον
564 1234 610 1261 τοῦ
635 1235 776 1270 μέλλοντος
798 1235 923 1270 ὀμνύναι.
947 1237 1030 1263 Ὅταν

189 1275 244 1311 γὰρ
262 1277 364 1308 ἐκεῖνος
381 1276 433 1313 ἴδῃ.
449 1278 489 1304 ὅτι
504 1278 623 1314 ὁρκῶσαι
648 1279 758 1314 ἐτέρους
773 1278 844 1305 οὕτω
857 1279 1026 1315 δεδοίκαμεν,

190 1319 278 1354 πολλῷ
294 1320 391 1356 μᾶλλον
406 1321 486 1353 αὐτὸς
500 1322 597 1356 ὀμόσαι
615 1323 760 1357 προπετῶς
779 1323 972 1358 φοϐηθήσεται·
988 1323 1022 1350 ἂν

220 1380 229 1389 ⁸
242 1380 282 1404 Sic
294 1387 337 1404 n09
349 1387 404 1415 cum
418 1381 583 1417 Sav.;.Moan.
598 1382 757 1418 ἐλοιδόρησεν.
771 1382 839 1407 Εοιτ.
942 1414 946 1418 .

218 1409 234 1429 b
245 1411 300 1443 δαν.
312 1414 339 1435 et
349 1412 446 1441 quidam
458 1412 498 1436 alu
508 1414 571 1443 ἡμᾶς
583 1413 708 1443 ἐπιτυχειν.
722 1417 877 1443 Ladonque
886 1416 1023 1438 oralionem

188 1441 315 1475 cqudum,
329 1443 433 1475 mullpm
444 1441 537 1467 variant
545 1445 570 1468 in
581 1441 706 1468 codicibus
722 1451 765 1475 pro
777 1441 930 1469 iibririorum
943 1445 1022 1475 libilo,

187 1472 229 1502 qui
241 1473 293 1496 haec
304 1480 349 1496 suo
358 1474 462 1504 quisque
475 1480 543 1498 more
553 1475 707 1498 concinnam.

575 119 754 153 SJOANNIS
773 122 1018 168 οιιιιγεοεςῑοιη
1034 126 1195 156 ARCHIEP.
1215 129 1489 160 CONSTANTINOP.

1874 140 1910 167 [6‘2

1092 185 1171 232 τοῦτο
1179 187 1212 232 τὸ
1226 188 1301 223 ῥῆμα
1316 189 1429 226 φθέγξῃ,
1446 190 1514 225 μετὰ
1527 190 1625 226 πολλῆς
1635 192 1726 219 οἴκαδε
1740 193 1909 232 ἀναχωρήσεις

1091 229 1142 264 τῆς
1158 229 1352 267 πληροφορίας.
1371 234 1503 260 ’Ἄκουσον
1522 234 1596 270 [160]
1613 236 1676 268 γοῦν
1685 236 1732 262 τοῦ
1748 237 1816 263 Θεοῦ
1830 229 1910 273 bimi;

1091 273 1221 306 ἐντολαῖς,
1239 275 1283 303 ἵνα
1295 277 1341 303 καὶ
1354 277 1434 310 αὐτὸς
1451 278 1554 314 ἀκούσῃ
1569 278 1613 305 σοῦ
1631 280 1660 306 ἐν
1673 281 1734 312 ταῖς
1751 286 1909 318 προσευχαῖς,

1090 316 1174 344 Τοῦτο
1193 318 1223 344 τὸ
1251 320 1326 354 ῥῆμα
1340 321 1542 356 ἐγγραφήσεται
1564 322 1632 353 ἀνω,
1657 324 1704 350 καὶ
1720 316 1909 360 παραστήσεταί

1091 369 1131 388 σοι
1147 363 1176 389 ἐν
1184 364 1216 398 τῇ
1229 364 1321 400 ἡμέρᾳ
1334 365 1383 400 τῆς
1400 366 1527 401 κρίσεως.
1544 367 1591 393 καὶ
1607 367 1707 398 πολλὰς
1719 369 1852 404 ἁμαρτίας
1862 371 1910 398 δια-

1090 405 1210 434 λύσεται.
1232 409 1286 436 Καὶ
1301 409 1381 436 τοῦτο
1402 410 1439 446 μὴ
1456 411 1502 437 ἐπὶ
1525 411 1572 438 τοῦ
1584 412 1666 447 ὅρκου
1684 413 1775 448 μόνον,
1792 413 1856 441 ἀλλὰ
1872 418 1910 442 καὶ

1088 451 1135 478 ἐπὶ
1145 452 1254 479 πάντων
1268 453 1322 480 τῶν
1338 455 1512 490 πραγμάτων
1527 455 1709 491 λογιζώμεθα,
1726 458 1773 483 καὶ
1785 458 1845 484 ὅταν
1857 460 1910 494 μέλ.

1088 495 1180 532 λωμέν
1195 507 1221 524 τι
1234 497 1277 525 διὰ
1286 498 1351 525 Θεδν
1367 501 1452 526 ποιεῖν
1460 500 1571 534 ἀγαθὸν,
1586 499 1643 527 εἶτα
1660 501 1730 537 φέρῃ
1744 501 1843 537 ζημίαν
1850 506 1906 536 τινὰ,

1089 539 1126 577 μὴ
1143 541 1192 577 τὴν
1204 542 1305 577 ζημίαν
1322 543 1371 578 τὴν
1385 544 1417 570 ἐκ
1440 543 1486 570 τοῦ
1500 544 1662 580 πράγματος
1673 545 1816 580 βλέπωμεν
1832 547 1907 580 μόνον,

1087 585 1154 612 ἀλλά
1173 586 1219 612 καὶ
1234 585 1264 612 τὸ
1278 585 1382 622 κέρδος,
1397 587 1412 613 ὂ
1426 588 1628 623 καρπωσόμεθα
1641 590 1672 616 ἐκ
1687 589 1733 616 τοῦ
1751 589 1795 616 διὰ
1806 590 1906 618 rbi/62in

1066 656 1069 657 ,
1086 629 1208 665 ποιῆσαι.
1229 627 1291 656 υἷόν
1302 639 1327 656 τι
1341 630 1421 665 λέγω·
1439 631 1554 667 ’Υὸρισέ
1569 632 1598 659 σέ
1612 641 1669 665 τις;
1693 633 1760 668 φέρε
1783 635 1899 667 γενναίως

1087 673 1170 705 οἴσεις
1183 673 1212 700 δὲ
1226 674 1366 708 γενναίως,
1387 675 1419 702 ἃν
1442 676 1478 712 μὴ
1501 676 1550 712 τὴν
1575 676 1653 712 ὕϐριν
1678 678 1809 713 ἐννοήσῃς
1831 679 1905 713 μόνον,

1085 717 1155 744 ἀλλά
1169 718 1217 745 καὶ
1232 717 1262 744 τὸ
1276 718 1386 754 ἀξίωμα
1413 719 1460 746 τοῦ
1481 720 1636 752 κελεύοντος
1662 721 1767 756 φέρειν,
1787 723 1831 748 καὶ
1857 723 1905 759 οἴσῃ

1087 761 1192 796 πράως.
1212 760 1335 794 Ἔδωκας
1351 762 1554 799 ὲλεημοσύνην;
1578 765 1614 800 μὴ
1629 764 1678 800 τὴν
1693 765 1815 799 δαπάνην
1827 767 1905 797 ἐννόει,

1086 805 1154 832 ἀλλά
1172 806 1219 832 καὶ
1234 805 1284 841 τὴν
1299 806 1428 842 πρόσοδον
1445 807 1494 844 τὴν
1506 809 1560 834 ἀπὸ
1573 810 1621 844 τῆς
1636 809 1769 843 δαπάνης.
1789 809 1906 845 Ὲζημιώ-

1086 849 1136 883 θης
1145 849 1274 884 χρήματα
1287 857 1293 881 ;
1311 850 1518 886 εὐχαρίστησον,
1534 853 1581 878 καὶ
1597 851 1634 886 μὴ
1645 852 1694 887 τὴν
1705 852 1802 888 ὀδύνην
1812 853 1907 888 τὴνάισδ

1084 893 1134 928 τῆς
1147 893 1248 929 ζημίας
1259 894 1317 929 ἴδῃς
1335 894 1425 929 μόνον,
1456 895 1523 922 ἀλλά
1540 896 1586 922 καὶ
1601 896 1631 922 τὸ
1648 896 1744 933 κέρδος
1758 896 1787 923 τὸ
1803 896 1854 924 ἀπὸ
1868 897 1908 931 τῆς

1084 938 1269 973 εὐχαριστίας.
1300 938 1349 965 Ἂν
1377 939 1460 971 οὕτως
1484 941 1597 972 ἑαυτοὺς
1626 941 1813 977 ρυθμίζωμεν,
1844 943 1906 969 οὐδὲν

1085 983 1157 1018 ἡμᾶς
1171 982 1287 1018 λυπήσει
1307 984 1360 1010 τῶν
1376 985 1566 1019 ἐμπιπτόντων
1580 985 1684 1017 δεινῶν,
1703 985 1771 1013 ἀλλά
1793 986 1838 1013 καὶ
1852 995 1906 1022 κερ-

1083 1028 1214 1064 δανοῦμεν
1227 1030 1281 1056 άτσδ
1295 1029 1349 1056 τῶν
1364 1029 1512 1057 δοκούντων
1531 1028 1603 1057 εἶναι
1615 1031 1757 1066 λυπηρῶν,
1772 1033 1818 1059 καὶ
1832 1031 1905 1066 ζημία

1084 1072 1210 1105 πλούτου,
1229 1073 1276 1100 καὶ
1295 1073 1368 1108 λύπη
1396 1074 1494 1109 ἡδονῆς
1512 1075 1558 1101 καὶ
1579 1075 1760 1110 εὐφροσύνης,
1772 1076 1817 1101 καὶ
1838 1075 1905 1111 ὕϐρις

1082 1117 1166 1153 τιμῆς
1179 1117 1259 1153 ἡδίων
1274 1117 1350 1144 ἔσται
1362 1119 1408 1145 καὶ
1417 1119 1604 1154 ποθεινοτέρα,
1612 1120 1660 1146 καὶ
1669 1119 1703 1146 τὰ
1712 1119 1818 1146 ἐναντία
1829 1120 1905 1147 πάντα

1081 1162 1121 1194 είς
1133 1161 1228 1197 κέρδος
1254 1162 1320 1197 ἡμῖν
1340 1162 1518 1198 ἀποϐήσεται·
1534 1163 1581 1190 καὶ
1598 1163 1715 1190 ἐνταῦθα
1738 1163 1834 1198 πολλῆς
1847 1164 1906 1190 ἀπο-

1081 1205 1234 1241 λαυσόμεθα
1251 1206 1302 1241 τῆς
1316 1206 1453 1242 γαλήνης,
1471 1207 1552 1234 κάκεῖ
1569 1207 1620 1242 τῆς
1638 1207 1777 1242 βασιλείας
1795 1207 1846 1234 τῶν
1867 1208 1905 1234 ού-

1081 1251 1173 1285 ρανῶν
1186 1251 1385 1286 ἐπιτευξόμεθα
1409 1250 1443 1287 ἧς
1455 1252 1560 1286 γένοιτο
1586 1252 1690 1284 πάντας
1711 1253 1785 1287 ἡμᾶς
1801 1252 1903 1287 ἀξιωθῆ-

1080 1303 1124 1321 ναι
1133 1295 1156 1326 1³,
1168 1295 1259 1329 χάριτι
1276 1296 1322 1321 καὶ
1344 1296 1534 1331 φιλανθρωπίᾳ
1544 1296 1591 1323 τοῦ
1615 1296 1719 1331 Κυρίου
1735 1296 1811 1331 ἡμῶν
1826 1296 1902 1330 Ἰησοῦ

1079 1337 1208 1373 Χριστοῦ,
1221 1338 1254 1365 δι’
1271 1336 1302 1366 οὗ
1315 1340 1361 1366 καὶ
1379 1339 1437 1375 μεθ’
1451 1337 1481 1366 οὗ
1495 1340 1534 1376 τῷ
1543 1341 1630 1376 Πατρὶ
1642 1340 1699 1375 ἅμα
1708 1340 1747 1376 τῷ
1759 1341 1824 1375 ἁγίῳ
1833 1339 1904 1366 Πνεύ-

1081 1390 1145 1416 ματι
1163 1382 1237 1415 δόξα,
1248 1383 1359 1419 κράτος,
1385 1384 1462 1420 τιμὴ,
1478 1384 1525 1410 νῦν
1541 1385 1588 1411 καὶ
1601 1385 1645 1411 ἀεὶ
1660 1385 1707 1411 καὶ
1727 1385 1766 1416 εἰς
1780 1386 1838 1416 τοὺς
1850 1384 1899 1410 αἰῶ

1079 1435 1128 1458 νας
1139 1427 1193 1454 τῶν
1207 1427 1323 1454 αἰώνων.
1343 1428 1439 1463 Ἀμήν.

188 1673 391 1709 Φημισθείσης
403 1673 446 1706 είς
456 1673 509 1700 τόν
536 1672 669 1706 ἄρχοντα
684 1673 820 1706 πραίδας,
854 1673 902 1700 καὶ
937 1673 1057 1700 πάντων
1076 1674 1142 1708 περὶ
1163 1673 1264 1708 φυγῆς
1281 1674 1526 1709 βουλευομένων,
1549 1673 1602 1701 τοῦ
1623 1673 1771 1708 ἄρχοντος
1785 1679 1797 1693 ι
1814 1674 1900 1699 5166.1-

225 1719 330 1751 θόντος
357 1719 401 1752 εἰς
427 1719 485 1752 τὴν
507 1719 676 1752 ἐκκλησίαν
705 1719 753 1745 καὶ
779 1720 1057 1753 παρακαλέσαντος,
1077 1720 1186 1754 ἐλέχθη
1202 1721 1221 1754 ἡ
1236 1720 1375 1754 παροῦσα
1390 1721 1505 1755 ὁμιλία·
1519 1720 1567 1748 καὶ
1580 1720 1647 1753 περὶ
1661 1719 1715 1746 τοῦ
1723 1719 1765 1754 μὴ
1777 1720 1898 1754 ὀμνύναι·

224 1764 272 1791 καὶ
288 1766 332 1797 είς
355 1765 389 1791 τὸ
408 1765 500 1799 ῥητὸν
523 1765 577 1791 τοῦ
603 1765 800 1797 Ἀποστόλου,
823 1765 926 1797 Παῦλος
947 1765 1057 1801 δέσμιος
1084 1767 1171 1801 Ἰησοῦ
1191 1767 1320 1802 Χριστοῦ.

522 1924 638 1958 Ὀμιλία
653 1927 690 1957 ις’
696 1943 702 1950 .

164 1989 167 1992 .
221 1972 255 1995 α’.
275 1968 326 1995 Τὸν
336 1968 454 2004 ἄρχοντα
470 1969 519 2003 μὲν
537 1967 655 2003 ἐπῄνεσα
670 1967 718 2002 τῆς
733 1966 907 2003 κηδεμονίας,
921 1967 961 1995 ὅτι
978 1977 1021 1996 τε·

185 2011 375 2048 θορυΰημένην
383 2012 433 2047 τὴν
447 2011 524 2038 πόλιν
538 2011 599 2037 ἰδὼν
610 2012 657 2038 καὶ
669 2011 772 2043 πάντας
781 2012 845 2047 περὶ
855 2013 943 2047 φυγῆς
958 2013 1004 2048 βου
1013 2028 1022 2034 -

183 2057 354 2092 λευομένους,
365 2055 492 2083 εἰσελθὼν
502 2055 671 2091 παρεκάλεσέ
678 2064 708 2082 τε
718 2056 790 2091 ὑμᾶς
798 2056 845 2083 καὶ
854 2057 892 2087 είς
899 2057 1021 2092 χρηστὰς

182 2101 284 2136 ἢγαγεν
295 2101 414 2132 ἐλπίδας·
431 2100 502 2135 ὑπὲρ
514 2100 590 2136 ὑμῶν
604 2100 632 2127 δέ
647 2099 785 2136 ᾐσχύνθην
797 2101 843 2126 καὶ
855 2100 1017 2136 ἠρυθρίασα,

182 2145 223 2170 ὅτι
238 2144 287 2178 τῆς
300 2143 398 2176 ἔξωθεν
416 2144 546 2180 ἐδεήθητε
571 2144 773 2179 παρακλήσεως
792 2144 860 2179 μετὰ
875 2145 937 2176 τοὺς
952 2146 1017 2172 πολ-

181 2189 244 2221 λοὺς
264 2190 310 2216 καὶ
324 2189 446 2224 μακροὺς
465 2189 560 2223 λόγους
576 2190 706 2220 ἐκείνους.
733 2188 865 2224 Ηὺξάμην
878 2189 1018 2225 διαστῆναι

182 2242 227 2268 μοι
243 2234 293 2268 τὴν
303 2234 355 2268 γῆν
368 2233 416 2260 καὶ
424 2233 580 2266 καταδῦναι,
596 2234 640 2260 ὅτε
653 2234 751 2269 ἢκουον
767 2233 849 2260 αὐτοῦ
867 2233 935 2269 πρὸς
946 2235 1018 2270 ὑμᾶς

179 2276 379 2311 διαλεγομένου,
399 2277 447 2303 καὶ
462 2277 509 2304 νῦν
539 2277 588 2312 μὲν
610 2277 856 2312 παραμυθουμένου
876 2277 902 2308 b,
925 2277 972 2304 νῦν
989 2278 1017 2306 δέ

179 2320 340 2355 αἰτιωμένου
360 2320 408 2356 τὴν
428 2321 541 2356 ἄκαιρον
564 2321 665 2356 ταύτην
680 2322 726 2348 καὶ
740 2321 836 2356 ἄλογον
852 2321 962 2349 δειλίαν.
977 2323 1014 2349 Οὺ

177 2365 232 2399 γὰρ
247 2365 320 2398 ὑμᾶς
332 2365 397 2399 παρ’
412 2365 517 2391 ἐκείνου
531 2364 704 2392 διδάσκεσθαι
717 2365 782 2396 ἐδει,
804 2365 860 2392 ἀλλ’
874 2366 945 2401 ὑμᾶς
960 2368 1016 2399 τοῖς

176 2408 301 2439 ἀπίστοις
312 2408 396 2434 ἆπασι
410 2409 530 2442 γίνεσθαι
545 2409 730 2441 διδασκάλους.
740 2410 776 2436 Οὐ
792 2409 846 2446 γὰρ
858 2410 1014 2442 δικάζεσθαι

176 2452 252 2487 παρὰ
264 2454 319 2484 τοῖς
335 2452 458 2484 ἀπίστοις
471 2453 486 2478 ό
501 2453 605 2484 Παῦλος
631 2454 775 2488 ἐπέτρεψε·
793 2454 825 2480 σὺ
842 2454 870 2481 δὲ
885 2455 1012 2482 διδασκά-

175 2497 228 2524 λων
245 2498 298 2524 τῶν
309 2497 409 2529 ἔξωθεν
421 2497 533 2533 ἐδεήθης
548 2498 616 2532 μετὰ
641 2498 690 2532 τὴν
705 2499 839 2533 τοσαύτην
859 2499 914 2526 τῶν
930 2500 1013 2526 πατέ-

177 2549 232 2576 ρων
246 2541 416 2577 παραίνεσιν,
434 2541 481 2568 καὶ
499 2541 631 2577 δραπέται
646 2543 693 2568 καὶ
712 2543 853 2578 μαστιγίαι
872 2544 943 2575 τινές
964 2545 1013 2571 πό-

174 2585 216 2611 λιν
241 2585 375 2620 τοσαύτην
404 2586 596 2621 ἀνεπτέρωσαν
625 2587 671 2612 καὶ
695 2587 735 2619 είς
756 2587 843 2623 φυγὴν
874 2588 1009 2616 ἐνέόαλον.

173 2629 265 2660 Ποίοις
278 2629 426 2665 ὀφθαλμοῖς
450 2629 646 2665 ἀντιϐλέψομεν
663 2631 755 2657 λοιπὸν
780 2632 843 2663 τοὺς
857 2631 932 2667 [161]
947 2632 1010 2658 ἀπί-

173 2681 252 2704 στους
269 2678 292 2706 ο,
313 2673 384 2700 οὓτω
400 2673 539 2708 ψοφοδεεῖς
552 2673 628 2706 ὄντες
643 2674 689 2701 καὶ
705 2674 805 2707 δειλοί;
821 2674 885 2710 ποίᾳ
902 2675 1010 2712 γλώττῃ

171 2717 240 2752 πρὸς
265 2717 363 2749 αὐτοὺς
374 2717 561 2752 διαλεξόμεθα,
584 2719 631 2745 καὶ
655 2719 786 2754 πείσομεν
812 2719 925 2755 θαρρεῖν
938 2720 1008 2755 ὑπὲρ

203 2776 211 2788 '
222 2777 279 2802 Sav.
291 2782 318 2810 et
336 2778 435 2809 quidam
455 2778 497 2804 alii
513 2778 556 2803 τοῦ
570 2779 684 2810 κόμητος.
695 2779 759 2804 Vide
775 2783 858 2804 nolam
877 2781 1007 2806 Frontonis

171 2807 297 2840 chmiwad
311 2807 403 2834 calcem
415 2810 488 2840 hujus
498 2811 565 2834 tomi.

201 2838 525 2877 Εᾼίὲἓπαραδξαλουιιένοικ
597 2871 619 2877 ..
673 2873 683 2877 -
706 2871 733 2877 ..

201 2870 214 2885 ε
227 2870 276 2895 Alii
288 2870 336 2899 τοῖς
351 2870 466 2900 ἀπιστοῖς.
485 2872 549 2897 Infra
561 2871 659 2903 quidam
672 2871 797 2903 δειλότεροι
812 2873 869 2904 ὑπὲρ
886 2876 926 2901 τῆς
942 2873 1005 2903 ἀγω-

173 2901 227 2929 σίας.

1073 1936 1127 1962 τῶν
1142 1936 1272 1963 ἐπιόντων
1282 1937 1386 1969 δεινῶν,
1406 1936 1513 1970 λαγωοῦ
1528 1937 1626 1968 παντὸς
1643 1937 1787 1971 δειλότεροι
1800 1936 1839 1963 διὰ
1852 1936 1896 1969 τῆς

1072 1980 1191 2014 ἀγωνίας
1205 1981 1345 2016 γενόμενοι
1371 1980 1490 2016 ταύτης;
1515 1981 1570 2007 Καὶ
1593 1981 1619 2006 τί
1639 1980 1782 2015 πάθωμεν,
1806 1981 1893 2015 φησίν;

1073 2023 1227 2059 ΙἌνθρωποι
1248 2025 1302 2060 γάρ
1323 2026 1416 2060 ἐσμεν.
1441 2024 1480 2050 Δι’
1500 2025 1566 2051 αὐτὸ
1590 2025 1639 2059 μὲν
1654 2022 1701 2051 οὖν
1716 2023 1832 2051 τοῦτοού
1849 2023 1894 2059 χρὴ

1071 2067 1253 2103 θορυϐεῖσθαι,
1276 2068 1368 2103 ἐπειδὴ
1393 2068 1530 2103 ἄνθρωποί
1553 2069 1654 2103 ἐσμεν,
1678 2068 1726 2094 καὶ
1742 2068 1790 2094 οὐκ
1809 2067 1892 2101 ἄλογα.

1071 2110 1178 2137 Ἐκεῖνα
1190 2111 1243 2138 ἀπὸ
1251 2111 1344 2146 ψόφων
1360 2112 1408 2138 καὶ
1421 2111 1531 2138 κτύπων
1542 2111 1648 2138 ἅπαντα
1662 2112 1790 2138 σοϐεἰται·
1805 2112 1832 2137 οὐ
1846 2111 1893 2146 γὰρ

1069 2153 1126 2190 ἔχει
1141 2155 1270 2190 λογισμὸν
1284 2155 1329 2182 τὸν
1344 2155 1491 2191 δυνάμενον
1507 2155 1732 2191 ἀποκρούσασθαι
1744 2155 1774 2182 τὸ
1787 2156 1850 2187 δέος·
1864 2156 1892 2182 σὺ

1068 2198 1096 2224 δὲ
1107 2198 1177 2234 λόγῳ
1204 2200 1250 2225 καὶ
1265 2199 1387 2234 λογισμῷ
1399 2199 1590 2235 τετιμημένος,
1606 2199 1665 2231 πῶς
1680 2201 1720 2231 είς
1731 2199 1779 2235 τὴν
1792 2200 1892 2226 ἐκείνων

1068 2243 1248 2274 καταπίπτεις
1261 2243 1437 2277 δυσγένειαν;
1469 2243 1583 2279 Εἰσῆλθέ
1598 2252 1650 2275 τις,
1679 2244 1842 2279 ἀπήγγειλεν
1854 2243 1893 2277 ἐφ-

1067 2287 1125 2313 οδον
1138 2287 1309 2323 στρατιωτῶν
1321 2296 1327 2319 ;
1343 2287 1380 2323 μὴ
1396 2287 1549 2323 θορυϐηθῇς
1558 2308 1564 2319 ,
1583 2287 1640 2314 ἀλλ’
1656 2288 1735 2322 ἀφεὶς
1744 2288 1830 2320 αὑτὸν,
1842 2287 1892 2313 κλῖ-

1067 2339 1111 2357 νον
1124 2331 1158 2357 τὰ
1172 2330 1284 2364 γόνατα,
1301 2331 1346 2357 τὸν
1362 2331 1500 2366 Δεσπότην
1515 2340 1561 2357 σου
1588 2331 1792 2367 παρακάλεσον.
1808 2333 1888 2358 στένα-

1066 2374 1110 2409 ξον
1124 2375 1230 2410 πικρὸν,
1242 2375 1289 2401 καὶ
1303 2374 1503 2410 ἁποκρούσεται
1514 2375 1544 2401 τὸ
1560 2375 1656 2402 δεινόν.
1670 2376 1705 2402 Σὺ
1717 2376 1765 2410 μὲν
1776 2384 1889 2411 στρατιω-

1064 2418 1119 2444 τῶν
1136 2418 1229 2453 ἕφοδον
1251 2419 1371 2450 ἀκούσας
1389 2419 1439 2445 οὐκ
1460 2419 1559 2454 ἀληθῆ,
1575 2420 1621 2446 καὶ
1637 2420 1686 2454 τῆς
1712 2419 1783 2455 ζωῆς
1798 2419 1887 2446 ἐκινδύ-

1064 2470 1161 2494 νευσας
1179 2462 1368 2497 ἀπορραγῆναι
1384 2463 1433 2496 τῆς
1451 2462 1603 2498 παρούσης·
1618 2464 1632 2490 ό
1645 2463 1674 2490 δὲ
1692 2463 1824 2498 μακάριος
1836 2462 1886 2488 Ἰὼϐ

1064 2505 1167 2537 ἐκεῖνος
1181 2506 1339 2540 ἐπαλλήλων
1364 2506 1488 2539 ἀγγέλων
1505 2507 1672 2542 ἐρχομένων.
1704 2508 1750 2533 καὶ
1774 2507 1807 2533 τὰ
1823 2505 1886 2532 δεινά

1065 2548 1293 2583 ἀπαγγελλόντων
1310 2549 1427 2582 ἀκούων,
1449 2550 1496 2577 καὶ
1512 2550 1683 2585 προσθέντων
1699 2551 1749 2586 τὴν
1765 2550 1884 2586 ἀφόρητον

1064 2593 1119 2618 τῶν
1132 2593 1234 2619 παίδων
1257 2593 1405 2625 ἀπώλειαν,
1435 2595 1485 2620 οὐκ
1502 2593 1658 2628 ἀνῴμωξεν,
1683 2596 1733 2623 οὐκ
1746 2594 1882 2626 ἐστέναξεν.

1063 2636 1121 2663 ἀλλ’
1133 2637 1179 2662 ἐπὶ
1196 2636 1348 2672 προσευχὴν
1363 2637 1556 2672 ἐτρέπετο.κα“ι
1568 2638 1729 2672 ηὑχαρίστει
1746 2637 1784 2672 τῷ
1798 2634 1883 2662 Δεσπό-

1063 2689 1105 2716 τῃ,
1121 2680 1220 2707 Τοῦτον
1247 2681 1292 2707 καὶ
1310 2681 1342 2706 σὺ
1361 2681 1488 2716 μίμησαι·
1517 2681 1562 2707 καὶ⁴
1575 2682 1639 2708 ὃταν
1655 2681 1740 2708 ἐλθών
1754 2690 1793 2712 τις
1806 2681 1882 2713 ἀπαγ-

1062 2724 1139 2759 γείλῃ
1158 2724 1198 2750 ὅτι
1217 2723 1381 2759 στρατιῶται
1397 2724 1447 2759 τὴν
1463 2724 1541 2751 πόλιν
1556 2724 1715 2751 ἐκύκλωσαν
1730 2723 1831 2755 καὶτὰς
1845 2722 1882 2748 οὺ-

1062 2768 1123 2799 σίας
1137 2767 1297 2804 διαρπάζειν
1312 2767 1449 2802 μέλλουσι,
1470 2768 1540 2804 πρὸς
1558 2769 1604 2795 τὸν
1625 2769 1763 2804 Δεσπότην
1779 2776 1822 2794 σου
1837 2773 1880 2793 κα-

1060 2812 1175 2846 τάφυγε,
1199 2812 1244 2838 καὶ
1256 2811 1327 2837 εἰπέ·
1350 2812 1381 2838 '0
1397 2813 1505 2846 Κύριος
1523 2812 1645 2844 ἔδωκεν,
1663 2814 1680 2839 ὁ
1693 2813 1798 2847 Κύριος
1810 2809 1882 2844 ἀφεί-

1060 2857 1144 2882 λατο·
1159 2856 1200 2888 ὡς
1219 2855 1259 2887 τῷ
1277 2856 1374 2889 Κυρίῳ
1397 2856 1513 2887 ἔδοξεν,
1531 2856 1607 2883 οὕτω
1622 2857 1672 2883 καὶ
1701 2857 1823 2891 ἐγένετο·
1840 2854 1880 2885 εἴη

1060 2900 1090 2926 τὸ
1119 2899 1211 2934 ὄνομα
1237 2899 1346 2933 Κυρίου
1374 2899 1577 2934 εὐλογημένοι·
1606 2902 1650 2934 εις
1679 2901 1749 2934 τοὺς
1774 2899 1878 2930 αἰῶνας.
