1983 3125
165 137 211 165 161
628 141 673 168 AD
692 140 853 169 POPULUM
874 140 1116 171 ANTlOCHENUM
1148 143 1261 173 llOMlL.
1282 145 1352 175 XVI.
1758 156 1807 183 162

165 200 266 225 ηιιπλεο,
281 193 407 228 dubitas,
423 198 450 222 et
461 194 576 222 animam
591 196 708 223 occidis?
720 197 783 231 quid
798 201 899 224 tantum
915 198 955 224 lu-

163 239 259 272 craris,
271 244 402 274 quantum
415 241 531 268 animam
543 246 613 268 tuam
625 245 652 268 et
666 243 814 276 proximum
826 243 901 270 ltcdis
910 243 922 270 ’ἶ
931 243 958 271 Si

164 285 236 313 enim
250 285 339 313 credis
352 286 424 321 quod
437 294 518 314 verax
537 287 570 314 sit
595 287 675 314 homo
685 308 693 318 ,
709 294 741 315 n'e
754 288 897 322 juramenti
914 297 960 316 ne-

163 333 319 359 cessitatem
333 332 468 365 adducas;
492 334 514 360 si
537 339 601 360 vero
624 335 693 361 nosti
713 335 783 369 quod
803 336 958 368 mentietur,

164 385 198 404 ne
220 377 343 412 pejerare
365 386 454 414 cogas.
470 378 522 406 Sed
544 383 573 406 ut
584 379 648 406 mihi
677 380 756 415 plena
781 380 848 408 ﬁdes
873 381 958 415 ﬁeret,

163 422 317 449 instandum
339 428 415 456 erat,
438 424 523 458 inbuit
543 433 549 451 :
571 425 625 452 imo
649 430 712 453 tunc
738 426 783 453 tibi
809 431 865 453 rata
894 427 960 454 ﬁdes

164 467 221 501 ﬁet,
238 476 298 496 cum
312 469 405 504 jurare
426 477 487 497 eum
513 478 565 497 non
588 472 718 506 coegeris.
735 471 810 499 Nunc
825 472 895 499 enim
912 473 960 499 do-

164 522 238 541 mum
261 522 418 550 regressus,
431 523 446 541 a
460 517 622 543 conscientia
637 517 744 544 assidue
764 517 883 551 roderis,
903 517 960 544 haec

165 560 458 595 reputanszNumquid
480 569 533 588 non
556 561 653 589 frustra
669 562 808 597 adjuravi?
830 563 959 598 numquid

164 614 218 634 non
234 607 382 641 pejeravit?
396 608 523 642 numquid
543 615 595 634 non
614 616 664 643 ego
685 608 721 635 fui
742 616 821 636 causa
838 609 960 643 peccati?

164 652 193 680 Si
214 660 278 679 vero
299 660 352 679 non
373 653 537 687 adjuraveris
549 674 556 686 ,
573 653 681 680 domum
696 661 834 688 regressus
848 655 958 681 multam

165 698 255 733 capies
266 698 491 732 consolationem,
507 707 589 734 agens
605 700 658 727 Deo
671 700 771 734 gratias
781 721 787 731 ,
804 705 831 727 et
845 700 938 728 dicens
950 710 956 727 :

163 743 325 771 Benedictus
337 744 418 777 Deus,
431 745 554 779 quoniam
566 752 609 771 me
625 745 710 779 ipsum
725 746 854 777 continui,
872 754 958 780 neque

165 789 284 824 adjuravi
301 789 411 821 frustra,
426 797 476 817 nec
490 795 601 817 temere.
617 790 778 825 Deplorctur
788 799 891 822 aurum,
902 799 959 824 per-

164 840 227 862 eant
241 836 375 870 pecuniae,
387 840 416 862 ut
431 836 481 862 hoc
495 836 570 863 nobis
582 837 697 863 maxime
712 837 817 871 plenam
834 837 911 864 ﬁdem
926 837 959 864 fa-

165 882 226 913 ciat,
238 881 327 916 legem
344 889 396 908 non
411 883 582 916 przcteriisse,
594 890 644 909 nec
657 883 769 910 alterum
783 884 913 918 coegisse,
929 890 956 911 ut

165 926 215 953 hoc
227 926 337 954 faceret.
349 927 440 962 Cogita
456 933 564 962 propter
574 936 633 963 qua:
649 937 701 955 non
716 929 857 964 adjurasti,
870 930 958 958 ethoc

165 973 210 1000 tibi
223 972 341 1000 sufﬁciet
355 973 381 1000 in
396 973 561 1008 refrigerium
578 980 604 1001 et
619 975 841 1003 consolationem.
852 976 958 1012 Stepius

165 1026 281 1053 namque
294 1026 381 1053 pugna
397 1019 512 1046 conflata
525 1020 715 1047 contumeliam
730 1021 860 1055 patientes
874 1029 957 1057 gene—

165 1072 224 1092 rose
235 1063 359 1096 ferimus,
375 1069 402 1092 et
415 1065 606 1092 contumeliam
618 1065 740 1093 inferenti
753 1066 876 1099 dicimus,
889 1067 956 1101 Quid

163 1111 209 1137 tibi
221 1110 336 1138 faciam?
350 1111 396 1139 ille
411 1119 454 1139 me
468 1112 584 1139 retinet’
599 1117 727 1147 patronus
738 1117 798 1140 tuus
809 1122 816 1147 ;
828 1114 872 1141 ille
883 1122 956 1141 meas

163 1156 271 1183 cohibet
287 1164 392 1183 manus.
408 1156 443 1184 Et
458 1156 509 1184 hoc
523 1157 599 1184 nobis
611 1157 644 1184 ad
655 1158 868 1186 consolationem
881 1159 955 1186 sulti-

162 1203 208 1229 cit.
225 1202 262 1228 lta
279 1206 307 1229 tu
326 1209 434 1237 quoque
455 1210 515 1230 cum
539 1203 691 1237 quempiam
713 1203 885 1238 adjuraturus
907 1212 954 1236 es,

162 1248 277 1282 teipsum
291 1248 410 1282 contine,
425 1248 547 1282 prohibe,
564 1252 591 1275 et
605 1248 648 1275 dic
661 1248 783 1283 juraturo
801 1258 807 1276 :
825 1249 894 1282 Quid
910 1250 955 1277 tibi

162 1293 277 1320 faciam?
291 1293 362 1320 Deus
376 1293 457 1327 jussit
470 1300 522 1320 non
536 1293 670 1328 adjurare,
688 1293 732 1321 ille
747 1301 790 1320 me
805 1302 876 1322 nunc
891 1302 956 1321 cou-

162 1339 239 1366 tinet.
257 1338 363 1366 Sufﬂcit
379 1339 429 1365 hoc
442 1343 469 1365 et
483 1339 517 1365 ad
533 1338 661 1365 honorem
678 1339 839 1374 legislatoris
851 1360 858 1372 ,
874 1344 902 1367 et
921 1340 954 1366 ad

161 1384 333 1411 securitatem
348 1389 432 1416 tuam,
447 1389 474 1411 et
487 1384 519 1411 ad
532 1384 648 1419 juraturi
662 1385 796 1412 timorem.
806 1385 872 1412 Cum
884 1386 954 1413 enim

162 1431 207 1458 ille
219 1431 318 1458 viderit
330 1431 401 1465 quod
423 1431 463 1458 sic
482 1430 549 1458 alios
563 1430 688 1466 adjurare
702 1439 853 1463 vereamur,
870 1433 955 1459 multo

161 1478 246 1512 magis
262 1478 320 1512 ipse
334 1476 414 1504 facile
425 1477 517 1512 jurare
531 1476 696 1504 formidabit.
724 1478 751 1505 Si
774 1477 824 1505 hoc
845 1479 953 1506 verbum

193 1555 202 1570 ¹
219 1555 255 1579 sic
266 1555 341 1589 habet
358 1558 412 1580 sav.
425 1555 491 1587 Apud
507 1555 604 1580 Montef.
626 1562 686 1580 vero
697 1555 801 1587 legitur,
820 1555 953 1588 vituperat,

159 1591 213 1616 pro,
225 1589 321 1611 retutet.

160 1703 322 1725 NUNTIATA
343 1703 386 1724 AD
408 1702 603 1726 PRIBFECTUM
626 1704 634 1719 ί
658 1703 887 1732 POPULATIONE,

1011 199 1121 232 dixeris,
1134 208 1194 228 eum
1207 202 1287 229 multa
1299 203 1407 230 domum
1419 207 1569 234 securitatis
1582 208 1746 243 plenitudine
1759 221 1801 240 re-

1013 246 1092 274 dibis.
1110 247 1177 274 Audi
1194 255 1256 283 ergo
1272 249 1354 277 Deum
1370 250 1397 278 in
1413 252 1554 285 mandatis,
1568 259 1597 281 ut
1609 255 1664 289 ipse
1678 258 1804 286 exaudiat

1013 297 1040 319 te
1054 292 1079 319 iu
1094 294 1267 321 orationibus.
1281 295 1336 322 lloc
1348 297 1458 324 verbum
1469 299 1494 325 in
1505 300 1572 326 caelo
1584 302 1724 336 scribetur,
1737 310 1765 332 et
1777 306 1803 332 in

1011 338 1102 373 judicii
1114 340 1156 366 die
1172 340 1218 367 tibi
1231 341 1358 375 sistetur,
1385 348 1411 369 et
1433 345 1514 371 multa
1536 345 1663 375 dissolvet
1683 355 1803 383 peccata.

1012 384 1067 412 Nec
1081 385 1132 412 hoc
1146 390 1245 413 tantum
1261 387 1288 414 in
1304 387 1457 422 juramcnto
1471 411 1477 421 ,
1494 398 1585 418 verum
1599 397 1625 419 et
1639 394 1664 420 in
1679 396 1804 424 omnibus

1013 431 1125 465 negotiis
1148 433 1294 466 cogitemus
1309 442 1315 460 :
1332 438 1359 461 et
1373 442 1433 461 eum
1452 435 1581 463 debemus
1595 439 1692 473 aliquid
1716 441 1804 468 facere

1013 475 1074 502 boni
1088 480 1197 510 propter
1212 478 1293 505 Deum
1304 499 1311 510 ,
1325 480 1395 513 quod
1407 488 1467 507 mox
1483 482 1580 516 aliquid
1595 483 1688 511 inferat
1701 485 1802 519 damni,

1012 529 1066 547 non
1082 521 1168 548 solum
1179 530 1211 549 ex
1226 523 1332 558 negotio
1346 524 1472 551 damnum
1487 531 1649 561 spectemus,
1664 530 1710 557 sed
1721 531 1801 558 etiam

1013 566 1124 599 lucrum,
1139 568 1208 602 quod
1219 569 1354 602 capiemus
1366 575 1474 604 propter
1484 571 1566 598 Deum
1576 573 1709 601 faciendo.
1724 575 1802 606 Puta,

1011 611 1099 638 atl'ecit
1115 617 1139 639 te
1158 613 1288 647 quispiam
1303 616 1483 643 contumelia?
1509 617 1548 644 fer
1565 626 1693 652 generose
1709 629 1716 647 :
1731 621 1801 648 feres

1011 661 1099 684 autem
1115 665 1253 692 generose,
1268 660 1290 686 si
1304 668 1356 687 non
1370 662 1558 690 contumeliam
1570 665 1729 699 cogitaveris
1745 671 1803 694 tan-

1012 706 1078 735 tutn,
1093 703 1140 730 sed
1149 704 1228 730 etiam
1243 705 1311 732 ferre
1320 706 1438 740 jubentis
1448 707 1615 742 dignitatem,
1626 715 1653 737 et
1664 718 1802 740 mansuete

1011 747 1090 775 feres.
1114 749 1316 785 Eleemosynam
1337 751 1452 779 dedisti?
1474 762 1507 781 ne
1533 755 1679 790 impensam
1703 759 1803 792 cogites

1013 798 1111 821 tantum
1125 815 1132 828 ,
1146 803 1237 822 verum
1253 801 1278 822 et
1292 804 1448 830 pr0ventum
1462 807 1496 826 ex
1517 799 1646 835 impensa.
1663 802 1803 831 Mulctatus

1011 847 1040 866 es
1052 841 1194 874 pecuniis?
1207 842 1304 876 gratias
1316 851 1374 877 age,
1387 852 1436 872 nec
1447 849 1547 873 tantum
1560 846 1671 880 jacturae
1682 848 1801 876 dolorem

1011 889 1132 920 spectes,
1154 895 1245 914 verum
1260 892 1286 914 et
1301 888 1402 916 lucrum
1422 898 1455 917 ex
1476 891 1619 925 gratiarum
1634 894 1749 921 actione.
1774 895 1802 922 Si

1010 931 1050 957 sic
1065 939 1113 958 nos
1127 939 1331 966 componamus,
1357 935 1458 962 nullum
1481 936 1656 964 accidentium
1679 946 1726 965 nos
1739 947 1799 973 gra-

1010 978 1081 1004 vium
1096 978 1281 1012 contristabit,
1302 979 1349 1007 sed
1363 988 1395 1007 ex
1411 981 1442 1008 iis
1463 990 1522 1016 qu:c
1543 983 1667 1010 videntur
1682 993 1740 1012 esse
1757 987 1804 1013 tri-

1010 1024 1059 1052 stia
1070 1046 1076 1056 ,
1092 1025 1254 1053 lucrabimur
1269 1036 1275 1053 :
1295 1031 1322 1054 et
1335 1027 1460 1055 damnum
1474 1029 1581 1062 divitiis,
1607 1031 1713 1058 tristitia
1727 1033 1802 1060 volu-

1010 1075 1081 1105 ptate
1095 1075 1120 1098 et
1134 1071 1311 1100 delectatione
1321 1093 1329 1106 ,
1356 1074 1515 1100 contumelia
1543 1075 1643 1103 honore
1657 1077 1799 1110 jucundior

1011 1117 1061 1143 erit
1074 1121 1100 1143 et
1115 1117 1315 1145 desiderabilior
1326 1139 1334 1151 ,
1356 1124 1382 1146 et
1396 1119 1486 1146 omnia
1500 1122 1634 1148 contraria
1655 1122 1680 1148 in
1697 1122 1799 1149 lucrum

1010 1163 1086 1189 nobis
1100 1163 1273 1197 provenient,
1291 1168 1318 1190 et
1340 1164 1381 1191 hic
1404 1165 1485 1192 multa
1510 1164 1629 1193 fruemur
1654 1168 1802 1202 tranquilli-

1009 1212 1064 1235 tate
1076 1229 1082 1240 ,
1099 1213 1124 1235 et
1140 1208 1193 1235 illic
1205 1216 1315 1240 regnum
1331 1210 1457 1236 malorum
1477 1218 1652 1245 assequemur
1666 1220 1672 1238 :
1688 1219 1740 1245 quo
1755 1220 1803 1239 nos

1010 1261 1103 1280 omnes
1114 1253 1208 1288 dignos
1220 1254 1275 1280 ﬁeri
1292 1254 1299 1269 ¹
1314 1254 1401 1286 detur,
1418 1255 1532 1289 gratiaet
1541 1253 1685 1282 clementia
1697 1256 1801 1284 Domini

1010 1299 1093 1325 nostri
1107 1298 1170 1326 Jesu
1185 1299 1302 1332 Christi,
1319 1307 1366 1333 per
1382 1307 1461 1334 quem
1477 1305 1576 1327 etcum
1593 1308 1645 1335 quo
1662 1301 1731 1328 Patri
1747 1310 1797 1328 una

1009 1352 1068 1371 cum
1082 1349 1173 1371 saneto
1187 1344 1288 1378 Spiritu
1303 1345 1385 1379 gloria
1399 1366 1405 1377 ,
1422 1345 1561 1379 imperium
1575 1350 1603 1372 et
1617 1346 1702 1373 honor
1712 1367 1719 1379 ,
1732 1355 1802 1374 nunc

1009 1395 1035 1416 et
1046 1398 1162 1425 semper,
1174 1395 1200 1418 et
1216 1391 1240 1417 in
1257 1391 1352 1418 sa-cula
1368 1392 1538 1418 swculorum.
1554 1393 1647 1419 Amen.

1042 1526 1050 1542 ί
1068 1524 1139 1549 Savil.
1154 1529 1180 1549 et.
1191 1525 1287 1555 quidam
1300 1523 1348 1555 alii.
1367 1524 1431 1555 quod
1451 1530 1493 1549 nos
1505 1523 1618 1555 obtinere.
1636 1526 1736 1555 Caetera
1747 1531 1802 1555 qum

1008 1557 1142 1580 orationetn
1153 1553 1276 1583 claudunt,
1290 1553 1392 1579 multum
1405 1556 1498 1579 variant
1510 1554 1665 1578 iuCodicibus
1675 1561 1718 1584 pro
1730 1553 1802 1579 libra-

1008 1588 1100 1612 riorum
1114 1587 1189 1615 libito,
1203 1587 1244 1617 qui
1257 1586 1308 1610 haec
1321 1593 1365 1610 suo
1377 1586 1482 1617 quisque
1494 1591 1562 1609 more
1573 1586 1726 1609 concinnant.

1611 1647 1802 1654 .___.—_

923 1705 963 1725 ET
993 1704 1132 1726 OMNIBUS
1156 1705 1197 1725 DE
1218 1705 1303 1726 FUGA
1337 1703 1623 1732 CONSULTANTIBUS,
1660 1705 1726 1726 CUM
1748 1705 1801 1725 IN-

201 1754 340 1775 TRASSET
362 1753 551 1774 PREFECTUS
574 1753 606 1774 ΙΝ
629 1753 801 1775 ECCLESIAM
823 1754 864 1774 ET
885 1754 1082 1776 CONSOLATUS
1105 1755 1245 1781 FUISSET,
1270 1755 1388 1776 HABITA
1406 1755 1463 1775 EST
1476 1755 1621 1776 PRESENS
1636 1754 1769 1776 ΠΟΜΙᾸΔ
1789 1755 1795 1774 Ζ

203 1804 241 1824 ET
262 1804 303 1824 DE
327 1802 466 1825 VITANDO
487 1803 688 1830 JURAMENTO,
707 1804 746 1824 ET
769 1804 800 1824 IN
823 1804 918 1825 ILLUD
932 1804 1080 1826 APOSTOLI
1103 1805 1224 1826 DICTUM
1248 1806 1255 1826 2
1275 1805 1393 1826 PAULUS
1410 1805 1542 1827 VINCTUS
1578 1805 1652 1827 JESU
1675 1804 1802 1826 CHRISTI

203 1846 212 1882 ί
234 1845 364 1876 Philem.
388 1853 400 1874 1
415 1845 437 1878 l.

878 1908 1088 1942 mw

471 1997 577 2017 HSIﬂLlA
599 1997 652 2015 XVI.

199 2038 222 2065 Ι.
241 2036 364 2065 Praefecti
379 2035 485 2071 quidem
503 2035 693 2069 providentiam
705 2033 818 2065 laudavi,
831 2034 953 2068 quoniam

163 2083 365 2110 tumultuantem
377 2081 546 2115 conspicatus
555 2080 698 2112 civitatem,
712 2085 736 2107 et
748 2087 841 2106 omnes
851 2079 885 2106 de
895 2079 954 2115 fuga

162 2129 351 2161 deliberantes,
375 2127 521 2162 ingressus,
536 2134 585 2153 vos
605 2126 758 2153 consolatus
770 2130 811 2152 est
826 2129 852 2152 et
865 2126 892 2152 in
905 2125 954 2152 bo-

163 2183 220 2202 nam
231 2182 306 2209 spem
317 2173 438 2205 adduxit;
453 2180 501 2207 pro
512 2173 586 2199 vobis
597 2176 685 2199 autem
695 2172 791 2198 rubore
801 2171 955 2205 pttdoreque

162 2221 270 2248 affectus
285 2228 356 2252 sum,
371 2218 442 2253 quod
453 2217 594 2246 exterioris
605 2221 663 2252 post
675 2217 772 2244 multos
786 2216 954 2251 prolixosque

162 2274 298 2295 sermones
307 2266 366 2293 illos
373 2264 563 2292 consolationis
572 2263 746 2298 indigucritis.
755 2262 848 2297 Optavi
858 2267 955 2289 terram

162 2314 224 2341 mihi
244 2313 384 2340 dehiscere
405 2317 432 2338 et
449 2310 581 2344 immergi,
602 2309 707 2347 qpando
727 2309 811 2343 ipsum
825 2308 898 2335 vobis
913 2307 954 2334 lo-

161 2365 284 2395 quentem
298 2358 450 2389 audiebam,
466 2363 492 2384 et
504 2356 716 2391 intempestivam
732 2355 800 2382 hanc
814 2359 841 2382 et
855 2354 956 2381 irratio-

160 2405 275 2433 nabilem
302 2404 471 2432 timiditatem
496 2402 574 2429 modo
595 2402 786 2433 consolantem,
804 2399 882 2427 modo
896 2399 955 2427 cul-

161 2456 278 2486 pantem.
301 2450 360 2477 Non
381 2449 453 2477 enim
474 2456 520 2475 vos
541 2448 630 2475 abillo
644 2447 733 2474 doceri
747 2446 894 2481 oportebat,
909 2445 955 2473 sed

163 2496 311 2523 infidelibus
321 2502 370 2522 vos
385 2498 562 2529 praeceptores
585 2493 707 2519 omnibus
730 2493 795 2519 ﬁeri.
813 2491 866 2519 Nec
885 2491 955 2519 enim

161 2543 230 2575 apud
245 2542 365 2569 infideles
378 2540 491 2576 iudicari
507 2539 603 2568 Paulus
618 2539 737 2574 permisit
751 2539 787 2574 (ι.
801 2539 860 2565 (.‘or.
875 2538 902 2564 6.
917 2537 956 2572 1);

165 2593 190 2615 tu
211 2595 275 2615 vero
297 2591 359 2622 post
374 2591 475 2613 tantam
493 2589 595 2619 patrum
611 2584 817 2611 admonitionem
839 2583 956 2610 externis

164 2633 297 2668 imliguisti
322 2631 540 2667 praeceptoribus,
564 2634 591 2657 et
615 2629 713 2664 fugitivi
743 2633 769 2655 et
793 2628 956 2655 vcrbcrones

162 2679 266 2713 quidam
290 2685 386 2706 rursus
408 2677 540 2705 civitatem
563 2681 660 2702 tantam
681 2675 872 2706 excitaverunt,
888 2679 913 2701 et
930 2673 955 2700 iu

162 2725 246 2759 fugam
268 2724 453 2758 oonjecerunt.
475 2721 575 2756 Quibus
596 2721 679 2748 oculis
700 2720 814 2755 amplius
835 2719 956 2746 intldelcs

163 2772 347 2806 respiciemus,
370 2774 424 2797 tam
448 2768 534 2804 pavidi
557 2775 618 2795 cum
641 2767 724 2795 simus
746 2771 773 2793 et
784 2765 954 2798 timidt?Qua

162 2817 247 2852 itllglla
261 2817 336 2852 ipsos
361 2815 537 2849 alloquemur,
557 2818 584 2841 et
606 2820 654 2848 pro
675 2811 856 2848 ingruentibus
879 2810 956 2838 malis

190 2875 197 2889 ¹
214 2873 287 2899 sua.
302 2875 328 2897 et
340 2871 439 2903 quidam
452 2869 500 2900 alii,
513 2868 629 2894 tantilem.

1010 1988 1143 2016 conﬁdere
1157 1988 1384 2022 persuadebimus,
1400 1989 1471 2015 omni
1490 1989 1582 2022 lepore
1597 1989 1744 2017 timidiores
1756 1994 1805 2020 per

1009 2033 1078 2061 hanc
1099 2034 1160 2061 facti
1184 2034 1363 2061 anxietatem?
1385 2035 1417 2061 Et
1438 2035 1500 2068 quid
1522 2035 1680 2067 faceremus,
1703 2037 1807 2071 inquit?

1010 2080 1138 2108 Homines
1151 2081 1221 2108 enim
1244 2088 1346 2108 sumus.
1368 2081 1402 2107 At
1417 2085 1524 2115 propter
1538 2081 1588 2108 hoc
1602 2081 1687 2115 ipsum
1703 2088 1807 2116 pertur-

1010 2127 1066 2154 bari
1081 2134 1132 2153 non
1146 2131 1260 2161 oportet,
1272 2127 1334 2162 quia
1350 2127 1472 2154 homines
1485 2134 1586 2158 sumus,
1600 2132 1626 2154 et
1644 2135 1696 2153 non
1715 2127 1803 2155 bruta.

1012 2173 1056 2199 llla
1081 2171 1229 2207 fragoribus
1250 2177 1278 2200 et
1297 2172 1454 2199 stridoribus
1468 2172 1556 2199 omnia
1577 2177 1732 2199 terrentur:
1750 2181 1803 2199 non

1011 2218 1080 2245 enim
1094 2217 1192 2244 habent
1204 2217 1343 2247 rationem.
1358 2225 1416 2252 quae
1433 2218 1554 2244 timorem
1565 2218 1694 2252 repellere
1710 2219 1803 2252 possit;

1012 2267 1038 2289 tu
1063 2270 1127 2289 vero
1149 2263 1252 2289 ratione
1276 2267 1303 2289 et
1325 2262 1436 2289 consilio
1458 2262 1608 2294 decoratus,
1628 2263 1762 2298 quomodo
1778 2265 1804 2290 in

1010 2308 1114 2335 illorum
1126 2308 1263 2343 segnitiem
1272 2308 1356 2335 cadis?
1368 2308 1503 2343 ingressus
1514 2313 1554 2334 cst
1562 2308 1678 2343 quidam,
1690 2309 1804 2335 militum

1012 2355 1189 2382 incursionem
1204 2355 1348 2381 nuntiavit?
1362 2363 1396 2382 ne
1412 2354 1534 2386 turberis,
1549 2355 1596 2381 sed
1612 2355 1698 2388 ipsum
1711 2354 1802 2381 dimit-

1012 2406 1081 2433 tens,
1095 2408 1179 2436 genua
1188 2399 1276 2433 ﬂecte,
1287 2400 1427 2427 Dominum
1441 2404 1513 2426 tuum
1526 2407 1600 2434 roga,
1611 2407 1688 2433 geme
1703 2407 1803 2431 amare,

1011 2451 1038 2473 et
1050 2446 1236 2473 adversitatem
1260 2445 1379 2479 repellet.
1406 2444 1445 2471 Tu
1467 2444 1573 2479 quidem
1589 2444 1677 2471 audita
1694 2445 1805 2471 militum

1013 2491 1164 2519 incursione
1185 2499 1238 2517 non
1260 2498 1334 2524 vera,
1348 2490 1472 2525 prmsenti
1487 2490 1539 2516 vita
1551 2490 1682 2524 abrumpti
1697 2490 1804 2524 pericli-

1011 2542 1082 2566 tatus
1103 2546 1149 2571 es;
1174 2538 1267 2565 beatus
1287 2545 1350 2564 vero
1363 2537 1414 2564 Job
1435 2536 1479 2564 ille
1491 2537 1625 2564 continuis
1638 2537 1806 2564 venientibus

1011 2586 1120 2616 nuntiis,
1144 2590 1167 2612 et
1180 2584 1269 2619 gravia
1284 2583 1474 2615 nuntiantibus,
1490 2587 1517 2610 et
1529 2583 1713 2617 adjicientibus
1735 2583 1806 2609 into-

1014 2631 1149 2658 lerabilem
1175 2630 1290 2656 filiorum
1313 2628 1506 2663 perditionem,
1533 2636 1584 2655 non
1607 2628 1726 2663 ejulavit,
1754 2636 1807 2655 non

1011 2676 1121 2712 gemuit,
1146 2676 1192 2703 sed
1214 2675 1247 2702 ad
1270 2675 1417 2702 orationem
1431 2681 1576 2702 conversus
1589 2678 1639 2705 est,
1653 2679 1679 2701 et
1693 2673 1806 2700 Domino

1010 2723 1108 2757 gratias
1122 2721 1226 2756 agebat.
1243 2721 1318 2748 lluuc
1330 2725 1357 2747 et
1371 2725 1398 2747 tu
1411 2720 1532 2752 imitare;
1545 2727 1605 2747 cum
1616 2720 1725 2746 veniens
1733 2720 1805 2754 quis-

1011 2769 1081 2803 piam
1104 2767 1265 2794 nuntiaverit
1287 2766 1384 2793 milites
1408 2766 1502 2793 urbem
1526 2765 1734 2792 circumdedisse
1750 2785 1757 2796 ,
1777 2769 1804 2791 ot

1010 2814 1079 2842 bona
1092 2813 1243 2848 direpturos
1257 2820 1326 2846 esse,
1349 2812 1382 2839 ad
1395 2812 1536 2839 Dominum
1552 2817 1624 2838 tuum
1637 2811 1760 2846 confuge,
1778 2817 1805 2837 et

1010 2860 1053 2887 dic
1068 2868 1075 2886 ε
1092 2859 1215 2886 Dentium
1237 2859 1314 2892 dedit,
1340 2857 1463 2885 Dominus
1489 2857 1599 2890 abstulit,
1616 2857 1679 2884 sicut
1694 2856 1802 2883 Domina
