1983 3125
210 171 262 198 165

205 227 362 262 placuit,ita
376 228 469 262 factum
484 232 540 254 est:
555 227 588 253 sit
608 235 698 254 nomen
722 226 827 254 Domini
846 228 1002 256 benedictum

205 271 232 297 in
244 273 338 300 swcula
353 273 413 307 (Job
430 273 454 300 1.
469 273 527 307 21).
542 273 618 300 Illum
633 281 685 300 non
700 274 793 300 terruit
808 273 938 301 malorum
952 282 999 301 ex-

205 321 345 355 perientia,
355 325 381 346 te
392 328 455 347 vero
469 320 542 346 solus
555 324 636 347 terret
658 319 781 346 auditus?
797 319 915 353 Quanam
930 320 1002 356 digni

203 368 287 393 simus
302 366 488 399 azsttmatione,
504 366 559 400 qui,
576 367 656 392 etiam
667 372 759 392 contra
775 371 886 392 mortem
899 366 1003 393 auden~

204 417 245 438 ter
266 411 305 439 ire
327 412 405 446 jussi,
420 419 435 438 a
449 411 515 438 falso
538 419 646 438 rumore
659 411 726 438 adeo
743 411 931 446 percellimur?
952 412 1001 446 Qui

204 457 335 490 turbatur,
345 463 370 485 et
380 458 502 485 timorem
512 458 555 493 qui
565 465 617 484 non
626 463 667 484 est
679 458 778 492 colligit
786 462 812 484 et
825 458 1001 492 perturbatio-

203 512 264 531 nem
290 512 341 531 non
360 509 531 539 apparentem
546 514 552 531 :
569 505 613 539 qui
634 513 698 532 vero
712 510 753 532 est
766 505 855 531 animo
866 505 958 532 sedato
973 510 1001 532 et

204 552 359 586 tranquillo,
373 552 452 578 etiam
462 559 522 578 eum
534 551 578 586 qui
593 556 632 578 est
640 551 770 578 dissolvit.
781 551 838 578 Non
846 552 919 578 vides
934 559 1001 578 nau-

203 597 299 626 cleros.
312 602 341 624 ut.
356 597 504 624 insanit-nte
525 597 602 627 mari,
617 596 731 624 nubibus
746 597 998 629 transcurrentibus,

203 643 358 670 fulminibus
372 643 454 675 elisis,
469 643 593 670 omnibus
608 643 634 669 in
649 643 752 678 navigio
769 643 999 675 tumultuantibus,

203 689 236 716 ad
249 689 428 724 gubernacula
442 689 536 716 sedent
553 689 602 723 ipsi
617 689 675 715 sine
690 689 864 723 trepidatione
878 694 903 716 et
918 694 998 721 metu,

204 741 231 763 et
245 737 293 762 arti
315 744 370 762 sine
383 740 487 767 vacant,
512 740 540 762 ut
555 735 738 773 imminentem
754 735 898 769 procellam
913 737 999 770 repel-

204 782 277 809 lant?
304 782 356 809 llus
370 787 395 808 et
413 787 437 808 tu
452 782 565 813 imitare,
583 787 609 809 et
622 789 725 808 sacram
741 782 848 816 capiens
863 789 998 815 ancoram,

204 829 230 855 in
244 829 325 855 Deum
339 835 424 862 Spem,
444 827 617 855 inconcussus
628 835 755 862 permane
769 833 796 854 et
816 828 998 856 immutabilis.

206 874 362 909 Quicumque
386 874 456 899 audit
481 881 607 900 sermones
635 881 702 902 meos
728 873 784 907 llos,
806 873 901 909 inquit,
918 879 1001 900 etnon

207 921 268 956 facit
291 922 368 956 ipsos,
393 921 573 948 assimilubitur
595 920 691 947 homini
712 921 799 953 stulto,
811 921 852 954 qui
866 920 1000 954 a-di/icuvit

203 967 307 994 donmm
319 976 390 993 suam
412 975 487 1000 super
500 975 613 996 arenmn,
628 971 652 993 et
664 965 789 993 descendit
802 966 897 1001 pluvia,
913 971 936 992 et
959 974 1000 992 re-

205 1019 293 1041 nerunt
308 1014 426 1048 ﬂumina,
450 1018 472 1040 et
493 1013 616 1047 [laverunt
630 1013 704 1044 venti,
721 1017 744 1038 et
764 1013 890 1039 irrucrtmt
912 1013 938 1039 in
951 1012 1000 1038 do-

203 1068 272 1086 mum
296 1060 376 1091 illam,
405 1065 428 1085 et
452 1059 552 1091 cecidit,
576 1064 598 1085 et
623 1064 676 1086 erat
698 1059 771 1085 ruina
793 1059 880 1094 ipsius
907 1067 1001 1094 "mgna

205 1103 311 1139 (Matth.
327 1104 352 1130 7.
367 1103 411 1131 '26.
428 1103 484 1139 9.7).
504 1103 583 1130 Vides
597 1103 667 1138 quod
683 1104 800 1131 stultitia:
815 1109 856 1130 est
866 1104 962 1131 cadere
973 1109 1001 1131 et

204 1149 341 1176 subverti?
366 1150 420 1176 Imo
431 1157 494 1176 vero
518 1157 566 1176 nos
581 1156 667 1184 neque
679 1150 760 1176 stulto
774 1149 811 1175 illi
826 1149 926 1176 similes
939 1148 1000 1176 facti

203 1204 306 1229 sumus,
316 1205 408 1223 verum
421 1200 448 1222 et
461 1196 505 1222 illo
517 1196 639 1222 miserius
650 1196 809 1222 cecidimus:
820 1196 891 1223 illius
903 1203 1000 1230 nempe

203 1244 300 1271 domus
316 1249 373 1277 post
389 1242 508 1274 (lumina,
525 1246 583 1276 post
594 1242 708 1268 delatum
731 1242 853 1274 imbrem,
870 1247 931 1276 post
943 1243 1001 1269 illa-

164 1299 168 1305 ι
205 1297 267 1324 psos
282 1293 374 1315 ventos
393 1289 502 1320 cecidit;
525 1296 572 1314 nos
595 1296 657 1314 vero
671 1295 722 1314 non
738 1287 834 1321 pluviis
851 1288 999 1323 ingruenti-

204 1335 265 1367 bus,
280 1342 332 1361 non
342 1333 492 1361 [luminibus
506 1333 723 1368 irrumpentibus,
737 1341 788 1360 non
802 1334 886 1361 ventis
896 1335 1000 1361 irruen-

205 1381 285 1413 tibus,
310 1385 371 1407 anle
395 1381 524 1407 malorum
547 1380 747 1415 experientiam,
773 1389 804 1407 ex
828 1380 918 1407 auditu
941 1381 1000 1408 solo

204 1427 323 1454 subversi
354 1434 463 1458 sumus,
497 1431 524 1453 et
545 1427 632 1453 omnia
658 1435 717 1461 qua:
748 1427 999 1461 lthilutmphabamur

204 1473 354 1500 effudimus.
375 1473 484 1506 Qualem
507 1472 571 1499 mihi
593 1478 707 1500 mentem
731 1474 826 1506 putatis
840 1481 909 1500 nunc
921 1474 999 1501 esse?

204 1519 339 1554 quomodo
354 1519 455 1553 pudore
470 1519 584 1546 sull‘undi
594 1520 605 1546 ?
620 1520 753 1554 quomodo
777 1520 909 1555 deprimi"
930 1528 998 1555 quo-

206 1566 285 1592 modo
298 1565 476 1593 erubescere?
489 1566 542 1593 Nisi
556 1566 636 1592 multa
651 1573 665 1592 a
679 1567 798 1600 patrihus
809 1567 832 1592 vi
846 1567 1007 1601 compulsus

205 1610 324 1643 fuissem,
349 1618 436 1645 neque
457 1612 642 1643 surrexissem,
657 1620 742 1646 neque
755 1612 878 1646 loquutus
891 1613 998 1640 fuissem

204 1658 296 1685 dolore
317 1657 507 1685 obtenebralus
527 1666 559 1684 ex
587 1658 802 1692 pusillanimitate
824 1666 927 1692 vestra,
951 1659 998 1687 sed

205 1710 291 1737 neque
312 1710 383 1730 nunc
405 1703 432 1730 itt
445 1703 574 1737 meipsum
589 1704 674 1730 redire
689 1712 794 1737 possum
809 1715 815 1731 :
830 1705 868 1731 sie
881 1706 997 1732 animtun

205 1751 269 1778 mihi
284 1750 427 1783 indignatio
441 1753 468 1774 et
491 1748 594 1774 tristitia
617 1747 732 1776 obsidet.
755 1748 819 1781 Quis
843 1749 914 1776 enim
938 1757 993 1776 non

204 1804 275 1830 ειετο
287 1795 377 1826 ferret,
389 1794 448 1828 quis
460 1801 512 1820 non
520 1798 702 1826 succenerot,
713 1793 818 1828 quando
827 1799 886 1828 post
897 1799 994 1821 tantam

204 1843 349 1870 doctrinam
374 1840 516 1876 gentilibus
541 1847 608 1874 opus
625 1839 754 1866 habuistis
769 1840 933 1871 doctoribus,
950 1841 993 1875 qui

205 1890 374 1916 hortarentur
395 1891 422 1913 et
453 1891 608 1917 mouerent,
631 1891 659 1912 ut
684 1891 839 1918 praesentem
865 1894 994 1921 generose

203 1937 325 1964 timorem
350 1936 471 1964 ferretis?
485 1937 565 1964 Orate
585 1938 663 1972 igitur
677 1938 732 1965 dari
757 1939 832 1966 nobis
846 1940 955 1967 verbum
968 1941 994 1967 in

200 1983 338 2017 a'pertioue
351 1982 406 2009 oris
420 1983 514 2015 nostri,
529 1988 556 2009 ut
566 1984 634 2010 hanc
647 1985 779 2010 tristitiam
793 1991 916 2012 excutere
934 1994 995 2021 pos-

201 2029 295 2061 simus,
317 2034 343 2056 et
358 2029 463 2063 paulum
477 2034 592 2056 utentem
604 2031 731 2057 ext-itare.
743 2031 847 2058 Etenim
862 2032 948 2066 pudor
962 2033 995 2060 de

201 2074 417 2109 pusillanimitate
427 2079 511 2102 vestra
527 2075 644 2102 animum
659 2075 733 2102 valde
750 2082 869 2104 lustrum
887 2078 992 2112 dejeeit.

235 2121 263 2148 ‘2.
285 2121 365 2148 Multa
395 2130 480 2156 imper
505 2121 539 2149 ad
553 2121 710 2150 charitatem
730 2129 845 2150 vestram
870 2124 994 2159 loquutus

200 2174 270 2198 sum,
285 2167 351 2194 etde
364 2167 465 2201 laqueis
479 2168 555 2194 nobis
569 2167 685 2202 undique
701 2168 803 2202 pesitis,
818 2173 843 2195 et
856 2169 888 2195 de
900 2170 994 2197 timore

200 2219 226 2240 et
241 2214 354 2244 tristitia,
374 2219 400 2240 et
411 2215 444 2241 de
456 2214 527 2241 luctu
542 2219 567 2241 et
582 2214 724 2248 Voluptate,
741 2220 768 2242 et
782 2215 815 2242 de
832 2216 898 2243 falce
913 2217 937 2243 iti
950 2217 993 2251 ju-

202 2261 314 2286 rautium
336 2260 430 2286 domos
451 2261 575 2293 volante;
599 2269 631 2288 ex
648 2262 679 2288 iis
703 2262 781 2296 igitur
795 2263 917 2290 oinnibus
931 2272 995 2290 sane

201 2305 300 2335 multis,
312 2306 355 2332 illa
364 2306 427 2332 mihi
437 2307 550 2333 maxime
567 2307 766 2334 reminiscimiui
777 2316 836 2342 quae
844 2308 876 2335 de
888 2309 994 2337 volante

200 2351 268 2378 falce
282 2351 352 2378 dicta
374 2357 435 2378 sunt
454 2351 545 2386 (leC/t.
562 2353 587 2380 5.
605 2353 640 2388 i),
662 2354 686 2380 iu
699 2355 812 2388 jurautis
829 2355 937 2382 domum
952 2356 994 2382 di-

200 2402 329 2430 verteute,
347 2397 447 2432 lapides
468 2404 495 2425 et
516 2399 584 2433 ligna
607 2401 761 2434 Subrueutc,
786 2406 812 2428 cl
826 2402 913 2429 omnia
928 2410 994 2429 con-

199 2448 331 2471 sumente.
348 2443 382 2471 Et
403 2451 462 2471 cum
477 2444 527 2472 hoc
543 2445 605 2471 illud
625 2454 730 2481 quoque
747 2447 898 2480 observate,
923 2449 993 2483 quod

199 2494 326 2517 extrema:
336 2490 478 2517 dementia:
488 2491 702 2529 sitEvangelium
710 2499 846 2522 sumentes
857 2498 957 2529 jurare,
968 2500 995 2522 et

200 2536 381 2571 legemjurare
397 2536 579 2570 prohibentem
595 2539 773 2571 juramcutum
791 2542 864 2568 licri:
881 2548 907 2569 et
924 2542 993 2577 quod

198 2583 294 2610 melius
315 2583 350 2610 sit
375 2584 493 2617 pecuniis
514 2585 652 2619 mulctari,
673 2596 751 2621 quam
773 2590 900 2623 proximis
918 2590 993 2623 jura-

199 2633 319 2656 meutum
344 2628 460 2656 oil'errc:
478 2631 602 2666 quoniam
623 2632 673 2660 hoc
688 2639 729 2661 est
751 2643 803 2662 non
822 2636 941 2664 modicus
967 2639 992 2664 in

200 2674 386 2702 Deumhouor.
414 2675 479 2703 Cum
507 2677 577 2704 enim
605 2679 659 2706 Deo
682 2680 800 2714 dixeris,
829 2683 941 2717 Propter
969 2690 993 2711 te

199 2729 251 2748 non
266 2721 386 2755 adjuravi
401 2721 491 2756 illum,
516 2724 560 2758 qui
583 2730 641 2752 erat
666 2726 765 2754 iuratus
788 2733 815 2755 et
836 2730 904 2756 male
925 2731 994 2757 [ece-

199 2773 258 2794 rat:
274 2775 322 2802 pro
343 2768 394 2796 hoc
415 2770 516 2798 honore
531 2779 652 2806 magnam
670 2773 715 2800 tibi
730 2774 819 2802 reddet
833 2777 943 2810 gratiam
966 2782 993 2805 et

199 2814 224 2840 in
240 2815 363 2849 prmsenti
380 2820 499 2851 tempore
514 2821 540 2844 et
554 2818 579 2844 iu
596 2817 691 2845 futuro.
707 2819 768 2846 "me
784 2825 809 2846 et
823 2822 884 2847 aliis
902 2822 991 2854 dicite,

199 2864 223 2885 et
239 2860 286 2895 ipsi
301 2860 450 2889 observate.
466 2862 527 2890 Scio
542 2864 611 2897 quod
627 2863 668 2891 hic
682 2867 875 2894 reverentiores
888 2875 989 2899 sumus,

197 2909 225 2931 et
240 2913 345 2934 onmem
358 2907 504 2943 improbam
515 2908 674 2943 deponimus
694 2912 928 2946 consuetudinem;
944 2915 990 2941 sed

567 169 595 197 S.
615 169 754 198 JOANNIS
772 171 1007 200 CHRYSOSTOMI
1028 174 1188 203 ARClllEP.
1213 177 1479 212 CONSTANTINOP.

1798 190 1848 218 164

1059 236 1130 269 qttod
1146 238 1286 271 quac-ritur,
1311 239 1362 266 hoc
1374 246 1426 271 est.
1447 249 1500 267 neu
1513 247 1541 268 ut
1555 243 1598 269 hic
1612 247 1714 271 tantutu
1729 245 1847 278 philoso-

1059 282 1185 315 phentur,
1197 284 1244 311 sed
1261 290 1289 312 ut
1302 287 1430 320 pietatem
1445 287 1508 314 hine
1522 289 1659 323 capientes
1668 296 1744 318 extra
1757 299 1847 320 serve-

1057 336 1127 360 mus,
1141 329 1186 356 ubi
1201 330 1316 358 maxime
1327 332 1412 366 ipsius
1426 333 1585 369 indigemus.
1600 334 1705 363 Etenim
1713 344 1846 372 aquanles

1057 380 1110 399 non
1124 378 1228 401 tantum
1238 377 1307 411 apud
1317 378 1418 405 fontem
1431 379 1600 407 habentvasa
1613 382 1724 416 repleta,
1733 385 1844 412 donmm

1056 424 1146 446 autem
1158 421 1289 449 abeuntes
1300 429 1447 455 evaeuant;
1461 427 1507 452 sed
1518 426 1571 453 illic
1586 427 1643 461 ipsa
1654 430 1769 457 maxime
1783 439 1845 458 cum

1056 465 1159 492 cautela
1172 473 1316 501 reponunt,
1329 478 1362 496 nc
1372 470 1564 498 subvertantur
1572 478 1597 499 et
1607 474 1682 500 labor
1691 475 1737 502 fiat
1745 476 1843 504 inanis:

1057 509 1106 536 hos
1112 511 1192 538 etiam
1201 514 1593 552 nosimitemur,aceurateque,
1600 520 1709 548 domum
1719 522 1843 556 profecti.

1056 556 1125 583 dicta
1139 565 1287 586 servemus.
1297 560 1373 593 Quod
1385 561 1406 588 si
1422 562 1467 590 bie
1481 565 1611 592 maneatis
1622 567 1721 598 satiati,
1733 568 1844 595 domum

1056 610 1120 629 vero
1129 604 1244 631 redeatis
1256 605 1360 638 inanes,
1373 615 1434 634 vasa
1447 609 1545 636 mentis
1553 615 1649 637 vestra:
1658 613 1844 640 admonitione

1054 654 1135 672 vacua
1159 647 1313 680 referentes,
1334 649 1405 676 nulla
1429 651 1503 678 vobis
1516 659 1548 678 ex
1564 652 1613 679 hac
1632 653 1782 688 repletione
1796 659 1844 680 erit

1055 691 1162 718 utilitas.
1183 692 1221 719 Ne
1241 693 1306 720 mihi
1329 695 1354 722 in
1377 697 1500 730 palmstra
1521 697 1690 727 demonstres
1704 700 1844 732 athletam,

1053 737 1101 764 sed
1126 737 1151 764 in
1173 739 1384 768 certaminum
1407 742 1471 769 mihi
1487 744 1641 778 religionem
1665 746 1847 772 iusti-actimiis

1054 787 1182 818 tempore,
1212 785 1259 812 sed
1289 787 1400 813 actionis
1410 788 1549 815 exhibeas.
1564 790 1666 817 Laudas
1692 799 1762 818 nunc
1786 799 1847 826 qua:

1054 829 1191 856 dicuntur:
1204 831 1385 865 cumjttralum
1397 834 1510 864 veneris,
1522 835 1639 861 oumilnn
1653 836 1769 870 ipsoru'tu
1785 841 1847 863 tunc

1053 876 1205 903 recordare.
1220 876 1247 903 Si
1263 876 1331 904 hanc
1345 878 1428 913 legem
1444 880 1625 914 expcdieritis,
1637 882 1669 908 ad
1681 882 1730 908 alia
1741 889 1847 917 quoque

1054 921 1153 955 majora
1173 922 1339 957 disciplinam
1363 926 1535 958 promovebit.
1560 927 1628 954 Ecce
1651 928 1785 955 secundus
1805 928 1849 955 bic

1053 975 1137 995 annus
1151 974 1201 1002 est,
1219 977 1250 996 ex
1259 977 1311 1004 quo
1326 975 1420 997 vestrm
1432 971 1747 1007 tlisseroeltaritati(a),et
1761 981 1848 1008 neque

1052 1020 1159 1042 centum
1184 1016 1380 1051 Scripturarum
1406 1023 1497 1045 Versus
1516 1019 1590 1046 vobis
1615 1028 1740 1047 enarrare
1761 1022 1846 1055 potui.

1052 1060 1137 1087 Causa
1163 1069 1235 1093 vero,
1251 1064 1375 1096 quoniam
1398 1071 1413 1090 a
1435 1065 1511 1091 nobis
1526 1065 1629 1093 dist-ere
1649 1074 1715 1101 Opus
1731 1067 1846 1098 habetis,

1052 1116 1110 1142 qm:
1133 1108 1203 1134 dotni
1227 1114 1254 1136 cl.
1279 1117 1324 1142 per
1348 1119 1393 1136 vos
1416 1111 1523 1144 explere
1542 1112 1663 1146 potestis,
1680 1113 1848 1140 eloratiouis

1052 1153 1137 1188 major
1161 1161 1221 1188 pars
1243 1156 1319 1182 nobis
1343 1156 1368 1182 in
1385 1157 1499 1183 murales
1522 1157 1685 1192 impenditur
1697 1166 1846 1185 sermones.

1053 1199 1115 1226 ll.cc
1129 1208 1192 1227 vero
1205 1201 1244 1229 sic
1258 1203 1313 1228 tieri
1330 1211 1382 1229 non
1393 1203 1542 1237 oportebat,
1557 1206 1604 1231 sed
1618 1212 1722 1231 morum
1736 1205 1846 1240 quidem

1052 1253 1115 1272 cura
1127 1254 1141 1272 a
1156 1247 1229 1274 vobis
1247 1248 1311 1282 ipsis
1331 1248 1464 1283 gerenda;
1480 1249 1660 1284 Sripturarum
1676 1259 1739 1278 vero
1751 1258 1849 1279 sensu:

1051 1298 1078 1319 et
1098 1294 1292 1328 speettlationes
1312 1295 1386 1321 nobis
1408 1296 1592 1330 permittenda:
1612 1302 1698 1324 erant.
1715 1298 1742 1324 Si
1756 1303 1848 1324 autem

1051 1344 1078 1366 et
1091 1348 1104 1365 κ
1119 1340 1195 1367 nobis
1208 1340 1299 1368 audire
1312 1346 1370 1368 erat
1383 1350 1458 1376 opus.
1471 1351 1523 1369 uno
1539 1343 1597 1377 plus
1606 1343 1649 1371 die
1661 1351 1713 1370 non
1723 1344 1848 1371 decebat.

1052 1385 1106 1412 Nec
1126 1387 1196 1413 enim
1217 1388 1319 1414 varium
1332 1388 1467 1423 quiddam,
1482 1393 1509 1415 et
1520 1389 1628 1416 inventu
1640 1389 1759 1421 difﬁcile,
1775 1390 1848 1424 quod

1051 1431 1147 1458 dicitur
1169 1439 1218 1464 est,
1241 1441 1289 1460 nec
1310 1434 1388 1460 ullius
1409 1435 1530 1470 indigens
1552 1436 1762 1470 pra-partitionis.
1779 1435 1848 1463 Cum

1051 1477 1122 1504 enim
1137 1477 1207 1505 Deus
1216 1479 1420 1511 denuntiaverit,
1432 1481 1641 1515 arguti-tionibus
1651 1489 1703 1508 non
1716 1487 1757 1508 est
1768 1489 1847 1515 opus.

1052 1523 1122 1550 Deus
1143 1524 1218 1557 dixit,
1242 1525 1282 1551 Ne
1297 1527 1510 1560 juraveristnuli
1532 1535 1625 1554 causas
1640 1527 1754 1562 amplius
1773 1535 1787 1552 a
1805 1535 1849 1554 me

1052 1571 1198 1606 requirere.
1222 1571 1276 1599 Lex
1297 1577 1336 1600 est
1353 1574 1423 1608 regia
1441 1582 1447 1599 :
1463 1574 1507 1608 qui
1532 1574 1590 1601 tulit
1611 1574 1705 1608 ipsam,
1722 1578 1748 1600 et
1764 1574 1849 1608 ipsius

1051 1617 1181 1644 rationem
1204 1619 1276 1644 limit
1292 1628 1298 1645 :
1313 1618 1363 1645 nisi
1387 1619 1479 1647 fuisset
1494 1620 1567 1651 utile,
1583 1627 1635 1646 non
1654 1619 1847 1653 prohibuisset,

1050 1671 1103 1689 non
1119 1669 1243 1691 vetasset.
1263 1664 1348 1699 Reges
1371 1665 1458 1692 ferunt
1481 1666 1562 1700 leges,
1584 1673 1633 1692 nec
1655 1674 1751 1692 omnes
1775 1673 1848 1700 sa-pe

1050 1710 1150 1736 utiliter
1162 1719 1167 1736 :
1180 1710 1301 1738 homines
1315 1711 1468 1744 enimsunt,
1482 1720 1530 1739 nec
1541 1713 1608 1738 sicut
1624 1712 1692 1739 Deus
1706 1712 1771 1738 utile
1786 1719 1848 1745 ρο)-

1050 1760 1112 1782 sunt
1131 1756 1264 1789 invenire;
1292 1763 1474 1784 verumtamen
1500 1766 1623 1792 paremus
1641 1767 1646 1784 :
1667 1758 1723 1784 sive
1747 1765 1848 1783 uxores

1050 1810 1187 1835 oueamus,
1201 1805 1257 1830 sive
1270 1808 1426 1831 testamenta
1438 1804 1574 1837 faciamus,
1585 1805 1640 1831 sive
1651 1812 1742 1831 servus
1753 1811 1848 1830 emere

1050 1847 1204 1882 debeamus,
1227 1851 1282 1877 sive
1304 1850 1408 1884 domos,
1425 1851 1480 1878 sive
1501 1859 1593 1886 agros,
1621 1851 1677 1877 sive
1704 1850 1848 1885 quodlibet

1049 1903 1120 1931 aliud
1141 1903 1225 1930 facere
1236 1924 1243 1935 ,
1259 1911 1310 1928 non
1327 1909 1360 1929 es
1376 1901 1482 1936 propria
1498 1901 1608 1926 iacimus
1621 1900 1677 1927 lure
1690 1901 1823 1926 srntcntia
1834 1921 1843 1933 ,

1049 1951 1096 1976 sed
1111 1948 1359 1983 quomodocumque
1370 1947 1499 1981 jusserint
1513 1947 1564 1977 illi;
1584 1955 1632 1973 nec
1646 1951 1672 1972 ut
1686 1955 1727 1974 res
1742 1951 1845 1974 nostm

1050 2002 1098 2029 pro
1119 1995 1249 2021 sententia
1274 1998 1363 2020 nostra
1392 1992 1581 2027 disponantur,
1610 1993 1715 2026 pt‘llillts
1738 1993 1844 2019 dotnitti

1048 2047 1157 2072 sumus,
1167 2041 1213 2067 sed
1226 2041 1328 2067 illorum
1347 2039 1444 2072 ubique
1457 2039 1595 2065 sententiis
1609 2040 1738 2065 servimus
1749 2060 1755 2072 ,
1771 2043 1799 2066 et
1820 2039 1844 2066 si

1047 2082 1108 2125 quiti
1126 2096 1302 2124 prattcrquam
1318 2089 1388 2123 quod
1404 2089 1454 2116 illis
1475 2089 1577 2116 videtur
1598 2088 1717 2121 facimus,
1744 2088 1845 2115 invali-

1047 2136 1109 2162 dqu
1136 2140 1162 2162 ct
1184 2136 1276 2162 inutile
1299 2135 1426 2161 redditur.
1449 2134 1538 2168 Itaque
1568 2134 1705 2161 hominum
1732 2134 1844 2169 quidem

1048 2181 1148 2216 legibus
1170 2187 1270 2207 tanttini
1286 2181 1453 2207 attribuimus
1470 2181 1614 2213 ltontn'em;
1633 2181 1678 2207 Dei
1693 2189 1756 2208 vero
1770 2181 1846 2216 leges

1048 2228 1094 2260 ita,
1110 2235 1211 2262 qua-so,
1226 2227 1458 2254 Conculcabimus?
1478 2231 1503 2253 et
1521 2227 1591 2260 quali
1614 2227 1669 2254 ha-c
1692 2227 1769 2262 digna
1792 2227 1844 2254 de—

1047 2274 1182 2300 fensione?
1205 2274 1273 2308 quali
1297 2273 1392 2300 venia?
1417 2273 1494 2305 Dixit,
1513 2273 1554 2299 Ne
1564 2273 1690 2308 juravm‘s
1703 2281 1711 2300 :
1726 2281 1760 2300 ne
1773 2281 1845 2300 con-

1049 2320 1155 2346 trariam
1171 2320 1253 2353 ipsius
1276 2320 1325 2354 legi
1346 2320 1431 2354 legem
1455 2328 1501 2354 per
1524 2328 1604 2354 opera
1626 2320 1705 2352 feras,
1729 2324 1758 2346 ut
1780 2328 1845 2347 cum

1047 2366 1190 2392 securitate
1203 2371 1297 2392 cuncta
1312 2366 1391 2392 facias
1405 2370 1431 2392 et
1441 2366 1523 2393 dicas.

1084 2413 1110 2439 5.
1131 2413 1182 2439 Sed
1195 2413 1228 2439 de
1250 2413 1290 2439 his
1302 2413 1408 2446 quidem
1421 2413 1501 2445 satis;
1523 2421 1570 2447 age
1584 2413 1617 2440 de
1631 2414 1673 2446 iis,
1687 2421 1746 2448 qua:
1761 2413 1846 2442 hodie

1047 2458 1114 2485 lecta
1136 2463 1214 2491 sunt,
1236 2467 1286 2485 una
1308 2459 1382 2486 vobis
1397 2459 1517 2493 appOsita
1531 2460 1674 2493 sententia,
1688 2467 1846 2488 sermonem

1049 2505 1232 2532 terminemus.
1260 2505 1357 2532 Paulus
1381 2507 1476 2532 vinctus
1493 2505 1554 2532 Iesu
1576 2506 1680 2539 Christi,
1702 2507 1799 2542 inquit,
1821 2513 1847 2534 et

1046 2551 1192 2577 Timotheus
1199 2553 1278 2587 frater
1287 2551 1450 2587 (l'liilemJ).
1461 2552 1597 2586 Magniﬁca
1606 2552 1845 2587 Pauliappellatio,

1048 2605 1099 2623 non
1115 2597 1278 2631 principatus
1289 2603 1316 2624 et
1330 2597 1438 2624 honoris
1452 2606 1559 2629 nomen,
1574 2597 1621 2624 sed
1637 2598 1739 2625 vincula
1754 2603 1782 2624 et
1795 2607 1846 2625 ca-

1048 2649 1115 2671 tena:
1138 2653 1144 2670 :
1168 2652 1229 2671 vere
1252 2645 1406 2678 magniﬁca;
1436 2645 1539 2671 tametsi
1565 2644 1730 2678 splendidum
1754 2645 1846 2679 ipsum

1047 2690 1126 2716 multa
1149 2690 1198 2716 alia
1219 2690 1326 2723 faciunt,
1344 2690 1370 2716 in
1383 2690 1477 2717 etelum
1492 2691 1547 2725 rapi
1564 2691 1681 2724 tertium,
1695 2691 1720 2717 in
1733 2691 1846 2725 paradi-

1045 2744 1103 2763 sum
1119 2737 1227 2769 dcl'erri,
1251 2738 1332 2764 verba
1355 2737 1447 2764 audire
1461 2737 1617 2769 ineffabilia;
1643 2743 1730 2764 tamen
1745 2738 1846 2765 horum

1047 2783 1110 2810 nihil
1132 2784 1227 2818 posuit,
1253 2784 1300 2811 sed
1321 2791 1370 2818 pro
1391 2784 1514 2812 omnibus
1536 2790 1657 2812 catenam
1671 2794 1677 2812 :
1690 2785 1747 2812 haec
1767 2786 1846 2812 cnim

1046 2829 1129 2864 magis
1142 2837 1221 2864 quam
1242 2830 1286 2857 illa
1300 2831 1431 2858 illustrem
1444 2831 1528 2867 ipsum
1541 2831 1669 2860 reddebat
1681 2837 1708 2859 et
1720 2833 1846 2867 splendi-

1077 2920 1114 2948 (tl)
1134 2926 1211 2945 ximus
1224 2922 1262 2946 hic
1276 2927 1327 2947 erat
1337 2923 1457 2948 secundus
1467 2923 1642 2952 tvt‘fcdit'aliouis
1654 2924 1830 2954 tybi‘ysostoun.
