1983 3125
150 135 197 163 15$
599 138 645 164 AD
663 137 822 165 POPULUM
842 135 1083 164 ANTIOCHENUM
1115 138 1228 168 IIOMIL.
1249 141 1317 168 XVI.
1742 144 1790 173 186

151 195 218 219 dum.
242 191 297 219 Cur
319 192 452 220 tandem?
475 193 604 226 Quoniam
635 193 679 220 illa
704 193 810 228 quidem
840 193 943 220 Domini

154 238 319 271 benignitatis
340 243 405 265 snnt
424 239 536 274 gratuita
549 239 629 271 dona,
645 239 701 266 inec
712 246 776 266 vero
794 240 862 266 servi
879 239 946 266 tole-

155 283 243 310 rantia:
267 287 348 317 atque
380 284 514 318 patientia:
536 283 648 316 indicia;
671 284 835 311 consuetudo
859 290 946 310 autem

153 329 302 355 amantibus
316 334 369 361 est,
393 329 446 356 illis
468 329 550 364 magis
560 330 628 357 affici
642 337 701 364 qua:
723 337 769 363 pro
789 330 883 356 amatis
899 338 946 364 pa-

154 375 260 405 tiantur,
287 382 368 409 quam
392 375 435 407 iis,
460 383 519 410 qua:
533 375 566 401 ab
587 375 650 409 ipsis
671 375 797 402 beneﬁcia
817 374 943 401 referunt.

153 421 208 448 Non
230 422 265 447 ita
285 429 332 448 rex
352 422 502 449 diademate
522 422 659 456 gloriatur,
674 426 702 448 ut
721 422 764 448 ille
776 421 886 448 vinculis
898 421 945 448 de-

152 467 301 493 lectabatur
313 476 319 492 :
329 471 358 493 et
368 467 474 493 merito.
486 467 608 494 Diadcma
621 474 715 501 nempe
723 467 808 493 solum
819 471 946 493 coronato

150 511 231 545 capiti
250 516 376 539 ornatum
398 512 485 544 allert,
505 517 595 539 catena
612 520 675 539 vero
686 517 713 539 et
725 517 846 539 ornatum
864 512 946 538 nutlto

151 557 293 590 majorem,
311 562 338 584 et
360 558 480 584 tutelam.
498 557 601 584 Corona
625 565 695 592 saepe
720 557 790 591 regia
814 562 893 591 caput
917 565 946 584 se

149 602 347 629 circumdatum
362 603 488 637 prodidit,
505 603 657 630 innumeros
667 603 756 629 allexit
768 602 943 634 insidiatores,

150 652 230 681 atque
246 648 272 674 in
294 649 444 683 tyrannidis
465 648 703 682 concupiscentiam
727 648 858 680 invitavit;
879 652 906 675 et
920 648 944 674 in

151 693 228 720 bellis
242 693 286 720 hic
302 699 413 721 ornatus
427 699 469 721 est
482 694 548 721 adeo
559 694 733 729 periculosus,
748 699 777 721 ut.
788 694 873 729 ipsum
896 694 944 720 de-

151 744 253 774 ponant
261 744 291 767 et
310 741 485 768 abscondant.
507 740 534 768 in
545 741 642 775 prteliis
657 748 852 775 nonnumquam
870 747 945 774 reges

152 785 273 812 habitum
296 791 508 818 commutantes,
530 787 565 814 ita
587 795 680 813 manus
701 794 760 813 cum
784 786 945 813 certantibus

152 836 318 858 conserunt:
333 837 405 859 tanta
427 840 460 859 ex
483 839 579 859 corona
602 833 686 859 oritur
707 831 829 866 proditio.
847 832 945 858 Catena

154 883 216 903 vero
236 876 304 903 nihil
326 877 477 911 hujusmodi
507 877 660 912 gerentibus
684 876 770 909 aﬂ‘ert,
796 876 842 904 sed
866 884 946 904 omne

152 923 316 950 contrarium
331 932 338 949 :
352 931 411 950 cum
426 931 512 957 pugna
525 923 559 950 sit
571 928 598 950 et
610 923 679 950 acies
693 927 784 949 contra
798 922 942 954 daemones,

153 973 180 994 et
191 968 360 996 adversarias
380 974 537 1003 potestates,
560 968 727 1003 pra-tendens
747 968 830 1003 ipsam
850 968 894 1002 qui
914 976 945 994 ea

153 1014 335 1041 circumdatus
355 1019 405 1045 est.
428 1015 534 1042 illorum
556 1015 659 1049 repellit
671 1015 799 1042 incursus.
816 1015 848 1041 Et
860 1014 946 1049 magi-

152 1064 282 1087 stratuum
295 1061 402 1096 quidem
421 1067 590 1088 externorum
614 1062 688 1088 ntulti
701 1069 752 1088 non
768 1066 866 1088 tantum
880 1061 944 1089 dum

155 1106 294 1140 imperant,
307 1115 398 1134 verum
409 1113 436 1134 et
446 1115 505 1134 cum
517 1107 677 1134 excesserint
687 1107 850 1141 magistratu,
863 1107 945 1142 ipsius

155 1160 248 1178 nomen
262 1153 464 1180 circumferunt.

195 1197 301 1224 Vincula
315 1197 391 1224 Pauli
404 1199 495 1233 ubique
506 1199 684 1234 prmdicanlur.
696 1213 731 1217 —
747 1197 792 1225 llle
806 1198 944 1230 exconsul,

155 1241 258 1275 dicitur,
285 1243 329 1270 ille
350 1243 538 1278 exprmfectns;
563 1243 607 1270 hic
621 1251 684 1270 vero
698 1251 746 1278 pro
761 1244 792 1270 iis
811 1243 944 1274 omnibus.

157 1286 253 1314 Paulus
282 1290 396 1320 vinctus,
419 1289 514 1323 inquit,
538 1294 565 1316 et
584 1289 726 1316 admodum
757 1293 944 1324 congruenter.

154 1333 191 1360 Illi
214 1343 329 1369 namque
349 1336 519 1371 magistratus
532 1343 585 1362 non
602 1335 705 1369 penitus
719 1340 781 1362 sunt
793 1336 873 1362 animi
888 1336 942 1362 vir-

155 1383 216 1410 tutis
229 1382 472 1409 demonstrationes
485 1390 491 1408 :
506 1381 624 1416 pecuniis
638 1381 708 1408 enim
719 1386 779 1408 sunt
795 1381 946 1412 \cnalcs,et

154 1429 300 1456 amicorum
310 1427 673 1462 indigentassentationibus;
685 1426 728 1454 hic
742 1432 830 1454 autem
839 1435 872 1454 ex
885 1428 945 1454 vin-

154 1475 221 1501 calis
242 1474 412 1508 magistratus
434 1478 475 1500 est
493 1473 574 1499 animi
593 1472 740 1507 disciplinae
764 1473 899 1504 indicium,
918 1477 945 1500 et

153 1520 270 1546 ardentis
282 1520 307 1546 in
317 1519 455 1546 Christum
474 1519 597 1546 desiderii
617 1519 721 1553 signum
745 1519 898 1546 maximum.
912 1519 945 1546 Et

154 1566 191 1592 illi
214 1565 320 1600 quidem
346 1565 420 1592 brevi
444 1563 596 1599 refugiunt,
623 1564 667 1592 hic
690 1572 755 1591 vero
777 1565 946 1600 magistratus

153 1611 255 1637 nullum
271 1610 351 1637 habet
364 1617 559 1637 successorem.
580 1610 676 1644 Aspice
691 1617 804 1645 namque
817 1615 944 1645 quantum

154 1656 186 1683 ab
199 1656 244 1682 illo
257 1663 327 1682 nunc
340 1663 424 1689 usque
438 1655 563 1689 temporis
575 1659 624 1686 est,
645 1660 672 1682 et
686 1654 850 1689 splendidius
868 1655 946 1689 hujus

154 1703 235 1729 vincti
260 1709 357 1728 nomen
387 1701 519 1728 redditum
547 1705 587 1727 est
611 1709 616 1726 :
642 1708 673 1728 ac
696 1701 818 1728 consules
837 1700 944 1735 quidem

154 1756 246 1774 omnes
259 1769 266 1779 ,
283 1747 444 1782 quicumque
465 1747 645 1781 superioribus
668 1746 742 1774 fuere
764 1746 943 1781 temporibus.

154 1793 262 1819 silentio
276 1792 366 1819 tmditi
381 1796 453 1823 sunt,
469 1797 495 1819 et
510 1799 559 1819 nec
569 1792 626 1826 ipso
636 1792 741 1826 quidem
753 1792 859 1819 nomine
869 1792 942 1826 vulgat

154 1844 216 1865 sunt
229 1839 330 1873 cogniti
344 1847 351 1870 ;
371 1838 449 1873 hujus
465 1842 552 1865 autem
573 1838 653 1865 vincti
670 1837 740 1865 beati
757 1838 830 1865 Pauli
849 1845 945 1866 nomen

155 1885 268 1911 multum
285 1884 392 1918 quidem
408 1884 468 1914 hic,
484 1884 595 1910 multum
609 1889 698 1910 autetn
721 1883 748 1910 in
773 1884 944 1910 barbarorunt

155 1930 265 1964 regione
302 1929 414 1956 multum
450 1929 519 1963 apud
553 1929 666 1964 Scythas
701 1933 728 1956 et
760 1928 855 1961 Indos,
875 1929 945 1957 etsi

155 1976 189 2002 ad
209 1976 281 2010 ipsos
301 1980 436 2002 terrarum
457 1975 528 2002 orbis
545 1976 673 2002 terminos
692 1975 792 2007 venias,
816 1975 884 2002 itane
903 1983 945 2003 au-

155 2021 214 2048 dies
231 2021 449 2056 appellationem,
483 2026 509 2048 et
538 2029 705 2056 quocumque
731 2022 860 2055 quispiam
884 2029 945 2056 pcr—

155 2067 278 2099 venerit,
302 2067 413 2094 Paulum
432 2067 528 2102 ubique
541 2067 566 2093 in
580 2067 699 2094 omnium
715 2074 762 2094 ore
782 2067 944 2094 circumferri

155 2117 258 2140 no~cet.
283 2112 317 2139 Et
337 2113 399 2147 quid
420 2113 524 2144 mirum,
537 2113 596 2140 siin
612 2118 680 2140 terra
700 2113 828 2147 marique,
849 2113 946 2147 quippe

155 2165 215 2184 cum
239 2162 266 2184 et
288 2158 313 2184 in
338 2157 410 2184 ctelis
424 2157 535 2184 multum
550 2158 622 2185 Pauli
636 2165 732 2184 nomen
746 2158 814 2191 apud
827 2158 944 2192 angelos,

157 2202 226 2237 apud
239 2202 424 2236 archangelos,
440 2206 467 2230 et
480 2209 607 2237 supernas
619 2203 740 2235 virtutes,
754 2207 782 2230 et
796 2204 888 2229 harum
901 2211 945 2230 re-

156 2255 215 2282 gem
230 2248 334 2274 Deum?
356 2248 388 2275 Et
400 2248 495 2283 qualia,
508 2249 600 2283 inquit,
609 2253 686 2276 erant
699 2249 741 2275 illa
754 2248 868 2281 vincula,
877 2256 945 2283 quo-

157 2294 227 2321 niam
252 2299 353 2321 tantum
376 2295 464 2321 vincto
484 2295 575 2330 gloriae
587 2295 721 2321 tulerunt?
743 2302 830 2322 nonne
843 2302 859 2321 e
875 2294 946 2321 ferro

158 2339 284 2366 fabricata
294 2340 387 2367 erant?
400 2340 421 2366 E
431 2339 501 2367 ferro
512 2340 617 2374 quidem
633 2339 769 2372 fabricata,
779 2340 825 2367 sed
837 2340 944 2366 multatn

159 2386 291 2413 habebant
313 2386 428 2421 Spiritus
443 2387 553 2421 gratiam
576 2386 786 2413 efﬂorescentem
799 2395 806 2412 :
821 2386 945 2421 quoniam

158 2438 266 2466 propter
283 2432 418 2459 Christum
439 2433 505 2467 ipsis
520 2432 697 2459 circumdatus
716 2432 811 2459 fuerat.
827 2431 849 2459 Ο
866 2432 946 2459 mira-

157 2478 262 2505 culum!
274 2478 344 2504 servi
357 2478 438 2504 vincti
451 2482 521 2510 sunt,
536 2478 661 2504 Dominus
673 2477 822 2508 cruciﬁxus,
839 2482 866 2505 et
876 2485 945 2512 pne-

157 2521 254 2548 dtcatio
273 2522 392 2557 quotidie
405 2523 519 2550 crescit:
532 2527 558 2549 et
572 2531 620 2557 per
632 2531 690 2558 quae
710 2523 850 2557 putabatur
865 2529 945 2555 opera

159 2568 301 2602 prohiberi,
320 2576 369 2603 per
386 2569 443 2595 lnec
459 2576 570 2596 accensa
581 2573 622 2596 est
634 2578 641 2596 :
654 2573 681 2596 et
699 2576 774 2601 crux,
790 2573 817 2595 et
831 2568 945 2601 vincula,

159 2621 216 2648 quae
234 2622 293 2642 esse
316 2614 474 2642 videbantur
495 2615 664 2648 abominatio,
679 2623 749 2642 nunc
767 2615 860 2642 salutis
872 2615 945 2650 signa

159 2664 218 2686 sunt
229 2659 304 2690 facta,
321 2665 349 2687 et
362 2660 481 2694 qttolibet
493 2667 559 2687 auro
572 2660 670 2687 ferrum
685 2660 748 2686 illud
761 2660 836 2687 nobis
849 2659 947 2694 pretio-

159 2706 212 2732 sius
223 2711 287 2738 erat,
299 2714 353 2732 non
370 2710 480 2740 propter
493 2711 612 2733 naturam
624 2706 767 2741 propriam,
783 2706 829 2733 sed
840 2711 946 2740 propter

159 2759 260 2779 causam
273 2753 341 2780 hanc
352 2757 380 2780 et
391 2757 574 2787 argumentum
587 2753 607 2779 ¹.
622 2752 674 2780 Sed
686 2752 761 2779 video
774 2752 946 2786 quaestionem

186 2821 194 2836 ¹
212 2820 306 2845 \tonlef.
319 2820 356 2844 sic
373 2819 448 2851 legit.
461 2820 555 2845 omissis
570 2820 712 2851 quibusdam
729 2826 735 2843 :
755 2818 883 2844 Pretiositts
895 2821 947 2844 erat

154 2855 248 2880 rmter
261 2851 306 2876 hoc
317 2854 496 2886 argumentum.

1002 191 1062 219 hinc
1075 193 1151 222 nobis
1165 195 1306 230 quamdam
1321 197 1449 226 orientem
1462 208 1468 225 ε
1479 204 1506 227 et
1516 200 1537 228 si
1551 201 1692 237 diligenter
1703 207 1790 229 allen-

998 238 1068 265 datis
1083 260 1091 272 ,
1105 245 1142 284 et
1162 242 1332 276 qumstionem
1357 243 1453 278 dicam,
1478 251 1506 273 et.
1525 247 1683 276 solutionem
1709 256 1790 284 appu-

999 290 1070 309 nam.
1096 283 1164 318 Quid
1189 286 1267 320 igitur
1293 288 1396 316 tandem
1418 295 1460 317 est
1483 292 1552 326 quod
1575 295 1721 328 quaeritur?
1744 295 1788 322 ln-

999 335 1104 375 greSSus
1114 330 1256 364 aliquando
1269 332 1312 360 hic
1330 332 1426 361 Paulus
1448 335 1480 362 ad
1508 337 1624 370 Festum,
1647 344 1674 367 et
1702 341 1787 375 ipsum

998 373 1144 407 alloquens,
1155 382 1185 402 ac
1194 384 1307 410 purgans
1316 386 1344 405 se
1352 378 1385 406 de
1395 380 1559 414 criminibus,
1568 384 1663 417 quibus
1673 373 1786 421 urgeba-

999 424 1041 466 tur
1048 428 1061 444 a
1069 419 1178 453 Iudaeis,
1186 426 1212 448 et
1222 422 1322 456 dicens,
1336 427 1470 459 quomodo
1478 427 1567 455 Jesum
1575 430 1648 463 vidit,
1656 419 1787 466 quomodo

999 465 1101 492 beatam
1115 474 1206 494 vocem
1218 468 1288 494 illam
1300 470 1409 501 audivit.
1423 473 1556 506 quomodo
1571 482 1618 508 per
1629 479 1787 504 excecatio-

998 518 1058 537 nem
1074 511 1105 538 ad
1121 511 1205 539 lucem
1221 516 1349 548 pervenit,
1365 518 1498 549 quomodo
1512 521 1607 547 cecidit
1626 525 1786 558 etsurrexil,

997 557 1129 589 quomodo
1154 558 1289 592 ingressus
1311 566 1352 587 est
1373 562 1528 591 Damascum
1551 567 1670 600 captivus
1687 569 1787 604 absque

999 602 1109 629 vinculis
1122 605 1297 638 contpeditus,
1314 614 1344 633 ac
1356 607 1390 634 de
1407 609 1543 643 prophetis
1574 612 1659 647 deque
1679 602 1787 649 legetu-

997 654 1080 680 quens
1091 668 1098 680 ,
1111 653 1138 675 et
1148 650 1291 678 ostendens
1302 652 1360 679 illos
1373 653 1430 680 lucc
1438 657 1525 682 omnia
1541 658 1703 692 pra'tdixisse,
1718 660 1786 694 indi-

997 698 1100 720 cantem
1114 695 1194 729 cepit,
1205 701 1232 723 et
1245 696 1300 724 fere
1314 699 1345 724 ad
1359 699 1473 733 seipsum
1490 704 1601 730 transire
1617 706 1755 738 persuasit.

1035 738 1061 764 4.
1083 739 1160 767 Tales
1173 742 1243 768 enim
1259 749 1409 771 sanctorum
1423 751 1484 773 sunt
1495 747 1590 774 animte
1605 757 1611 775 :
1626 756 1685 776 cum
1699 750 1725 777 in
1737 759 1784 785 pe-

998 784 1082 810 ricula
1096 785 1250 818 ceciderint,
1272 796 1324 815 non
1335 792 1468 824 quomodo
1482 793 1606 826 periculis
1629 795 1785 830 liberentur,

998 831 1176 864 considerant,
1199 834 1245 860 sed
1264 843 1317 869 quo
1333 843 1522 872 persequentes
1546 839 1681 868 lucrentur
1697 844 1784 871 omnia

999 875 1097 902 faciunt
1112 886 1118 903 :
1137 878 1203 904 siettt
1212 883 1238 905 et
1255 885 1316 907 tunc
1338 881 1435 909 factum
1448 888 1488 910 est
1502 893 1508 910 :
1522 892 1551 912 se
1563 885 1719 914 defensurus
1743 889 1784 915 ἰη-

999 921 1086 953 travit,
1103 927 1130 949 et
1149 929 1226 958 capto
1243 925 1332 959 judice
1349 927 1481 956 discessit.
1502 930 1535 957 Et
1554 930 1611 958 haec
1631 933 1686 966 ipse
1702 933 1783 968 judex

998 973 1108 996 testatus
1122 974 1173 1002 est,
1185 970 1274 998 dicens
1290 981 1297 999 τ
1313 972 1345 998 In
1357 975 1497 1001 modicome
1506 977 1647 1009 persuades
1657 978 1783 1007 Christia-

998 1021 1057 1039 num
1071 1014 1126 1047 ﬁeri
1139 1014 1148 1050 (
1161 1016 1215 1042 Act.
1229 1016 1273 1044 26.
1285 1017 1320 1044 28
1332 1018 1351 1051 ).
1362 1019 1417 1046 Hoc
1426 1025 1452 1046 et
1465 1020 1544 1049 hodie
1556 1023 1611 1050 lieri
1623 1024 1741 1058 decebat,
1757 1033 1783 1054 et

998 1059 1150 1092 pra-fectum
1174 1060 1244 1088 hunc
1256 1068 1369 1089 vestram
1383 1064 1505 1091 admirari
1513 1067 1784 1101 magnanimitatem‘,

999 1105 1202 1139 philosophiam,
1218 1108 1413 1144 perfectamque
1434 1111 1559 1145 quietem.
1589 1119 1616 1140 el.
1637 1122 1669 1141 ex
1691 1115 1784 1143 ordine

998 1155 1086 1176 vostro
1107 1150 1272 1186 disciplinam
1297 1162 1403 1190 capere,
1419 1160 1446 1182 et
1466 1157 1504 1184 sic
1527 1158 1608 1190 abire,
1629 1161 1783 1188 concionem

998 1195 1134 1229 admirari,
1160 1198 1268 1226 laudare
1287 1207 1451 1234 consessum,
1468 1207 1494 1228 et
1515 1211 1547 1230 ex
1568 1205 1632 1239 ipsis
1653 1206 1730 1233 rebus
1742 1207 1784 1234 di-

998 1248 1083 1272 scere.
1094 1247 1219 1276 quantum
1227 1243 1295 1271 inter
1303 1246 1415 1279 gentiles
1421 1252 1447 1273 et
1454 1247 1784 1280 Gltristiauosdiscriminis

997 1285 1042 1312 sit.
1065 1285 1116 1314 Sed
1132 1293 1160 1314 ut
1172 1288 1204 1315 ad
1227 1289 1252 1315 id
1267 1289 1372 1317 redeam
1398 1292 1467 1326 quod
1492 1293 1622 1327 dicebam,
1643 1302 1783 1331 postquam

998 1332 1083 1366 ipsum
1098 1333 1169 1367 cepit
1184 1334 1292 1367 Paulus,
1310 1341 1337 1362 et
1350 1336 1393 1363 ille
1408 1337 1474 1364 dixit
1491 1347 1497 1365 ε
1515 1338 1546 1365 1η
1561 1341 1658 1367 modico
1677 1351 1715 1368 me
1727 1352 1785 1377 perc

996 1377 1088 1404 suades
1100 1377 1270 1406 Christianum
1285 1381 1351 1414 ﬁeri,
1367 1381 1465 1410 Paulus
1479 1384 1514 1410 ita
1530 1386 1665 1420 respondit
1679 1396 1685 1412 :
1702 1388 1784 1422 Opta-

998 1431 1049 1449 rrm
1064 1424 1148 1458 utique
1160 1432 1205 1459 ego
1215 1430 1239 1451 et
1252 1426 1278 1452 in
1295 1427 1393 1454 modico
1406 1433 1429 1454 et
1440 1430 1466 1455 in
1484 1430 1572 1462 multo,
1592 1440 1642 1458 non
1659 1433 1739 1460 solum
1752 1440 1784 1466 te,

996 1468 1041 1494 scd
1055 1469 1128 1495 etiam
1144 1478 1228 1497 annuas
1244 1471 1372 1499 audientes
1390 1481 1429 1500 me
1451 1474 1506 1507 ﬁeri
1524 1475 1680 1504 Christianos
1693 1479 1785 1514 absque

998 1514 1103 1541 vinculis
1113 1514 1151 1542 Itis
1162 1515 1233 1550 (Act.
1243 1516 1288 1544 26.
1304 1517 1367 1552 29).
1379 1518 1445 1551 Quid
1460 1520 1535 1553 dicis,
1548 1529 1564 1548 ο
1579 1522 1680 1550 Paule?
1695 1524 1785 1559 Ephe-

997 1560 1044 1586 siis
1058 1568 1153 1595 nempe
1163 1562 1292 1594 scribens,
1306 1563 1372 1590 dicis
1386 1573 1392 1590 :
1408 1564 1478 1600 Rogo
1493 1566 1568 1601 igitur
1580 1575 1622 1594 vos
1635 1577 1679 1603 ego
1690 1570 1786 1598 vinctus

998 1605 1023 1630 in
1049 1604 1166 1638 Domino,
1184 1606 1259 1641 digne
1276 1608 1404 1636 ambulare
1421 1611 1548 1638 vocatione
1565 1621 1614 1647 qua
1631 1615 1711 1641 vocali
1727 1617 1785 1643 eui-

999 1652 1007 1685 (
1022 1650 1112 1685 Epltec.
1125 1652 1151 1678 Δ.
1167 1652 1179 1679 1
1196 1651 1216 1687 ).
1239 1653 1270 1679 Ει
1290 1653 1322 1680 ad
1343 1654 1516 1683 Timotbicum
1534 1658 1652 1692 loquens,
1677 1660 1710 1687 In
1732 1669 1782 1694 quo

999 1696 1064 1722 male
1079 1696 1161 1730 patior
1173 1704 1250 1731 usque
1259 1697 1292 1724 ad
1311 1699 1421 1732 vincula,
1437 1705 1564 1733 tamquam
1576 1705 1742 1742 mulefactor(
1757 1707 1783 1732 2.

998 1740 1066 1768 Tim.
1080 1742 1107 1768 2.
1124 1742 1140 1769 9
1154 1741 1174 1775 ),
1187 1749 1214 1769 et
1228 1743 1260 1770 ad
1283 1744 1464 1772 Philemonem
1478 1754 1593 1779 rursum,
1619 1748 1717 1776 Paulus
1731 1740 1785 1777 uiu-

998 1791 1052 1812 ctus
1062 1785 1127 1813 Iesu
1135 1784 1348 1820 Christiﬂ’hilem.
1361 1789 1400 1823 t):
1411 1792 1610 1820 etcumJudazis
1624 1795 1783 1830 disceptans,

999 1832 1086 1859 dicis:
1103 1832 1210 1868 Propter
1231 1843 1301 1868 spem
1322 1834 1406 1862 Israel
1433 1837 1480 1863 hac
1506 1844 1593 1865 catena
1613 1841 1783 1869 circumdatus

998 1885 1054 1903 sum
1069 1878 1141 1912 (Act.
1162 1879 1207 1906 28.
1222 1879 1288 1915 20).
1314 1881 1345 1907 lit
1372 1882 1581 1917 Philippensibus
1606 1887 1724 1914 scribens
1744 1889 1785 1915 di-

998 1923 1077 1950 cebas
1098 1933 1104 1950 :
1125 1923 1168 1950 Ita
1194 1930 1220 1950 ut
1243 1925 1326 1960 plures
1345 1929 1470 1961 fratrum,
1491 1930 1550 1963 freti
1575 1931 1679 1958 vinculis
1701 1934 1760 1959 meis
1774 1954 1781 1964 ,

1000 1969 1169 1997 abundantius
1193 1973 1313 1998 auderent
1338 1973 1462 2007 intrepide
1488 1975 1588 2002 verbum
1609 1977 1679 2010 loqui
1699 1978 1708 2013 (
1720 1978 1785 2004 ΡΙιὲ-

998 2014 1061 2049 (ipp.
1077 2015 1102 2041 1.
1120 2016 1152 2042 Η
1166 2016 1185 2051 ).
1201 2015 1302 2051 Ubique
1309 2023 1429 2045 catenam
1440 2019 1603 2054 circumfers,
1613 2022 1712 2057 ubique
1724 2025 1784 2051 vin-

998 2060 1055 2086 cula
1067 2062 1202 2095 proponis,
1216 2066 1243 2088 et
1257 2062 1404 2097 hujusmodi
1417 2064 1540 2099 gloriaris
1561 2069 1685 2101 negotio;
1702 2069 1728 2095 in
1739 2070 1784 2104 jn-

998 2107 1095 2134 dicium
1109 2111 1195 2134 autem
1212 2109 1320 2136 veniens
1345 2110 1538 2144 philosophiam
1558 2113 1706 2146 prodidisti,
1721 2122 1782 2142 cum

998 2152 1113 2179 maxime
1139 2153 1222 2180 libere
1244 2158 1269 2181 te
1292 2161 1386 2188 gerere
1409 2154 1528 2188 decebat,
1545 2162 1572 2183 et
1592 2157 1673 2192 judici
1697 2159 1781 2186 dicis:

1001 2197 1120 2232 Optarent
1133 2199 1218 2233 utique
1229 2204 1253 2226 te
1268 2200 1324 2233 ﬁeri
1336 2199 1506 2228 Christianum
1520 2202 1612 2239 absque
1626 2204 1731 2232 vinculis
1745 2206 1784 2232 his

1000 2244 1077 2279 (Act.
1093 2245 1138 2272 26.
1153 2245 1189 2273 29
1205 2245 1214 2280 )
1229 2246 1241 2272 ?
1254 2245 1354 2280 Nempe
1373 2246 1396 2273 si
1410 2247 1479 2274 bona
1492 2248 1605 2281 vincula,
1621 2255 1648 2277 et
1665 2251 1699 2278 ita
1715 2252 1783 2280 bona

999 2295 1027 2317 ut
1039 2291 1097 2318 aliis
1121 2299 1225 2326 quoque
1244 2292 1364 2319 fiduciam
1377 2293 1410 2320 ad
1425 2301 1574 2322 sermonem
1588 2303 1636 2329 pro
1657 2296 1785 2331 religione

999 2337 1131 2370 prmbeant
1139 2336 1246 2371 (etenim
1255 2338 1304 2364 hoc
1312 2337 1396 2372 ipsum
1403 2339 1476 2372 prius
1483 2339 1582 2371 dixisti,
1591 2340 1662 2368 Multi
1673 2342 1782 2370 fratrum

998 2381 1057 2408 freti
1084 2381 1196 2407 vinculis
1223 2382 1289 2408 meis
1315 2382 1425 2409 verbum
1452 2383 1627 2418 loquebantur
1641 2386 1782 2421 intrepide)

1001 2427 1140 2462 (Philipp.
1161 2428 1185 2454 t.
1201 2428 1250 2462 14)
1276 2435 1381 2462 ;quare
1404 2436 1493 2456 coram
1505 2430 1595 2464 judice
1608 2439 1660 2458 non
1683 2433 1732 2460 hac
1755 2442 1784 2461 re

998 2473 1129 2507 gloriaris,
1146 2473 1192 2500 sed
1217 2474 1377 2501 contrarium
1393 2473 1456 2501 iacis
1469 2475 1481 2500 ?
1494 2478 1588 2503 Annon
1602 2478 1705 2506 videtur
1724 2487 1783 2507 esse

999 2520 1109 2554 qumstio
1135 2520 1204 2554 quod
1228 2520 1347 2547 dicitur?
1365 2520 1417 2548 Sed
1429 2521 1596 2550 celerrimum
1623 2525 1781 2554 solutionem

999 2564 1092 2591 atTero.
1106 2564 1162 2591 Non
1181 2565 1251 2591 enim
1273 2566 1406 2593 anxietate
1418 2567 1459 2593 vel
1473 2567 1611 2596 timiditate
1626 2569 1720 2597 Paulus
1734 2571 1784 2598 hoc

999 2609 1122 2642 faciebat,
1147 2610 1194 2637 sed
1208 2619 1239 2638 ex
1261 2611 1388 2646 sapientia
1403 2613 1484 2639 multa
1500 2618 1527 2640 et
1547 2615 1675 2648 spirituali
1694 2619 1784 2650 provi-

1000 2656 1087 2682 dentia
1103 2665 1108 2682 :
1125 2664 1178 2691 quo
1192 2664 1254 2684 vero
1277 2661 1364 2691 pacto.
1380 2666 1429 2693 ego
1450 2659 1546 2686 dicam.
1563 2660 1693 2688 Ccntilem
1719 2664 1785 2690 allo-

1000 2701 1128 2735 quebatur
1142 2707 1168 2728 et
1191 2702 1332 2735 infidelem,
1350 2711 1399 2730 nec
1417 2709 1504 2730 nostra
1523 2705 1661 2733 scientem.
1677 2707 1787 2735 Nolcbat

1001 2746 1080 2780 igitur
1094 2745 1180 2780 ipsum
1196 2753 1242 2781 per
1260 2747 1348 2781 gravia
1364 2747 1498 2781 inducere,
1516 2750 1563 2776 sed
1575 2750 1645 2784 quod
1659 2751 1763 2779 dicebat
1779 2761 1785 2780 :

1033 2815 1041 2829 ί
1059 2813 1128 2838 savii.
1142 2817 1168 2838 et
1178 2813 1227 2840 alii.
1240 2814 1336 2839 illorum
1354 2815 1494 2846 pra’fet‘tum
1510 2815 1639 2840 venientem
1650 2816 1682 2841 ad
1694 2823 1734 2842 vol
1749 2823 1786 2842 rc-

1002 2846 1082 2871 ncmri
1094 2846 1318 2876 magnanimi!qtnn.
