1983 3125
201 131 248 159 167

200 189 291 215 l'at'tus
306 195 361 214 sunt
377 186 516 212 curmtIibus
530 185 592 220 lege,
607 191 732 219 tamquam
743 185 796 211 sine
808 184 860 219 lege
871 184 907 220 (1.
920 183 979 210 Cor.

198 236 223 263 9.
238 233 268 260 2t
281 234 290 268 )
302 241 308 258 :
319 232 368 259 hoc
381 237 407 258 et
420 232 462 257 ltic
473 230 593 257 faciebat.
603 230 630 257 Si
641 229 743 256 vincula
755 229 876 259 audierit,
890 228 983 263 inquit,

194 284 222 306 et
235 278 428 308 tribulationes,
443 276 530 302 statim
544 275 735 309 refugict,cutn
751 273 914 300 vinculorum
930 273 983 300 vir-

196 329 278 351 tutem
292 330 344 349 non
360 322 440 348 norit.
460 321 518 348 Fiat
533 321 605 354 prius
623 319 707 346 [idolis
729 323 755 345 et
771 317 983 353 prmdicationem

195 373 293 403 gustet,
307 373 334 395 et
353 371 415 394 tunc
432 367 487 401 ipse
511 373 615 400 quoque
639 365 671 391 ad
694 365 750 391 tunc
764 363 867 390 vincula
883 367 982 389 cttrret.

198 414 296 440 Audivi
320 413 459 440 Dominum
484 419 571 438 meutn
597 410 728 437 dicentem
747 417 754 434 :
772 408 853 434 Nemo
874 408 983 434 immittit

199 459 387 485 commissuram
402 457 478 491 panni
489 456 558 482 rudis
567 463 640 490 super
652 455 821 480 vestimentum
832 457 908 484 vetus,
922 460 983 486 quo-

195 505 263 530 niam
286 504 351 530 tollit
367 502 547 536 plenitudinth
574 501 652 535 ipsius
667 505 690 526 et
715 499 785 534 pejor
801 499 829 532 fit
849 498 958 524 scissura
970 505 980 523 .-

195 557 272 584 neque
296 549 397 575 mittunt
410 547 496 574 vinum
511 554 602 572 novum
615 547 641 572 in
660 551 727 572 utres
747 549 849 575 veteres,
865 543 982 577 quoniam

194 597 384 630 disrumpuntur
406 599 474 620 utres
489 593 498 627 (
512 593 602 618 Matth.
617 591 643 619 9.
660 592 701 618 16.
718 591 769 622 17;
789 590 871 616 Marc.
893 589 920 616 2.
936 589 980 616 21.

194 641 247 672 22;
264 641 325 667 Luc.
341 641 368 667 5.
389 640 433 666 36.
448 639 480 666 57
501 639 521 673 ).
537 638 630 665 Anima
644 637 720 672 hujus
733 642 774 663 est
794 636 981 663 vestimentum

194 693 280 718 vetas,
295 691 321 712 ct
341 690 400 712 uter
416 684 559 719 antiquus;
584 691 635 710 non
647 688 687 710 est
701 687 842 709 renovatus
857 682 917 711 lide.
929 689 981 708 non

194 731 306 766 Spiritus
319 730 402 764 gratia
423 737 516 756 recens
530 729 647 755 redditus
662 733 713 760 est,
727 727 822 754 debilis
842 726 928 753 adhuc
942 731 982 753 est

193 782 221 804 et
236 782 366 808 terrenus,
381 775 512 802 mundana
528 775 605 809 sapit,
624 779 652 801 et
677 775 709 801 ad
724 774 884 800 mundanatn
906 774 982 800 vani-

194 827 273 848 tatem
297 825 394 856 stupet,
411 821 520 855 gloriam
534 825 605 847 amat
617 824 784 854 praesentem.
800 819 828 846 Si
841 827 856 846 ιι
871 820 982 854 primor-

192 867 244 894 diis
257 868 344 895 statim
367 867 491 900 audierit,
507 866 576 901 quod
590 866 674 893 factus
688 866 864 898 Christianus,
878 867 982 892 vinctus

194 922 255 942 mox
272 914 326 947 liet,
348 918 375 941 et
388 919 479 940 eatena
495 913 702 940 circumdabitur
714 932 721 944 ,
741 913 864 939 confusus
879 917 905 938 et
923 919 984 938 eru-

194 962 304 988 bescens
317 968 330 987 a
347 959 535 995 praedicatione
550 959 660 985 resiliet.
672 958 815 992 Propterea
830 958 893 985 dicit
903 958 981 984 :Abs-

194 1015 241 1042 que
261 1006 368 1033 rintulis
391 1006 437 1038 Itis,
463 1013 515 1032 non
531 1006 587 1039 ipse
614 1006 716 1032 vincula
733 1012 867 1035 recusans.
890 1005 980 1031 absit!

194 1052 241 1079 sed
253 1053 321 1078 illius
329 1051 543 1078 condescendens
552 1050 834 1084 inﬁrmitati,quoniam
843 1050 898 1084 ipse
905 1049 943 1076 sic
952 1049 983 1076 il-

194 1096 216 1124 la
226 1096 306 1131 diligit
315 1095 694 1130 etatuplectitur,utambitiosa
704 1095 800 1122 mulier
808 1095 913 1121 monilia
925 1102 980 1122 sua.

234 1142 295 1169 Non
308 1143 339 1169 de
359 1142 464 1177 patratis
474 1141 612 1172 miraculis.
626 1142 670 1168 sed
683 1142 713 1168 de
727 1142 846 1168 wrumnis
860 1142 983 1176 gloriatur

197 1187 420 1214 Paulus.—Unde
431 1187 480 1213 ltoc
489 1186 668 1213 manifestum?
675 1186 779 1212 Gaudeo
789 1187 814 1212 in
827 1186 982 1221 passiouibus

198 1233 270 1264 meis,
283 1232 376 1266 inquit,
393 1236 415 1258 et
433 1232 539 1266 suppleo
553 1231 664 1266 defectus
687 1231 877 1257 tribulationum
889 1230 982 1258 Citriin

193 1277 219 1303 in
232 1285 307 1303 carne
319 1285 373 1304 mea
388 1276 397 1312 (
409 1275 464 1303 Col.
479 1277 504 1304 1.
515 1276 549 1303 24
560 1275 581 1311 ).
595 1276 627 1303 Et
643 1277 737 1303 ileruttt
753 1285 760 1302 :
776 1276 900 1309 Quoniam
914 1277 981 1303 vobis

192 1323 312 1349 donatunt
333 1327 369 1349 est
385 1331 401 1348 a
422 1322 522 1349 Christo
537 1330 586 1348 non
613 1327 710 1348 tantum
726 1323 752 1348 in
771 1323 854 1356 ipsum
869 1325 979 1354 credere,

192 1377 278 1395 verum
289 1374 312 1395 et
327 1377 371 1401 pro
384 1369 438 1403 ipso
453 1368 506 1402 pati
525 1368 652 1403 (l’ltilipp.
680 1369 703 1395 1.
720 1368 755 1395 29
773 1367 792 1403 ).
809 1368 841 1394 Ει
863 1369 956 1395 iterum
973 1377 978 1394 :

194 1413 255 1440 Non
268 1418 365 1440 tanttmt
384 1419 476 1446 autem,
491 1413 534 1440 sed
546 1418 569 1440 et
583 1414 720 1448 gloriamur
741 1414 766 1439 in
780 1412 981 1440 tribulationibus

192 1459 286 1496 (Rom.
299 1460 325 1486 5.
338 1460 354 1487 5
369 1459 390 1495 ).
407 1459 434 1486 Si
446 1459 543 1494 gaudet
556 1459 633 1494 igitur
642 1465 667 1486 et
679 1459 815 1493 gloriatur,
828 1464 854 1485 et
865 1460 889 1485 id
902 1467 980 1486 voc:tt

191 1505 288 1533 donum
302 1505 456 1540 gratuitum,
471 1509 572 1532 certum
594 1504 662 1539 quod
677 1510 785 1539 propter
797 1504 864 1532 hanc
874 1511 978 1531 causam

191 1552 223 1579 ad
243 1552 360 1586 judicent
381 1551 492 1586 loquens
513 1551 569 1577 hate
586 1550 689 1577 dicebat
705 1559 710 1576 :
724 1551 847 1585 quoniam
868 1555 895 1578 et
914 1551 978 1577 alias

192 1605 296 1623 rursum
310 1597 335 1622 in
348 1595 531 1622 nere~>itatctn
544 1595 668 1630 delapsus
679 1595 818 1629 gloriandi,
833 1596 883 1623 hoc
893 1596 977 1631 ipsum

189 1642 362 1672 demonstrat,
376 1641 467 1667 dicens
479 1648 485 1666 :
500 1639 615 1666 Libenter
626 1639 702 1674 igitur
716 1640 842 1675 gloriabor
856 1641 881 1667 in
897 1641 972 1674 inﬁr-

190 1687 315 1713 mitatibus
326 1686 396 1717 meis,
411 1686 438 1712 in
453 1685 650 1716 rtecsssitatt'bus,
664 1685 690 1711 in
700 1687 865 1718 (outumeliis,
878 1687 904 1712 in
919 1695 977 1719 prr-

189 1731 383 1766 sayuutionibus,
405 1731 430 1757 in
451 1731 585 1765 angustiis,
612 1735 638 1756 ut
663 1731 782 1758 inhabitet
801 1732 826 1758 in
842 1740 879 1758 mc
899 1733 977 1759 virtus

190 1776 283 1803 Christi
306 1776 355 1811 (2.
372 1776 429 1802 Cor.
448 1775 490 1802 1‘2.
512 1775 539 1802 9.
555 1775 588 1803 10
640 1775 670 1802 Et
697 1777 792 1803 iterum
806 1785 811 1802 :
828 1776 856 1803 Si
873 1777 977 1810 gloriari

189 1826 295 1857 oportet,
309 1822 335 1848 in
350 1821 497 1856 infirmitate
508 1829 560 1847 mea
574 1822 700 1856 gloriabor
710 1819 749 1854 (‘2.
759 1819 819 1846 Cor.
830 1820 867 1847 11.
879 1818 934 1853 50),
945 1823 977 1850 Et,

189 1866 251 1893 alibi
264 1867 378 1902 seipsunt
399 1866 458 1892 aliis
474 1874 640 1901 comparans,
655 1871 682 1893 et
694 1874 740 1900 per
753 1868 975 1900 comparationem

189 1913 265 1939 nobis
277 1912 460 1940 excellentiam
480 1911 675 1945 demonstrans,
696 1913 734 1939 sic
748 1913 831 1947 inquit
846 1922 852 1940 :
866 1913 976 1940 Ministri

189 1958 282 1984 Christi
290 1962 358 1990 sunt,
372 1962 398 1984 ut
415 1959 498 1984 minus
517 1958 617 1992 sapiens
632 1958 731 1993 loquor,
749 1959 804 1993 plus
819 1967 864 1993 ego
886 1959 973 1994 (Ibid.

188 2014 211 2033 υ.
226 2006 262 2033 25
275 2005 296 2040 ).
311 2006 345 2033 Ει
357 2013 494 2033 excessum
508 2005 691 2033 demonstrare
705 2007 812 2037 volens,
833 2015 885 2033 ttott
905 2008 973 2041 quod

187 2058 306 2079 mortuos
318 2052 524 2084 resuscitaverit,
540 2051 712 2079 dtcntonesve
726 2053 874 2086 expulerit,
890 2061 974 2086 neque

187 2098 353 2125 mandaverit
365 2098 495 2132 leprosos,
511 2097 616 2125 aliudve
629 2098 692 2132 quid
708 2098 857 2133 hujusmodi
872 2099 972 2131 fecoriu,

186 2144 253 2171 divit
267 2152 273 2170 :
290 2144 337 2171 sed
350 2144 425 2178 quid?
435 2144 668 2176 Quodinmnneras
677 2151 769 2178 passus
782 2145 971 2172 sitmolestias:

185 2197 244 2215 cunt
259 2189 328 2216 enim
341 2189 460 2220 dixisset.
473 2189 536 2216 l’lus
547 2197 603 2224 ego,
619 2189 704 2216 intulit
718 2191 890 2217 tentatiooum
903 2191 973 2216 mul-

185 2235 323 2261 titudinem
339 2243 346 2261 :
376 2233 410 2261 In
433 2235 520 2269 plagis.
531 2243 608 2268 supra
623 2235 734 2265 modum.
751 2236 907 2261 inmanibus
922 2237 972 2270 frc-

185 2285 296 2314 quenter,
309 2280 337 2306 in
350 2280 490 2306 carceribus
505 2279 682 2311 abundantius,
703 2289 718 2305 a
730 2279 828 2306 Juda’is
844 2281 972 2314 quinquias

184 2325 358 2359 quadragenas
375 2333 426 2351 una
448 2326 530 2351 minus
549 2325 644 2358 accepi,
659 2330 696 2351 ter
708 2325 784 2360 virgis
808 2333 886 2352 ca'sus
906 2334 969 2356 sunt,

184 2371 259 2397 semel
273 2370 408 2405 lapidatus,
433 2375 469 2397 ttr
492 2372 654 2406 naufragium
673 2371 730 2405 feci,
749 2376 821 2397 nocte
835 2379 864 2396 ac
882 2372 922 2397 die
946 2373 972 2398 in

184 2416 311 2451 profundo
324 2416 402 2442 maris
416 2416 453 2450 fui
468 2417 475 2450 (
489 2415 554 2441 lbid.
575 2425 598 2442 υ.
618 2415 701 2442 ‘25-‘25
712 2417 720 2451 )
733 2425 739 2442 :
754 2420 780 2443 et
794 2417 891 2450 reliqua
911 2424 970 2443 ont-

184 2463 236 2488 nia.
251 2462 296 2489 Sic
309 2462 404 2496 ubique
416 2462 541 2496 gloriatur
552 2462 577 2488 itt
594 2462 806 2489 tribulationibus
819 2463 928 2496 Paulus,
944 2468 970 2489 (ιι

185 2516 215 2534 ea
231 2515 259 2534 re
274 2508 369 2534 miruut
389 2508 414 2534 in
432 2508 537 2534 modum
560 2515 619 2535 sese
632 2514 727 2541 ornat,
743 2517 774 2535 ac
791 2509 851 2543 jure
865 2510 968 2536 merito.

184 2553 248 2580 Nam
265 2553 316 2580 ltoc
329 2557 370 2580 est
383 2553 452 2588 quod
468 2554 582 2581 maxime
601 2554 698 2581 Christi
712 2555 836 2581 virtutem
858 2555 970 2581 demon-

181 2600 389 2634 strat.quoniam
400 2607 447 2634 per
457 2600 517 2626 talia
529 2600 647 2627 vicerunt
659 2601 783 2635 apostoli,
793 2609 839 2634 per
851 2601 966 2633 vincula,

187 2643 378 2677 tribulationes,
393 2644 493 2678 llagclla
509 2651 534 2672 et
545 2650 662 2672 extrema
677 2646 756 2672 tnala.
769 2646 833 2673 Nam
848 2646 903 2673 ltmc
916 2647 969 2674 dtto

180 2688 301 2717 Christus
322 2690 495 2723 denuntiavit,
519 2691 715 2718 tribulationem
729 2696 756 2718 et
771 2693 966 2727 remissionem,

182 2734 285 2762 labores
299 2741 327 2762 et
348 2743 470 2768 coronas,
488 2736 599 2762 sudores
612 2741 638 2762 et
661 2737 856 2769 retributiones,
877 2739 966 2766 suavia

181 2784 208 2806 et
227 2779 328 2810 tristia;
349 2781 395 2807 sed
416 2781 500 2807 trisua
519 2780 626 2815 quidem
647 2782 706 2807 νίιίη
727 2782 799 2809 dedit
822 2785 945 2817 prmsenti
958 2806 966 2818 ,

179 2831 268 2852 suavta
286 2833 348 2853 vero
372 2826 396 2852 iu
414 2825 529 2853 futurum
543 2826 655 2860 distulit,
672 2827 768 2862 pariter
781 2829 965 2858 demonstrans

565 129 593 156 5.
614 127 749 156 JOANNIS
762 126 995 155 CHRYSOSTOMI
1017 126 1174 154 ARClllEP.
1193 127 1455 155 CONSTANTINOI‘.

1774 129 1825 156 Ιίῖϐ

1038 191 1067 211 sc
1084 183 1206 211 [nomines
1227 191 1278 211 non
1301 184 1432 218 decipere,
1448 188 1525 218 atque
1546 184 1631 219 ipsum
1646 192 1826 212 :rrumuarnm

1036 229 1138 262 pondus
1151 230 1244 256 ordine
1257 229 1370 264 quodam
1383 229 1502 256 minuere
1515 234 1646 265 satagens.
1657 230 1706 263 Qui
1725 231 1826 265 deciptt

1035 275 1116 305 enim.
1136 275 1226 302 suavia
1244 275 1317 310 prius
1341 275 1473 310 proponit,
1495 280 1522 302 et
1544 283 1605 302 mox
1633 276 1710 302 infert
1726 278 1825 303 tristia.

1035 319 1300 355 Qualeestzplagiarii
1313 321 1437 354 puerulos
1448 328 1518 354 sa-pe
1532 328 1625 355 parvos
1639 322 1785 355 prmdantes
1797 327 1827 348 ct

1035 364 1162 396 furantes,
1178 373 1230 391 non
1252 365 1341 400 plagas
1363 370 1390 392 et
1405 366 1524 397 verbera,
1541 374 1626 400 neque
1647 366 1717 393 aliud
1732 367 1826 401 hujus-

1035 413 1105 439 modi
1117 413 1283 447 pollicentur,
1296 412 1340 439 sed
1352 413 1489 447 placentas
1499 417 1526 440 et
1541 413 1658 446 bellaria,
1668 419 1694 440 et
1704 413 1753 440 alia
1764 413 1827 440 talia

1037 459 1133 493 quibus
1145 459 1254 493 puerilis
1277 459 1392 493 gaudere
1405 459 1542 486 consuevit
1556 464 1630 491 retas,
1646 460 1824 495 portendunt,

1036 509 1063 530 ut
1076 503 1117 529 his
1132 503 1169 530 illi
1191 503 1288 535 allecti,
1305 510 1331 531 et
1357 504 1505 531 libertatem
1521 512 1595 531 suam
1624 507 1775 539 prodeuntes,
1798 506 1825 532 in

1035 555 1181 576 extremum
1207 550 1351 584 periculum
1378 550 1542 577 delabantur.
1570 551 1665 576 Avium
1691 558 1754 578 vero
1786 551 1828 585 pi-

1035 595 1171 629 St-iumquc
1185 601 1334 628 venatores,
1351 595 1386 622 ita
1401 604 1459 630 qua:
1475 601 1603 622 venantur
1616 596 1743 629 alliciunt,
1758 604 1826 623 con-

1035 645 1135 666 suetam
1147 640 1283 674 capiendis
1291 645 1317 666 ει
1325 640 1468 674 jucundam
1481 641 1553 675 prius
1564 648 1650 668 escam
1664 642 1826 675 prmbentcs,

1035 691 1061 711 et
1075 686 1112 711 sic
1125 685 1246 719 laqueum
1264 691 1445 720 contegentes.
1458 685 1549 720 Itaque
1561 686 1747 721 decipientium
1769 695 1827 713 tna-

1035 731 1105 756 xitne
1118 738 1184 764 opus
1204 730 1254 757 hoc
1266 736 1316 763 est,
1333 731 1405 765 prius
1419 731 1509 757 suavia
1526 739 1683 765 proponere,
1697 739 1750 766 quo
1763 739 1826 758 mox

1036 775 1152 802 inferant
1166 776 1267 807 tristia;
1293 776 1487 810 providentium
1508 782 1595 804 autem
1621 781 1647 803 et
1661 777 1826 812 diligentiuut

1035 820 1142 846 omnino
1155 821 1329 847 contrarium.
1352 821 1443 848 Patres
1459 821 1547 856 itaque
1570 822 1701 856 plagiariis
1716 827 1826 850 contr..-

1036 873 1102 891 r.utn
1117 865 1217 892 faciunt
1229 873 1236 897 ;
1248 873 1308 892 cunt
1332 866 1363 893 ad
1380 866 1477 905 ludunt.
1485 875 1580 901 pttcros
1593 868 1736 895 literarium
1763 875 1828 894 nnt-

1036 916 1102 942 lunt,
1120 911 1277 946 ptedagogos
1296 917 1458 946 propoannt,
1474 912 1576 947 ﬂageila
1586 914 1726 946 minantur,
1744 915 1826 940 timo-

1035 964 1090 983 rctn
1100 957 1230 983 incutiunt
1240 966 1245 982 :
1255 962 1279 983 et
1288 965 1347 983 cutn
1356 958 1469 992 priorem
1478 958 1516 984 sic
1524 963 1627 985 mtatem
1637 961 1826 994 transegerint.

1036 1006 1097 1028 tunc
1121 1001 1184 1035 ipsis
1199 1001 1225 1028 itt
1240 1001 1331 1028 ltabttt
1345 1003 1413 1028 virili
1428 1003 1579 1030 constitutis
1592 1003 1716 1037 honores,
1729 1009 1827 1038 poten-

1036 1048 1136 1082 tiasquc
1146 1047 1301 1079 etdclicias,
1318 1053 1345 1075 et
1359 1056 1453 1075 omnes
1465 1049 1569 1075 divitias
1582 1056 1644 1076 suas
1655 1050 1770 1076 tradunt.

1070 1093 1096 1120 5.
1118 1093 1161 1120 Sic
1182 1093 1251 1120 Dcus
1271 1101 1376 1128 quoque
1392 1093 1464 1127 fecit,
1487 1101 1539 1120 non
1558 1094 1755 1129 plagiariorum,
1779 1095 1826 1120 sed

1035 1144 1138 1173 patrum
1154 1147 1228 1166 tnore
1242 1141 1286 1174 qui
1299 1147 1389 1166 curant
1405 1144 1519 1174 gerunt:
1537 1141 1609 1175 prius
1631 1149 1673 1168 res
1694 1141 1825 1168 adversas

1035 1189 1061 1211 et
1076 1185 1164 1212 tristes
1178 1185 1287 1212 immisit
1300 1191 1432 1220 tamquam
1459 1187 1608 1222 pmdagogis
1631 1192 1657 1214 et
1679 1194 1826 1222 pnccepto-

1035 1230 1108 1256 ribus
1125 1231 1247 1264 prursenti
1261 1231 1367 1257 tradens
1381 1231 1554 1264 tribulationi,
1572 1240 1623 1266 quo
1635 1240 1680 1267 per
1697 1233 1753 1259 haec
1766 1240 1826 1259 θυι·

1035 1275 1099 1301 recti
1126 1279 1153 1302 et
1175 1274 1324 1308 moderati,
1349 1281 1488 1310 postquam
1513 1277 1678 1304 tolerantiam
1697 1286 1823 1310 omnem,

1033 1327 1190 1354 omnemque
1205 1320 1370 1355 disciplinam
1403 1321 1584 1354 didicerimus,
1606 1330 1668 1348 mox
1684 1323 1717 1349 ad
1739 1324 1825 1357 perfe-

1034 1370 1103 1391 ctant
1118 1370 1222 1392 :etalem
1235 1366 1319 1398 ducti,
1333 1365 1458 1392 cru-lorum
1474 1374 1584 1400 regnum
1601 1367 1746 1395 hereditate
1758 1376 1824 1395 con-

1037 1418 1179 1444 sequantur
1194 1421 1200 1437 :
1217 1411 1261 1437 scd
1277 1412 1348 1445 prius
1360 1411 1470 1438 idoneos
1485 1413 1570 1439 reddit
1590 1413 1623 1439 ad
1638 1413 1750 1440 dandam
1767 1415 1825 1441 dis-

1034 1456 1213 1488 pensationem
1223 1456 1383 1489 divitiarum,
1395 1462 1421 1483 et
1434 1459 1602 1491 postmodum
1616 1459 1685 1493 ipsas
1695 1459 1824 1494 prmbcbit

1034 1500 1149 1527 divitias.
1166 1501 1220 1528 Nisi
1235 1501 1305 1529 enitn
1321 1502 1371 1529 ltoc
1386 1502 1503 1535 fecisset,
1531 1503 1681 1531 divitiarum
1704 1506 1823 1539 erogatio

1033 1553 1084 1572 non
1108 1546 1205 1573 douu.u
1220 1568 1227 1579 ,
1250 1548 1295 1574 sed
1321 1548 1385 1574 ultio
1408 1548 1501 1575 luisset
1519 1553 1546 1575 et
1559 1557 1646 1584 pretia.
1663 1550 1737 1577 Sicut
1751 1552 1822 1578 cnint

1032 1599 1098 1625 puer
1110 1593 1236 1627 insipiens
1250 1598 1276 1620 et
1290 1595 1414 1629 prodigus
1434 1600 1568 1629 paternam
1584 1597 1734 1630 suscipiens
1746 1597 1822 1624 lterc-

1030 1637 1150 1670 ditatem,
1176 1638 1208 1664 ab
1231 1638 1280 1665 hac
1297 1640 1350 1673 ipsa
1372 1641 1740 1675 praecipitatur,prudentiam
1768 1650 1820 1669 non

1031 1681 1130 1709 habens
1143 1683 1313 1717 pecuniarum
1325 1684 1515 1718 dispensationi
1528 1694 1633 1720 parent;
1646 1687 1667 1713 si
1682 1695 1745 1714 vero
1760 1696 1821 1721 pru-

1029 1728 1095 1755 dens
1105 1729 1148 1761 sit,
1159 1730 1268 1763 probus,
1281 1734 1441 1764 temperans,
1454 1736 1480 1758 et
1490 1732 1625 1760 modestus
1637 1733 1660 1759 ltt
1671 1742 1820 1761 "CCCSsitt'll

1029 1774 1185 1808 dispensans
1201 1781 1309 1809 paterna
1327 1776 1406 1809 bona,
1422 1777 1587 1810 splendidior
1609 1779 1643 1804 ita
1669 1780 1697 1805 tit
1713 1784 1739 1806 et
1761 1779 1819 1806 illn-

1029 1821 1110 1847 strior
1127 1830 1133 1847 :
1147 1821 1184 1848 sic
1196 1827 1222 1848 et
1236 1821 1262 1848 in
1278 1822 1354 1849 nobis
1375 1828 1415 1849 est
1429 1831 1537 1850 necesse
1548 1825 1664 1851 evenire.
1677 1825 1742 1851 Cum
1763 1827 1815 1860 spi-

1029 1866 1149 1893 ritualem
1172 1867 1338 1901 prudentiam
1371 1869 1573 1903 acceperimus,
1600 1878 1660 1896 cum
1683 1871 1707 1896 in
1734 1872 1817 1898 virum

1029 1916 1171 1948 perfectum
1185 1923 1288 1947 omnes,
1304 1916 1329 1942 itt
1344 1917 1428 1943 mtatis
1443 1924 1595 1944 mensuram
1607 1919 1817 1951 pervenerimus.

1029 1965 1091 1986 tunc
1115 1961 1190 1987 nobis
1210 1961 1289 1987 tradit
1316 1962 1405 1988 omnia
1433 1970 1492 1996 qua:
1520 1962 1652 1996 pollicitus
1667 1968 1729 1995 est;
1748 1971 1817 1990 nunc

1027 2013 1091 2032 vero
1101 2012 1232 2041 tamquam
1249 2015 1346 2042 pueros
1360 2016 1456 2041 parvos
1469 2009 1547 2035 docet
1558 2017 1616 2035 cum
1632 2009 1816 2037 exhortatione

1027 2056 1053 2077 ct
1064 2053 1253 2079 consttlatiute.
1268 2053 1322 2080 Nec
1338 2054 1388 2081 hoc
1398 2055 1482 2081 solum
1497 2060 1537 2081 est
1550 2055 1757 2082 enmlumentuut
1784 2064 1817 2083 ex

1026 2098 1171 2131 pranuissis
1186 2099 1411 2132 tribulationibus,
1428 2108 1519 2127 verum
1534 2105 1561 2127 et
1571 2101 1640 2128 aliud
1654 2102 1698 2128 illo
1713 2110 1765 2129 non
1781 2103 1817 2128 itt-

1027 2143 1117 2170 fcrius.
1127 2145 1175 2176 Qui
1185 2145 1255 2171 cnitn
1268 2146 1340 2179 prius
1347 2151 1406 2172 erat
1414 2146 1439 2172 in
1451 2146 1562 2179 deliciis,
1571 2155 1630 2174 mox
1641 2148 1816 2181 postdclicias

1027 2189 1150 2216 ultionem
1158 2195 1325 2224 exspectans,
1334 2200 1419 2226 tteque
1428 2194 1603 2226 prmsenlibus
1610 2193 1705 2220 fruitur
1713 2195 1814 2221 deliciis

1027 2241 1134 2270 propter
1148 2235 1293 2262 futurarum
1309 2237 1490 2264 molestiarum
1506 2240 1750 2273 exspectationem;
1769 2242 1845 2275 qui.~

1025 2289 1088 2308 vero
1104 2283 1177 2316 prius
1187 2287 1244 2309 erat
1257 2283 1282 2308 itt
1298 2284 1426 2313 tristibus.
1442 2284 1538 2311 deinde
1552 2289 1610 2318 post
1622 2284 1678 2312 hate
1689 2286 1815 2312 suavibus

1026 2329 1164 2361 politttrus,
1172 2329 1251 2355 etiam
1264 2334 1408 2362 pra:sentes
1416 2329 1583 2356 difficultates
1593 2336 1701 2365 pls-pter
1711 2331 1813 2358 futuro-

1025 2381 1082 2400 rum
1094 2381 1167 2408 spcm
1182 2374 1309 2401 bonorunt
1321 2375 1477 2401 contemnit.
1488 2375 1544 2401 Non
1557 2376 1635 2410 igitur
1650 2377 1739 2403 tutela:
1753 2382 1813 2403 tan-

1025 2424 1078 2446 tunt
1091 2428 1169 2447 causa
1180 2424 1287 2453 nostrae,
1297 2428 1387 2447 verttm
1397 2426 1422 2447 et
1431 2421 1573 2454 voluptatis
1581 2426 1607 2448 et
1618 2422 1813 2448 consolationi“

1025 2466 1111 2500 priora
1122 2466 1213 2492 statuit
1225 2474 1284 2493 esse
1295 2467 1403 2493 molesta
1413 2488 1420 2498 ,
1436 2471 1464 2492 ιιι
1477 2466 1624 2493 futurorum
1639 2474 1685 2500 spe
1699 2467 1813 2494 relevati

1024 2511 1124 2538 nullum
1141 2513 1312 2546 pra-sentiunt
1327 2512 1462 2546 capiamus
1475 2519 1593 2539 sensum.
1611 2513 1643 2538 Et
1657 2512 1707 2539 hoc
1724 2513 1812 2546 ipsum

1024 2557 1121 2584 Paulus
1135 2558 1285 2590 significans
1297 2557 1401 2584 dicebat
1418 2566 1424 2583 :
1438 2557 1616 2584 Momentattea
1634 2558 1720 2584 leuitas
1732 2559 1814 2585 tribu—

1022 2602 1123 2629 lationis
1145 2608 1236 2630 nostra:
1257 2612 1335 2636 supra
1350 2603 1450 2629 modum
1476 2603 1502 2629 in
1524 2603 1675 2629 sublimitate
1689 2609 1812 2630 (sternunt

1022 2649 1120 2682 pondus
1135 2649 1224 2683 gloriw
1242 2649 1313 2675 nobis
1328 2654 1456 2683 operatur,
1471 2657 1521 2675 non
1535 2649 1753 2675 considerantibus
1762 2658 1810 2676 no-

1021 2694 1057 2720 bis
1068 2702 1123 2728 quw
1137 2695 1260 2725 videntur,
1273 2695 1317 2721 sed
1327 2702 1383 2729 qua:
1396 2703 1447 2720 non
1461 2695 1578 2721 videntur
1593 2694 1638 2730 (2.
1651 2694 1709 2721 Cor.
1722 2695 1748 2722 4.
1766 2696 1810 2722 17.

1023 2741 1054 2766 18
1071 2742 1090 2773 ).
1103 2740 1199 2767 chem
1226 2740 1368 2774 appellavit
1392 2740 1589 2767 tribulationem
1601 2761 1608 2773 ,
1632 2747 1685 2766 non
1703 2746 1811 2775 propter

1022 2786 1154 2820 propriam
1175 2787 1296 2821 gravium
1321 2791 1454 2818 naturam,
1471 2786 1518 2813 sed
1536 2791 1644 2821 propter
1658 2787 1809 2818 futurorum

1022 2834 1245 2867 exspectationem
1269 2833 1410 2860 bonorum.
1427 2832 1502 2860 Sicut
1519 2833 1589 2860 extim
1609 2842 1740 2864 mercator
1754 2846 1808 2866 non
