1983 3125
114 121 164 148 ιεο

112 179 230 213 ἔμπορος
244 178 293 204 οὐκ
309 177 468 204 αἰσθάνεται
485 178 535 213 τῆς
548 177 619 205 κατά
631 177 679 212 τὴν
699 177 836 204 ναυτιλίαν
853 176 946 204 ταλαι-

113 222 228 256 πωρίας,
247 223 280 257 τῇ
304 221 357 248 τῶν
387 222 505 257 φορτίων
529 214 618 249 ἐλπίδι
645 222 850 256 κουφιζόμενος,
876 221 922 248 καὶ
934 222 955 247 ὁ·

112 266 255 299 πυκτεύων
268 265 399 299 γενναίως
423 266 501 302 φέρει
527 266 561 293 τὰ
585 266 731 302 τραύματα
750 266 800 300 τῆς
817 265 947 300 κεφαλῆς,

113 310 181 345 πρὸς
195 310 240 335 τὸν
255 309 390 344 στέφανον
406 309 580 336 ἀποϐλέπων·
596 304 749 346 [168]οὕτω
761 310 794 345 δὴ
807 309 854 336 καὶ
869 310 949 344 ἡμεῖς

114 354 182 389 πρὸς
192 353 237 380 τὸν
254 354 368 390 οὐρανὸν
383 354 430 380 καὶ
455 353 490 380 τά
511 355 540 380 ἐν
565 356 622 385 τοῖς
644 354 767 389 οὐρανοῖς
784 352 950 384 ἀτενίζοντες

113 398 212 431 ἀγαθὰ,
228 398 278 424 ὅσα
295 397 328 424 ἂν
345 398 510 433 ἐπιφέρηται
522 398 607 430 δεινὰ,
630 398 719 424 πάντα
733 397 865 432 γενναίως
880 397 952 423 οἷσο-

114 450 164 476 μεν
176 443 209 476 τῇ
226 443 330 477 χρηστῇ
343 442 396 468 τῶν
415 441 565 477 μελλόντων
585 441 672 468 ἐλπίδι
682 441 865 477 νευρούμενοι.
880 440 951 467 Ταύ-

113 495 163 521 την
179 486 269 512 τοίνυν
288 486 415 517 λαϐόντες
428 487 477 522 τὴν
497 486 575 522 ῥῆσιν
598 486 769 521 ἀπέλθωμεν·
789 486 813 511 εἰ
825 485 879 519 γὰρ
903 484 951 511 καὶ

113 530 177 564 ψιλὴ
192 530 238 556 καὶ
254 530 377 566 βραχεῖα,
398 530 465 557 ἀλλά
476 530 575 565 πολλὴν
588 530 644 565 ἔχει
657 529 814 564 φιλοσοφίας
826 529 951 555 διδασκα-

114 574 184 601 λίαν.
206 574 234 600 '0
250 576 278 601 ἐν
293 575 374 610 ὀδύνῃ
388 575 435 601 καί¹
451 574 549 609 θλίψει,
574 573 712 610 ἀρκοῦσαν
733 573 789 609 ἔχει
808 572 951 608 παράκλη-

115 627 168 645 σιψ
187 620 200 645 ὁ
219 620 247 645 ἐν
262 621 351 654 τρυφῇ
378 619 426 645 καὶ
454 618 623 653 πολυτελείᾳ,
642 618 729 654 μέγαν
751 616 951 652 σωφρονισμόν.

117 663 200 689 Ὅταν
212 664 266 698 γὰρ
282 664 328 690 ἐπί
342 664 390 698 τῆς
405 663 545 698 τραπέζης
561 662 756 698 κατακείμενος
775 660 952 696 ἀναμνησθῇς

115 707 164 741 τῆς
184 707 290 742 ῥήσεως
307 706 420 742 ταύτης,
431 707 618 742 ἀποπηδήσεις
631 706 735 741 ταχέως
747 706 796 740 τῆς
812 704 897 740 μέθης
906 704 953 730 καὶ

115 751 165 784 τῆς
182 751 346 786 ἀδηφαγίας,
363 751 456 786 μαθὼν
473 751 519 777 διὰ
530 751 580 786 τῆς
596 749 695 782 λέξεως
708 749 819 784 ταύτης,
840 749 880 775 ὃτι
911 749 954 774 ἐν·

117 795 252 829 αγωνίους
265 796 340 831 ἡμᾶς
354 793 495 830 εἴναιχρή·
510 794 557 821 καὶ
571 794 739 829 πρὺςὲαυτδν
752 794 834 829 ἐρεῖς·
848 791 953 824 Παῦλος

117 839 146 864 ἐν
161 839 271 874 δεσμοῖς
286 840 333 866 καὶ
350 838 558 873 δεσμωτηρίοις,
572 837 628 871 ἐγὼ
643 837 671 864 δὲ
684 838 712 863 ἐν
729 836 798 872 μέθῃ
814 836 860 863 καὶ
872 836 955 862 πολυ-

117 882 191 908 τελεῖ
207 883 343 919 τραπέζῃ·
358 883 406 909 καὶ
423 882 503 914 ποίας
527 881 657 916 τεύξομαι
673 879 854 915 συγγνώμης;
870 879 955 906 Τοῦτο

119 927 166 953 καὶ
176 927 298 961 γυναιξὶν
309 927 460 962 ἐπιτήδειον
476 927 507 952 τὸ
519 926 604 961 ῥῆμα·
621 926 648 952 αἱ
664 925 718 960 γὰρ
733 925 893 960 φιλόκοσμοι
908 924 955 951 καὶ

119 970 284 1002 πολυτελεῖς,
305 971 351 997 καὶ
365 970 458 1006 χρυσῷ
475 976 487 990 ιι
504 969 637 997 πάντοθεν
648 969 747 1001 ἑαυτὰς
767 969 956 1002 καταὸεσμοῦ-

120 1023 175 1045 σαι,
190 1015 238 1049 τῆς
250 1014 369 1046 ἁλύσεως
384 1013 719 1049 ταύτηςάναμνησθεῖσαι,
738 1014 911 1048 μισήσουσιν,
925 1010 954 1040 εὖ

119 1056 167 1085 οἷδ’
181 1059 232 1091 ὅτι,
249 1060 296 1086 καὶ
313 1059 482 1094 βδελύξονται
504 1058 550 1085 τὸν
575 1058 676 1093 κόσμον
691 1059 803 1089 ἐκεῖνον,
822 1058 869 1084 καὶ
888 1058 956 1093 πρὸς

119 1103 206 1131 ταῦτα
225 1103 391 1139 δραμοῦνται
407 1103 440 1130 τὰ
455 1102 553 1137 δεσμά.
568 1099 679 1128 Ἐκεῖνα
710 1103 759 1137 μὲν
772 1102 826 1136 γὰρ
852 1102 957 1128 πολλῶν

121 1148 213 1173 κακῶν
226 1148 301 1174 αἴτια
316 1147 411 1181 γέγονε
429 1146 569 1178 πολλάκις,
587 1147 634 1172 καὶ
649 1146 761 1181 μυρίους
774 1146 910 1181 πολέμους
917 1146 957 1177 είς

120 1191 169 1226 τὴν
184 1190 272 1217 οἰκίαν
290 1191 426 1225 συνήγαγε
440 1190 464 1221 b,
481 1190 527 1216 καὶ
541 1190 654 1224 φθόνους
677 1190 723 1216 καὶ
739 1190 887 1225 βασκανίας
911 1190 958 1216 καὶ

123 1237 199 1269 μῖσος
212 1234 298 1261 ἔτεκε
319 1234 406 1261 ταῦτα
432 1234 460 1260 δὲ
479 1233 529 1267 τῆς
556 1233 718 1269 οἰκουμένης
743 1233 793 1265 τὰς
823 1233 958 1269 ἁμαρτίας

122 1279 209 1309 ἔλυσε,
231 1279 277 1305 καὶ
293 1278 423 1313 δαίμονας
439 1278 566 1313 ἐφόϐησε,
581 1278 627 1304 καὶ
641 1277 763 1304 διάὸολον
780 1277 956 1311 ἐφυγάδευσε.

122 1323 199 1350 Μετὰ
206 1323 308 1350 τούτων
320 1324 349 1349 ἐν
366 1322 405 1358 τῷ
417 1322 596 1357 δεσμωτηρίῳ
609 1321 755 1356 διατρίϐων
766 1321 811 1348 τὸν
823 1321 942 1357 δεσμοφύ
950 1337 959 1341 -

122 1369 193 1395 λακα
208 1368 310 1398 ἔπεισε,
323 1367 392 1402 μετά
398 1366 500 1393 τούτων
513 1367 559 1393 τὸν
577 1366 730 1402 Ἀγρίππαν
748 1366 919 1392 ἐπεσπάσατο
930 1370 941 1383 ο
950 1384 957 1397 ,

125 1412 194 1447 μετὰ
207 1411 309 1438 τούτων
323 1411 437 1443 πολλοὺς
453 1411 576 1446 μαθητὰς
599 1409 799 1437 κατεσκεύασεν
812 1411 826 1436 ὁ
842 1409 959 1441 Παῦλος.

124 1456 173 1482 Διὰ
187 1455 265 1482 τοῦτο
279 1456 325 1482 καὶ
341 1455 443 1489 ἔλεγεν·
453 1456 504 1482 Ἐν
516 1451 540 1487 ᾧ
551 1453 712 1481 κακοπαθῶ
723 1454 811 1488 μέχρι
828 1453 959 1488 δεσμῶν,

124 1501 164 1533 ὡς
177 1499 352 1534 κακοῦργος,
376 1500 445 1526 ἀλλ’
466 1500 482 1525 ὁ
499 1499 589 1531 λόγος
605 1497 658 1524 τοῦ
679 1498 753 1524 Θεοῦ
772 1499 809 1524 οὺ
832 1497 958 1524 δέδεται.

125 1544 258 1580 Καθάπερ
274 1543 329 1578 γὰρ
343 1543 441 1569 ἀκτῖνα
454 1542 533 1577 δῆσαι
550 1542 580 1568 οὐ
601 1541 714 1568 δυνατὸν
727 1541 789 1568 ούδέ
805 1541 960 1575 συγκλεῖσαι

125 1590 154 1615 ἐν
168 1588 252 1624 οἰκίᾳ,
269 1586 356 1618 οὕτως
372 1586 434 1613 οὐδὲ
460 1586 507 1612 τοῦ
534 1585 712 1620 κηρύγματος
733 1586 778 1611 τὸν
802 1585 891 1619 λόγον.
907 1587 962 1612 Καὶ

126 1632 216 1668 πολλῷ
228 1631 308 1658 πλέον
327 1632 341 1657 ὁ
354 1630 512 1661 διδάσκαλος
529 1630 643 1661 ἐδέδετο,
657 1630 704 1656 καὶ
714 1631 728 1656 ό
746 1629 824 1663 λόγος
839 1629 960 1656 ἐπέτετο·

126 1680 229 1709 ἐκεῖνος
242 1677 272 1703 τὸ
286 1676 472 1711 δεσμωτήριον
489 1675 566 1711 ᾤκει,
581 1677 626 1701 καὶ¹
644 1676 660 1711 ἡ
675 1675 840 1702 διδασκαλία
856 1685 962 1712 πτερω-

127 1723 204 1749 θεῖσα
216 1721 369 1756 πανταχόσε
380 1721 429 1756 τῆς
443 1720 604 1755 οἰκουμένης
618 1720 719 1755 ἔτρεχε.

167 1767 204 1799 ς’.
224 1766 304 1793 Ταῦτ’
320 1763 366 1792 οὖν
382 1765 483 1796 εἰδότες
502 1764 539 1800 μὴ
562 1765 832 1800 προκαταπίπτωμεν
848 1767 894 1792 ἐπὶ
909 1768 964 1798 τοῖς

129 1812 236 1843 δεινοῖς,
261 1810 329 1837 ἀλλά
350 1809 449 1845 μᾶλλον
473 1810 533 1836 τότε
549 1808 727 1844 δυνατώτεροι
743 1809 893 1845 γινώμεθα,
905 1811 965 1837 τότε

131 1855 310 1891 ἰσχυρότεροι·
336 1855 372 1881 Ἠ
387 1854 442 1889 γὰρ
458 1853 561 1888 0.17111;-
576 1855 733 1889 ὑπομονὴν
749 1854 964 1890 κατεργάζεται.

129 1900 175 1935 Μὴ
190 1899 318 1935 ἀλγῶμεν
331 1899 377 1925 ἐπὶ
391 1899 451 1929 ταῖς
474 1898 658 1933 ὲπαγομέναις
676 1900 838 1934 συμφοραῖς,
865 1900 921 1926 ἀλλ’
937 1901 966 1927 ἐν

130 1944 231 1981 ἅπασιν
246 1943 454 1979 εὐχαριστῶμεν
466 1943 505 1978 τῷ
522 1943 592 1978 Θεῷ.
616 1943 750 1978 Δευτέραν
767 1944 899 1979 ἑϐδομάδα
916 1946 966 1980 τῆς

130 1989 258 2023 νηστείας
274 1988 461 2024 παρήλθομεν,
472 1987 540 2014 ἀλλὰ
557 1988 593 2024 μὴ
607 1987 685 2015 τοῦτο
700 1988 855 2024 σκοπῶμεν·
870 1990 898 2015 οὐ
912 1990 967 2025 γὰρ

130 2033 209 2060 τοῦτό
226 2033 284 2059 ἐστι
307 2031 453 2068 παρελθεῖν
471 2031 606 2066 νηστείαν,
624 2032 672 2059 ἐὰν
693 2033 739 2058 τὸν
756 2033 851 2068 χρόνον
869 2034 968 2069 παρέλ-

131 2078 233 2112 θωμεν.
248 2077 333 2103 Τοῦτο
345 2075 529 2110 λογισώμεθα,
547 2076 571 2101 εί
588 2075 793 2111 σπουδαιότεροι
805 2077 966 2112 γεγόναμεν,

131 2123 155 2148 ει
168 2119 364 2157 διωρθώσαμέν
381 2129 406 2146 τι
421 2119 475 2145 τῶν
492 2119 635 2154 ἡμετέρων
651 2119 862 2155 ἐλαττωμάτων,
888 2122 912 2147 εἰ
935 2122 968 2148 τά

134 2165 321 2201 ἁμαρτήματα
336 2163 538 2199 ἀπενιψάμεθα.
556 2163 637 2195 Ἔθος
663 2164 764 2190 ἅπασιν
777 2165 882 2200 ἐρωτᾷν
899 2162 972 2193 κατὶ

131 2210 181 2245 τὴν
191 2209 430 2244 Τεσσαρακοστὴν,
441 2208 525 2239 πόσας
535 2208 650 2239 ἕκαστος
658 2207 805 2243 ἑϐδομάδας
811 2209 967 2244 ὲνήστευσε·

134 2254 182 2280 καὶ
199 2254 271 2279 ἐστιν
286 2253 401 2279 ἀκοῦσαι
416 2252 550 2286 λεγόντων
564 2251 618 2278 τῶν
639 2251 698 2286 μὲν,
718 2252 758 2278 ὅτι
781 2252 838 2282 δύο,
859 2253 914 2279 τῶν
929 2253 968 2287 δέ,

133 2297 174 2324 ὅτι
189 2298 273 2332 τρεῖς,
290 2296 345 2322 τῶν
362 2296 400 2329 δὲ,
411 2296 452 2322 ὅτι
468 2296 557 2325 πάσας
568 2295 732 2330 ἐνήστευσαν
747 2295 796 2327 τὰς
807 2296 968 2332 ὲΰδομάδας.

135 2341 190 2367 Καὶ
201 2341 227 2366 τί
241 2340 272 2366 τὸ
288 2340 394 2375 κέρδος,
409 2340 456 2366 ἐὰν
472 2339 570 2375 ἔρημοι
585 2340 805 2375 κατορθωμάτων
827 2340 970 2377 παρέλθω-

136 2394 186 2420 μεν
201 2384 250 2419 τὴν
274 2383 418 2419 νηστείαν;
437 2384 499 2410 Ἐὰν
526 2384 618 2419 ἔτερος
634 2383 711 2419 λέγῃ,
728 2383 770 2410 ὅτι
793 2385 888 2411 Πᾶσαν
910 2386 971 2421 ἐνή-

136 2437 234 2455 στευσα
251 2429 299 2462 τὴν
313 2428 547 2463 τεσσαρακοστὴν,
563 2429 594 2454 σὺ
610 2429 679 2460 εἰπὲ,
696 2429 736 2455 ὅτι
760 2429 872 2464 Ἐγθρὸν
887 2427 969 2465 εἶχον,

136 2473 182 2498 καὶ
193 2471 377 2506 κατηλλάγην·
392 2471 452 2502 ἔθος
463 2469 534 2505 εἶχον
543 2473 717 2507 κακηγορεῖν,
734 2473 781 2499 καὶ
796 2474 969 2509 ἐπαυσάμηψ

136 2516 195 2546 ἔθος
212 2513 285 2550 εἶχον
293 2514 421 2549 ὀμνύναι,
439 2514 486 2541 καὶ
509 2514 591 2540 ἔλυσα
607 2515 637 2541 τὸ
663 2516 780 2552 πονηρὸν
801 2516 871 2556 ἔθοςἐ
889 2518 972 2545 Οὐδὲν

135 2559 232 2594 δφελος
255 2560 311 2590 τοῖς
336 2558 479 2593 ἐμπόροις,
496 2558 528 2585 ἂν
544 2559 611 2585 πολὺ
638 2559 711 2595 [169]
731 2561 817 2595 μῆκος
838 2561 972 2596 πελάγους

138 2604 366 2640 παραδράμωσιν,
378 2602 435 2628 ἀλλ’
451 2603 497 2629 ἐὰν
514 2603 582 2638 μετὰ
599 2604 716 2639 φορτίων
727 2604 828 2631 πλέωσι
845 2606 892 2632 καὶ
907 2607 973 2633 πολι

136 2647 186 2683 λῆς
198 2648 247 2682 τῆς
262 2647 406 2682 ἐμπορίας
424 2647 500 2673 οὐδὲν
515 2647 609 2681 ὄφελος
627 2649 676 2684 τῆς
692 2649 816 2683 νηστείας
834 2651 910 2685 ἡμῖν,
939 2651 973 2678 ἃν

138 2691 317 2727 παρέλθωμεν
333 2692 417 2726 αὐτὴν
431 2691 525 2723 ἁπλῶς
538 2692 585 2718 καὶ
602 2693 664 2727 είκῆ
682 2694 728 2719 καὶ
744 2694 842 2728 μάτην.
865 2695 912 2721 Ἂν
925 2695 973 2731 τὴν

137 2735 192 2762 τῶν
204 2735 355 2770 βρωμάτων
365 2736 540 2771 νηστεύωμεν
559 2737 697 2771 νηστείαν,
710 2737 903 2773 παρελθουσῶν
919 2739 973 2766 τῶν

136 2780 345 2815 τεσσαράκοντα
359 2781 470 2816 ἡμερῶν
494 2781 663 2816 παρέρχεται
678 2782 727 2808 καὶ
749 2783 766 2817 ἡ
783 2784 905 2818 νηστεία-
926 2785 973 2810 ἐὰν

170 2852 185 2884 _‘
200 2852 247 2884 Alli
257 2852 297 2876 καὶ
308 2853 406 2884 χρυσίῳ.

170 2882 185 2902 δ
199 2883 246 2907 Alii
258 2882 376 2914 εἰσήγαγε.

172 2916 183 2929 ε
196 2914 297 2944 Quidam
308 2921 365 2939 mss.
377 2915 417 2939 τὸν
427 2916 523 2944 Φῆστον
535 2914 696 2946 ἐπεσπάσατο,
718 2914 793 2939 male.

485 119 517 146 S.
542 119 684 148 JOANNIS
702 118 948 147 CllliYSOSTOMl
967 117 1129 147 ARCHIEP.
1151 117 1424 146 CONSTANTINOP.

1788 115 1853 144 ΠΟ

1001 177 1029 204 δὲ
1047 177 1254 213 ἁμαρτημάτων
1266 175 1444 211 ἀπεχώμεθα,
1464 175 1511 202 καὶ
1524 175 1573 210 τῆς
1597 178 1721 212 νηστείας
1733 183 1772 201 πα
1777 174 1855 211 ρελ-

1003 221 1104 257 θούσης
1119 220 1232 255 ταύτης,
1246 221 1337 255 ἐκείνη
1354 219 1433 246 πάλιν
1451 219 1536 254 μένει,
1559 219 1605 246 καὶ
1619 219 1743 255 διηνεκὴς
1759 220 1857 246 ἔσται

1003 265 1128 293 ἐντεῦθεν
1142 266 1207 301 ἡμῖν
1220 265 1236 300 ὴ
1247 263 1375 298 ὠφέλεια,
1393 264 1440 290 καὶ
1454 263 1506 299 πρὸ
1516 263 1564 298 τῆς
1581 263 1717 298 βασιλείας
1727 263 1784 291 τῶν
1800 263 1858 290 οὐ·

1006 308 1095 344 ρανῶν
1108 309 1138 335 οὐ
1157 308 1259 344 μικρὰς
1272 308 1337 343 ἡμῖν
1361 305 1479 333 ἐνταῦθα
1495 305 1628 333 ἀποδώσει
1643 306 1691 338 τὰς
1709 306 1856 342 ἀμοιϐάς*

1004 352 1098 388 ὥσπερ
1115 352 1169 387 γὰρ
1183 353 1198 378 ὁ
1211 352 1264 384 ζῶν
1275 353 1303 378 ὲν
1316 351 1444 386 πονηρία,
1462 351 1509 377 καὶ
1531 350 1583 386 πρὸ
1597 352 1645 386 τῆς
1664 351 1777 386 γεέννης
1799 358 1860 376 κο-

1004 397 1115 429 λάζεται
1127 396 1166 432 τῴ
1184 396 1312 423 συνειδότι
1326 395 1515 430 κεντούμενος·
1530 395 1616 427 οὕτως
1632 397 1646 422 ὁ
1661 395 1787 422 πλουτῶν
1823 395 1860 420 ὲν

1007 440 1212 476 κατορθώμασι,
1240 441 1287 467 καὶ
1302 440 1355 475 προ
1376 440 1424 475 τῆς
1450 439 1587 474 βασιλείας
1602 440 1689 474 χαρᾶς
1707 440 1860 475 μεγίστης

1004 485 1201 517 ἀπολαύσεται,
1216 486 1347 520 χρησταῖς
1363 485 1558 520 ἐντρεφόμενος
1575 484 1674 511 ἐλπίσι.
1692 485 1742 511 Διὰ
1763 484 1862 510 τοῦτο

1006 529 1020 555 ό
1033 529 1149 564 Χριστός
1162 537 1238 564 φησι⁸
1257 529 1352 555 Πάλιν
1368 529 1476 563 ὄψομαι
1491 527 1576 562 ὑμᾶς,
1595 529 1642 555 καὶ
1658 528 1859 563 χαρήσεσϐε,

1008 573 1057 599 καὶ
1073 572 1130 606 τὴν
1141 573 1238 607 χαρὰν
1255 572 1338 608 ὑμῶν
1358 573 1457 605 οὐδεὶς
1471 572 1625 607 λαμϐάνει.
1642 573 1734 608 Βραχὺ
1748 573 1780 599 τὸ
1800 572 1861 607 ρἧ

1011 625 1059 652 μα,
1072 616 1139 643 ἀλλὰ
1154 616 1255 652 πολλὴν
1274 617 1330 652 ἔχει
1359 617 1546 652 παραμυθίαν.
1571 616 1602 642 Τί
1624 617 1682 643 ποτ’
1703 615 1750 644 οὖν
1773 617 1859 649 ἐστι,

1011 659 1070 694 Τὴν
1086 661 1185 695 χαρὰν
1197 659 1281 695 ὑμῶν
1290 661 1388 694 οὐδεὶς
1398 661 1558 695 λαμϐάνει;
1571 661 1708 696 Χρήματα
1722 660 1755 687 ἃν
1766 660 1859 695 ἔχῃς,

1009 703 1101 730 πολλοὶ
1118 703 1245 731 δύνανται
1261 713 1308 731 σου
1330 705 1380 739 τὴν
1397 704 1483 740 χαρὰν
1503 705 1553 740 τὴν
1580 705 1634 731 ἀπὺ
1660 703 1708 730 τοῦ
1726 704 1860 730 πλούτου

1007 749 1110 782 λαϐεῖν,
1123 749 1169 775 καὶ
1181 749 1302 784 κλέπτης
1313 749 1458 785 διορύττων
1469 751 1568 784 τοῖχον,
1585 750 1631 776 καὶ
1646 749 1755 784 οἰκέτης
1766 750 1862 783 ἀφαι-

1010 793 1141 829 ρούμενος
1155 793 1189 819 τὰ
1199 793 1424 828 ἐμπιστευθέντα,
1440 794 1487 821 καὶ
1500 794 1625 829 βασιλεὺς
1643 793 1782 829 δημεύων,
1801 793 1861 819 καὶ

1011 837 1146 872 βάσκανος
1170 836 1312 873 ἄνθρωπος
1328 837 1498 874 ἐπηρεάζων.
1526 838 1689 864 Δυναστείαν
1714 838 1748 864 ἂν
1770 837 1859 872 ἔχῃς.

1009 881 1103 908 πολλοὶ
1114 880 1241 908 δύνανταί
1256 890 1303 908 σου
1316 881 1408 908 λαϐεῖν
1420 882 1469 916 τὴν
1482 883 1535 908 ἀπὸ
1547 882 1649 916 ταύτης
1665 882 1763 917 χαράν*
1783 882 1860 907 ὃταν

1009 931 1064 966 γὰρ
1081 929 1269 966 παραλυθῇτά
1284 930 1334 965 τῆς
1350 927 1449 964 ἀρχῆς,
1474 927 1696 962 παραλυθήσεται
1707 927 1720 945 ά
1736 926 1785 953 καὶ
1819 926 1860 952 τὰ

1008 975 1058 1009 τῆς
1078 975 1184 1010 ἡδονῆς*
1203 974 1251 1001 καὶ
1266 975 1294 1000 ἐν
1308 973 1376 1008 αὐτῇ
1386 973 1415 999 δὲ
1427 973 1460 1008 τῇ
1474 972 1545 1007 ἀρχῇ
1554 971 1639 998 πολλά
1655 970 1859 1006 συμπίπτοντα

1010 1019 1171 1054 πράγματα,
1188 1017 1330 1044 δυσκολίαν
1350 1016 1445 1052 ἔχοντα
1465 1016 1513 1042 καὶ
1525 1015 1679 1050 φροντίδας,
1697 1014 1861 1049 ὑποτέμνε-

1009 1063 1056 1090 ταί
1074 1071 1121 1089 σου
1134 1062 1183 1098 τὴν
1204 1061 1346 1097 εὐθυμίαν.
1367 1061 1455 1095 ’ἰσχὺν
1475 1060 1602 1095 σώματος
1617 1059 1664 1086 ἐὰν
1677 1059 1753 1094 ἔχῃς,
1768 1059 1859 1090 νόσος

1012 1107 1163 1134 ἐπελθοῦσα
1177 1106 1306 1133 κατέλυσε
1319 1104 1368 1140 τὴν
1380 1104 1434 1130 ἀπὸ
1447 1103 1550 1139 ταύτης
1565 1103 1662 1139 χαράν·
1680 1103 1780 1134 κάλλος
1802 1102 1859 1128 ἐὰν

1013 1152 1079 1188 ἔχῃς
1096 1153 1142 1179 καὶ
1163 1152 1249 1187 ὤραν,
1274 1150 1362 1185 γῆρας
1382 1147 1494 1175 ἐπελθὸν
1513 1148 1634 1183 ἐμάρανε
1659 1147 1706 1174 καὶ
1723 1147 1860 1181 ἀφείλετο

1011 1199 1061 1233 τὴν
1077 1197 1174 1233 χαράν·
1190 1195 1328 1232 τραπέζης
1353 1194 1401 1221 ἐὰν
1416 1192 1572 1228 ἀπολαύσῃς
1585 1191 1755 1222 πολυτελοῦς,
1769 1189 1860 1216 ἐσπέ-

1016 1251 1065 1278 ρας
1085 1239 1302 1274 καταλαϐούσης,
1314 1237 1449 1273 κατελύθη
1470 1237 1516 1264 καὶ
1530 1237 1546 1271 ἡ
1560 1237 1609 1270 τῆς
1629 1235 1746 1270 εὐωχίας
1766 1233 1858 1268 χαρά·

1014 1288 1130 1314 ἕκαστον
1152 1285 1206 1321 γὰρ
1220 1285 1277 1311 τῶν
1298 1283 1431 1319 βιωτικῶν
1456 1281 1626 1318 πραγμάτων
1649 1278 1860 1315 εὐεπηρέαστόν

1013 1333 1082 1364 ἐστι,
1092 1330 1140 1357 καὶ
1153 1330 1266 1365 μόνιμον
1277 1330 1343 1364 ἡμῖν
1355 1328 1406 1354 οὐκ
1420 1326 1505 1362 ἰσχύει
1521 1326 1671 1361 παρασχεῖν
1679 1325 1728 1358 τὴν
1741 1323 1858 1358 ἡδονήν·

1013 1377 1030 1411 ὴ
1041 1376 1070 1402 δὲ
1085 1374 1210 1401 εὐσέϐεια
1226 1374 1273 1400 καὶ
1284 1374 1300 1409 ἡ
1311 1372 1381 1399 κατὰ
1392 1372 1481 1407 ψυχὴν
1494 1370 1579 1407 ἀρετὴ
1592 1368 1746 1396 τούναντίον
1767 1368 1858 1394 ἆπαν.

1020 1410 1221 1455 Ἔλεημοσύνην
1245 1417 1292 1444 ἐὰν
1318 1417 1445 1453 ποιήσῃς,
1467 1415 1555 1446 οὐδεὶς
1578 1413 1687 1448 ἀφελεῖν
1700 1411 1814 1438 δύναται
1826 1410 1860 1436 τὸ

1016 1463 1194 1499 κατόρθωμα,
1212 1461 1263 1488 κᾶν
1274 1461 1454 1497 στρατόπεδα,
1473 1459 1525 1486 κᾶν
1546 1458 1676 1494 βασιλεῖς,
1688 1456 1741 1483 κᾶν
1761 1455 1860 1491 μυρίοι

1017 1509 1194 1542 συκοφάνται,
1213 1507 1264 1534 κᾶν
1283 1505 1420 1532 ἐπίϐουλοι
1444 1503 1575 1530 πάντοθεν
1591 1501 1751 1532 ἐπιθῶνται,
1763 1499 1796 1526 τὸ
1815 1500 1860 1530 είς

1015 1553 1059 1579 τὸν
1070 1552 1183 1587 οὐρανὸν
1193 1550 1324 1578 ἀποτεθέν
1337 1549 1429 1584 κτῆμα
1440 1546 1587 1582 ἀφελέσθαι
1599 1546 1629 1572 ού
1639 1545 1778 1572 δύνανται”
1787 1542 1860 1570 ἀλλᾶ

1018 1597 1093 1632 μένει
1108 1595 1235 1631 διηνεκὴς
1248 1595 1263 1629 ἡ
1277 1593 1359 1629 χαρά.
1376 1593 1558 1625 Ἐσκόρπισε
1575 1590 1640 1624 γὰρ,
1656 1589 1751 1632 φησὶν,
1762 1587 1860 1632 ἔδωκε

1015 1630 1079 1674 τοῖς
1092 1630 1232 1673 πένησιν,
1246 1640 1264 1672 ἡ
1275 1636 1455 1669 δικαιοσύνη
1470 1634 1563 1661 αὑτοῦ
1571 1633 1707 1668 μένειείς
1723 1631 1777 1658 τὸν
1788 1630 1860 1657 ιιὶὼ-

1016 1694 1064 1712 γα·
1086 1686 1132 1711 καὶ
1148 1683 1219 1720 μάλα
1230 1683 1353 1713 εἰκότως.
1372 1681 1417 1708 Ἐν
1434 1679 1489 1715 γὰρ
1503 1680 1558 1710 τοῖς
1573 1678 1626 1704 τῶν
1640 1676 1763 1713 οὐρανῶν
1787 1675 1859 1701 ἀπό-

1017 1738 1106 1756 κειται
1122 1727 1268 1764 ταμιείοις,
1281 1727 1347 1753 ὅπου
1363 1725 1394 1752 οὺ
1414 1724 1533 1759 κλέπτης
1544 1722 1687 1758 διορύττει,
1705 1721 1736 1747 οὒ
1754 1719 1858 1755 λῃστὴς

1017 1774 1161 1810 λαμϐάνει,
1179 1773 1209 1799 οὺ
1239 1771 1288 1807 σὴς
1305 1769 1454 1798 κατεσθίει.
1472 1767 1562 1803 Εύχάς
1585 1766 1633 1793 ἐὰν
1649 1765 1714 1800 εὔξῃ
1733 1765 1858 1810 συνεχεῖς

1019 1809 1066 1845 καλ
1083 1818 1211 1848 ἐκτενεῖς,
1224 1816 1270 1843 τὸν
1286 1814 1392 1850 καρπὸν
1401 1814 1447 1840 τὸν
1459 1813 1514 1840 ἀπὸ
1527 1813 1630 1838 τούτων
1643 1811 1730 1841 οὐδεὶς
1741 1809 1858 1844 συλῆσαι

1018 1863 1171 1899 δυνήσεται’
1187 1862 1234 1888 καὶ
1249 1860 1302 1896 γὰρ
1317 1857 1393 1891 οὗτος
1408 1858 1423 1885 ὁ
1434 1858 1540 1894 καρπὸς
1558 1859 1587 1884 ὲν
1601 1858 1658 1887 τοῖς
1674 1856 1799 1890 οὐρανοῖς
1814 1855 1860 1889 €9-

1022 1908 1144 1943 ῥίζωται,
1170 1907 1260 1941 πάσης
1296 1905 1428 1940 ἐπηρείας
1455 1902 1674 1938 ἀπηλλαγμένος,
1693 1901 1740 1928 καὶ
1770 1900 1858 1935 μένων

1020 1953 1177 1988 ἀχείρωτος.
1200 1951 1262 1978 Ἐὰν
1276 1950 1370 1981 κακῶς
1386 1948 1480 1976 παθὼν
1494 1947 1688 1983 εὐεργετήσῃς,
1706 1945 1754 1972 ἐὰν
1764 1944 1860 1975 κακῶς

1021 1996 1141 2027 ἀκούσας
1155 1995 1350 2030 φιλοσοφήσῃς,
1366 1993 1413 2020 ἐὰν
1423 1991 1587 2027 λοιδορηθεὶς
1600 1990 1761 2025 εὑλογήσῃς,
1771 1988 1861 2015 ταῦτα

1021 2041 1056 2068 τὰ
1075 2039 1275 2075 κατορθώματα
1290 2038 1365 2074 μένει
1393 2036 1536 2070 διηνεκῶς,
1563 2034 1610 2061 καὶ
1632 2034 1682 2069 τὴν
1704 2034 1737 2059 ἐκ
1755 2033 1860 2059 τούτων

1022 2084 1108 2120 χαρὰν
1123 2084 1209 2114 οὐδεὶς
1224 2083 1368 2117 λαμϐάνει·
1386 2081 1443 2108 ἀλλ’
1460 2080 1554 2110 ὁσάκις
1577 2078 1609 2105 ἂν
1632 2076 1721 2104 αὐτῶν
1737 2077 1862 2111 ὑπομνη-

1024 2128 1090 2164 σθῇς
1107 2134 1127 2155 υ,
1150 2127 1254 2163 χαίρεις
1272 2126 1319 2153 καὶ
1334 2125 1479 2161 εὐφραίνῃ,
1509 2123 1556 2150 καὶ
1583 2122 1683 2157 πολλὴν
1703 2120 1860 2156 καρποῦσαι

1022 2173 1071 2207 τὴν
1090 2172 1196 2207 ἡδονήν.
1227 2170 1306 2197 Οὕτω
1320 2169 1353 2205 δὴ
1366 2170 1413 2196 καὶ
1429 2169 1460 2195 τὸ
1475 2167 1586 2202 φεύγειν
1600 2167 1680 2202 ὅρκον
1696 2165 1744 2192 ἐὰν
1759 2173 1861 2200 κατορ-

1025 2217 1166 2251 θώσωμεν,
1192 2215 1239 2242 καὶ
1267 2214 1406 2249 πείσωμεν
1431 2213 1481 2248 τὴν
1495 2211 1617 2246 γλῶτταν
1645 2211 1695 2245 τὴν
1721 2210 1860 2245 ἡμετέραν

1024 2260 1175 2296 ἀπέχεσθαι
1195 2261 1244 2296 τῆς
1260 2259 1382 2294 ὀλεθρίου
1406 2257 1548 2292 συνηθείας
1561 2256 1673 2291 ταύτης,
1687 2255 1717 2281 τὸ
1732 2255 1782 2290 μὲν
1797 2263 1860 2282 κατ-

1024 2305 1136 2340 όρθωμα
1155 2305 1231 2331 ἔσται
1248 2305 1276 2330 ἐν
1303 2304 1401 2339 βραχεῖ
1425 2301 1524 2336 καιρῷ,
1545 2301 1561 2336 ὴ
1581 2300 1608 2326 δὲ
1637 2299 1791 2334 εὐφροσύνη
1814 2298 1861 2325 τοῦ

1025 2349 1238 2384 κατορθώματος
1249 2346 1382 2382 διηνεκῶς
1399 2345 1445 2372 καὶ
1465 2343 1652 2374 ἀδιαλείπτως.
1669 2342 1770 2369 Λοιπὸν
1790 2342 1861 2376 ὑμᾶς

1025 2394 1072 2420 καὶ
1086 2393 1186 2428 ἑτέρων
1201 2391 1376 2421 διδασκάλους
1386 2388 1460 2425 [I70]
1476 2386 1544 2415 εἶναι
1562 2387 1614 2423 χρὴ
1632 2386 1678 2413 καὶ
1690 2386 1860 2421 καθηγητὰς,

1025 2439 1072 2464 καὶ
1092 2436 1184 2471 φίλους
1199 2436 1261 2467 τοὺς
1278 2435 1402 2470 πλησίον,
1418 2434 1465 2460 καὶ
1478 2433 1540 2464 τοὺς
1559 2432 1666 2462 οἰκέτας
1678 2430 1707 2457 δὲ
1721 2431 1786 2462 τοὺς
1802 2439 1862 2456 συν-

1025 2482 1144 2513 δούλους,
1164 2481 1211 2507 καὶ
1227 2480 1304 2510 νέους
1322 2480 1385 2509 τοὺς
1409 2477 1544 2512 ὁμήλικας
1559 2475 1708 2510 λαμϐάνειν
1731 2475 1780 2500 καὶ
1798 2483 1861 2500 παι-

1025 2527 1112 2553 δεύειν
1129 2525 1176 2552 καὶ
1198 2524 1314 2558 ἐνάγειν,
1340 2520 1412 2558 τΛριι
1437 2521 1463 2547 εἴ
1474 2521 1515 2552 τίς
1533 2529 1573 2547 σοι
1589 2519 1716 2555 χρύσινον
1730 2519 1778 2545 ἕνα
1801 2518 1860 2545 καθ’

1026 2572 1140 2597 ἕκαστον
1157 2568 1345 2604 διορθούμενον
1358 2567 1500 2601 ἄνθρωπον
1513 2564 1706 2599 ἐπηγγείλατο,
1723 2564 1754 2588 ού
1771 2564 1861 2589 πᾶσαν

1028 2615 1060 2641 ἂν
1078 2614 1198 2649 ἐποιήσω
1215 2612 1342 2648 σπουδὴν,
1358 2611 1404 2638 καὶ
1414 2610 1572 2645 διημέρευες
1588 2607 1789 2644 προσεδρεύων,
1802 2607 1861 2632 πεί-

1028 2659 1091 2690 θων,
1109 2657 1289 2693 παρακαλῶν;
1310 2655 1367 2682 Νῦν
1383 2655 1411 2681 δὲ
1425 2655 1475 2689 οὐχ
1490 2654 1538 2680 ἕνα
1553 2653 1689 2689 χρύοινον,
1704 2651 1766 2678 οὐδὲ
1787 2651 1862 2683 δέκα,

1028 2703 1087 2729 οὐδὲ
1101 2703 1196 2733 εἴκοσι,
1211 2702 1258 2728 καὶ
1271 2700 1380 2730 ἑκατὸν,
1396 2700 1441 2726 καὶ
1456 2697 1568 2733 χιλίους,
1579 2697 1638 2723 οὐδὲ
1655 2696 1707 2731 γῆν
1717 2695 1864 2730 ὁλόκληρον

1030 2746 1199 2781 ὑπισχνεῖταί
1220 2745 1325 2772 σοιτῶν
1342 2745 1429 2771 πόνων
1445 2742 1548 2769 τούτων
1565 2740 1704 2776 ἀμοιϐὴνό
1719 2740 1797 2771 Θεός·
1808 2738 1863 2766 ἀλλ’

1060 2851 1075 2871 d
1087 2852 1135 2884 Alii
1145 2851 1288 2884 παραλύεται
1298 2851 1348 2884 καί.
1464 2879 1482 2884 ἢ
1517 2879 1523 2884 _
1611 2882 1616 2884 _
1668 2876 1713 2884 LM
1814 2874 1826 2879 η

1066 2886 1077 2897 ⁸
1089 2883 1138 2907 Alii
1149 2876 1278 2907 ἄν’τούτων
1293 2882 1449 2913 timum-itm.
1464 2879 1542 2904 Paulo
1564 2882 1620 2909 post
1641 2876 1716 2901 iidem
1732 2876 1867 2908 καρποῦσαι

1027 2915 1070 2945 τὴν
1083 2914 1232 2948 εὐφροσύνην.
