1983 3125
84 159 143 187 159

84 218 171 244 senuit
185 215 362 250 navigationis
384 218 516 252 laborem.
533 220 668 247 lucrorum
683 227 731 255 spe
739 220 872 248 relevatus

87 269 116 291 et
131 264 202 298 pugil
215 271 349 297 generose
362 266 414 293 fert
427 267 523 301 capitis
532 267 652 299 vulnera,
667 274 792 294 eoronam
802 268 885 302 respi-

89 311 185 337 ciens:
199 310 234 337 ita
246 309 368 344 profecto
383 319 436 339 nos
448 319 554 347 quoque
574 312 601 339 in
615 313 710 340 caelum
721 318 748 340 et
767 313 883 340 czelestia

91 357 263 384 intendentes
277 357 359 390 bona,
375 366 552 394 quacumque
565 360 713 388 inferantur
726 361 826 395 gravia,
840 368 886 396 ge-

91 410 189 431 nerose
200 407 296 430 cuncta
305 404 433 437 feremus,
449 405 518 432 bona
530 405 679 433 futurorum
692 413 739 441 spe
756 406 884 433 roborati.

93 449 151 476 Bac
165 449 252 484 itaque
263 455 374 484 accepta
387 451 521 478 sententia
533 451 660 479 abeamus
672 460 678 478 ε
688 452 809 487 quamvis
816 460 887 479 natu-

93 502 147 529 quc
161 495 278 529 simplex
293 500 321 522 et
332 495 421 523 brevis
436 497 471 523 sit
482 517 490 529 ,
505 497 614 524 multam
628 501 716 525 tamen
729 497 808 524 habet
829 497 887 533 phi—

95 539 224 574 IasOphize
244 540 407 568 doctrinam.
435 541 485 574 Qui
508 541 534 569 in
550 541 643 569 dolore
665 548 691 570 et
717 543 886 571 tribulatione

95 589 145 615 est,
157 584 283 612 idoneam
297 585 379 613 habet
391 586 602 614 consolationem
613 607 621 620 ,
638 587 683 622 qui
705 587 731 614 in
745 587 846 616 deliciis
859 593 887 616 et

96 629 211 662 luxuria,
227 638 351 665 magnam
371 631 563 659 moderationis
581 633 806 660 exhortationem.
819 632 885 660 Cum

96 675 164 701 enim
177 675 212 702 ad
228 683 349 702 mensam
362 676 548 710 discumbens,
563 677 784 712 sentcntiazhujus
794 678 887 706 memi-

97 721 165 748 neris
179 742 187 754 ,
212 722 302 748 statim
326 723 360 750 ab
374 723 504 750 ebrietate
522 724 682 758 crapulaque
705 724 808 752 resilies
822 745 830 756 ,
845 724 887 752 di-

97 774 173 794 scens
186 774 222 794 ex
236 767 288 794 hac
303 768 448 800 sententia,
460 768 530 803 quod
549 769 642 796 anxios
658 776 707 796 nos
718 777 778 797 esse
787 777 885 797 conve—

100 811 162 841 niat.
177 817 205 838 et
220 812 291 839 intra
306 813 418 848 teipsum
433 813 508 841 dices
531 822 539 840 :
564 813 661 841 Paulus
684 814 712 842 in
735 815 846 842 vinculis
859 819 887 842 et

98 858 250 885 carceribus
262 879 270 890 ,
286 867 336 894 ego
349 867 412 887 vero
423 859 450 886 in
465 859 592 888 ebrietate
605 865 632 888 et
654 861 724 887 lauta
737 868 828 888 mensa
840 870 847 888 :
860 866 887 888 et

98 911 172 938 quam
187 911 319 939 assequar
333 905 456 932 veniam?
468 905 525 933 Hoc
535 911 563 933 et
575 906 602 933 in
623 906 779 934 mulieribus
789 914 887 942 oppor-

98 953 190 976 tunum
216 949 330 977 dictum.
352 950 508 978 Ambitiosa:
528 951 599 978 enim
620 956 648 979 et
668 956 842 986 sumptuosae,
859 956 886 980 et

97 1003 160 1022 auro
174 995 294 1031 undique
307 1003 337 1023 se
349 997 565 1032 circumligantes
578 1002 680 1026 catena:
704 997 783 1033 hujus
802 999 883 1026 remi-

97 1041 229 1068 niscentes
238 1041 300 1068 odio
313 1041 457 1074 habebunt,
469 1047 498 1070 ut
506 1043 640 1077 existimo,
652 1049 679 1071 et
691 1043 885 1071 abominabun-

97 1093 139 1114 tur
163 1093 290 1115 ornatum
313 1089 399 1121 illum.
425 1094 453 1117 et
467 1089 501 1117 ad
515 1090 572 1117 hzec
586 1091 690 1118 vincula
705 1096 823 1119 current.
840 1091 885 1119 Illa

97 1139 209 1167 namque
229 1138 387 1160 ornamenta
411 1134 559 1161 multorum
574 1143 663 1163 causai.
676 1135 808 1164 malorum
829 1136 886 1164 fue-

98 1184 169 1211 runt,
183 1183 211 1206 et
224 1179 363 1206 innumera
379 1180 448 1207 bella
461 1180 530 1208 intra
540 1181 647 1208 domum
661 1187 852 1210 contraxerunt
865 1184 885 1216 ‘,

97 1229 123 1252 et
138 1224 238 1252 livores
254 1230 415 1260 pepererunt
428 1231 455 1253 et
468 1227 579 1254 invidias
589 1232 616 1254 et
627 1227 718 1254 odium
730 1235 740 1262 ;
754 1228 812 1257 hac
822 1237 886 1256 vero

98 1276 206 1305 peccata
221 1271 314 1298 mundi
326 1271 476 1305 solverunt,
491 1276 518 1299 et
531 1277 684 1300 terruerunt
697 1273 845 1306 daemonas,
860 1280 887 1302 et

96 1316 232 1343 diabolum
261 1317 429 1351 fugaverunt.
450 1317 515 1344 Dum
539 1318 580 1344 his
602 1318 627 1345 in
655 1325 765 1347 carcere
787 1319 888 1354 degens

96 1361 198 1388 custodi
214 1362 356 1396 persuasit,
377 1369 439 1389 cum
460 1362 502 1390 his
516 1363 659 1398 Agrippam
682 1367 802 1399 attraxit,
826 1373 887 1392 cuin

98 1407 140 1433 his
160 1407 259 1434 multos
284 1407 383 1435 Paulus
405 1407 549 1442 discipulos
571 1409 723 1443 acquisivit,
747 1415 888 1446 propterea

103 1450 208 1478 dicebat
218 1460 225 1477 :
235 1450 268 1478 1η
275 1459 326 1486 quo
332 1452 400 1478 male
409 1453 497 1486 patior
506 1461 585 1488 usque
593 1461 627 1480 aa
636 1454 750 1486 vincula,
761 1460 887 1488 tanquam

103 1497 269 1532 malefactor.
282 1497 328 1524 sed
336 1497 384 1524 Dei
397 1498 502 1525 uerbum
519 1507 569 1526 non
583 1504 621 1526 est
633 1500 748 1526 vinctum
762 1500 800 1535 t2.
817 1500 886 1527 Tim.

104 1542 180 1576 2,9).
204 1543 281 1570 Sicut
295 1544 368 1570 enim
387 1545 491 1571 radium
506 1544 608 1572 vincire
624 1546 752 1580 possibile
768 1554 821 1573 non
835 1551 887 1580 est,

105 1597 154 1616 nec
168 1590 240 1616 domi
256 1590 420 1618 concludere
435 1600 442 1618 :
457 1592 497 1618 sic
514 1598 602 1626 neque
614 1592 813 1626 praedicationis
827 1600 888 1619 ver-

106 1636 178 1662 bum.
191 1635 225 1663 Et
233 1637 305 1671 quod
317 1637 402 1664 multo
413 1637 530 1672 amplius
536 1643 588 1669 est,
600 1639 694 1666 doctor
704 1638 812 1666 vinctus
819 1644 888 1670 erat,

105 1687 132 1707 et
143 1682 254 1709 verbum
271 1683 381 1709 volabat
397 1692 404 1709 :
421 1683 466 1710 ille
480 1691 616 1712 carcerem
631 1685 787 1717 habitabat;
801 1691 828 1712 et
842 1686 890 1712 do-

107 1728 190 1755 ctrina
204 1729 275 1756 alata
291 1730 394 1763 passim
410 1729 438 1756 in
456 1730 521 1757 urbe
536 1734 669 1757 terrarum
683 1731 817 1758 currebat.

138 1772 165 1800 ϐ.
180 1772 291 1800 Horatia
298 1775 449 1801 exhortatio
457 1775 491 1801 ad
501 1776 717 1803 emendationem.
726 1791 762 1796 -—
771 1775 833 1804 Haec
844 1777 891 1812 igi-

107 1824 149 1847 tur
162 1820 290 1852 scientes,
302 1828 337 1848 ne
346 1821 557 1849 succumbamus
568 1823 594 1849 in
609 1823 690 1850 rebus
700 1824 829 1855 adversis,
843 1824 890 1851 sed

107 1866 194 1899 potius
212 1870 278 1892 tunc
299 1866 467 1900 potentiores
481 1866 640 1900 efﬁciamur,
654 1871 720 1895 tunc
740 1867 866 1896 fortiores
882 1877 889 1895 :

109 1911 255 1938 Tribulatio
266 1913 335 1939 enim
351 1913 507 1947 patientiam
518 1917 643 1947 operatur
655 1913 742 1949 (Rom.
755 1914 782 1941 5.
799 1913 837 1949 5).
852 1912 891 1941 Ne

106 1956 245 1984 doleamus
263 1957 290 1984 in
311 1958 512 1986 calamitatibus
533 1966 594 1993 qua:
610 1959 779 1991 inferuntur,
799 1959 845 1986 sed
862 1959 890 1986 in

102 2002 230 2029 omnibus
239 2001 295 2030 Deo
304 2003 405 2037 gratias
415 2010 538 2038 agamus.
547 2003 699 2031 Secundam
705 2004 799 2039 jejunii
809 2005 891 2039 septi-

101 2055 210 2075 manam
217 2048 417 2083 expedivimus,
427 2048 474 2076 sed
483 2056 536 2076 non
546 2048 597 2076 hoc
605 2049 825 2076 consideremus:
836 2057 889 2076 non

99 2092 172 2119 enim
182 2093 235 2120 hoc
245 2097 287 2120 est
295 2093 466 2128 expedivisse
473 2093 619 2128 jejunium,
629 2094 653 2121 si
662 2097 769 2129 tempus
779 2099 889 2128 praeter-

101 2139 226 2173 ierimus,
241 2139 288 2166 sed
301 2139 323 2166 si
338 2139 550 2174 transegerimus
565 2147 626 2167 cum
641 2145 713 2168 recte
726 2140 814 2168 factis.
831 2140 889 2168 Hoc

99 2183 244 2212 nobiscum
262 2190 429 2220 reputemus,
443 2186 464 2213 si
479 2186 656 2213 studiosiores
670 2186 732 2214 facti
746 2194 852 2217 sumus.
863 2186 887 2214 si

99 2231 232 2259 defectum
253 2232 369 2267 aliquem
392 2236 512 2259 nostrum
532 2231 708 2263 correximus,
723 2231 746 2258 si
759 2231 891 2258 abluimus

99 2277 221 2304 crimina.
237 2277 462 2304 Consuetudinem
471 2284 565 2304 omnes
578 2276 676 2304 habent
690 2285 737 2312 per
750 2276 883 2312 quadrage

100 2324 195 2350 simam
208 2322 398 2358 interrogandi,
410 2327 474 2357 quot
484 2323 594 2358 quisque
605 2323 765 2357 septimanas
777 2322 890 2357 quadra-

99 2367 209 2402 gesima:
220 2368 351 2402 jejunavit
368 2376 374 2394 :
389 2372 416 2394 et
434 2367 552 2394 dicentes
571 2368 663 2394 audire
683 2367 753 2400 licet,
769 2367 818 2394 hos
832 2367 891 2401 qui-

100 2413 161 2438 dem
174 2413 243 2447 quod
257 2413 334 2444 duas,
352 2412 401 2439 hos
413 2419 477 2439 vero
488 2411 557 2447 quod
571 2418 635 2445 tres,
650 2413 707 2439 illos
720 2412 890 2447 autemquod

101 2465 194 2484 omnes
210 2457 390 2492 jejunaverint
408 2457 579 2491 septimanas.
605 2457 639 2484 Et
652 2457 723 2493 quod
738 2458 851 2491 lucrum,
867 2458 890 2485 si

101 2507 174 2528 recte
187 2501 261 2529 factis
270 2507 404 2535 carentes,
414 2502 544 2537 jejunium
555 2503 774 2538 trausegerimns?
787 2503 815 2531 Si
823 2504 891 2531 alius

102 2546 182 2579 dicat,
198 2547 292 2574 Totam
306 2548 424 2582 jejunavi
435 2548 678 2583 Quadragesimam,
694 2555 720 2576 tu
734 2550 786 2583 dic,
803 2549 893 2577 Inimi-

101 2601 161 2621 cum
183 2593 326 2625 habebam,
343 2598 369 2621 et
389 2594 544 2621 conciliatus
563 2602 621 2622 sum
636 2604 642 2622 :
659 2595 787 2623 habebam
804 2596 893 2624 detra-

102 2638 182 2665 hendi
193 2639 424 2671 consuetudinem,
435 2644 462 2666 et
475 2639 561 2666 destiti
575 2640 696 2674 :jnrandi
708 2641 818 2669 tenebar
830 2649 889 2676 usu,

102 2688 130 2710 et
141 2691 198 2710 mos
210 2684 348 2719 improbus
363 2685 426 2711 mihi
442 2690 579 2712 correctus
593 2690 644 2713 est.
668 2686 743 2714 Nulla
759 2692 891 2714 mercato-

103 2730 174 2756 ribus
187 2729 298 2761 utilitas,
309 2730 333 2756 si
348 2738 470 2765 magnam
483 2731 563 2758 maris
576 2731 768 2766 longitudinem
782 2740 891 2766 percur-

104 2775 193 2808 rerint,
209 2775 257 2802 sed
270 2775 294 2802 si
306 2783 368 2802 cum
382 2784 470 2803 rerum
483 2777 558 2811 copia
577 2782 604 2804 et
623 2778 706 2805 multo
717 2779 892 2806 mercimonio

106 2821 285 2855 navigaverint
301 2829 308 2847 :
323 2821 395 2848 nulla
415 2821 510 2856 jejunii
536 2822 612 2850 nobis
635 2823 743 2856 utilitas,
763 2824 784 2851 si
805 2823 892 2851 infru-

135 2867 143 2882 ¹
161 2866 211 2895 Alii,
220 2865 245 2891 in
257 2868 357 2891 domum
367 2866 525 2891 induxerunt.

254 2908 390 2939 Parnm.
415 2910 473 2940 (in.
497 2910 606 2941 XLIX.

561 164 607 191 AD
620 163 778 192 POPULUM
799 164 1040 193 ANTIOCHENUM
1063 166 1177 194 liOMIL.
1203 166 1270 195 XVI.

1680 169 1730 196 Ιτο

939 226 1031 248 ctuosa
1043 222 1127 256 ipsum
1142 227 1246 257 tempus
1256 229 1282 249 et
1294 227 1393 250 temere
1407 228 1605 258 prmtcreamus.
1617 225 1644 253 Si
1656 226 1722 253 cibo-

939 274 998 292 rum
1010 267 1140 298 jrjuuium
1152 267 1312 301 jejuncmus,
1330 269 1469 302 prmteritis
1484 270 1656 304 quadraginta
1669 271 1727 298 die-

938 311 988 338 bus
1002 319 1120 346 prauertt
1134 318 1162 340 et
1171 313 1317 347 jejunium;
1337 314 1359 340 si
1376 321 1441 340 vero
1460 315 1577 349 peccatis
1596 315 1730 343 abstinea~

939 365 999 385 mus
1009 379 1017 391 ,
1032 363 1060 385 et
1076 363 1209 386 transacto
1222 359 1325 393 jejunio
1339 359 1403 386 illud
1419 365 1547 393 remanet,
1563 365 1590 388 ct
1603 362 1729 388 continua

939 403 990 430 erit
1009 403 1071 430 hinc
1092 403 1168 430 nobis
1189 404 1299 437 utilitas,
1313 409 1392 439 atque
1404 409 1465 431 ante
1478 413 1586 439 regnum
1599 406 1726 433 caaloruiu

939 457 991 475 non
1005 456 1099 483 parvas
1111 449 1188 476 nobis
1201 449 1244 476 hic
1254 449 1346 476 reddet
1357 449 1554 477 retributiones.
1571 450 1646 478 Sicut
1655 451 1726 478 enim

939 495 983 530 qui
998 495 1023 521 in
1039 495 1155 530 nequitia
1167 495 1241 528 vivit,
1255 499 1282 522 et
1295 499 1357 522 ante
1368 495 1516 530 gehennam
1530 485 1647 530 punitur,
1662 504 1728 524 con-

938 541 1049 568 scientia
1064 541 1214 568 stimulatus
1229 549 1236 568 :
1255 541 1294 568 sic
1307 541 1352 576 qui
1366 541 1469 569 meritis
1487 541 1605 569 abundat
1624 547 1651 569 et
1667 548 1729 570 ante

939 595 1050 622 regnum
1070 595 1164 623 magna
1179 587 1282 615 fruetur
1294 587 1400 619 laetitia,
1415 595 1445 614 se
1459 587 1528 614 bona
1545 595 1592 623 spe
1605 595 1727 623 pascens.

939 632 1039 660 Idcirco
1051 631 1173 660 Christus
1187 633 1272 667 inquit
1287 642 1293 659 :
1309 632 1407 659 lterum
1421 633 1507 660 videbo
1522 641 1574 665 vos,
1593 638 1615 660 et
1634 634 1730 667 gaude-

938 678 1005 711 bitis,
1021 684 1045 705 et
1057 679 1176 714 gaudium
1189 683 1296 706 uestrum
1310 686 1382 705 nemo
1392 679 1461 705 tollet
1475 687 1491 705 a
1503 678 1570 706 vobis
1585 677 1727 715 (10071.16.

938 725 994 761 22).
1011 725 1095 760 Breve
1108 725 1228 758 verbum,
1238 724 1284 752 sed
1295 724 1406 752 multam
1416 724 1496 752 habet
1507 724 1728 752 consolationem.
1763 742 1766 746 .

938 770 1069 804 Quidnam
1091 770 1197 797 tandem
1217 775 1276 803 est,
1293 769 1375 796 Nemo
1389 770 1507 805 gaudium
1522 775 1629 797 vestrum
1642 769 1729 797 tollet!

939 815 1069 843 Pecunias
1082 815 1104 842 si
1119 815 1225 848 habeas,
1245 815 1321 842 multi
1340 820 1412 841 tuum
1431 822 1464 841 ex
1485 815 1585 842 divitiis
1603 815 1727 849 gaudium

937 860 1043 888 auferre
1055 865 1176 895 possunt,
1191 866 1218 888 et
1230 860 1271 887 fur
1281 860 1407 895 parietem
1422 860 1580 894 perfodiens,
1593 864 1620 887 et
1629 859 1729 887 credita

937 905 1088 939 subripiens
1101 912 1205 938 servus,
1219 910 1246 933 et
1257 905 1404 940 Imperator
1413 905 1439 932 in
1451 905 1544 932 iiscum
1557 905 1688 940 redigens,
1702 910 1729 933 et

938 951 1042 979 invidus
1054 951 1134 979 homo
1146 951 1321 979 calumnians.
1334 951 1362 979 Si
1377 952 1521 986 potentiam
1532 951 1641 984 habeas,
1653 951 1728 978 multi

938 1001 1050 1032 possunt
1060 1001 1134 1024 tuum
1144 1005 1177 1024 ex
1189 997 1240 1024 hoc
1248 997 1374 1032 gaudium
1385 997 1486 1024 tollere.
1499 997 1564 1025 Cum
1575 998 1645 1025 enim
1657 997 1730 1032 prin-

937 1043 1040 1077 cipatus
1062 1043 1175 1075 finierit,
1192 1042 1313 1077 voluptas
1334 1049 1438 1077 quoque
1458 1042 1531 1070 finiet
1547 1051 1553 1070 :
1568 1043 1630 1077 quin
1652 1047 1680 1070 et
1701 1043 1728 1070 in

939 1089 995 1123 ipso
1016 1089 1165 1123 principatu
1189 1088 1279 1115 multae
1302 1095 1346 1115 res
1369 1088 1537 1121 accidentes,
1559 1088 1729 1116 difficultates

939 1133 1068 1161 habentes
1080 1138 1106 1160 et
1118 1141 1211 1167 curas,
1225 1133 1342 1161 lmtitiam
1359 1137 1429 1160 tuam
1444 1133 1602 1161 diminuunt.
1627 1134 1654 1161 Si
1668 1141 1728 1161 cor-.

940 1180 1012 1214 poris
1034 1180 1115 1207 robur
1139 1179 1247 1212 habeas,
1267 1179 1376 1206 morbus
1399 1180 1589 1214 superveniens
1609 1179 1729 1207 dissolvit

939 1226 1000 1253 itide
1013 1230 1096 1253 ortam
1110 1225 1229 1252 lmtitiam
1241 1234 1248 1252 :
1258 1226 1280 1252 si
1293 1225 1513 1260 pulchritudinem
1523 1225 1620 1252 habeas
1630 1231 1656 1253 et
1665 1234 1727 1261 spe-

939 1272 1023 1305 ciem,
1045 1277 1167 1300 senectus
1187 1273 1378 1307 supcrveniens
1401 1273 1532 1305 tabefecit,
1558 1278 1584 1300 et
1604 1273 1728 1308 gaudium

939 1318 1066 1345 abstulit:
1081 1319 1102 1345 si
1122 1326 1213 1346 mensa
1235 1318 1331 1346 fruaris
1350 1319 1438 1353 lauta,
1452 1327 1562 1354 vespere
1583 1325 1729 1355 occupante

939 1365 1026 1392 soluta
1035 1369 1076 1392 est
1084 1365 1197 1392 convivii
1208 1365 1307 1392 la'titia.
1322 1365 1420 1392 Rerum
1431 1366 1501 1393 enim
1515 1366 1640 1401 quaelibet
1654 1375 1730 1393 mun~

938 1409 1068 1437 danarnm
1087 1409 1206 1437 infestari
1226 1409 1303 1438 facile
1324 1414 1422 1445 potest,
1439 1418 1488 1438 nec
1508 1411 1628 1438 stabilem
1653 1412 1730 1439 nobis

940 1455 1102 1490 voluptatem
1112 1454 1197 1488 allen,
1209 1455 1292 1490 pictas
1304 1460 1391 1482 autem
1403 1461 1429 1482 et
1439 1456 1519 1483 animi
1531 1457 1614 1484 virtus
1627 1462 1729 1484 contra.

940 1500 1143 1536 Eleemosynam
1158 1501 1180 1528 si
1194 1500 1304 1534 feceris,
1320 1502 1444 1528 meritum
1457 1501 1563 1529 auferre
1577 1507 1663 1537 potest
1679 1510 1730 1530 nc-

941 1553 986 1573 Ino
1002 1555 1009 1572 :
1025 1546 1080 1573 sive
1091 1545 1234 1578 exercitus,
1244 1546 1300 1573 sive
1314 1554 1401 1581 reges,
1413 1547 1468 1574 sive
1479 1547 1572 1574 infiniti
1586 1548 1731 1575 calumnia-

942 1595 1014 1618 tores
1024 1597 1050 1619 et
1065 1591 1230 1618 insidiatores
1246 1592 1344 1618 instent
1354 1591 1479 1627 undique,
1493 1592 1519 1619 in
1537 1592 1609 1620 caelis
1625 1594 1730 1627 reposi-

942 1642 995 1663 tam
1013 1637 1207 1671 possessionem
1221 1637 1326 1664 auferre
1344 1645 1397 1664 non
1416 1643 1536 1672 possunt,
1552 1639 1599 1666 sed
1615 1646 1731 1672 perenne

942 1686 1078 1716 permanet
1091 1681 1226 1717 gaudium.
1248 1681 1371 1717 Disponit
1383 1683 1465 1714 enim,
1479 1683 1573 1717 inquit,
1584 1683 1651 1710 dedit
1665 1692 1731 1719 pan-

943 1727 1052 1761 peribus.
1065 1727 1162 1761 iustitia
1175 1727 1230 1762 ejus
1243 1732 1325 1754 manet
1339 1727 1366 1754 in
1379 1727 1499 1754 stt-culum
1514 1727 1599 1764 (Psal.
1615 1729 1676 1756 ill.
1691 1729 1728 1763 9).

942 1771 998 1799 Nec
1018 1772 1149 1799 immerito
1165 1781 1172 1799 :
1189 1772 1214 1799 in
1234 1772 1360 1799 ett-lorum
1383 1773 1454 1800 enim
1480 1773 1594 1800 cellariis
1615 1775 1731 1809 reposita

942 1822 1019 1849 sant,
1032 1817 1075 1843 ubi
1092 1817 1133 1844 fnr
1147 1825 1200 1844 non
1215 1817 1337 1851 perfodit,
1355 1817 1422 1845 latro
1436 1825 1487 1845 non
1502 1819 1578 1850 tollit,
1595 1820 1663 1846 tinea
1677 1827 1730 1846 non

943 1863 1075 1889 consumit
1087 1863 1193 1895 (Matth.
1208 1863 1234 1890 6.
1249 1863 1307 1898 20).
1330 1864 1356 1890 Si
1374 1871 1466 1897 preces
1479 1864 1578 1892 fuderis
1591 1865 1731 1893 continuas

942 1913 969 1935 et
983 1909 1106 1941 intentas,
1118 1916 1210 1936 earum
1226 1909 1340 1935 fructum
1351 1908 1456 1936 auferre
1470 1909 1565 1943 poterit
1579 1918 1658 1938 nemo
1669 1918 1677 1938 :
1689 1911 1732 1937 hic

942 1954 1040 1981 etenim
1050 1954 1151 1981 fructus
1162 1955 1188 1981 in
1199 1954 1265 1981 caelo
1276 1954 1409 1981 radicatus
1418 1959 1469 1987 est,
1476 1955 1509 1982 ab
1518 1955 1590 1982 omni
1600 1955 1731 1983 calumnia

943 2000 1021 2033 liber,
1034 2005 1061 2027 et
1077 2008 1235 2035 permanens
1256 2000 1476 2036 inexpugnabilis.
1498 2000 1526 2028 Si
1547 2001 1616 2029 male
1639 2009 1732 2036 passus

943 2047 1120 2080 benefeceris,
1136 2047 1158 2074 si
1172 2046 1320 2074 maledictis
1333 2047 1471 2074 lacessitus
1485 2048 1616 2082 patienter
1628 2049 1730 2081 tuleris,

943 2092 965 2119 si
978 2092 1104 2120 conviciis
1122 2093 1233 2119 affectus
1253 2092 1420 2119 benedixeris
1435 2101 1441 2119 :
1457 2092 1515 2120 hsce
1527 2093 1621 2120 merita
1634 2101 1730 2129 perpe-

944 2143 996 2174 tuo,
1003 2143 1110 2166 manent
1119 2159 1127 2172 ,
1143 2142 1170 2165 et
1184 2144 1270 2166 ortam
1286 2146 1318 2166 ex
1331 2138 1372 2166 his
1387 2139 1506 2166 laetitiam
1518 2139 1621 2167 auferet
1633 2147 1713 2168 nemo
1725 2161 1731 2173 ,

943 2183 990 2211 sed
1001 2184 1218 2218 quotiescumque
1233 2183 1350 2218 ipsorutn
1363 2183 1518 2211 recordatus
1529 2183 1622 2216 fueris,
1633 2185 1733 2220 gaudes

943 2235 970 2256 et
984 2229 1083 2256 hetaris
1096 2233 1123 2256 et
1135 2229 1216 2256 multa
1233 2229 1328 2256 frueris
1343 2230 1485 2264 voluptate.
1510 2230 1554 2257 Sic
1576 2232 1694 2265 profecto
1708 2237 1733 2259 ct

945 2275 1034 2309 fugere
1054 2274 1236 2309 juramentum
1256 2274 1278 2301 si
1301 2275 1506 2309 prmvaleamus,
1522 2281 1549 2302 et
1563 2276 1596 2304 ab
1609 2276 1658 2303 hac
1670 2284 1720 2304 con

944 2320 1083 2348 suetudine
1097 2320 1245 2354 perniciosa
1258 2320 1392 2347 abstinere
1407 2320 1503 2356 linguae
1516 2327 1615 2348 nostra:
1626 2322 1734 2349 studea-

945 2373 1004 2392 inus
1016 2386 1024 2398 ,
1044 2365 1130 2392 meriti
1145 2364 1251 2399 quidem
1277 2365 1351 2392 labor
1371 2365 1442 2392 brevi
1465 2365 1626 2399 absolvetur,
1644 2367 1734 2394 Itt‘lilin

947 2418 1010 2438 vero
1023 2411 1110 2437 meriti
1123 2410 1223 2444 jugiter
1235 2410 1287 2437 erit
1299 2415 1325 2437 et
1338 2410 1527 2438 indesinenter.
1543 2411 1673 2438 Cmtcrmn
1688 2419 1736 2438 vos

945 2461 972 2483 et
985 2456 1097 2482 aliorum
1112 2459 1290 2490 praeceptores
1301 2462 1361 2482 esse
1373 2460 1478 2490 oportet
1487 2461 1515 2482 et
1524 2456 1615 2489 duces,
1630 2461 1657 2483 et
1669 2456 1737 2483 ami-

945 2507 992 2528 cos
1002 2500 1124 2536 proximi,
1134 2507 1227 2528 servos
1236 2505 1325 2528 autem
1335 2501 1466 2533 conservi,
1478 2501 1622 2535 etjuvenes
1629 2509 1735 2529 coaavos

945 2546 1089 2581 suscipere,
1099 2546 1238 2574 instituere
1249 2550 1276 2573 et
1290 2546 1414 2573 inducere
1424 2546 1530 2573 debent.
1544 2546 1637 2573 Nonne
1645 2547 1667 2573 si
1677 2547 1736 2582 quis

946 2592 993 2619 tibi
1008 2600 1118 2619 aureutn
1141 2599 1222 2619 unum
1243 2600 1292 2627 pro
1313 2592 1424 2628 singulis
1444 2593 1594 2620 hominibus
1608 2595 1736 2621 correctis

945 2638 1122 2672 promisiSset,
1143 2645 1224 2665 omne
1244 2638 1359 2665 studium
1379 2637 1557 2670 adhibuisses,
1572 2642 1600 2666 et
1613 2639 1736 2666 assiduus

948 2683 1097 2710 adstitisscs
1112 2683 1276 2717 persuadens
1295 2688 1323 2710 ct
1339 2683 1501 2710 exhortans?
1522 2683 1596 2711 Nunc
1607 2691 1672 2711 vero
1683 2692 1735 2716 non

945 2736 1056 2755 aureum
1070 2736 1162 2762 unum,
1177 2736 1264 2763 neque
1281 2729 1387 2760 decem,
1402 2737 1487 2764 neque
1500 2729 1604 2764 viginti.
1619 2730 1660 2757 vel
1673 2738 1734 2757 cen-

947 2778 1014 2806 tum,
1028 2773 1070 2800 vel
1081 2774 1164 2806 mille,
1177 2781 1265 2808 neque
1278 2779 1360 2801 totam
1375 2774 1444 2802 Deus
1457 2780 1554 2801 terram
1566 2775 1612 2802 tibi
1626 2775 1734 2810 po‘llice-

947 2824 990 2846 tur
1005 2819 1031 2846 in
1044 2819 1141 2846 horum
1157 2819 1277 2846 laborum
1292 2819 1495 2847 retributionem
1507 2839 1515 2852 ,
1530 2819 1577 2847 scd
1589 2819 1659 2854 quod
1672 2819 1737 2846 orbo

946 2869 1003 2893 toto
1024 2865 1110 2901 majus
1130 2870 1180 2896 est.
1202 2866 1252 2894 hoc
1273 2867 1318 2894 tibi
1339 2867 1449 2901 prtebet,
1465 2867 1590 2894 cmlornm
1604 2872 1736 2901 regnum;
