1983 3125
221 163 266 191 ΠΙ

220 227 271 247 nec
285 219 335 247 hoc
345 217 545 251 solum,verum
559 221 585 244 et
595 216 665 243 aliud
677 221 772 250 praeter
784 215 842 242 hoc.
858 214 942 249 Quale
954 222 1018 241 vero

220 264 290 292 hoc?
312 264 362 297 Qui
384 264 467 291 educit
489 263 626 299 pretiosum
647 270 663 288 a
680 260 733 294 vili,
749 261 813 287 sicut
830 268 858 287 os
873 268 956 286 nteant
969 260 1015 287 erit

220 311 288 345 (Jer.
300 311 344 338 t5.
356 310 412 343 i9),
424 310 519 344 inquit.
532 307 602 342 Quid
613 308 676 335 huic
689 311 778 342 possm
787 313 848 333 esse
862 313 909 341 par
921 305 953 332 ad
970 305 1005 331 ho

225 356 300 384 noris
314 361 341 383 et
357 355 507 383 securitatis
521 354 671 382 rationem?
691 353 756 386 Qua:
769 360 833 379 vero
847 351 924 378 nobis
935 358 1018 378 excu-

222 403 291 430 satio
303 407 331 430 et
343 403 420 430 venia
434 407 494 437 post
506 405 604 428 tantam
618 399 824 436 promissionem
837 398 1017 433 proximorum

222 449 334 476 salutem
348 447 543 487 qegligentibus
556 454 616 474 esse
631 446 735 473 valeat?
749 445 787 472 Tu
802 452 868 471 vero
880 444 903 470 si
918 450 1017 471 cmcun:

223 495 330 530 quidem
356 495 382 522 in
405 494 558 529 voraginem
582 492 748 520 decidentem
769 491 883 522 videris,
910 497 1018 517 manuni

225 541 348 577 porrigis,
363 547 391 568 et
410 541 546 576 indignum
567 546 627 567 esse
650 544 738 573 putas,
755 541 908 572 pereuntem
932 535 1021 570 despi-

224 595 303 619 cere;
319 587 410 614 videns
421 591 509 613 autem
520 585 639 621 quotidie
651 590 744 611 omnes
756 582 915 618 prtecipitari
926 582 1020 609 fratres

226 633 253 660 in
269 633 416 668 improbam
426 632 639 667 juramentnrum
655 629 886 660 consuetudinem,
898 635 948 655 nec
960 634 1021 654 vcr-

227 679 291 706 bum
306 679 389 706 audes
405 678 541 712 proferre?
555 676 608 705 Sed
623 676 713 704 dixisti
725 675 819 708 semel,
835 680 861 702 et
876 682 928 701 non
943 673 1021 700 audi-

227 726 265 752 vit
277 734 284 752 :
296 725 338 752 dic
352 725 430 760 igitur
444 724 484 751 bis
497 728 524 751 et
540 729 592 756 ter,
604 728 631 750 et
645 722 733 753 toties,
745 721 831 748 donec
847 718 1021 755 persuaseris.

228 771 309 799 Nobis
331 770 451 806 quotidie
472 769 591 805 loquitur
611 768 691 798 Deus.
706 772 800 794 etnon
816 766 956 797 audimus,
973 771 1022 791 nec

228 818 327 852 alioqui
341 816 444 844 desistit
460 825 467 843 :
485 816 553 843 hanc
569 820 596 842 tu
611 822 716 849 quoque
731 821 822 840 curam
837 812 941 839 imitare
951 810 1022 838 circa

229 864 392 898 proximum.
408 862 550 896 Propterea
569 861 704 895 conjuncti
725 860 794 887 inter
813 866 861 886 nos
877 864 980 888 sumus,
997 860 1024 883 et

591 159 618 187 S.
639 158 778 187 ιολΝΝιε
797 156 1034 186 CllRYSOSTOMl
1054 157 1214 185 ARCHIEP.
1234 158 1503 189 CONSTANTINOP.

1812 163 1862 190 ﬂ!

1072 216 1153 244 urbes
1167 216 1316 245 habitamus
1329 224 1356 246 et
1368 218 1394 246 in
1408 219 1529 247 ecclesiis
1539 226 1742 255 congregamur,
1756 225 1785 248 ut
1797 221 1864 248 alter

1070 263 1180 291 alterius
1191 272 1271 292 onera
1287 269 1433 300 portemus,
1444 270 1472 292 ut
1486 265 1553 293 alter
1563 265 1671 294 alterius
1683 272 1793 302 peccata
1804 273 1865 295 cor-

1070 310 1197 346 rigamus.
1215 310 1248 338 Et
1262 311 1330 338 sicut
1342 311 1416 338 multi
1430 311 1551 340 eamdem
1562 311 1697 340 ofﬁcinam
1712 313 1865 341 habitantes

1072 356 1194 384 homines
1209 356 1363 385 diﬂ'erenter
1376 358 1483 393 quidem
1499 359 1682 394 negotiantur,
1696 360 1787 388 omnia
1803 368 1866 388 vero

1071 402 1098 430 in
1110 411 1253 431 commune
1266 409 1399 439 reponunt
1412 413 1419 430 :
1432 405 1471 432 sic
1490 405 1610 440 proiecto
1629 410 1656 433 et
1675 414 1725 434 nos
1743 414 1864 441 agamus.

1071 448 1251 484 Qumcumque
1274 449 1342 476 bona
1361 450 1473 485 quisque
1487 451 1609 478 conferre
1629 456 1717 486 potest
1731 452 1865 486 proximo,

1073 503 1106 522 ne
1117 495 1203 530 pigeat
1213 503 1284 527 eum,
1297 503 1383 530 neque
1393 495 1512 529 dilTerat;
1528 496 1574 524 sed
1587 496 1632 524 ﬁat
1642 498 1786 532 negotiatio
1796 505 1866 533 quae-

1073 540 1154 574 dam,
1178 545 1205 568 ct
1229 542 1289 568 talis
1313 541 1419 569 collatio
1441 542 1598 577 spiritualis,
1623 547 1653 569 ut
1676 543 1702 570 in
1724 551 1867 572 commune

1074 588 1162 615 omnia
1176 588 1351 623 deponcntes,
1366 593 1394 616 et
1413 589 1509 616 multas
1528 589 1617 624 adepti
1635 589 1751 623 divitias,
1768 594 1796 617 et
1809 598 1867 617 ma—

1074 642 1155 668 gnum
1169 635 1325 669 consequuti
1346 635 1511 668 thesaurum,
1524 636 1702 664 communiter
1714 644 1810 664 omnes
1823 644 1868 664 re-

1074 688 1155 716 gnum
1167 688 1340 716 assequamur
1355 681 1492 713 cmlorum,
1509 682 1593 717 gratia
1603 687 1628 709 et
1639 681 1804 717 benignitate
1819 683 1870 708 [)0-

1076 727 1140 754 mini
1155 727 1238 754 nostri
1258 727 1321 754 Jesu
1341 726 1451 759 Christi,
1466 735 1515 762 per
1527 734 1605 762 quem
1619 732 1717 755 etcum
1731 735 1786 763 quo
1799 728 1869 756 Patri

1076 772 1161 807 gloria
1172 793 1179 806 ,
1195 772 1274 800 simul
1288 777 1315 799 et
1328 777 1420 799 sancto
1436 772 1558 807 Spiritui,
1574 781 1645 801 nunc
1662 777 1690 801 et
1709 781 1830 809 semper.
1844 780 1871 803 et

1077 818 1104 845 in
1117 816 1398 845 secula'saaculorum.
1411 819 1506 846 Amen.

239 906 1450 925 _____________________.._

232 965 267 987 IN
283 964 497 987 MAGISTRATUS
514 964 553 985 AB
573 960 778 984 IMPERATORE
798 957 979 981 THEODOSIO
999 958 1022 979 Μ

1076 956 1118 983 )5,
1132 953 1335 976 ELLEBICBUM
1351 953 1537 976 MAGISTRUM
1554 953 1705 982 MILITUM,
1720 955 1762 976 ET
1777 955 1876 978 οεδι-

281 1014 358 1034 ιιιυΜ
382 1011 568 1034 MAGISTBUM
590 1002 645 1044 (α),
690 1011 732 1032 AD
753 1007 1053 1031 PRBVARICLTORUM
1075 1003 1316 1032 ιιιρυιειτιοκιῖιί
1350 1003 1491 1025 PROPTER
1513 1005 1706 1027 STATUARUM
1727 1005 1867 1027 θωπικ-

281 1062 407 1087 SIOVEM.

523 1187 633 1208 ποηιιιλ
653 1187 715 1206 XV".

266 1230 294 1258 1.
309 1229 464 1265 Opportune
479 1235 573 1255 omnes
589 1226 667 1253 hodie
678 1224 756 1252 simul
767 1222 962 1254 concinuimus,
977 1221 1026 1248 Be-

231 1277 344 1304 nedictus
357 1275 480 1302 Dentium
497 1274 562 1301 Deus
578 1272 669 1303 Israel,
684 1272 726 1306 qui
741 1271 802 1307 facit
815 1269 941 1296 mirabilia
955 1269 1024 1295 solus

231 1323 316 1358 (Paul.
329 1322 373 1349 Ἠ.
388 1321 442 1357 l8).
466 1320 572 1348 Etenim
590 1318 710 1345 miranda
730 1322 757 1344 et
774 1316 926 1351 opinionem
945 1321 1025 1341 exce-

232 1368 320 1396 dentia
337 1368 403 1395 facta
415 1371 476 1393 sunt
489 1365 594 1400 negotia
610 1373 616 1391 :
633 1364 725 1390 nubem
749 1367 830 1389 totam
851 1366 878 1388 et
900 1360 1025 1395 populum

232 1419 333 1442 tantum
343 1413 396 1448 jam
410 1411 646 1446 submergendum,
659 1414 685 1437 et
695 1409 746 1435 sub
758 1408 843 1435 undas
858 1407 988 1442 agendum
999 1411 1026 1434 et

231 1459 393 1495 perdendum
410 1457 529 1486 funditus
544 1456 633 1484 statim
647 1476 655 1488 ,
675 1462 729 1482 uno
745 1453 873 1488 temporis
887 1456 1025 1479 momento

231 1505 265 1531 ab
277 1504 350 1532 omni
369 1502 506 1538 naufragio
521 1501 653 1529 liberavit.
678 1499 783 1527 Gratias
803 1499 882 1533 igitur
901 1505 1024 1533 agamus,

233 1557 286 1577 non
300 1554 402 1576 tantum
417 1548 542 1583 quoniam
558 1550 743 1581 tempestatem
757 1544 870 1575 sodavit,
883 1543 930 1571 sed
945 1543 1026 1570 etiam

231 1595 356 1630 quoniam
375 1595 459 1629 ipsam
471 1593 527 1620 licri
543 1592 662 1627 permisit
678 1600 685 1618 :
700 1598 752 1618 non
778 1588 878 1617 tantum
901 1589 1025 1624 quoniam

231 1641 369 1675 naufragio
381 1647 429 1668 nos
443 1639 572 1670 liberavit,
589 1638 636 1665 sed
648 1637 727 1665 etiam
742 1635 812 1671 quod
825 1637 850 1662 in
863 1640 962 1662 tantam
978 1642 1026 1662 nos

230 1687 380 1721 angustiam
395 1685 492 1713 cadere
504 1683 644 1719 permisit,
665 1686 692 1710 et
715 1685 864 1709 extremum
879 1680 1025 1715 periculum

231 1732 308 1759 nobis
322 1731 472 1758 imminere.
489 1730 532 1757 Sic
545 1733 573 1756 ct
585 1728 682 1755 Paulus
696 1727 721 1754 in
736 1727 860 1753 omnibus
873 1726 952 1760 jussit
965 1733 1026 1760 gra-

231 1779 281 1806 tias
302 1785 392 1813 agerc.
412 1777 479 1804 Cum
495 1783 559 1803 vero
577 1775 659 1801 dicit:
679 1773 709 1800 1η
724 1773 840 1800 omnibus
852 1772 948 1807 gratias
961 1771 1026 1806 agite

231 1825 270 1859 (1.
282 1825 373 1852 Thess.
387 1824 413 1851 5.
429 1823 474 1858 l8)
490 1831 496 1849 τ
513 1822 565 1849 hoc
579 1821 721 1856 signiﬁcat,
738 1827 791 1847 non
807 1824 909 1846 tantum
924 1819 949 1845 in
962 1825 1026 1853 gra-

233 1871 304 1898 vium
320 1870 461 1901 solutione,
474 1875 565 1895 verum
579 1871 606 1894 et
620 1867 645 1893 in
661 1866 779 1901 gravium
790 1865 798 1880 ι
811 1869 929 1899 tempore
944 1872 950 1890 :
965 1871 1025 1890 nam

230 1917 398 1952 Diligentibus
412 1915 493 1942 Deum
506 1916 590 1942 omnia
601 1918 768 1948 cooperantur
784 1915 810 1939 in
826 1913 918 1938 bonum
937 1911 1025 1947 (Rom.

229 1964 256 1992 8.
270 1963 327 1997 28).
343 1962 448 1990 Gratias
461 1961 509 1996 ipsi
523 1968 632 1996 agamus
643 1964 752 1994 propter
764 1958 937 1985 mutationum
948 1958 1027 1984 abso-

224 1996 368 2039 lutionem,
387 2012 415 2036 et
435 2007 529 2034 harum
544 2013 686 2041 numquam
697 2004 887 2032 obliviscamur
903 2013 909 2030 :
924 2004 1026 2030 oratio-

230 2055 308 2082 nibus
333 2060 476 2085 vacemus,
499 2050 737 2086 supplicationibus
757 2049 908 2080 continuis,
934 2049 1025 2083 pietati

230 2101 330 2128 multze.
351 2099 417 2128 Cum
430 2107 444 2126 a
460 2097 591 2133 principio
603 2096 692 2132 gravis
706 2096 800 2123 horum
813 2096 944 2123 malorum
960 2102 1024 2130 pyra

229 2147 308 2174 fuerit
318 2154 440 2178 accensa,
449 2145 570 2172 dicebam
582 2151 633 2170 non
645 2149 704 2169 esse
714 2141 843 2169 doctrina:
855 2145 967 2176 tempus,
978 2140 1025 2168 sed

229 2193 378 2220 orationum
394 2201 401 2219 :
416 2191 467 2218 hoc
481 2189 601 2225 proiecto
615 2193 642 2216 et
653 2195 724 2216 nunc
736 2191 878 2223 postquam
892 2187 1024 2213 exstincta

229 2244 270 2266 est
291 2239 362 2269 dico.
379 2245 449 2265 nunc
461 2236 547 2271 magis
564 2240 669 2270 tempus
685 2234 834 2260 orationum
849 2240 926 2265 esse,
944 2240 1024 2268 quam

231 2285 305 2319 prius
318 2293 323 2310 :
337 2291 406 2310 nunc
419 2283 533 2309 maxime
546 2281 723 2316 lacrymarum
735 2283 840 2313 tempus
854 2283 881 2306 et
896 2285 1024 2312 compun-

229 2330 324 2357 ctionis
344 2334 371 2357 et
389 2329 485 2356 animas
500 2328 586 2355 anxia:
601 2326 732 2361 multique
754 2324 835 2352 studii
855 2329 882 2352 et
902 2323 1023 2352 cautelae.

227 2375 303 2403 Tunc
318 2382 413 2409 nempe
426 2374 482 2409 ipsa
496 2373 695 2401 tribulationum
708 2375 802 2398 natura
813 2370 855 2396 vel
867 2370 965 2396 invitos
976 2377 1024 2397 nos

228 2421 389 2456 corripiebat
403 2425 430 2448 et
440 2419 576 2447 modestos
591 2418 714 2448 faciebat,
732 2421 759 2444 et
772 2416 804 2444 ad
817 2416 945 2451 majorem
959 2424 1022 2451 age-

229 2469 272 2494 bat
295 2467 488 2498 reverentiam;
514 2473 585 2492 nunc
603 2468 702 2496 autem,
718 2463 807 2490 ablato
822 2463 896 2490 freno
910 2468 938 2491 et
953 2463 1024 2490 nube

229 2514 378 2549 praeterita,
400 2512 546 2540 timendum
562 2519 595 2539 ne
607 2511 639 2538 ad
654 2515 788 2546 torporem
801 2509 975 2543 declinemus,
990 2518 1023 2537 ne

229 2561 367 2595 segniores
380 2558 525 2586 reddamur
535 2564 639 2585 rurSnm
654 2564 686 2584 ex
702 2556 871 2589 remissione,
887 2564 921 2583 ne
933 2556 967 2584 de
980 2564 1024 2584 no-

228 2607 268 2633 bis
281 2613 387 2641 quoque
406 2603 536 2640 quispiam
557 2603 629 2630 dicat
644 2612 650 2629 :
664 2601 729 2630 Cum
749 2602 871 2629 occideret
891 2610 932 2629 eos
942 2622 949 2634 ,
965 2607 1024 2629 lum:

259 2673 268 2706 ξ
286 2670 412 2706 βρυςιεεν-
424 2669 525 2706 ξρείιυτ»
538 2671 766 2706 memorre.
778 2667 897 2706 παιῖίνηι-
913 2698 963 2706 _

258 2698 374 2733 (a)'8rix.
385 2698 473 2726 omittit
490 2706 579 2724 nomen
598 2699 693 2735 g'esarii
704 2698 807 2753 Magistri
827 2698 891 2730 quod
910 2698 1022 2735 addimus

261 2734 348 2753 mmsis
357 2732 428 2753 mdd.
441 2732 530 2753 auibus
547 2730 706 2753 adstipulatur
721 2733 738 2753 τ
757 2729 868 2753 eodoret.
883 2732 1022 2753 Maaistrum

227 2740 242 2757 c
261 2729 348 2758 baxeis
357 2732 428 2757 codd.
441 2732 530 2762 quibus
547 2730 706 2762 adstipulatur
721 2729 869 2762 Theodoret.
883 2730 1022 2762 magistrum

227 2769 309 2789 autem
320 2760 527 2788 oiﬁciorum'hunc
543 2760 619 2786 fuisse
636 2760 749 2791 intelligo
761 2761 803 2791 qui
817 2764 842 2784 et
850 2760 962 2785 absolute
974 2764 1021 2785 Ma-

227 2797 304 2826 gister
316 2792 459 2826 appellatur,
472 2792 530 2818 licet
541 2791 580 2826 alii
591 2795 674 2816 essent
686 2791 953 2826 Magistri_scriniortim_,
967 2792 1021 2822 epi-

227 2809 300 2826 εωιε.
316 2809 459 2825 ..πω-αις...
473 2809 530 2818 ...Μ
541 2809 580 2816 .....
591 2809 596 2815 .
606 2809 674 2816 σου...
686 2809 719 2815 .....
739 2809 790 2815 ω...
801 2809 953 2819 υν......,......,
968 2809 1020 2822 ηιμ

227 2827 341 2851 stolarum
354 2830 380 2849 et
391 2824 528 2849 libellorum
537 2825 544 2847 t
551 2825 682 2847 'r:ecorum.
696 2809 878 2852 Atftlagistrum
888 2822 1021 2846 ciliciorum

227 2856 350 2882 disciplina
366 2855 448 2888 palatii
467 2855 615 2887 pertinebat,
627 2857 653 2879 et
663 2853 755 2883 ciliciis,
770 2853 794 2877 id
812 2856 860 2883 est,
878 2853 1022 2878 ministeriis

225 2893 302 2918 preci
308 2892 341 2913 at.

1079 1171 1222 1206 qmzrebant
1242 1179 1297 1197 eum
1308 1190 1315 1202 ,
1332 1175 1355 1197 et
1377 1171 1570 1202 rerertebantur,
1584 1176 1607 1198 et
1620 1172 1731 1198 diluculo
1744 1172 1875 1200 veniebant

1080 1217 1113 1242 ad
1133 1216 1214 1242 Deum
1237 1215 1328 1249 (Paul.
1342 1216 1457 1248 77.34).
1469 1216 1531 1244 ideo
1550 1217 1637 1244 Moses
1655 1217 1763 1245 Judwos
1782 1219 1873 1245 admo-

1080 1264 1160 1290 nebat
1174 1264 1266 1290 diccns
1282 1272 1288 1289 :
1308 1262 1446 1297 Postquam
1460 1263 1596 1290 comederis
1609 1269 1631 1291 et
1645 1264 1745 1298 biberis,
1759 1270 1783 1291 et
1797 1265 1880 1300 fueris

1079 1310 1200 1344 repletus,
1220 1309 1353 1336 recordare
1376 1308 1479 1335 Domini
1500 1309 1545 1336 Dei
1566 1310 1604 1336 tui
1614 1309 1704 1345 (Deut.
1719 1310 1803 1338 6.12.
1819 1311 1876 1346 i3).

1079 1355 1155 1383 Nunc
1176 1355 1308 1382 sincerum
1331 1355 1494 1389 propositum
1515 1361 1632 1382 vestrum
1655 1355 1798 1389 videbitur,
1813 1357 1836 1383 si
1851 1357 1876 1386 in

1079 1402 1172 1430 eadem
1196 1402 1349 1429 manseritis
1372 1402 1468 1436 pietate
1483 1410 1490 1428 :
1508 1407 1569 1428 tunc
1583 1402 1680 1437 quippe
1694 1403 1770 1429 multi
1787 1403 1877 1430 timori

1078 1453 1106 1476 et
1127 1448 1258 1475 malorum
1284 1448 1394 1474 illationi
1414 1447 1530 1475 studium
1546 1453 1664 1475 vestrum
1677 1449 1862 1476 attribuebant

1078 1502 1149 1522 nunc
1163 1502 1226 1521 vero
1239 1502 1333 1529 purum
1347 1494 1398 1520 erit
1410 1494 1536 1521 meritum
1549 1499 1678 1526 vestrum,
1693 1494 1715 1521 si
1733 1494 1761 1522 in
1779 1494 1877 1522 eodem

1079 1539 1169 1566 studio
1190 1540 1377 1574 permaneatis.
1401 1539 1531 1573 Quoniam
1545 1544 1572 1567 et
1586 1541 1712 1576 puerulus
1727 1540 1751 1568 si
1765 1540 1830 1569 dum
1844 1541 1878 1568 ab

1078 1587 1168 1622 aliquo
1183 1586 1270 1621 agitur
1283 1585 1429 1621 pmdagogo
1444 1586 1556 1614 terribili
1569 1606 1577 1618 ,
1591 1594 1651 1614 cum
1667 1587 1800 1614 modestia
1813 1588 1877 1614 vivit

1078 1637 1105 1660 et
1120 1633 1333 1665 mansuetudine,
1350 1633 1416 1660 nihil
1435 1638 1476 1660 est
1495 1633 1656 1667 mirandum,
1670 1634 1717 1661 sed
1739 1634 1877 1669 paedagogi

1079 1679 1168 1706 timori
1182 1679 1257 1714 pueri
1273 1678 1431 1706 modestiam
1446 1679 1596 1706 attribuunt
1608 1687 1717 1712 omnes;
1734 1687 1797 1707 cum
1812 1687 1878 1707 vero

1079 1725 1199 1760 deposita
1211 1724 1370 1752 necessitate
1383 1724 1427 1752 ille
1441 1726 1467 1751 in
1479 1726 1572 1752 eadem
1585 1726 1711 1753 manserit
1722 1725 1876 1759 honestate,

1079 1775 1143 1798 tunc
1159 1776 1186 1798 et
1197 1778 1277 1805 quam
1292 1770 1383 1797 habuit
1398 1771 1423 1797 in
1439 1771 1527 1805 priore
1541 1776 1620 1798 (ηιαιο
1635 1771 1811 1804 modestiam,
1826 1772 1877 1807 ipsi

1059 1826 1066 1831 ·
1078 1823 1172 1843 omnes
1185 1815 1349 1844 adscribunt.
1365 1816 1420 1843 Hoc
1430 1820 1456 1843 et
1467 1824 1516 1843 nos
1530 1817 1621 1852 utique
1634 1817 1773 1849 faciamus,
1789 1818 1815 1844 in
1829 1825 1877 1845 ea-

1078 1861 1140 1889 dem
1156 1867 1294 1889 manentes
1308 1863 1468 1893 reverentia,
1484 1867 1513 1889 ut
1528 1867 1554 1889 et
1565 1863 1660 1897 pri0ris
1672 1863 1753 1890 studii
1767 1863 1877 1891 laudem

1078 1908 1188 1935 multam
1210 1915 1225 1935 a
1251 1908 1304 1936 Deo
1330 1908 1476 1943 capiamus.
1500 1908 1640 1936 lnnuniera
1661 1910 1877 1944 exspectavimus

1078 1953 1148 1981 mala
1159 1975 1166 1986 ,
1182 1955 1301 1981 omnium
1317 1954 1479 1982 substantias
1494 1955 1627 1989 direptum
1649 1955 1680 1982 iri
1694 1976 1701 1988 ,
1724 1956 1876 1983 habitacula

1079 2008 1138 2028 cum
1155 2001 1335 2027 habitantibus
1348 2001 1527 2028 comburenda
1538 2022 1546 2033 ,
1560 2001 1695 2029 civitatein
1717 2002 1808 2029 medio
1827 2003 1878 2030 tol-

1078 2047 1184 2074 lendam
1201 2055 1232 2074 ex
1249 2048 1324 2080 orbe,
1339 2052 1367 2075 et
1382 2048 1464 2082 ipsius
1482 2048 1607 2083 reliquias
1621 2056 1716 2076 omnes
1731 2050 1876 2083 perituras,

1077 2098 1195 2121 aratrum
1217 2093 1300 2128 ipsius
1325 2099 1423 2121 terram
1445 2099 1646 2129 suscepturam;
1667 2095 1714 2122 sed
1735 2103 1801 2124 ecce
1815 2096 1877 2124 haec

1077 2139 1166 2166 omnia
1187 2140 1255 2167 intra
1277 2141 1504 2175 exspectationem
1529 2145 1630 2168 tantum
1651 2145 1796 2174 steterunt,
1809 2143 1876 2170 etin

1077 2193 1144 2219 opus
1157 2193 1209 2212 non
1221 2191 1418 2220 processerunt.
1433 2186 1487 2214 Nec
1498 2186 1549 2214 hoc
1559 2188 1645 2214 solum
1656 2192 1697 2214 est
1709 2188 1875 2222 mirandum,

1077 2232 1146 2266 quod
1159 2237 1260 2259 tantum
1273 2233 1381 2267 periculi
1393 2233 1462 2260 Deus
1472 2233 1590 2266 abstulit,
1600 2234 1647 2261 sed
1655 2235 1736 2261 etiam
1747 2235 1876 2270 quoniam

1077 2279 1180 2314 magnis
1191 2286 1240 2306 nos
1255 2279 1341 2306 aliecit
1353 2279 1498 2313 beneﬁciis,
1512 2284 1540 2307 et
1551 2280 1686 2307 civitatem
1699 2285 1822 2308 nostram
1832 2288 1877 2308 or-

1077 2325 1168 2355 navit,
1191 2332 1294 2359 nosqnc
1309 2332 1355 2359 per
1369 2325 1437 2352 hanc
1450 2325 1623 2353 tentationem
1646 2330 1673 2353 et
1692 2326 1876 2354 calamitatem

1077 2371 1243 2405 probatiores
1255 2370 1353 2398 ell‘ecit.
1369 2371 1427 2405 Quo
1438 2379 1501 2398 vero
1517 2376 1604 2405 pacto,
1620 2379 1670 2406 ego
1685 2372 1783 2399 dicam.

1113 2416 1234 2444 Monac/ti
1245 2426 1276 2444 ex
1289 2417 1414 2444 ulantibus
1428 2417 1587 2444 Antiochiam
1597 2418 1762 2449 descendunt,
1775 2423 1802 2446 ut
1816 2420 1876 2447 civi-

1077 2463 1123 2490 tati
1136 2463 1234 2490 veniam
1253 2464 1394 2498 impetrent.
1409 2478 1444 2483 —
1459 2463 1526 2490 Nam
1540 2464 1646 2498 quando
1659 2464 1693 2491 ab
1709 2465 1877 2499 lmperatore

1076 2509 1150 2536 missi
1160 2509 1192 2536 ad
1200 2509 1402 2536 commissorum
1414 2509 1614 2544 inquisitionem
1625 2510 1797 2538 tremendum
1810 2511 1875 2538 illud

1075 2555 1240 2582 constituere
1256 2553 1384 2588 judicium
1395 2576 1402 2587 ,
1423 2562 1571 2590 omnesque
1583 2555 1616 2582 ad
1630 2556 1763 2583 scelerum
1781 2564 1876 2591 poenas

1075 2601 1206 2627 vocabant
1219 2605 1246 2628 et
1259 2600 1330 2627 varia
1349 2600 1443 2627 mortis
1466 2600 1590 2628 omnibus
1612 2606 1670 2629 erat
1691 2603 1875 2637 exspectatio,

1077 2651 1139 2673 tunc
1153 2646 1268 2673 vertices
1283 2646 1411 2673 montium
1426 2646 1574 2673 habitantes
1585 2647 1720 2680 monachi,
1736 2648 1877 2683 propriam

1076 2693 1227 2721 exhibuere
1242 2692 1449 2728 philosophiam.
1463 2693 1583 2728 Namque
1598 2698 1637 2721 tot
1651 2694 1729 2722 annis
1741 2695 1766 2721 in
1781 2702 1876 2722 caver-

1076 2739 1118 2766 nis
1129 2739 1186 2766 suis
1193 2739 1322 2772 conclusi,
1332 2739 1439 2766 nemine
1449 2738 1608 2772 advocante,
1617 2741 1746 2768 suadente
1755 2741 1876 2774 nemine,

1077 2789 1218 2820 postquam
1231 2784 1327 2812 nubem
1342 2789 1442 2812 tantam
1456 2785 1591 2813 civitatem
1602 2786 1822 2814 circumstantem
1836 2787 1877 2814 vi-

1075 2831 1182 2863 derunt,
1199 2831 1368 2859 tabernacula
1384 2830 1578 2866 speluncasque
1599 2839 1660 2860 suas
1682 2832 1876 2868 derelinquen-

1077 2883 1128 2912 tcs,
1139 2879 1255 2915 undique
1268 2879 1464 2912 conﬂuxerunt,
1474 2878 1546 2905 velut
1556 2878 1641 2915 angeli
1652 2879 1760 2916 quidam
1771 2879 1878 2907 decmlo
