1983 3125
140 117 190 145 175

138 171 248 207 protecti
264 180 272 197 ;
286 175 314 198 et
326 173 384 198 erat
392 177 505 198 eernere
520 175 583 197 tune
593 169 726 196 civitatem
740 169 853 197 similem
866 169 928 196 ted-

139 220 219 247 ditam
233 218 309 250 eicio,
325 226 385 244 cum
401 217 500 252 ubique
511 221 682 245 occurrerent
692 216 730 244 illi
743 216 827 244 sancti
841 216 882 243 vel
898 224 931 243 ex

139 269 249 299 aspectu
259 264 317 291 solo
324 263 419 291 dolore
430 270 538 298 pressos
548 262 727 294 consolantes,
739 266 765 289 et
777 261 811 288 ad
824 269 931 289 omnem

140 310 297 337 calamitatis
316 313 499 344 contemptum
518 307 684 335 inducentes.
705 307 770 340 Quis
789 307 859 334 enim
873 307 932 333 illos

139 356 323 390 conspicatus,
336 359 451 382 mortem
465 361 519 382 non
531 353 667 381 derisisset
678 373 686 385 ,
701 360 754 380 non
768 352 933 387 despexisset

140 401 222 428 vitam
229 401 242 427 ἲ
254 400 309 428 Nec
319 400 370 427 hoc
378 400 466 427 solum
476 404 534 427 erat
543 399 673 432 mirabile,
682 398 729 426 sed
739 397 810 433 quod
820 397 852 424 ad
862 397 934 432 prin-

140 447 216 481 cipes
236 447 309 481 ipsos
330 445 491 474 accedentes
508 453 569 473 cum
589 445 685 472 ﬁducia
698 444 872 480 loquebantur
887 451 934 478 pro

143 493 196 519 reis
206 497 233 520 et
245 499 338 520 omnes
348 492 505 527 sanguinem
516 490 652 519 eﬁ'undere
662 490 745 525 parati
755 495 841 523 erant,
854 493 880 517 et
890 497 935 516 ca-

146 534 203 570 pita
210 535 356 569 deponere,
365 538 495 569 utcaptos
503 534 537 561 ab
544 535 706 569 exspectatis
715 535 935 563 tribulationibus

148 581 300 614 eriperent:
312 584 339 607 et
348 580 511 609 dixeritntse
519 588 572 607 non
585 580 659 615 prius
672 588 842 612 recessuros,
852 588 935 615 quam

146 624 253 660 jmlices
268 629 412 659 parcerent
426 625 544 653 civitatis
558 626 668 660 populo,
679 627 719 653 vel
735 633 765 653 se
778 627 858 653 simul
872 634 934 654 cttm

147 669 240 696 reisad
248 668 443 703 Imperatorem
453 669 555 704 legatos
562 671 708 697 mitterent.
719 670 872 706 Religiosus
881 675 933 703 est,

146 713 244 748 inquit.
254 714 301 748 qui
310 718 404 741 nostro
413 714 472 741 orbi
481 715 646 747 dominatur,
657 715 752 746 ﬁdelis.
762 723 824 743 cum
835 715 935 748 pietate

144 753 253 779 vivens:
265 760 314 779 nos
324 753 404 787 igitur
416 752 503 788 ipsum
514 754 622 780 omnino
632 752 871 784 reconciliabimus,
883 759 935 778 non

146 798 331 833 permittemus
352 798 440 832 vobis,
462 807 548 834 neque
568 798 745 825 concedemus
764 805 855 825 ensem
877 797 936 832 pol-

148 845 229 877 luere,
245 852 296 873 nec
309 846 388 873 ullius
402 845 559 873 abscindere
571 849 660 880 caput.
674 844 702 872 Si
713 852 776 871 vero
790 851 841 871 non
855 844 937 871 absti-

149 890 243 925 neatis,
258 896 285 919 et
304 899 354 919 nos
373 899 434 919 cum
455 891 519 926 ipsis
537 891 647 918 omnino
666 892 819 918 moriemur.
841 890 937 917 Gravia

147 937 254 971 quidem
268 942 370 972 patrata
383 942 455 970 sunt,
471 942 498 964 et
515 945 565 965 nos
578 937 746 968 conﬁtemur,
760 936 805 964 sed
822 936 938 971 Impera-

149 986 215 1011 tnris
238 984 434 1012 humanitatem
456 991 509 1011 non
531 983 635 1010 excedit
653 988 787 1018 gestorum
804 982 938 1017 iniquitas.

151 1030 250 1057 Dicitur
271 1029 380 1064 quidam
407 1029 524 1063 ipsorum
548 1028 620 1055 aliud
636 1027 747 1055 verbum
765 1026 940 1062 philosophiae

151 1075 256 1109 plenum
270 1074 371 1101 dixisse
385 1073 444 1109 (a):
459 1073 559 1101 Statuas
579 1073 686 1108 quidem
705 1071 814 1106 deiecta:
833 1079 940 1098 rursum

150 1126 247 1148 erecta:
268 1120 387 1153 fuerunt,
400 1125 428 1147 et
442 1120 577 1155 propriam
597 1123 756 1154 receperunt
777 1118 899 1149 formam.
914 1122 941 1145 et

150 1166 252 1194 facinus
262 1166 457 1194 correctionem
467 1165 559 1193 habuit
569 1165 750 1197 celet-rimam;
763 1165 784 1191 si
795 1168 882 1192 autem
893 1171 942 1190 vos

151 1212 197 1239 Dei
210 1212 354 1247 imaginem
368 1210 521 1239 occideritis
533 1231 541 1244 ,
556 1210 690 1246 quomodo
702 1217 807 1237 rursum
819 1209 941 1244 poteritis

150 1261 319 1291 peremptum
333 1256 479 1283 revocare?
494 1254 626 1290 quomodo
640 1255 757 1290 perditos
772 1254 940 1286 resuscitare,

150 1307 176 1329 et
185 1302 290 1329 animas
297 1302 456 1337 cantoribus
466 1301 592 1329 reddere?
603 1301 683 1328 Multa
693 1306 719 1328 et
727 1301 760 1328 de
768 1299 867 1335 judicio
878 1300 942 1335 ipsis

150 1348 312 1375 disseruere.

183 1393 213 1420 2.
232 1394 299 1426 Quis
322 1400 376 1420 non
392 1393 610 1427 obstupescere”
623 1392 680 1427 quis
700 1399 751 1419 non
766 1392 883 1419 virorum
899 1399 944 1418 sa-

150 1438 277 1472 pientiam
286 1438 483 1465 admiraretur?
491 1437 555 1465 Nam
568 1437 589 1464 si
600 1437 720 1472 quaedam
728 1438 735 1452 ¹
747 1445 850 1464 reorum
859 1442 945 1463 mater

149 1483 251 1511 nudato
264 1484 354 1518 capite
365 1488 392 1511 et
404 1484 478 1511 cauis
488 1484 611 1517 ostensis,
623 1483 764 1518 judicaturi
776 1490 872 1518 equum
884 1481 945 1509 frae-

149 1538 186 1557 no
201 1531 418 1565 apprehendens,
433 1535 460 1557 et
474 1538 520 1564 per
532 1530 617 1557 forum
631 1535 847 1563 prmtercurrens,
862 1528 900 1555 sic
912 1527 945 1555 ad

148 1577 279 1612 judicium
299 1576 378 1603 simul
397 1576 516 1610 ingressa
529 1580 569 1602 est
584 1584 591 1602 :
605 1582 698 1602 omnes
710 1573 883 1608 obstupefacti
898 1581 945 1600 su-

148 1630 212 1649 mus
224 1643 232 1655 ,
248 1630 344 1649 omnes
364 1622 486 1649 admirati
501 1621 625 1656 pietatem
640 1625 665 1648 et
682 1620 922 1655 magnanimitatem
938 1628 945 1646 :

149 1668 288 1703 quomodo
309 1676 365 1695 non
386 1668 470 1702 magis
488 1667 521 1694 ad
540 1667 588 1694 hos
612 1667 799 1702 obstupescere
822 1665 947 1700 oportet?

150 1715 198 1741 illa
212 1714 284 1741 enim
301 1714 381 1741 etiam
395 1714 418 1741 si
433 1718 536 1740 mortua
549 1717 619 1740 esset
635 1721 681 1747 pro
695 1712 757 1744 ﬁlio,
771 1712 836 1738 nihil
849 1712 950 1738 miran-

150 1760 217 1786 dum
234 1768 241 1785 :
256 1767 352 1794 magna
366 1759 438 1786 enim
455 1763 555 1785 natura:
567 1759 621 1791 vis,
640 1763 666 1785 ct
685 1758 894 1793 inexpugnabilis
906 1757 947 1783 vi-

150 1813 261 1832 scerum
285 1806 432 1833 necessitas
447 1814 454 1832 :
467 1805 494 1832 hi
508 1812 571 1832 vero
584 1813 650 1839 quos
665 1811 717 1831 non
736 1808 884 1839 genuerunt
899 1810 948 1830 nec

151 1852 314 1884 educarunt,
330 1852 383 1878 imo
395 1859 459 1878 vero
471 1858 537 1886 quos
550 1859 602 1877 non
618 1854 757 1882 noverunt,
772 1857 883 1884 quorum
897 1857 946 1876 no-

152 1903 218 1923 men
232 1903 286 1923 non
301 1896 452 1927 audierunt,
466 1896 622 1930 quibuscum
641 1902 783 1929 numquam
800 1893 949 1921 conversati

152 1947 237 1975 sunt,
257 1949 325 1977 quos
343 1950 375 1970 ex
396 1942 453 1969 sola
473 1946 605 1969 noverunt
621 1941 788 1973 calamitate,
806 1941 831 1967 in
847 1945 949 1967 tantum

154 1993 332 2021 amaverunt,
347 1992 375 2015 ut
386 1989 467 2015 etiam
488 1988 510 2015 si
530 1987 644 2014 inﬁnitas
664 1987 816 2014 habuissent
827 1987 928 2013 animas
941 2007 948 2018 ,

155 2041 252 2061 omnes
265 2041 316 2068 pro
328 2034 435 2061 illorum
449 2033 532 2060 salute
547 2033 650 2060 tradere
662 2032 768 2059 vellent.
782 2031 873 2066 Neque
886 2030 949 2075 mihi

157 2079 233 2106 dicas
244 2079 297 2106 hoc
311 2079 381 2114 quod
395 2086 447 2105 non
458 2078 569 2113 jugulati
582 2077 645 2108 sint,
658 2084 707 2104 nec
719 2077 873 2111 sanguinem
885 2075 950 2103 cll'u-

158 2125 264 2157 derint;
281 2124 328 2151 sed
344 2123 413 2159 quod
428 2128 499 2150 tanta
512 2127 604 2150 contra
622 2122 725 2156 judices
739 2122 778 2149 usi
798 2121 851 2148 sint
871 2121 951 2148 liber-

160 2175 230 2202 tate,
244 2175 344 2205 quanta
361 2170 434 2197 solos
449 2169 483 2197 de
497 2169 581 2196 salute
600 2176 646 2196 sua
661 2168 815 2204 desperatos
828 2169 865 2195 uti
879 2168 950 2195 veri-

160 2216 246 2243 simile
267 2216 315 2243 fuit
335 2224 342 2242 :
363 2220 390 2243 et
412 2215 459 2242 tali
478 2222 537 2241 cum
561 2214 690 2241 sententia
711 2213 745 2241 de
764 2214 898 2241 montibus
918 2213 951 2240 ad

162 2263 276 2290 tribum]
292 2262 466 2289 cucurrerint.
481 2261 534 2288 Nec
548 2262 618 2288 enim
635 2261 684 2287 nisi
700 2260 771 2294 prius
784 2267 813 2287 se
826 2259 883 2286 neci
894 2259 952 2286 cui-

162 2309 225 2336 libet
237 2312 443 2343 praaparassent,
455 2312 508 2335 tam
521 2307 604 2334 libere
619 2307 765 2341 potuissent
777 2306 880 2340 judices
891 2305 954 2332 allo-

161 2355 215 2389 qui,
228 2359 254 2382 et
265 2358 364 2381 tantam
379 2357 442 2381 tunc
450 2353 576 2380 exhibere
586 2351 828 2387 magnanimitatem
837 2359 844 2377 :
853 2352 952 2378 etenim

162 2405 222 2428 ante
236 2400 355 2435 praetorii
366 2401 462 2434 januas
478 2403 547 2427 totos
561 2399 618 2426 dies
632 2399 743 2433 agebant
758 2397 891 2430 sedentes,
906 2397 953 2424 ab-

162 2446 296 2473 ducendus
310 2445 346 2473 de
359 2446 515 2473 carniﬁcum
529 2444 651 2472 manibus
664 2444 768 2477 eripere
781 2443 875 2478 parati.

197 2492 291 2518 Omnes
307 2491 451 2526 philosophi
468 2490 554 2517 urbem
573 2490 599 2516 in
618 2489 761 2516 calamitate
779 2489 952 2515 deseruerunt.

162 2553 195 2558 —-
205 2538 254 2565 Ubi
267 2545 337 2565 nunc
348 2541 412 2564 sunt
422 2536 498 2571 pallia
511 2540 653 2572 gestantes,
664 2540 692 2563 et
702 2535 857 2570 profundam
868 2538 954 2562 osten-

164 2587 246 2609 tantes
257 2583 378 2614 barbam,
390 2586 419 2609 et
427 2582 537 2609 baculos
545 2581 635 2608 dextra
647 2581 771 2613 ferentes,
784 2586 953 2608 externorum

165 2628 330 2662 philosophi,
358 2627 451 2663 cynica
475 2627 594 2662 piacula,
615 2626 827 2654 submensalibus
845 2627 954 2653 canibus

166 2672 310 2705 inferiores,
326 2674 484 2707 ventrisque
498 2680 576 2700 causa
590 2677 683 2700 cuncta
696 2671 842 2712 facientlﬁ?
855 2671 953 2699 Omnes

195 2765 202 2778 =
218 2766 327 2788 Fortasse
348 2762 444 2787 rectius
462 2762 497 2787 sic
512 2761 688 2786 instauraretur
711 2759 823 2792 phrasis:
838 2764 898 2785 Nam
918 2759 954 2790 si,

167 2800 215 2818 cum
227 2800 350 2823 quadam,
365 2797 414 2818 etc.

193 2821 282 2856 (a)'ttic
290 2825 373 2856 agitur
385 2824 419 2849 de
431 2822 566 2848 ttaccdonio
577 2821 691 2848 monacho

514 114 559 141 AD
578 113 737 142 POPULUM
757 113 999 141 ANTIOCHENUM
1032 114 1147 143 llOMlL.
1167 114 1249 143 XVII.

1722 116 1778 145 ΠΛ

985 174 1046 198 tunc
1058 171 1191 199 civitatem
1205 170 1388 201 deseruerunt.
1403 171 1553 199 resilierunt
1566 179 1669 202 omnes.
1684 172 1710 199 in
1725 180 1772 200 ca-

983 223 1078 243 vernas
1092 216 1190 243 conditi
1205 220 1282 249 sunt;
1295 217 1343 244 soli
1357 224 1420 244 vero
1432 217 1475 251 qui
1489 224 1536 252 per
1547 225 1626 252 Opera
1640 225 1701 245 vere
1715 218 1772 252 phi-

983 262 1131 297 losophiam
1145 262 1288 295 exhibent,
1303 270 1334 290 ac
1353 263 1376 290 si
1400 263 1500 290 nullum
1518 263 1650 291 civitatem
1672 263 1772 291 malum

985 307 1249 342 comprehendisset,
1264 309 1302 336 sic
1321 308 1451 343 intrepide
1465 309 1491 336 in
1511 308 1569 336 foro
1584 313 1772 345 apparuerunt.

985 353 1019 380 Et
1038 353 1130 381 urbem
1151 353 1257 389 quidem
1278 353 1427 382 habitantes
1437 375 1444 386 ,
1457 354 1490 381 ad
1505 359 1608 382 montes
1624 359 1651 382 et
1667 354 1773 382 deserta

986 399 1172 432 avolavcrunt;
1195 400 1278 427 eremi
1300 407 1363 427 vero
1386 400 1479 427 incola:
1501 401 1526 427 in
1551 401 1642 428 urbem
1664 401 1774 435 ingressi

987 449 1049 472 sunt
1059 465 1066 476 .
1082 453 1127 480 per
1141 445 1196 479 ipsa
1211 445 1424 474 demonstrantes
1436 453 1515 480 opera
1533 453 1579 472 sua
1589 466 1597 480 ,
1610 446 1681 481 quod
1695 453 1775 481 supc-

988 489 1102 517 rioribus
1112 490 1205 518 diebus
1219 498 1272 518 non
1285 490 1375 518 destiti
1387 491 1486 523 dicere,
1500 498 1595 525 nempe
1607 498 1667 518 cum
1679 491 1776 519 virtute

994 533 1128 559 viventem
1146 539 1233 566 neque
1247 532 1385 559 fornacem
1399 532 1548 567 quidquam
1561 533 1657 560 laedere
1670 540 1750 567 posse
1765 542 1774 561 :

993 581 1068 605 tanto
1076 582 1118 605 est
1126 577 1224 604 anima:
1233 577 1365 612 sapientia
1374 578 1501 606 omnibus
1511 577 1663 611 sublimior,
1672 581 1699 605 et
1710 586 1776 606 sua-

993 623 1072 650 vibus
1082 627 1109 650 et
1120 623 1243 650 tristibus
1252 623 1376 651 cunctis:
1390 631 1439 651 nec
1447 624 1520 651 enim
1530 624 1556 650 in
1568 623 1620 651 illis
1629 623 1775 656 mollescit,

993 675 1042 695 nec
1052 667 1095 695 his
1103 667 1274 694 contrahitur
1283 672 1309 694 et
1320 667 1490 700 humiliatur,
1500 668 1546 695 sed
1557 675 1604 702 per
1614 667 1705 694 omnia
1717 674 1776 693 ma-

991 717 1038 740 net
1045 713 1168 748 aequalis,
1180 713 1316 748 propriam
1329 712 1514 741 fortitudinem
1527 718 1554 740 et
1564 713 1618 740 vim
1631 712 1777 740 exhibens.

989 755 1072 790 Quem
1089 755 1161 783 enim
1178 764 1232 784 non
1246 761 1396 792 superasset
1410 757 1548 792 praesentis
1564 757 1690 793 temporis
1705 757 1775 785 difﬁ-

990 801 1091 829 cultas?
1112 803 1239 830 Proceres
1261 807 1358 830 nostra:
1380 803 1533 838 reipublicze
1556 803 1582 830 in
1603 804 1776 839 potestatibus

990 848 1164 880 exsistentes,
1187 847 1294 875 divitias
1314 848 1458 875 immensas
1479 848 1579 881 sortiti,
1601 848 1646 883 qui
1667 848 1776 875 multam

991 888 1063 928 apud.
1078 893 1264 928 Imperatorem
1286 894 1407 921 ﬁduciam
1427 894 1575 927 habebant,
1594 894 1688 922 domos
1700 894 1777 922 dese-

992 944 1080 965 rentes
1094 939 1173 966 orbas
1184 959 1192 972 ,
1206 947 1299 966 omnes
1312 940 1345 966 de
1358 940 1462 974 propria
1476 940 1559 967 salute
1571 940 1757 967 consultabant
1771 948 1777 965 :

992 989 1018 1011 et
1039 984 1154 1011 amicitia
1174 985 1261 1011 omnis
1282 990 1309 1012 et
1329 986 1450 1019 cognatio
1466 989 1528 1012 tunc
1546 984 1735 1019 superabatur,
1754 989 1778 1012 et

992 1036 1059 1063 quos
1072 1029 1134 1056 olim
1150 1034 1286 1062 naverant,
1305 1030 1330 1056 in
1343 1034 1462 1064 tempore
1475 1030 1632 1057 calamitatis
1646 1030 1693 1057 ltos
1707 1029 1779 1064 igno-

993 1082 1052 1101 rare
1064 1079 1090 1102 et
1103 1075 1135 1101 ab
1150 1075 1207 1102 aliis
1222 1075 1335 1110 ignorari
1348 1076 1483 1109 optabant.
1499 1075 1617 1103 Monachi
1634 1083 1712 1108 vero,
1728 1075 1778 1102 lto-

993 1120 1077 1147 mines
1090 1128 1229 1155 pauperes,
1245 1125 1317 1148 veste
1331 1121 1375 1148 vili
1389 1121 1447 1155 plus
1460 1121 1525 1148 nihil
1540 1121 1677 1154 habentes,
1694 1121 1780 1148 viven-

994 1169 1034 1192 tes
1049 1166 1075 1191 in
1095 1166 1256 1199 rusticitate,
1272 1166 1335 1193 nulli
1350 1173 1408 1194 esse
1422 1170 1595 1201 apparentes,
1608 1166 1635 1193 in
1648 1165 1781 1193 montibus

994 1215 1021 1238 et
1033 1211 1144 1238 saltibus
1159 1216 1306 1244 versantes,
1320 1211 1392 1239 velut
1405 1211 1511 1246 quidam
1531 1212 1631 1242 leones.
1647 1219 1742 1246 magno
1756 1218 1782 1238 ct

994 1255 1048 1283 alto
1059 1263 1137 1283 sensu
1149 1256 1261 1291 praediti,
1271 1256 1393 1284 omnibus
1403 1256 1546 1292 pavefactis
1555 1261 1582 1283 et
1593 1256 1782 1291 trepidantibus

995 1302 1021 1329 in
1035 1302 1123 1330 medio
1135 1302 1320 1336 consistentes,
1332 1303 1430 1330 malum
1442 1302 1618 1329 dissolverunt
1629 1310 1680 1329 non
1694 1302 1783 1329 multis

995 1347 1105 1381 diebus,
1118 1347 1165 1375 sed
1183 1348 1256 1375 brevi
1272 1348 1399 1383 temporis
1413 1352 1557 1375 momento.
1574 1347 1607 1375 Et
1620 1348 1688 1374 sicut
1700 1355 1783 1382 gene-

996 1393 1049 1420 rosi
1062 1393 1204 1421 bellatores
1216 1401 1268 1420 non
1282 1398 1383 1421 tantum
1396 1393 1562 1421 adversarios
1576 1393 1719 1429 complexi,
1736 1393 1783 1420 sed

996 1439 1076 1465 etiam
1097 1439 1146 1466 visi
1168 1443 1268 1466 tantum
1289 1438 1316 1466 in
1337 1439 1393 1466 acie
1415 1443 1443 1466 et
1462 1438 1599 1466 vociferati
1619 1439 1784 1466 adversarios

997 1482 1088 1518 fugant
1104 1492 1110 1510 :
1127 1484 1165 1511 sic
1179 1488 1206 1511 et
1224 1484 1250 1510 lti
1267 1484 1310 1511 die
1329 1491 1379 1511 una
1395 1489 1421 1511 et
1435 1483 1647 1516 descenderunt,
1661 1487 1688 1511 et
1699 1483 1782 1510 disse-

998 1534 1105 1556 ruerunt
1114 1550 1122 1562 ,
1137 1534 1164 1557 et
1175 1530 1310 1558 solverunt
1322 1530 1497 1557 calamitatem
1507 1551 1515 1562 ,
1528 1534 1555 1557 et
1567 1530 1600 1557 ad
1614 1530 1719 1565 propria
1739 1538 1783 1556 re-

998 1575 1068 1602 versi
1079 1580 1140 1602 sunt
1152 1575 1329 1603 tabernacula.
1341 1576 1416 1602 Tanti
1428 1581 1469 1602 est
1479 1575 1644 1610 philosophia
1654 1583 1669 1602 a
1680 1575 1785 1602 Christo

999 1621 1025 1648 in
1043 1629 1126 1656 genus
1144 1622 1288 1649 humanum
1308 1622 1466 1649 introducta.
1481 1622 1515 1649 Et
1527 1621 1588 1657 quid
1603 1622 1662 1649 dico
1675 1621 1707 1649 de
1720 1621 1786 1648 divi-

1000 1667 1069 1693 tibus
1079 1667 1142 1694 etin
1153 1671 1283 1702 potestate
1292 1667 1452 1698 constitutis.
1465 1674 1524 1694 cum
1535 1672 1562 1694 et
1572 1666 1589 1693 ii
1599 1667 1643 1701 qui
1653 1666 1786 1701 iudicandi

1000 1716 1157 1746 potestatem
1177 1712 1312 1748 assequuti
1329 1716 1405 1739 erant
1415 1732 1422 1743 ,
1436 1719 1554 1739 summos
1567 1716 1688 1746 gerentes
1703 1711 1787 1745 magi-

1000 1762 1115 1789 stratus.
1131 1758 1164 1785 ab
1183 1758 1226 1785 his
1247 1758 1312 1794 ipsis
1326 1757 1410 1793 rogati
1430 1757 1585 1789 monachis,
1601 1762 1628 1784 ut
1640 1765 1700 1784 cum
1712 1757 1787 1784 venia

1001 1803 1159 1831 sententiam
1173 1803 1291 1837 ferrent,
1305 1807 1416 1831 eventus
1429 1810 1460 1830 se
1471 1803 1593 1830 dominos
1606 1809 1665 1830 esse
1677 1809 1788 1837 negave-

1000 1850 1071 1882 rint;
1092 1849 1162 1876 haud
1185 1853 1269 1877 tutum
1284 1849 1355 1876 enim
1365 1869 1373 1882 ,
1387 1848 1434 1876 sed
1455 1848 1631 1883 periculosum
1644 1855 1720 1880 esse,
1736 1855 1788 1874 non

1002 1901 1103 1923 tantum
1127 1895 1250 1930 injuriam
1272 1894 1372 1923 inferre
1390 1894 1562 1929 Imperatori,
1577 1893 1624 1921 sed
1644 1894 1722 1920 etiam
1742 1900 1789 1920 eos

1001 1942 1045 1976 qui
1056 1942 1224 1969 contumelize
1237 1941 1274 1968 rei
1287 1940 1400 1968 convicti
1413 1942 1475 1973 sint,
1487 1939 1631 1974 impunitos
1640 1938 1789 1966 dimittere?

1002 1987 1053 2014 Sed
1070 1988 1095 2014 lii
1108 1987 1232 2014 omnibus
1246 1987 1319 2014 fuere
1333 1986 1512 2021 potentiores,
1527 1990 1553 2012 et
1564 1985 1645 2012 animi
1659 1984 1790 2019 magnitu-

1002 2033 1063 2059 dine
1082 2037 1108 2060 et
1128 2032 1266 2060 tolerantia
1285 2032 1432 2060 assidentes
1453 2030 1651 2066 supplicarunt,
1667 2035 1790 2064 utquam

1002 2079 1035 2105 ab
1050 2078 1210 2112 lmperatore
1230 2085 1283 2105 non
1301 2081 1459 2112 acceperant
1473 2079 1628 2111 potestatem
1639 2096 1646 2108 ,
1661 2075 1729 2102 hanc
1741 2082 1791 2103 ex-

1003 2125 1125 2152 ltibcrent
1139 2133 1145 2150 :
1161 2129 1187 2151 et
1201 2123 1373 2159 deprehensis
1388 2123 1419 2150 iis
1431 2122 1475 2157 qui
1490 2121 1527 2148 rei
1542 2125 1646 2154 essent,
1659 2120 1791 2155 judicibus

1005 2170 1164 2205 persuadere
1189 2174 1350 2205 potuerunt,
1374 2175 1408 2196 ne
1431 2166 1608 2194 damnationis
1633 2166 1792 2195 sententiam

1004 2215 1138 2246 ell'erreut,
1153 2214 1199 2242 sed
1213 2214 1246 2241 ad
1259 2213 1426 2248 Imperatoris
1442 2217 1532 2239 nutum
1545 2219 1591 2239 eos
1603 2211 1753 2246 rejiccrent,
1765 2214 1793 2238 ct

1005 2261 1183 2295 promiserunt
1197 2267 1226 2287 se
1240 2259 1278 2287 illi
1294 2265 1466 2294 persuasuros
1476 2278 1483 2291 ,
1499 2262 1526 2285 et
1539 2257 1680 2284 effecturos
1691 2261 1718 2283 ut
1733 2263 1793 2284 om-

1005 2308 1068 2333 nino
1082 2306 1184 2333 veniam
1198 2305 1273 2332 daret
1285 2305 1316 2331 iis
1326 2325 1333 2336 ,
1347 2304 1392 2338 qui
1406 2304 1430 2330 in
1444 2310 1473 2330 se
1487 2306 1670 2337 peccaverant,
1684 2305 1712 2329 et
1732 2308 1794 2335 per-

1006 2353 1196 2387 egrinationem
1215 2352 1329 2387 aggressi
1342 2355 1413 2377 sunt.
1423 2350 1476 2377 Sed
1488 2349 1591 2384 judices
1611 2348 1728 2382 ipsorum
1748 2355 1793 2374 sa-
1826 2352 1842 2368 ε’

1007 2398 1132 2434 pientiam
1154 2397 1272 2430 reveriti,
1287 2401 1313 2424 et
1327 2403 1421 2423 sensus
1435 2394 1573 2422 altitudine
1586 2394 1710 2429 perculsi,
1727 2392 1795 2419 hanc

1005 2453 1052 2473 eos
1073 2446 1177 2480 longam
1194 2444 1269 2471 obire
1287 2443 1356 2470 viam
1374 2450 1426 2469 non
1446 2441 1609 2476 permisere,
1624 2439 1671 2467 sed
1684 2440 1706 2466 si
1719 2439 1796 2466 dum-

1007 2497 1078 2519 taxat
1093 2491 1209 2526 ipsorum
1222 2496 1301 2516 voces
1314 2488 1442 2516 haberent
1457 2487 1482 2514 in
1498 2486 1604 2520 scriptis
1614 2505 1620 2516 ,
1635 2492 1664 2512 se
1678 2491 1738 2511 cum
1752 2484 1796 2510 lit-

1007 2538 1072 2564 teris
1084 2537 1258 2567 discessuros,
1273 2539 1300 2562 et
1313 2533 1500 2568 imperatorem
1519 2534 1683 2561 exoraturos,
1699 2533 1727 2556 ut
1739 2536 1797 2556 om-

1007 2591 1067 2609 nem
1091 2582 1156 2608 iram
1180 2580 1344 2612 dimitteret,
1368 2576 1568 2612 spoponderunt
1584 2584 1591 2603 :
1605 2574 1675 2610 quod
1693 2578 1720 2601 et
1739 2574 1796 2600 fore

1008 2632 1203 2662 exspectamus.
1226 2625 1330 2653 Etenim
1352 2631 1411 2651 cum
1435 2621 1564 2650 sententia
1584 2620 1734 2652 diceretur,
1754 2618 1796 2645 in-

1007 2672 1090 2708 gresSi
1105 2673 1193 2700 multa:
1206 2671 1344 2706 sapientire
1355 2669 1437 2697 verba
1461 2668 1552 2696 dixere
1563 2687 1572 2699 ,
1587 2673 1618 2693 ac
1638 2673 1685 2700 per
1706 2665 1797 2691 literas

1009 2719 1165 2754 imperatori
1184 2717 1416 2752 supplicaverunt,
1431 2718 1457 2741 et
1473 2712 1565 2748 judicii
1582 2711 1669 2739 fecere
1682 2709 1796 2736 mentio-

1008 2775 1070 2795 nem
1080 2788 1087 2800 ,
1102 2771 1129 2794 et
1141 2773 1170 2793 se
1182 2772 1230 2792 sua
1243 2763 1410 2799 deposituros
1423 2768 1483 2788 esse
1495 2759 1580 2793 capita
1593 2757 1731 2789 dixerunt,
1747 2754 1798 2781 nisi

1011 2815 1061 2842 hoc
1075 2813 1160 2843 ﬁeret.
1182 2812 1215 2840 Et
1229 2815 1288 2847 post
1300 2810 1347 2839 has
1361 2811 1479 2842 sumptas
1494 2806 1520 2837 in
1534 2804 1616 2832 literis
1630 2809 1710 2831 voces
1725 2800 1784 2836 indi
