1983 3125
234 134 287 163 175

231 199 278 220 ces
293 192 432 222 abierunt,
447 189 517 225 quod
532 189 604 216 omni
616 196 713 216 corona
728 187 893 224 splendidius
905 191 1021 215 nostram

231 237 364 265 civitatem
379 235 528 264 exornabit.
544 235 576 262 Et
591 243 650 269 qua}
662 239 724 262 sunt
737 234 779 261 hic
792 241 862 261 nunc
873 237 962 268 gesta,
973 239 1022 260 auo

231 283 285 310 diet
296 282 451 316 Imperator,
463 281 552 308 audiet
561 285 587 308 et
597 287 691 315 magna
703 279 804 311 civitas,
814 279 904 306 audiet
914 284 941 306 et
952 283 1022 306 totus

230 327 312 360 orbis,
326 327 396 362 quod
411 327 476 353 tales
489 325 716 353 Antiochenorum
730 324 822 352 urbem
835 323 955 351 habitem
966 331 1022 350 mo-

231 374 308 401 nachi
321 394 328 405 ,
343 377 372 400 ut
387 372 558 407 apostolicam
580 371 722 398 exhibeam
737 370 859 397 ﬁduciam
875 379 880 396 :
896 374 923 397 et
939 369 1022 396 literis

229 427 302 448 nunc
316 420 390 448 lectis
403 440 409 452 ,
424 420 450 446 in
469 418 563 446 castris
576 425 670 445 omnes
684 417 802 452 ipsorum
821 415 1022 451 magnanimita-

230 471 281 493 tem
297 465 509 497 admirabuntur,
525 471 619 492 omnes
637 463 770 491 civitatem
785 466 901 490 nostram
917 461 1021 489 beatam

228 512 380 545 vocabunt,
402 514 430 539 ct
452 510 548 537 malam
568 508 727 544 repellemus
746 509 843 535 famam
860 517 866 534 :
885 507 1022 541 scientque

228 565 334 589 omnes,
349 561 422 592 gesta
436 564 489 583 non
503 555 637 583 civitatem
651 554 853 582 inhabitantium
868 552 960 584 fuisse,
975 551 1021 578 sed

230 602 369 632 hominum
380 606 550 631 externorum
565 605 593 630 et
606 600 771 637 perditorum
786 608 792 626 :
806 603 833 627 et
848 598 942 626 idonea
955 597 1021 624 civi-

229 650 291 677 tatis
305 655 410 677 morum
423 647 617 676 demanstratio
630 646 822 674 monachorum
834 644 886 673 erit
902 643 1022 670 testimo-

229 698 313 725 nium.
327 696 366 723 Ne
385 695 463 730 igitur
477 695 623 728 tristemur,
637 692 743 726 dilecti,
761 691 808 719 sed
829 699 877 725 spe
895 691 964 719 bona
979 689 1022 718 in-

229 743 323 770 structi
336 742 428 771 simus.
444 741 471 768 Si
485 741 554 768 enim
575 738 644 774 apud
664 738 786 766 homines
799 738 907 765 libertas
920 741 1021 764 tantum

230 787 359 816 molestiae
374 787 515 823 prohibere
530 785 624 821 potuit,
641 784 710 819 apud
727 784 809 811 Deum
825 783 912 818 ipsum
928 782 1021 810 ﬁducia

228 836 291 871 quid
307 843 359 862 non
373 833 547 869 operabitur?
563 832 624 859 llazc
637 832 715 859 etiam
733 830 876 866 gentilibus
890 829 1020 860 dicamus,

229 890 290 909 cum
303 881 336 908 de
347 879 513 916 philosophis
524 878 662 906 nobiscum
676 877 811 911 disputare
823 875 966 902 audebunt.
982 874 1020 900 Ex

230 926 405 962 praesentibus
430 929 501 960 patet
525 923 614 958 priora
636 930 741 958 quoque
763 921 845 948 fuisse
866 920 930 947 falsa
953 918 1022 954 apud

230 973 290 1000 illos
304 981 310 998 :
325 979 357 999 ex
373 971 414 998 his
427 969 595 997 manifestum
610 972 665 1000 est,
679 972 706 994 et
719 967 789 1002 apud
805 974 853 993 nos
866 973 927 993 vera
941 965 1022 993 fuisse

230 1018 317 1052 priora
337 1017 371 1044 de
392 1016 494 1044 Joanne
506 1035 514 1048 ,
529 1014 608 1042 Petro
622 1018 650 1041 et
669 1013 750 1041 Paulo
769 1018 797 1040 et
814 1012 937 1039 omnibus
952 1011 1021 1038 aliis.

230 1063 359 1097 Quoniam
373 1062 443 1089 enim
456 1062 480 1089 in
493 1062 597 1089 illorum
613 1061 737 1096 pietatem
752 1063 948 1091 successerunt,
963 1066 1022 1093 pro-

231 1115 319 1145 pterea
333 1115 359 1137 et
374 1117 466 1136 eorum
482 1108 604 1135 ﬁduciam
619 1106 797 1134 exhibueruut
810 1115 816 1133 :
830 1106 955 1141 quoniam
975 1106 1021 1132 iis-

230 1157 289 1184 dem
302 1155 405 1190 legibus
421 1153 524 1181 educati
540 1159 601 1180 sunt
613 1173 621 1186 ,
635 1152 695 1180 ideo
709 1156 737 1179 et
758 1152 874 1187 ipsorum
897 1152 1021 1179 virtutem

230 1207 292 1231 sunt
312 1201 416 1229 imitati.
439 1200 529 1235 Itaque
553 1207 606 1227 non
632 1203 674 1226 est
692 1206 759 1233 opus
784 1198 860 1225 nobis
884 1197 967 1224 literis
989 1196 1022 1223 ad

230 1249 400 1284 apostolicam
414 1248 536 1275 virtutem
549 1245 795 1277 demonstrandam,
808 1245 887 1272 rebus
899 1245 963 1278 ipsis
972 1244 1023 1271 cla-

231 1295 364 1323 ulantibus
375 1316 382 1327 ,
397 1300 423 1322 et
437 1293 573 1328 discipulis
588 1292 729 1327 magistros
744 1290 997 1326 reprmsentantibus
1014 1298 1020 1315 :

231 1350 282 1370 nun
299 1341 376 1368 nobis
395 1339 562 1367 sermonibus
581 1346 649 1374 opus
668 1341 707 1365 est
728 1336 761 1364 ad
782 1335 920 1371 gentilium
940 1342 1023 1370 nugas

231 1386 455 1418 manifestandas,
471 1390 499 1412 ct
517 1384 735 1420 philosophorum
751 1382 869 1417 ipsorum
884 1381 1021 1416 pusillani-

230 1436 347 1461 mitatem
358 1453 365 1464 .
379 1433 459 1460 rebus
476 1432 540 1466 ipsis
558 1431 746 1462 clamantibus,
761 1434 814 1457 tam
830 1428 1021 1464 praesentibus,

230 1488 307 1514 quam
322 1478 465 1512 praeteritis
475 1499 483 1511 ,
498 1478 568 1513 quod
584 1478 672 1505 omnia
692 1476 762 1511 apud
779 1477 852 1512 ipsos
868 1475 981 1508 fabula»,
996 1479 1023 1502 et

232 1534 308 1554 scena
317 1546 325 1558 ,
338 1530 366 1553 et
379 1524 537 1561 hypocrisis.
554 1523 607 1551 Nec
621 1522 743 1550 monachi
760 1526 859 1549 tantum
871 1542 877 1553 ,
891 1529 983 1548 verum
996 1526 1023 1548 et

232 1572 382 1600 sacerdotes
404 1571 525 1599 eamdem
550 1570 730 1605 praestiterunt
752 1569 833 1596 animi
859 1568 1021 1604 magnitudi—

232 1626 302 1651 nem,
315 1623 486 1653 nostramque
502 1617 612 1644 salutem
628 1616 824 1650 dispensarunt.
842 1615 875 1642 Et
889 1616 956 1642 alius
969 1615 1024 1649 qui-

232 1666 292 1693 dem
313 1666 340 1693 in
359 1670 446 1692 castra
467 1671 496 1692 se
516 1663 646 1696 contulit,
662 1663 750 1690 omnia
773 1662 908 1690 dilectioni
927 1667 1023 1689 vestrae

232 1719 392 1749 postponens
402 1735 409 1744 ,
425 1716 453 1739 ct
466 1713 522 1747 ipse
536 1715 641 1746 paratu~
654 1732 660 1741 .
679 1710 728 1738 nisi
744 1709 897 1744 Imperatori
914 1716 1023 1744 persua-

232 1759 319 1791 deret,
335 1759 417 1791 mori;
433 1758 477 1785 alii
490 1765 552 1785 vero
567 1757 611 1785 hic
623 1760 804 1788 remanentes,
819 1755 949 1782 eteadem
964 1762 1023 1790 qua:

232 1804 353 1832 monachi
370 1803 527 1831 exhibentes
539 1823 546 1836 ,
561 1802 674 1838 propriis
689 1800 924 1835 manibusjudices
936 1800 1022 1828 conti-

232 1857 324 1878 nentes
336 1870 345 1884 ,
360 1858 412 1878 non
426 1849 549 1878 sinebant
568 1848 669 1883 ingredi
683 1848 703 1880 ',
720 1847 872 1882 priusquam
887 1846 921 1874 de
932 1846 1023 1881 judicii

233 1900 284 1926 line
295 1898 479 1933 promitterent
491 1905 498 1923 :
508 1901 535 1923 et
547 1903 606 1922 cum
618 1899 759 1922 renuentes
769 1893 877 1929 quidem
888 1893 1022 1925 videbant,

231 1943 313 1970 multa
326 1942 420 1970 ﬁducia
434 1945 461 1970 et
473 1941 522 1977 ipsi
537 1940 652 1968 vicissim
666 1940 817 1967 utebantur.
830 1938 866 1966 Ut
878 1943 965 1967 autem
977 1946 1024 1966 an-

221 1990 343 2016 ‘nuentes
357 1988 497 2020 viderunt,
515 1986 596 2022 pedes
607 1989 634 2013 et
646 1993 731 2021 genua
744 1985 876 2020 complexi
889 1988 917 2011 et
930 1992 1024 2012 manus

230 2035 387 2066 exosculati.
402 2038 541 2068 utramque
553 2032 677 2059 virtutem
692 2030 938 2066 superabundanter
950 2031 1026 2058 exhi-

232 2082 325 2114 buere,
339 2081 488 2109 libertatem
501 2083 529 2107 et
543 2077 782 2106 mansuetudinem.
796 2076 871 2110 Quod
886 2077 957 2104 enim
971 2084 1024 2104 non

231 2127 364 2161 superbi:
381 2130 453 2154 esset
471 2125 583 2156 ﬁducia,
602 2123 784 2152 exosculando
797 2131 882 2158 genua
897 2127 925 2150 et
943 2123 1025 2158 pedes

231 2171 417 2207 amplectende
429 2171 542 2198 maxime
554 2169 802 2197 demonstraverunt
815 2178 822 2196 :
837 2177 941 2196 rursum
954 2168 1024 2203 quod

233 2217 367 2244 humilitas
388 2217 432 2244 illa
454 2224 507 2244 non
526 2220 598 2243 esset
612 2215 773 2248 assentatio,
794 2222 880 2250 neque
894 2215 1026 2242 servilitas

232 2263 352 2298 quasz
364 2283 371 2295 ,
387 2270 437 2290 nec
457 2270 490 2289 ex
511 2261 635 2289 illiberali
655 2261 785 2288 sententia
810 2261 926 2295 profecta
939 2269 1026 2295 ,ηυδε

234 2309 370 2343 praemissa
390 2308 506 2340 ipsorum
528 2307 632 2335 ﬁducia:
653 2306 774 2338 fuerunt,
795 2306 933 2334 testiﬁcata
953 2311 1024 2333 sunt.

234 2354 325 2388 Neque
346 2354 403 2381 hmc
426 2354 481 2381 sola
496 2353 529 2381 de
550 2353 696 2380 tentatione
717 2352 786 2380 bona
808 2352 901 2379 lucrati
916 2360 1025 2385 sumus,

234 2408 327 2427 verum
341 2405 369 2427 et
384 2400 491 2427 multatn
510 2399 680 2431 modestiam,
694 2406 724 2426 ac
738 2398 966 2427 mansuetudinem
978 2420 985 2430 ,
1000 2402 1027 2425 et

234 2447 327 2474 civitas
340 2446 417 2473 nobis
435 2450 545 2480 repente
563 2445 753 2473 monasterium
769 2444 835 2472 facta
849 2450 900 2472 est.
916 2445 972 2471 Non
988 2445 1027 2472 sic

235 2493 306 2520 illam
317 2492 376 2527 quis
387 2497 517 2523 ornasset,
528 2492 550 2518 si
561 2499 655 2518 aureas
667 2492 695 2519 in
707 2491 764 2518 l'oro
775 2495 876 2518 statuas
887 2491 1025 2521 erexisset,

234 2543 304 2565 sicut
318 2545 388 2565 nunc
404 2538 476 2565 clara
497 2541 525 2565 et
544 2537 653 2565 illustris
671 2542 713 2565 est
725 2558 732 2570 ,
748 2546 807 2572 quae
826 2537 909 2564 bonas
925 2538 1028 2564 virtutis

234 2590 336 2612 statuas
348 2583 468 2619 protulit,
484 2588 511 2611 et
525 2584 645 2618 proprias
658 2583 779 2610 exhibuit
792 2583 907 2610 divitias.

274 2629 360 2656 Preme
370 2628 400 2655 ab
413 2628 570 2664 lmperatore
580 2629 741 2655 Autiorltem':
753 2629 864 2662 inﬂiclw.
880 2628 1029 2663 Metropolis

236 2675 346 2710 dignitas
359 2675 482 2701 translata
495 2674 529 2701 ad
544 2674 709 2701 Laodicenos.
723 2689 760 2694 —-
772 2675 807 2701 At
823 2682 882 2709 qua:
896 2675 929 2701 ab
944 2675 1029 2709 lutpc-

237 2726 326 2748 ratore
340 2720 456 2755 proiecta
469 2723 532 2748 sunt
543 2720 700 2747 contristant
713 2729 719 2746 :
731 2719 778 2747 sed
793 2727 841 2746 nec
854 2720 897 2747 illa
912 2720 1029 2755 profcclo

237 2768 337 2801 gravia,
348 2775 440 2795 verum
454 2771 482 2795 et
495 2767 551 2802 ipsa
566 2767 678 2794 multum
690 2766 836 2794 attulerunt
846 2768 1027 2794 emolumenti.

238 2845 278 2904 m‘
373 2847 426 2870 Sav.
443 2848 469 2872 et
487 2844 548 2871 alios
563 2844 666 2870 habetur
680 2851 687 2870 :
704 2843 871 2875 continebant,
884 2850 930 2870 non
951 2847 1029 2871 smmi-

274 2895 282 2906 δ

602 132 631 160 S.
651 131 790 160 JOANNIS
808 129 1045 159 CHRYSOSTOMI
1064 129 1221 159 ARClllEP.
1242 131 1505 161 CONSTANTINOP.

1819 133 1868 161 176

1076 187 1145 221 Quid
1157 187 1228 215 enim
1243 188 1357 221 molesti,
1369 188 1411 216 dic
1422 188 1497 222 mihi,
1512 187 1607 219 factum
1620 194 1660 217 est
1669 189 1682 217 ?
1692 190 1764 225 quod
1775 191 1870 218 orche-

1076 239 1158 261 stram
1168 233 1340 268 obstruxerit,
1352 234 1422 269 quod
1431 235 1530 262 circum
1544 235 1752 264 iuaccessibilem
1765 236 1869 270 fecerit,

1076 279 1147 314 quod
1165 279 1290 314 nequitia:
1309 281 1394 308 fontes
1408 281 1549 308 exeluserit
1563 285 1590 308 et
1608 281 1747 310 obruerit?
1763 283 1870 311 Utinam

1076 333 1126 353 nec
1138 325 1329 353 concederetur
1340 334 1464 361 umquam
1478 326 1526 354 hos
1541 327 1648 362 aperiri.
1665 328 1732 356 Hinc
1744 330 1870 364 nequitia

1076 371 1179 399 radices
1193 372 1219 399 in
1234 372 1340 400 civitate
1358 374 1587 408 germinaverunt,
1601 374 1664 402 hinc
1677 381 1738 402 sunt
1753 376 1799 410 qui
1814 384 1869 403 mo~

1075 417 1149 445 ribus
1169 417 1252 453 ipsius
1272 421 1371 446 crimen
1392 419 1520 452 aﬁ'eruut,
1536 427 1598 453 suas
1616 429 1694 448 voces
1711 422 1870 449 saltantibus

1075 463 1230 496 vendentes,
1243 468 1270 492 et
1283 464 1367 491 tribus
1379 465 1464 492 obolis
1479 473 1552 492 suam
1569 465 1619 492 illis
1633 466 1744 494 salutem
1760 467 1876 502 prodeo-

1076 513 1126 541 tes,
1142 509 1334 537 conl'undentes
1351 511 1449 537 omnia.
1467 510 1610 545 Propterea
1625 511 1747 544 tristaris,
1763 513 1864 540 carissi-

1076 554 1137 581 me?
1156 554 1212 582 lmo
1231 555 1290 583 ideo
1307 560 1335 584 et
1353 556 1467 591 gaudere
1480 562 1506 584 et
1519 558 1600 584 laetari
1614 564 1719 593 oportet
1730 564 1758 586 et
1770 560 1869 594 gratias

1077 599 1230 635 Imperatori
1244 609 1323 636 agere
1337 603 1480 637 :quoniam
1495 603 1578 638 ipsius
1589 604 1654 631 uitio
1667 606 1799 632 correctio
1810 606 1868 638 fuit,

1075 650 1102 672 et
1116 653 1194 680 ptena
1208 647 1330 678 eruditio,
1348 653 1374 675 et
1390 649 1427 675 ira
1442 649 1572 676 doctrina.
1589 650 1627 676 An
1641 650 1699 684 quia
1714 651 1810 678 balnea
1823 661 1870 678 no-

1076 691 1116 719 bis
1128 692 1233 719 occlusa
1247 693 1329 720 sunt?
1343 693 1394 721 Sed
1410 694 1460 721 hoc
1473 702 1524 722 non
1541 696 1706 724 intolerabile
1716 718 1723 727 ,
1737 697 1780 723 vcl
1799 697 1868 724 invi-

1076 743 1127 772 tos,
1141 738 1268 767 lubricam
1282 744 1308 767 et
1321 740 1428 768 mollem
1441 745 1468 768 et
1481 741 1636 769 dissolutam
1650 742 1777 778 degentes
1788 743 1868 770 vitam

1075 784 1108 812 ad
1131 784 1324 822 philosophiam
1346 785 1447 813 reduci.
1468 787 1509 814 An
1532 787 1602 822 quod
1624 788 1737 815 civitatis
1759 789 1870 816 abstulit

1075 831 1228 867 dignitatem
1238 854 1245 866 ,
1260 841 1310 861 nec
1325 833 1438 869 amplius
1453 833 1536 870 ipsam
1554 835 1720 869 metropolim
1740 836 1869 870 appellari

1075 878 1195 912 permisit
1207 878 1266 915 (a)?
1276 879 1326 907 Sed
1339 880 1400 915 quid
1413 881 1499 908 facere
1510 879 1667 916 oportebat?
1678 880 1786 908 laudare
1797 888 1869 908 coui-

1075 923 1166 958 missa,
1176 929 1203 952 et
1213 925 1311 960 gratias
1321 926 1419 960 agere?
1431 926 1463 954 Et
1473 927 1532 961 quis
1545 927 1629 963 ipsum
1641 936 1693 955 non
1704 932 1867 961 accusasset.

1075 968 1145 1003 quod
1164 977 1217 997 non
1236 971 1279 998 vel
1297 971 1405 1006 speciel
1425 972 1631 1008 indignationem
1651 975 1869 1004 inanifestasset?

1075 1013 1132 1042 Non
1150 1015 1237 1043 cernis
1257 1022 1346 1051 patres
1363 1018 1445 1045 multa
1463 1019 1612 1054 huiusmodi
1629 1020 1654 1047 in
1670 1021 1739 1049 ﬁlios
1753 1029 1818 1049 suos
1831 1022 1869 1050 {ac

1075 1061 1156 1088 cere?
1174 1067 1344 1096 aversantur,
1361 1068 1387 1091 et
1407 1072 1498 1092 mensa
1518 1065 1669 1100 prohibent.
1690 1067 1746 1095 Hoc
1763 1077 1868 1104 quoque

1075 1105 1221 1141 Imperator
1234 1107 1304 1141 fecit,
1322 1109 1387 1137 lalcs
1403 1110 1541 1146 imponens
1554 1112 1679 1145 ultiones,
1695 1115 1797 1142 nullum
1811 1116 1869 1150 qui-

1075 1151 1135 1179 dem
1155 1153 1283 1181 habentes
1299 1154 1441 1189 damnum,
1462 1157 1572 1184 multam
1592 1165 1654 1185 vero
1674 1160 1868 1188 correctionem

1075 1198 1225 1227 aﬁ’erentes.
1241 1200 1333 1236 Cogita
1352 1209 1412 1236 qua:
1433 1204 1662 1237 exspectavimus.
1677 1210 1704 1232 et
1722 1213 1783 1241 qua:
1800 1205 1869 1234 facta

1075 1250 1146 1277 sunt.
1163 1249 1190 1272 ct
1202 1250 1264 1273 tunc
1276 1247 1390 1274 maxime
1403 1248 1518 1276 sciemus
1533 1248 1578 1276 Dei
1590 1251 1714 1284 gratiam.

1111 1291 1250 1319 Antiochiae
1264 1300 1322 1319 vera
1332 1292 1451 1328 dignitas.
1464 1309 1500 1313 —
1513 1294 1591 1321 Doles
1607 1295 1678 1329 quod
1697 1296 1812 1324 civitatis
1826 1297 1869 1324 di-

1075 1338 1161 1372 gnitas
1175 1338 1263 1365 ablata
1281 1339 1336 1366 sit?
1350 1339 1423 1367 disce
1442 1340 1506 1375 quid
1527 1341 1632 1369 tandem
1651 1342 1685 1369 sit
1699 1342 1815 1370 civitatis
1827 1344 1869 1371 di-

1075 1385 1172 1420 gnitas,
1187 1389 1215 1412 ct
1231 1390 1295 1413 tunc
1308 1386 1448 1414 manifeste
1468 1387 1548 1420 Scies,
1569 1388 1641 1423 quod
1660 1389 1682 1416 si
1705 1389 1869 1418 habitatores

1076 1431 1160 1466 ipsam
1175 1439 1226 1458 non
1241 1433 1414 1467 prodiderint,
1427 1433 1531 1462 auferre
1549 1435 1646 1469 poterit
1656 1435 1724 1464 alius
1738 1445 1819 1464 nemo
1831 1439 1869 1465 ci-

1075 1478 1164 1504 vitatis
1186 1477 1351 1514 dignitatem.
1374 1479 1432 1507 Non
1450 1480 1520 1515 quod
1541 1482 1696 1517 metropolis
1717 1483 1763 1516 sit,
1783 1491 1869 1518 neque

1075 1525 1146 1560 quod
1163 1525 1272 1560 praedita
1286 1526 1321 1553 sit
1339 1526 1519 1561 magnitudine
1533 1532 1559 1554 et
1574 1533 1671 1555 ornatu
1682 1529 1866 1563 aediﬁciorum,

1076 1579 1163 1605 neque
1181 1571 1251 1606 quod
1267 1572 1363 1599 multas
1385 1572 1480 1600 habeat
1501 1574 1650 1609 columnas,
1666 1580 1693 1603 et
1707 1576 1774 1604 latas
1789 1579 1870 1612 porti-

1076 1624 1134 1649 cus,
1147 1622 1174 1643 et
1188 1617 1425 1651 deambulationes,
1440 1627 1525 1654 neque
1541 1620 1611 1655 quod
1624 1626 1686 1648 ante
1700 1622 1767 1649 alias
1776 1623 1869 1651 civita-

1077 1667 1117 1690 tes
1133 1663 1310 1697 pratdicetur;
1332 1664 1379 1691 sed
1402 1664 1607 1694 inhabitantium
1627 1666 1712 1694 virtus
1726 1673 1755 1695 et
1773 1669 1867 1704 pietas,

1077 1708 1135 1736 lucc
1146 1714 1187 1736 est
1201 1709 1325 1744 dignitas,
1348 1715 1374 1737 et
1397 1716 1518 1745 ornatus,
1539 1717 1566 1740 et
1585 1713 1665 1740 tutela
1687 1714 1813 1748 civitatis,
1836 1715 1869 1743 ita

1077 1758 1107 1782 ut
1118 1755 1140 1782 si
1154 1755 1205 1783 hoc
1217 1755 1296 1788 desit,
1311 1757 1429 1784 omnium
1450 1758 1485 1784 sit
1501 1758 1640 1791 vilissima,
1656 1759 1718 1787 licet
1738 1760 1869 1788 inﬁnitum

1076 1803 1110 1831 ab
1122 1802 1328 1838 lmperatoribus
1340 1810 1517 1839 consequatur
1538 1804 1676 1833 honorem.
1691 1806 1738 1833 Vis
1757 1807 1871 1835 civitatis

1077 1855 1131 1878 tute
1142 1850 1296 1886 dignitatem
1311 1850 1433 1878 discere?
1444 1851 1484 1878 vis
1498 1852 1606 1886 gentilia
1621 1852 1703 1887 ipsius
1714 1859 1871 1881 ornamenta

1077 1897 1176 1924 nosse?
1191 1896 1277 1924 dicam
1291 1896 1395 1928 sedulo,
1417 1904 1468 1923 non
1492 1901 1521 1924 ut
1540 1897 1628 1924 discas
1643 1902 1756 1930 tantum,
1777 1907 1870 1926 verum

1077 1947 1146 1970 utet
1168 1942 1290 1970 imiteris.
1315 1942 1380 1976 Qua:
1395 1942 1501 1969 tandem
1524 1947 1566 1970 est
1579 1944 1692 1970 civitatis
1716 1949 1815 1971 nostra)
1830 1945 1869 1971 di-

1077 1988 1164 2024 gnitas
1173 1989 1185 2015 ?
1195 1988 1304 2024 Conligit
1317 1989 1427 2024 primum
1442 1989 1582 2016 Antiochia?
1595 1989 1733 2024 discipulos
1745 1991 1871 2025 appellari

1077 2034 1234 2062 Christianos
1244 2034 1313 2068 (Αει.
1328 2035 1370 2061 ll.
1385 2033 1438 2070 ⁴26)
1458 2043 1464 2062 :
1480 2034 1529 2062 hoc
1547 2041 1635 2062 autem
1659 2035 1797 2063 civitatum
1812 2044 1871 2071 quin

1078 2073 1141 2109 sunt
1155 2081 1181 2108 in
1196 2080 1294 2108 mundo
1304 2086 1459 2108 cunctarum
1481 2080 1561 2108 habet
1580 2081 1661 2113 nulla,
1683 2089 1733 2108 nec
1746 2082 1803 2117 ipsa
1817 2083 1871 2110 Ro-

1078 2126 1141 2154 muli
1154 2126 1247 2154 civitas
1261 2135 1269 2153 :
1282 2131 1424 2161 propterea
1444 2131 1537 2154 contra
1550 2134 1655 2153 omnem
1677 2132 1808 2154 terrarum
1827 2136 1872 2155 or-

1079 2172 1139 2200 bem
1153 2173 1245 2199 oculos
1264 2172 1368 2207 erigere
1397 2176 1484 2206 potest
1498 2181 1505 2199 :
1520 2172 1646 2206 quoniam
1660 2180 1722 2207 erga
1737 2173 1873 2201 Christum

1079 2219 1178 2247 amoris
1189 2220 1276 2254 ignem
1295 2219 1383 2249 habet,
1398 2224 1507 2254 propter
1521 2219 1655 2250 ﬁduciam,
1668 2224 1778 2254 propter
1790 2220 1874 2247 virtu-

1079 2269 1132 2292 tem
1144 2265 1227 2292 illam.
1243 2265 1289 2291 Vis
1304 2270 1330 2291 et
1342 2264 1421 2291 aliam
1439 2264 1554 2291 civitatis
1571 2264 1665 2291 audire
1676 2264 1833 2299 dignitatem
1849 2270 1877 2292 et

1080 2310 1185 2338 laudem
1195 2310 1206 2337 ?
1218 2310 1313 2337 Fames
1331 2309 1397 2336 olim
1409 2309 1563 2336 difﬁcillima
1585 2309 1672 2336 futura
1685 2314 1753 2342 erat,
1768 2314 1797 2338 et
1817 2311 1876 2337 An-

1079 2356 1205 2384 tiochiam
1221 2355 1370 2382 habitantes
1391 2358 1550 2387 statuerunt,
1566 2360 1644 2389 prout
1656 2356 1769 2390 quisque
1788 2356 1876 2383 abun-

1079 2403 1176 2435 dabat,
1200 2402 1233 2430 ad
1259 2406 1366 2429 sanctos
1385 2401 1578 2437 Jerosolymam
1604 2402 1753 2429 habitantes
1775 2402 1875 2438 aliquid

1081 2449 1186 2476 mittere
1197 2448 1279 2483 (Ibid.
1295 2456 1318 2474 υ.
1329 2447 1375 2475 28.
1387 2447 1444 2482 ‘29).
1459 2448 1529 2475 Ecce
1546 2453 1573 2475 et
1592 2447 1737 2475 secundam
1758 2449 1874 2483 dignita-

1082 2501 1146 2528 tcm,
1162 2495 1187 2522 in
1203 2496 1273 2522 l'ame
1285 2495 1434 2522 caritatem.
1452 2494 1509 2521 Non
1524 2495 1657 2521 contraxit
1669 2495 1741 2530 ipsos
1754 2499 1872 2529 tempus,

1082 2551 1131 2570 nec
1154 2542 1290 2577 segniores
1317 2541 1431 2568 reddidit
1454 2541 1611 2568 calamitatis
1633 2543 1814 2576 exspectatio;
1831 2542 1876 2570 Sed

1082 2588 1187 2624 quando
1199 2588 1246 2615 alii
1260 2587 1345 2615 aliena
1359 2587 1496 2622 colligunt,
1511 2591 1574 2614 tunc
1594 2587 1630 2614 illi
1645 2595 1691 2614 sua
1706 2588 1874 2621 emittebant,

1114 2689 1122 2704 |
1141 2687 1238 2717 Quidam
1247 2686 1295 2715 alii,
1311 2685 1390 2712 verba.
1403 2692 1454 2717 pro.
1467 2686 1555 2716 specie.

1116 2719 1152 2750 (ιι)
1169 2717 1417 2750 Translatanimirum
1432 2718 1532 2750 fuerunt
1541 2718 1595 2750 jrura
1605 2721 1634 2750 ct
1644 2717 1773 2750 privilegia
1787 2721 1876 2750 metro;

1083 2739 1705 2779 migra'aa’iswiasiajainstitissent;
1723 2739 1748 2772 t.°
1756 2739 1879 2773 εξ.ἷῖῐῆ
1892 2739 1918 2767 1
1946 2754 1947 2758 π

1087 2780 1098 2804 ii
1111 2781 1238 2811 Privilegia
1255 2780 1346 2811 civitati
1365 2779 1465 2808 ademit,
1477 2780 1581 2811 urbique
1597 2779 1681 2803 vicinae
1693 2780 1823 2809 primatum
1838 2779 1880 2803 tri-

1085 2814 1146 2840 huit,
1158 2809 1246 2840 latitans
1255 2810 1300 2835 hoc
1311 2809 1345 2834 illi
1354 2811 1459 2835 maximo
1468 2809 1545 2835 dolori
1553 2810 1667 2834 futurum.
1680 2811 1804 2834 lnvitlebut
1814 2810 1878 2834 enim

1085 2819 1146 2840 ηυιι,
1167 2819 1246 2836 ’γυιὲιιδ
1255 2819 1300 2835 HOC
1311 2819 1345 2834 l|l|
1354 2819 1459 2835 lllﬂXlan
1468 2819 1544 2835 υυιοΓΙ
1553 2819 1667 2834 ΙυιυΓυΙΠ-
1680 2819 1804 2834 ιιιινιυειιηῐ
1814 2819 1878 2834 ⁸111111

1081 2845 1130 2875 jam
1142 2819 1198 2867 olim
1207 2841 1334 2875 Antiocbire
1346 2841 1471 2875 modicam.
1486 2849 1497 2864 ι
1513 2841 1570 2866 \‘idc
1579 2845 1595 2866 t.
1605 2841 1626 2866 l.
1639 2842 1711 2866 \ilam
1722 2840 1880 2873 Chrysostotui

1085 2871 1235 2904 nostram,ad
1247 2878 1337 2898 annum
1346 2871 1400 2897 587.
