1983 3125
187 102 236 130 177

187 166 236 186 nec
250 157 424 193 prmsentibus
443 162 560 190 tantum,
573 165 664 185 verum
683 161 709 186 et
722 157 801 191 longe
812 154 978 183 sedentibus.

190 204 282 231 Vidisti
297 203 377 231 fidem
389 204 417 230 in
433 204 529 236 Deum,
554 208 581 231 et
602 203 738 231 caritatem
764 202 792 230 in
813 200 980 237 proximum?

191 249 235 276 Vis
248 253 274 276 et
287 248 367 275 aliam
380 248 498 276 civitatis
514 248 593 282 hujus
612 247 715 275 discere
728 245 902 282 dignitatem?
930 245 981 272 De-

188 295 347 321 sremlerunt
358 293 469 328 quidam
480 302 513 321 ex
524 293 613 321 Judrea
628 292 806 324 Antiochiam,
820 290 979 326 perturban-

189 345 228 368 tes
241 340 470 375 pncdicationem,
492 344 518 366 et
541 339 663 366 Judaicas
684 338 839 366 inducentes
853 336 979 363 observa-

189 387 276 414 tiones
290 387 358 422 (Act.
375 386 420 413 15.
435 385 473 421 1).
488 385 545 412 Non
559 385 638 412 tacite
651 384 768 412 tulerunt
783 383 820 410 illi
832 381 981 409 innovatio-

189 440 260 463 nem,
280 439 330 459 nec
349 433 549 467 acquieverunt,
569 431 615 458 sed
640 430 827 462 convenientes
847 433 874 456 et
893 428 982 455 eccle~

187 479 255 505 siam
281 477 431 510 facientes,
455 476 648 512 Jerosolymam
673 475 782 502 Paulum
804 474 934 501 miserunt
954 476 983 500 et

188 523 348 555 Barnabam,
365 527 392 550 et
414 520 560 550 eﬂecerunt
582 527 610 548 ut
629 521 742 555 apostoli
757 520 879 554 dogmata
896 526 911 546 a
935 518 982 546 Ju-

188 569 263 595 daica
290 568 446 595 infirmitate
473 574 539 601 pura
563 566 657 601 quovis
681 570 810 592 terrarum
835 564 981 592 mitterent.

189 614 252 642 llaec
263 614 378 642 civitatis
390 614 515 649 dignitas,
530 612 588 639 haec
602 611 764 647 praestantia,
781 610 831 637 hoc
846 610 929 645 ipsam
945 609 982 636 fa-

189 660 225 686 cit
240 659 421 694 metropolim,
444 659 542 685 nonin
566 661 646 689 terra,
671 657 719 684 sed
742 657 768 682 in
792 656 868 683 caelo.
893 655 982 689 Itaque

190 712 284 732 omnes
308 704 354 731 alii
375 704 491 731 honores
515 702 699 736 corruptibiles
720 705 782 728 sunt
801 705 828 728 et
848 700 939 728 caduci
955 704 983 727 et

191 759 251 778 cum
276 750 401 785 przesenti
425 750 478 776 vita
503 749 657 776 solvuntur:
681 747 834 782 frequenter
853 751 941 774 autem
954 750 983 773 et

192 802 252 824 ante
264 801 425 832 praesentem
446 796 528 822 vitam
549 795 628 821 tinem
651 793 749 821 habent
764 801 771 820 :
787 793 854 820 sicut
873 796 899 819 et
913 798 982 818 nunc

193 845 283 878 utique
294 843 455 871 habuerunt.
470 842 532 869 Mihi
547 841 640 868 civitas
659 848 710 867 non
730 839 830 866 habens
842 838 901 873 pios
911 837 983 864 cives

193 890 262 916 omni
276 890 338 916 villa
354 889 434 916 vilior
457 892 508 921 est,
532 892 559 915 et
579 894 746 921 quacumque
765 885 890 919 spelunca
905 884 982 919 igno-

193 936 279 963 bilior.
294 936 327 963 Et
341 935 403 971 quid
418 935 480 962 dico
498 934 531 962 de
555 933 678 960 civitate?
699 932 732 960 Ut
752 931 822 959 enim
843 931 983 966 diligenter

194 983 278 1010 discas
291 982 417 1009 virtutem
435 981 520 1008 solam
535 980 605 1007 cives
626 986 730 1009 ornare,
755 977 820 1004 nihil
836 976 881 1003 tibi
897 976 929 1003 de
943 975 983 1002 ci-

195 1029 272 1054 vitate
285 1027 355 1059 dico,
377 1026 424 1054 sed
439 1026 509 1061 quod
533 1030 573 1052 est
586 1024 657 1052 omni
673 1024 779 1050 civitate
793 1021 981 1054 venerabilius,

195 1073 443 1108 Jerosolymitanum
465 1071 509 1098 Dei
524 1071 650 1105 templum
673 1069 698 1096 in
718 1069 834 1096 medium
856 1068 981 1100 ail'erens,

195 1119 244 1146 hoc
264 1119 450 1146 demonstrare
475 1117 602 1145 conabor.
627 1116 682 1142 lloc
703 1115 773 1142 enim
796 1114 933 1148 templum,
957 1113 984 1139 in

195 1172 246 1198 quo
260 1163 390 1190 sacriﬁcia
402 1167 430 1190 et
442 1162 576 1190 orationes
588 1165 616 1188 et
629 1161 726 1193 cultus,
742 1160 785 1187 tibi
801 1162 891 1186 sancta
920 1165 983 1185 san-

195 1214 342 1240 ctorum,et
353 1208 541 1240 Cherubim,et
554 1207 764 1238 Testamentum,
777 1208 804 1232 et
817 1212 881 1231 urna
893 1211 983 1236 aurea,

195 1263 287 1290 magna
302 1254 399 1282 indicia
415 1254 511 1281 divinae
527 1253 596 1280 circa
610 1259 694 1287 genus
707 1251 771 1278 illud
791 1249 964 1287 providentim
977 1258 983 1276 :

195 1301 238 1328 ubi
259 1301 366 1328 oracula
389 1307 505 1334 superne
523 1299 648 1326 continua
672 1297 833 1329 ferebantur,
854 1295 898 1322 ubi
922 1302 985 1329 pro-

195 1347 280 1381 pheta:
294 1346 385 1373 divino
402 1345 560 1372 alﬂabantur
579 1343 705 1370 numine:
721 1342 764 1369 tibi
787 1350 840 1369 non
862 1341 985 1368 humana:

195 1393 267 1425 artis,
280 1392 328 1419 sed
342 1391 438 1418 divinae
451 1390 587 1425 sapientia:
601 1394 678 1424 typus
693 1393 750 1416 erat
765 1397 771 1414 :
786 1387 829 1415 ubi
843 1387 926 1414 multo
938 1394 985 1420 pa-

195 1439 272 1466 rietes
283 1436 400 1471 undique
412 1435 549 1471 fulgebant
565 1443 640 1466 auro,
661 1438 688 1461 et
705 1441 784 1468 supra
803 1439 910 1459 onmem
926 1439 984 1458 mo-

194 1483 255 1510 dum
278 1487 334 1509 tum
358 1481 478 1508 materia:
502 1480 694 1515 pretiosissima
715 1479 827 1513 species,
852 1484 905 1504 tum
923 1477 987 1504 artis

196 1527 329 1562 diligentia
349 1526 498 1561 conjunctae
522 1526 607 1553 solum
632 1532 712 1559 super
739 1529 838 1551 terram
859 1523 985 1556 templum

197 1573 345 1609 hujusmodi
361 1578 423 1600 tunc
444 1572 527 1599 fuisse
546 1572 800 1599 demonstraverunt
820 1578 827 1596 :
849 1570 902 1596 imo
922 1575 987 1595 vero

197 1628 245 1647 non
259 1620 325 1647 artis
340 1623 442 1646 tantum
455 1618 601 1653 diligentia,
622 1624 715 1644 verum
738 1620 765 1643 et
790 1615 837 1642 Dei
857 1614 986 1649 sapientia

196 1666 272 1693 simul
296 1665 362 1692 illud
383 1664 487 1692 ornavit
501 1663 652 1690 :editicium.
673 1662 731 1689 Non
747 1661 817 1688 enim
830 1668 863 1688 ex
879 1660 987 1695 proprio

197 1718 268 1745 nutu,
289 1719 339 1739 nec
355 1719 369 1738 a
392 1710 546 1744 semetipso,
560 1709 606 1736 sed
619 1716 633 1735 a
648 1709 702 1735 Deo
725 1711 819 1735 cuncta
839 1706 963 1734 Salomon
978 1706 986 1720 ί

197 1759 300 1784 discens
326 1761 353 1784 et
375 1755 581 1789 descriptionem
593 1754 695 1781 emlitus
706 1753 834 1785 referens,
847 1752 885 1779 sic
900 1752 986 1786 ipsum

193 1802 352 1837 ‘iiesigiiavit,
375 1807 403 1829 et
421 1801 506 1828 erexit
522 1801 559 1836 (5.
582 1800 646 1834 Reg.
659 1799 697 1834 6).
716 1799 904 1826 Verumtamen
921 1802 988 1824 tem-

198 1850 266 1882 plum
280 1853 334 1874 tam
350 1847 501 1882 pulchrum,
515 1850 543 1873 et
552 1845 682 1877 mirabile,
697 1850 724 1872 et
739 1849 871 1877 sanctum,
886 1844 987 1871 utenti-

199 1895 245 1921 bus
260 1894 318 1928 ipso
331 1892 451 1928 perditis,
465 1897 544 1919 tanta;
562 1891 713 1926 ignominia:
735 1890 852 1918 habitum
866 1894 916 1922 est,
937 1890 989 1917 sic-

197 1947 247 1973 que
267 1942 450 1972 coutemptum
464 1941 492 1965 et
506 1937 643 1972 profanum
666 1936 809 1969 redditum,
824 1940 854 1963 ut
865 1940 927 1963 ante
941 1943 988 1962 ca-

199 1986 343 2019 ptivitatem
351 1984 456 2019 quidem
464 1983 590 2018 spelunca
597 1987 738 2010 vacaretur
746 1981 987 2016 latronum(MattIz.

199 2031 241 2058 51.
255 2031 312 2066 15),
331 2034 358 2058 et
377 2030 503 2065 spelaaum
525 2029 641 2064 hyaznre;
660 2033 720 2063 post
742 2027 799 2054 haec
812 2035 876 2054 vero
890 2027 986 2054 barba-

199 2077 259 2104 ricrs
271 2081 299 2104 et
321 2075 464 2103 immundis
483 2079 510 2101 et
531 2074 649 2108 profanis
668 2073 789 2100 manibus
804 2073 927 2099 traditum
942 2072 987 2099 sit.

201 2121 245 2149 Vis
259 2126 286 2149 ct
295 2120 329 2148 de
340 2121 448 2148 civitate
462 2120 513 2146 hoc
523 2119 605 2155 Iidem
621 2118 741 2145 discere?
752 2117 818 2150 Quid
829 2117 953 2144 Sodomis
964 2122 989 2145 ct

199 2166 347 2202 conjunctis
361 2165 513 2193 civitatibus
533 2164 581 2191 fuit
596 2163 765 2199 prmclarius?
777 2163 882 2189 Etenim
895 2163 991 2190 domus

200 2219 227 2242 et
251 2214 362 2242 mdilicia
387 2211 536 2248 splendida,
552 2215 579 2238 et
601 2211 714 2245 parietes
736 2209 908 2244 pulcherrimi
921 2209 990 2243 apud

202 2268 271 2295 Ipsos
284 2263 369 2291 erant,
386 2263 414 2286 et
437 2258 511 2292 regio
532 2256 637 2292 pinguis
649 2261 676 2283 et
698 2255 804 2288 fertilis,
828 2260 854 2282 et
868 2255 991 2290 paradiso

202 2307 247 2333 Dei
266 2306 428 2337 assimilata;
449 2304 515 2331 cella
534 2310 598 2330 vero
619 2302 762 2329 Abrahami
774 2301 834 2328 vilis
853 2306 880 2328 et
899 2308 990 2335 parva,

202 2358 227 2380 cl
250 2352 349 2379 nullum
370 2351 472 2378 habens
491 2351 626 2378 munimen
643 2358 649 2375 :
664 2349 710 2377 sed
724 2354 817 2375 exorto
834 2348 992 2382 quandoque

203 2400 271 2427 bello
281 2399 430 2430 barbarico,
439 2398 519 2425 urbes
528 2396 634 2432 quidem
642 2395 773 2422 mamilius
783 2396 896 2422 munitas
912 2394 991 2420 sull'o-

204 2446 296 2472 derunt
308 2449 334 2471 et
347 2447 476 2478 ceperunt
496 2442 612 2473 barbari,
628 2446 654 2468 et
665 2441 766 2468 incolas
778 2440 896 2474 captivos
914 2439 993 2466 abdu-

204 2497 290 2518 centes
309 2490 430 2517 abierunt
450 2497 456 2515 :
476 2487 626 2516 solitudinis
644 2491 731 2513 autem
749 2486 834 2513 civem
857 2485 992 2512 Abraham

205 2539 367 2572 ingruentem
380 2543 432 2562 non
446 2534 573 2562 tulerunt.
589 2533 642 2560 Nec
655 2532 802 2564 immerito;
817 2531 992 2559 multitudinis

204 2592 270 2610 enim
285 2588 311 2610 et
322 2589 460 2609 murorum
474 2580 619 2607 munimine
637 2578 721 2605 multo
735 2578 860 2612 majorem
877 2577 928 2604 vim
943 2577 991 2603 lia-

205 2631 288 2662 hebat,
300 2630 425 2665 pietatem
439 2628 550 2656 scilicet.
572 2627 599 2654 Si
615 2625 780 2653 Christianus
802 2632 841 2656 es,
859 2625 992 2651 civitatem

204 2683 254 2702 non
276 2676 357 2702 habes
383 2682 463 2709 super
480 2678 588 2701 terram.
606 2671 725 2699 Civitatis
749 2675 847 2698 nostra:
865 2670 954 2704 opifex
967 2673 994 2696 et

204 2721 364 2748 architectus
375 2726 416 2748 est
430 2720 498 2746 Deus
511 2727 517 2745 :
533 2719 596 2746 licet
614 2725 720 2745 omnem
738 2716 874 2751 capiamus
887 2714 991 2748 orbem,

205 2767 320 2802 hospites
333 2772 359 2793 et
370 2766 502 2801 peregrini
514 2770 594 2793 totius
607 2771 708 2792 sumus.
722 2762 749 2790 lit
761 2762 854 2790 cmlum
867 2760 993 2796 adscripti

237 2829 244 2844 I
263 2827 313 2857 Atii.
329 2832 431 2859 Moyses;
443 2823 509 2852 male

627 101 673 129 AD
692 99 852 128 POPULUM
870 96 1113 126 ANTIOCHENUM
1146 98 1258 126 llOMlL.
1279 98 1361 126 XVII.

1775 99 1823 125 1ῗῆ

1032 159 1133 185 sumus,
1150 153 1203 180 illic
1215 161 1405 182 eonversamur
1419 163 1426 181 :
1445 162 1498 183 non
1513 163 1654 190 puerorum
1674 163 1749 182 more
1765 163 1824 189 par-

1031 206 1125 226 vorum
1140 206 1234 234 magna
1246 204 1456 232 contemnentes,
1473 208 1553 235 parva
1567 201 1740 229 admiremur.

1069 243 1129 271 Non
1142 245 1297 280 magnitudo,
1310 245 1354 272 sed
1363 245 1443 281 pictas
1459 246 1571 273 civitates
1584 251 1699 274 exornat.
1714 261 1749 266 —
1762 245 1821 273 Non

1032 290 1147 317 civitatis
1160 290 1324 325 magnitudo,
1339 290 1386 318 sed
1397 290 1477 317 animi
1488 290 1571 318 virtus
1582 296 1766 318 ornamentum
1781 294 1823 318 est

1033 340 1060 363 et
1073 336 1278 373 munimentum.
1294 337 1323 363 Si
1340 344 1404 364 vero
1418 337 1532 363 civitatis
1546 345 1649 372 quoque
1666 337 1821 371 dignitatem

1033 389 1092 409 esse
1106 382 1242 416 putaveris
1266 383 1484 417 magnitudinem,
1504 384 1591 417 cogita
1612 388 1676 417 quot
1701 384 1821 416 lenones,

1033 432 1097 462 quot
1110 428 1204 455 molles
1220 431 1247 455 et
1263 428 1370 462 perditi,
1389 432 1417 455 et
1436 429 1580 456 innumeris
1599 429 1669 463 pleni
1690 429 1768 456 malis
1780 430 1822 456 di-

1033 473 1125 507 gnitati
1137 473 1198 500 huic
1212 475 1421 506 communicant,
1437 479 1463 501 et
1477 475 1581 501 tandem
1596 474 1666 501 hunc
1680 481 1822 503 contemne

1033 519 1173 547 honorem.
1189 520 1242 547 Sed
1257 528 1310 547 non
1328 520 1373 547 ille
1394 520 1454 547 talis
1475 525 1515 548 est
1540 529 1547 547 :
1571 529 1625 547 non
1645 523 1716 548 enim
1741 522 1824 556 ipsius

1033 570 1135 600 partem
1150 574 1246 601 capere
1259 567 1321 594 licet
1331 567 1379 599 illi,
1390 567 1437 601 qui
1448 574 1500 593 non
1515 574 1622 594 omnem
1633 567 1757 594 exhibeat
1770 567 1824 594 vir-

1034 616 1127 639 tutem.
1145 612 1184 640 Ne
1202 613 1281 647 igitur
1294 613 1367 641 stulti
1392 613 1497 645 ﬁamus,
1522 613 1569 640 sed
1594 618 1657 640 tunc
1675 613 1823 646 doleamus,

1033 667 1093 687 cum
1107 659 1166 694 quis
1186 661 1283 687 anima:
1303 665 1402 687 nostra:
1423 660 1577 694 dignitatem
1593 659 1743 693 abstulerit,
1763 667 1824 687 cum

1034 710 1171 740 peccatum
1187 705 1315 733 fuerimus
1327 705 1439 741 operati,
1451 713 1510 732 cum
1524 712 1692 732 communem
1704 705 1824 732 omnium

1034 751 1176 779 Dominum
1189 751 1379 778 offenderimus
1395 751 1543 786 :siquidem
1556 758 1617 785 quae
1636 758 1708 777 nunc
1721 755 1823 785 patrata

1034 802 1106 829 sunt,
1123 805 1175 824 non
1190 801 1292 824 tantum
1318 797 1383 824 nihil
1407 797 1504 824 lzedent
1522 797 1666 829 civitatem,
1683 797 1730 824 sed
1743 797 1766 824 si
1781 805 1817 824 so-

1033 842 1082 870 brii
1094 843 1216 873 simus,ct
1230 842 1343 869 maxime
1355 842 1526 877 adjuvabunt.
1545 843 1653 870 Etenim
1669 850 1741 870 nunc
1754 843 1822 870 civi-

1034 894 1075 916 tas
1089 893 1179 916 nostra
1193 889 1296 917 mulieri
1311 888 1443 921 formose,
1459 893 1485 916 et
1497 889 1597 921 liberte,
1609 893 1635 916 et
1649 889 1776 916 modestae
1789 890 1828 917 si-

1035 933 1105 960 milis
1119 941 1179 961 esse
1194 934 1308 962 videtur.
1329 935 1419 961 Timor
1432 935 1516 969 ipsam
1538 934 1598 961 fecit
1619 934 1824 961 mansuetiorem

1035 984 1061 1006 et
1074 978 1266 1012 honestiorem,
1278 984 1304 1007 et
1316 988 1330 1006 a
1345 980 1482 1007 sceleratis
1498 979 1559 1012 illis,
1575 980 1620 1013 qui
1640 979 1698 1006 hzec
1713 979 1824 1006 nefanda

1035 1029 1097 1053 sunt
1108 1025 1165 1052 ausi
1189 1026 1314 1059 facinora,
1330 1025 1461 1053 liberavit.
1483 1025 1522 1052 Ne
1540 1025 1618 1060 igitur
1632 1025 1753 1053 muliebri
1770 1025 1829 1060 plo-

1035 1077 1126 1097 remus
1141 1070 1212 1097 luctu
1227 1079 1233 1096 :
1248 1071 1347 1098 etenim
1363 1070 1460 1097 multos
1476 1078 1524 1105 per
1543 1070 1629 1097 forum
1644 1070 1764 1098 dicentes
1778 1077 1823 1097 au-

1035 1117 1090 1144 divi
1107 1125 1114 1143 :
1131 1116 1176 1144 Va:
1190 1117 1248 1150 tibi,
1262 1117 1413 1149 Antiochia,
1429 1117 1493 1152 quid
1514 1116 1561 1144 tibi
1579 1115 1678 1143 factum
1688 1116 1747 1143 est?
1760 1123 1829 1151 quo-

1036 1162 1116 1189 tuodo
1134 1170 1163 1189 es
1181 1162 1283 1190 honore
1298 1163 1414 1197 privata?
1428 1168 1454 1189 et
1467 1170 1527 1189 cum
1541 1162 1683 1194 audissem,
1696 1161 1824 1196 puerilem

1037 1208 1098 1235 talia
1111 1207 1257 1235 dicentium
1275 1212 1392 1235 mentem
1407 1207 1497 1235 derisi.
1512 1207 1571 1234 Non
1587 1208 1658 1234 enim
1677 1207 1735 1234 hmc
1755 1214 1825 1233 nunc

1036 1259 1142 1288 oportet
1153 1254 1253 1286 dicere,
1268 1254 1315 1282 sed
1329 1262 1389 1282 cum
1409 1254 1536 1281 saltantes
1556 1253 1668 1285 videris,
1694 1257 1826 1287 potantes,

1036 1299 1255 1334 hlasphemantes
1268 1320 1276 1333 ,
1298 1300 1419 1335 jurantes
1431 1320 1438 1331 ,
1450 1300 1628 1334 ,pejerantes,
1649 1299 1825 1332 mentientes,

1037 1352 1100 1375 tunc
1111 1348 1151 1374 his
1163 1352 1236 1375 utere
1250 1347 1338 1374 verbis
1353 1355 1360 1373 :
1375 1346 1422 1374 Vae
1446 1346 1502 1377 tibi,
1516 1346 1619 1378 civitas,
1639 1344 1701 1380 quid
1724 1345 1771 1372 tibi
1786 1344 1827 1371 fa--

1037 1399 1109 1421 ctum
1120 1394 1179 1421 est?
1193 1394 1215 1421 si
1233 1401 1297 1420 vero
1310 1393 1396 1420 forum
1409 1392 1507 1419 videris
1527 1399 1625 1426 paucos
1640 1391 1741 1418 habens
1754 1389 1828 1417 viros

1038 1445 1192 1467 mansuetos
1205 1443 1232 1467 et
1241 1439 1377 1466 modestos
1387 1443 1414 1465 et
1432 1437 1594 1469 moderatos,
1606 1437 1738 1464 civitatem
1754 1436 1826 1463 illam

1038 1492 1105 1512 voca
1119 1485 1232 1512 beatam.
1248 1484 1320 1511 Nihil
1339 1483 1409 1511 enim
1423 1483 1507 1518 ipsam
1525 1483 1644 1517 paucitas
1668 1482 1765 1509 laedere
1779 1489 1827 1516 p0-

1040 1531 1111 1562 terit,
1127 1537 1187 1558 cum
1208 1537 1261 1557 non
1277 1529 1345 1557 desit
1358 1529 1443 1556 virtus
1461 1537 1468 1555 :
1486 1528 1555 1556 sicut
1569 1534 1671 1558 contra,
1687 1527 1752 1554 nihil
1769 1535 1828 1553 um-

1038 1582 1116 1610 quam
1131 1574 1248 1609 proderit
1262 1574 1414 1606 multitudo,
1430 1581 1490 1600 cum
1503 1573 1573 1600 adsit
1584 1573 1693 1600 malitia.
1707 1573 1738 1599 Si
1751 1572 1828 1607 fuerit

1039 1629 1157 1648 numerus
1170 1620 1282 1654 ﬁliorum
1294 1620 1386 1653 Israel,
1408 1620 1502 1654 inquit,
1518 1620 1583 1646 velut
1596 1627 1672 1645 arena
1684 1619 1772 1649 maris,
1785 1626 1828 1644 re-

1039 1667 1124 1702 liquiae
1142 1667 1305 1694 aaluabuntur
1325 1665 1401 1701 (lani.
1419 1666 1462 1693 10.
1481 1665 1533 1700 29.;
1548 1665 1624 1692 Rom.
1640 1665 1667 1692 9.
1683 1664 1739 1700 ΞἿ).
1757 1664 1829 1692 Nihil

1039 1721 1082 1741 me
1095 1713 1235 1740 multitudo
1255 1713 1352 1748 poterit
1371 1719 1491 1744 exorare,
1505 1711 1597 1746 inquit.
1614 1710 1658 1738 Sic
1671 1715 1697 1737 et
1707 1710 1829 1737 Christus

1039 1759 1111 1792 fecit,
1127 1758 1232 1786 vocavit
1246 1758 1367 1785 civitates
1386 1758 1509 1790 miseras,
1524 1765 1576 1783 non
1591 1760 1697 1790 propter
1712 1757 1829 1790 paucita-

1040 1809 1103 1838 tem,
1114 1812 1200 1839 neque
1214 1805 1339 1840 quoniam
1351 1812 1402 1831 non
1411 1805 1670 1838 esseutmetropoles
1679 1811 1684 1828 :
1693 1807 1716 1829 et
1727 1801 1830 1829 Jerusa-

1040 1852 1091 1879 lem
1107 1859 1210 1879 rursum
1224 1856 1332 1886 propter
1349 1851 1399 1878 hoc
1413 1850 1497 1884 ipsum
1514 1850 1636 1876 miseram
1651 1848 1726 1880 dixit,
1739 1848 1777 1875 sic
1791 1848 1830 1874 in~

1039 1897 1134 1932 quiens
1149 1906 1155 1924 :
1170 1897 1323 1928 Jerusalem,
1336 1895 1478 1922 Jerusalem
1488 1915 1495 1926 ,
1511 1902 1568 1930 qua:
1580 1893 1673 1921 occidis
1685 1893 1829 1928 prophetas,

1040 1950 1064 1970 et
1086 1943 1185 1978 lapides
1206 1951 1257 1976 eos,
1272 1943 1315 1975 qui
1330 1941 1363 1968 ad
1378 1946 1401 1968 te
1423 1941 1492 1967 missi
1514 1944 1572 1966 sunt
1594 1939 1700 1975 (Matth.
1712 1938 1757 1965 25.
1772 1937 1829 1972 '57).

1041 1991 1124 2024 Quam
1145 1990 1216 2017 enim
1238 1989 1302 2016 mihi
1328 1988 1430 2015 confert
1452 1987 1592 2013 utilitatem
1613 1983 1764 2014 multitudo,
1788 1983 1831 2010 dic

1041 2035 1117 2068 mihi,
1136 2036 1158 2062 si
1183 2034 1276 2061 vitiose
1291 2033 1377 2060 vivat?
1395 2032 1463 2065 Quin
1478 2039 1492 2058 e
1505 2030 1639 2058 contrario
1660 2034 1687 2056 et
1704 2028 1831 2056 damnum

1041 2089 1073 2108 cx
1089 2081 1139 2108 hoc
1162 2081 1288 2107 nascitur.
1304 2079 1372 2113 Quid
1393 2078 1464 2105 enim
1486 2076 1558 2104 aliud
1582 2084 1652 2103 nunc
1669 2075 1740 2102 illata
1761 2075 1831 2102 mala

1042 2127 1122 2154 fecit?
1136 2133 1225 2153 nonne
1237 2131 1327 2159 torpor
1341 2129 1368 2152 et
1383 2127 1566 2156 contemptus,
1580 2126 1608 2149 et
1628 2120 1832 2147 inhabitantium

1042 2171 1218 2206 improbitas?
1233 2169 1360 2204 numquid
1380 2169 1492 2203 dignitas
1504 2167 1602 2195 civitati
1625 2165 1741 2201 profuit?
1756 2173 1833 2192 num-

1042 2217 1104 2252 quid
1118 2216 1221 2243 mdilicii
1244 2214 1418 2250 magnitudo?
1441 2212 1568 2247 numquid
1581 2212 1641 2246 quia
1656 2210 1833 2245 metropolis?

1043 2262 1070 2289 Si
1085 2269 1147 2288 vero
1159 2261 1228 2295 apud
1243 2268 1333 2295 regem
1350 2264 1426 2286 terrae
1441 2258 1506 2284 nihil
1526 2257 1573 2292 ipsi
1591 2256 1767 2291 praevaricatae
1782 2255 1834 2282 hoc

1043 2308 1151 2344 profuit,
1172 2307 1218 2334 sed
1241 2307 1284 2333 illa
1307 2310 1400 2333 cuncta
1419 2304 1522 2331 sublata
1545 2307 1607 2329 sunt
1623 2311 1630 2329 :
1646 2302 1729 2328 multo
1751 2301 1834 2334 magis

1043 2354 1112 2390 apud
1127 2353 1281 2388 angelorum
1296 2351 1434 2378 Dominum
1451 2349 1517 2377 nihil
1531 2349 1579 2382 ipsi
1595 2347 1711 2382 proderit
1721 2346 1835 2381 dignitas

1045 2401 1093 2427 ista
1108 2409 1114 2425 :
1128 2399 1193 2426 nihil
1208 2399 1278 2425 enim
1301 2405 1350 2424 nos
1369 2397 1414 2423 illo
1436 2395 1478 2422 die
1499 2395 1595 2429 poterit
1615 2394 1750 2428 adjuvare,
1765 2391 1834 2427 quod

1045 2445 1213 2479 metropolim
1240 2443 1402 2470 habitamus.
1426 2441 1543 2477 porticus
1564 2441 1629 2466 latas
1654 2439 1794 2466 habentem
1808 2442 1836 2465 et.

1045 2492 1109 2518 alias
1122 2489 1273 2524 hujusmodi
1287 2489 1437 2523 dignitates.
1461 2487 1495 2514 Et
1508 2486 1568 2519 quid
1587 2485 1645 2512 dico
1661 2485 1733 2512 illum
1744 2483 1835 2511 diem?

1044 2537 1107 2572 quid
1121 2537 1162 2564 vel
1176 2535 1209 2563 ad
1228 2539 1386 2570 prtesenlem
1408 2534 1486 2559 vitam
1502 2532 1627 2566 prodesse
1648 2529 1754 2565 poterit,
1770 2528 1836 2556 civi-

1046 2588 1126 2611 tatem
1140 2590 1200 2610 esse
1215 2582 1260 2608 tibi
1275 2579 1462 2614 metropolim?
1478 2576 1603 2611 numquid
1618 2584 1650 2603 ex
1664 2575 1714 2601 hoc
1726 2574 1834 2601 domutn

1045 2630 1184 2664 quisquam
1199 2627 1269 2655 male
1290 2625 1443 2661 dispositam
1466 2623 1590 2654 correxit,
1614 2621 1657 2648 vel
1676 2628 1708 2647 ex
1732 2619 1783 2646 hac
1798 2618 1838 2645 ul-

1047 2676 1101 2703 lum
1117 2674 1243 2710 dignitate
1257 2676 1414 2708 proventum
1435 2670 1535 2701 habuit,
1550 2668 1591 2695 Vel
1608 2667 1740 2710 tristitiam
1754 2672 1836 2699 repu.

1047 2722 1088 2753 lit,
1105 2704 1281 2753 velycorporis
1291 2716 1485 2753 :egritudinem,
1500 2715 1540 2742 vel
1554 2712 1635 2740 animi
1649 2704 1740 2738 vitium
1755 2710 1836 2744 depo-

1048 2767 1116 2795 διήιῖ
1129 2766 1167 2793 Ne
1183 2765 1316 2796 ludamus,
1332 2762 1432 2795 dilecti,
1449 2768 1497 2788 nec
1510 2759 1542 2786 ad
1557 2758 1625 2793 vulgi
1640 2757 1777 2791 opiniones
1791 2763 1833 2783 re-

1049 2813 1202 2850 spiciamus,
1223 2811 1270 2839 sed
1283 2811 1414 2839 discamus
1434 2815 1491 2842 qua:
1506 2805 1611 2835 tandem
1631 2804 1663 2832 sit
1676 2802 1787 2830 civitatis
1798 2802 1837 2829 di-
