1983 3125
157 113 209 142 179

157 171 254 206 gnitas,
271 167 333 204 quid
354 168 424 204 quod
439 168 572 196 civitatem
592 168 686 196 reddat
700 169 878 204 metropolim.
893 169 947 196 Nec

160 216 217 243 haec
242 215 322 248 dico,
345 214 416 250 quod
434 214 572 250 desperem
594 215 727 242 civitatem
749 215 817 242 hanc
837 216 949 243 formam

160 262 275 296 priorem
289 265 495 296 resumpturam,
518 266 544 288 et
562 261 587 287 in
601 260 707 295 propria
730 260 843 288 futuram
859 261 951 296 prtesi-

159 308 262 341 dentia;
278 307 409 337 humanus
419 307 488 335 enim
503 313 529 335 et
542 308 598 342 pius
609 312 650 335 cst
664 306 826 342 imperator:
841 315 889 333 vos
901 315 950 333 au-

161 358 215 381 tem
229 353 299 385 volo,
314 353 394 381 etiam
414 353 436 380 si
455 353 558 380 reddita
578 353 665 385 fuerit,
686 360 738 380 non
753 353 835 379 altum
852 352 887 379 ob
901 352 951 379 hoc

160 406 267 433 sapere,
283 407 369 434 neque
387 399 512 433 gloriari,
531 406 581 426 nec
605 406 638 425 ex
661 398 702 425 his
720 398 854 425 civitatem
875 398 951 424 nobis

162 444 301 479 magnifice
326 444 430 471 efferre.
450 443 515 471 Cum
538 443 579 470 vis
600 443 713 470 civitatis
725 442 828 469 laudem
846 442 950 476 efferre,

165 497 200 518 ne
212 489 278 517 mihi
293 489 420 524 Daphnen
433 489 611 516 suburbanam
624 488 706 520 dicas,
724 496 772 515 nec
785 488 951 515 altitudinem

163 543 351 570 cupressorum
367 539 395 562 et
414 534 610 561 multitudinem
621 555 628 565 ,
644 541 692 560 nec
707 541 833 568 aquarum
856 533 951 566 fontes,

163 590 214 610 nec
226 582 322 609 multos
337 581 457 608 homines
471 581 604 608 civitatem
619 579 749 611 habitare,
764 587 813 606 nec
827 587 911 612 usque
921 578 954 606 ad

164 627 398 663 profundissimam
409 633 546 661 vesperam
557 633 616 652 cum
629 625 710 652 multa
723 625 845 652 libertate
857 624 883 651 in
898 623 955 650 foro

164 672 275 706 versari,
290 679 339 699 nec
350 671 480 699 venalium
499 678 589 698 rerum
600 671 703 705 copiam
719 670 826 702 habere,
849 669 957 696 sensibi-

166 719 199 746 lia
214 718 270 746 haec
284 718 371 745 omnia
385 725 445 745 cum
459 718 511 744 sint
525 721 552 744 et
570 724 651 751 usque
669 716 702 743 ad
725 720 882 750 praesentem
894 723 956 750 per-

166 768 291 791 maneant
305 763 404 796 vitam;
419 762 466 790 sed
488 762 510 790 si
524 762 613 789 dicere
631 762 716 796 possis
730 761 865 793 virtutem,
880 768 955 787 man-

167 808 347 840 suetudinem,
374 808 581 843 eleemosynam,
604 812 746 834 nocturnas
771 806 883 841 vigilias,
899 813 959 833 ora-

167 854 264 887 tiones,
285 854 452 886 modestiam,
475 853 556 880 animi
576 853 750 887 sapientiam,
773 859 805 879 ex
822 852 880 878 istis
893 851 958 878 civi-

168 905 248 927 tatem
269 899 432 928 commenda.
457 899 519 926 Haec
543 899 565 926 si
587 904 610 926 et
637 906 755 925 eremum
780 897 959 925 habitantibus

170 945 269 978 adsint,
284 946 355 972 omni
379 945 485 972 civitate
498 943 702 979 splendidiorem
714 944 798 978 ipsam
813 943 921 974 faciunt.
933 947 960 970 et

169 996 260 1018 contra
276 991 408 1018 civitatem
431 990 549 1017 omnium
574 989 738 1021 vilissimam,
765 989 787 1016 si
809 989 866 1016 haec
888 988 960 1016 illius

170 1045 223 1064 non
237 1037 324 1063 adsint
343 1036 454 1063 civibus.
472 1036 527 1062 Hoc
543 1043 594 1062 non
621 1036 647 1062 in
669 1034 776 1062 civitate
799 1038 900 1061 tantum
913 1042 960 1062 ve-

170 1090 228 1109 rum
241 1087 268 1109 et
288 1082 314 1108 in
329 1080 479 1108 hominibus
499 1081 634 1108 faciamus.
655 1079 682 1107 Si
708 1079 841 1107 hominem
865 1078 962 1106 videris

171 1127 368 1162 corpulentum,
396 1127 421 1153 in
446 1126 627 1154 habitudinem
647 1125 757 1152 multam
780 1131 960 1159 progressum,

171 1172 231 1200 alue
244 1177 350 1200 statura!
363 1177 390 1199 et
400 1172 466 1199 alios
479 1171 598 1206 corporis
607 1171 767 1206 proceritate
779 1175 961 1203 superantem,

173 1225 208 1246 ne
232 1218 381 1250 admireris,
407 1218 494 1245 donec
513 1217 630 1244 animum
646 1216 704 1251 ejus
717 1215 850 1243 didiceris.
876 1215 914 1242 Nc
929 1215 963 1242 ab

172 1263 298 1290 exteriori
321 1263 527 1297 pulchritudine,
549 1262 595 1290 sed
618 1269 634 1289 a
656 1261 752 1288 mentis
765 1264 860 1288 ornatu
870 1267 965 1288 omnes

175 1309 267 1336 beatos
285 1316 452 1336 censeamus.
468 1308 569 1335 Parvus
582 1312 640 1335 erat
663 1307 755 1340 David,
772 1311 798 1333 et
813 1306 900 1333 brevis
912 1311 965 1333 sta-

177 1364 234 1384 tura
250 1357 274 1393 (l
288 1357 350 1392 Reg.
364 1357 419 1391 17),
434 1361 614 1382 verumtamen
630 1354 718 1381 brevis
730 1353 773 1381 ille
785 1357 813 1380 et
823 1360 928 1387 parvus,
940 1356 967 1379 et

175 1403 256 1430 armis
270 1403 355 1430 nndns
368 1402 492 1430 omnibus
505 1422 512 1434 ,
528 1401 672 1428 exercitum
688 1404 790 1427 tantum
803 1404 830 1426 et
842 1406 965 1426 carneam

177 1449 269 1476 turrim
283 1449 356 1475 illam
377 1455 429 1475 uno
446 1447 591 1482 prostravit
610 1447 674 1479 ictu,
688 1453 740 1473 non
755 1445 858 1473 hastam
869 1444 969 1480 jacula-

177 1499 229 1527 tns,
243 1502 329 1529 neque
341 1494 462 1529 sagittam
479 1493 596 1525 mittens,
607 1499 655 1520 nec
668 1499 758 1519 ensem
769 1491 912 1525 stringens,
921 1489 968 1516 sed

178 1545 261 1567 totum
277 1539 381 1566 modico
401 1539 495 1574 lapidis
507 1539 577 1573 jactn
597 1538 738 1573 perliciens
755 1545 762 1564 :
784 1537 844 1564 ideo
863 1536 969 1571 quidam

178 1587 303 1613 admonet
319 1585 433 1612 dicens:
457 1584 498 1611 Ne
521 1583 662 1611 laudaveris
688 1583 813 1609 hominem
838 1582 865 1608 in
887 1581 970 1616 specie

181 1633 245 1668 ejus,
260 1640 304 1659 nec
314 1631 465 1658 abomineris
479 1631 560 1658 uirum
572 1631 598 1657 in
611 1634 714 1664 aspectu
726 1630 780 1664 ejus
792 1636 801 1654 :
812 1635 888 1662 parva
908 1627 971 1652 inter

180 1677 293 1705 volatilia
305 1678 371 1712 apis,
388 1682 412 1704 et
423 1677 523 1703 initium
544 1675 655 1703 dulcari:
674 1675 753 1709 ipsius
766 1673 864 1708 [ructus
876 1671 968 1707 (Eccli.

181 1724 224 1750 11.
233 1723 261 1750 â€˜2.
273 1722 311 1758 3).
322 1723 378 1750 Hoc
392 1727 419 1749 et
430 1722 463 1750 de
475 1721 623 1749 civitatibus
636 1726 662 1748 et
674 1719 827 1748 hominibus
841 1717 970 1749 dicamus,

181 1776 204 1795 el
221 1770 290 1797 inter
307 1776 354 1795 nos
370 1768 596 1803 philosophemnr,
609 1775 640 1794 ac
654 1766 707 1793 Deo
717 1765 814 1800 gratias
829 1763 975 1790 habeamus

544 111 573 140 8.
593 111 730 140 JOANNIS
747 111 986 141 CllRYSOSTOMl
1004 113 1161 141 ARCHIEP.
1181 112 1444 142 CONSTANTINOP.

1741 114 1790 141 130

1001 170 1107 197 assidue
1119 174 1147 197 et
1169 169 1202 198 de
1223 170 1397 205 praesentibus
1409 175 1435 198 et
1457 170 1490 198 de
1505 171 1655 205 praeteritis,
1673 175 1700 197 et
1713 170 1791 198 simul

1002 215 1088 250 ipsum
1106 223 1230 250 rogemus
1247 223 1306 242 cum
1319 215 1391 242 omni
1413 216 1592 248 contentione,
1612 221 1640 243 nt
1662 221 1689 243 et
1703 224 1792 244 carce-

1002 269 1058 288 rem
1073 260 1231 293 habitantes,
1247 265 1274 288 et
1288 261 1312 287 in
1327 261 1447 288 exsilium
1463 261 1670 295 transportandi,
1684 261 1723 288 illi
1734 263 1793 296 qni-

1002 305 1062 333 dem
1078 305 1254 338 dimittantur,
1273 306 1301 333 hi
1320 314 1384 333 vero
1404 311 1582 334 revertantur.
1607 307 1723 334 Membra
1747 315 1794 333 uo-

1003 357 1058 379 stra
1071 357 1133 379 sunt
1152 357 1178 379 et
1204 352 1241 378 illi
1265 352 1401 379 nobiseum
1421 352 1538 380 ï¬‚uctuati
1563 360 1634 386 sunt,
1655 354 1794 381 nobiscum

1003 397 1148 431 procellam
1160 396 1343 424 sustinuerunt
1358 405 1364 423 :
1381 405 1503 430 rogemus
1514 398 1592 431 igitur
1605 397 1795 432 benignitatem

1004 443 1131 476 divinam,
1161 447 1189 470 ut
1207 443 1343 470 nobiseum
1367 443 1794 479 tranquillitatem'assequamur.

1005 489 1089 516 Nemo
1103 488 1173 516 dicat
1190 498 1197 516 :
1213 489 1278 522 Qum
1292 497 1356 516 vero
1369 489 1434 516 mihi
1447 497 1508 516 cura
1527 494 1567 516 est
1579 489 1713 524 amplius?
1727 489 1796 517 libe-

1006 538 1079 561 ratus
1098 542 1157 561 sum
1172 534 1227 568 ipse
1247 534 1375 569 periculo,
1398 539 1490 569 pereat
1505 534 1559 567 ille,
1575 535 1704 562 moriatur
1717 534 1796 562 alter.

1006 581 1044 608 Ne
1059 581 1141 608 Deum
1157 581 1347 608 exacerbemus
1367 588 1414 615 per
1426 580 1494 607 hanc
1504 581 1715 615 aspernationcm
1729 589 1736 614 ;
1750 580 1797 607 sed

1007 631 1142 661 tamquam
1156 627 1204 661 ipsi
1228 627 1311 654 simus
1329 627 1355 653 in
1376 626 1505 659 adversis,
1527 627 1566 654 sic
1587 627 1734 658 doleamus,
1759 626 1798 654 sic

1009 673 1093 700 Deum
1108 681 1169 700 cum
1189 673 1329 700 sedulitate
1355 681 1505 708 precemur,
1531 672 1596 700 illud
1611 673 1683 700 Pauli
1698 673 1797 700 dictum

1008 719 1170 754 implentes:
1187 719 1248 746 Cum
1270 719 1358 746 vinctis
1385 724 1512 754 tamquam
1532 719 1608 745 simul
1630 719 1722 750 vincti,
1743 727 1800 744 cum

1009 765 1074 791 male
1086 765 1231 791 habentibus
1242 770 1367 799 tamquam
1375 768 1397 791 et
1405 764 1453 799 ipsi
1463 763 1539 790 simul
1551 764 1577 790 in
1589 772 1694 798 corpore
1703 763 1794 797 (Hebr.

1011 811 1053 837 13.
1071 811 1109 845 3),
1125 814 1148 837 et
1161 811 1250 845 ï¬‚entes
1258 818 1314 836 cum
1328 809 1454 845 ï¬‚entibus,
1470 809 1606 836 humilibus
1621 809 1799 836 consentientes

1011 855 1098 890 (liam.
1110 855 1154 882 12.
1168 855 1210 882 15.
1229 855 1284 890 16).
1299 855 1354 882 Hoc
1376 860 1402 882 et
1425 855 1502 881 nobis
1517 855 1580 889 ipsis
1594 855 1707 881 maxime
1721 855 1801 890 prod-

1011 902 1080 929 erit:
1095 901 1159 929 nihil
1172 902 1244 929 enim
1265 902 1304 928 sic
1322 901 1404 928 Deum
1417 901 1550 928 delectare
1569 901 1716 933 consuevit,
1731 901 1800 928 sicut

1012 956 1072 976 cum
1087 948 1169 975 multa
1186 948 1322 975 alacritate
1332 954 1380 981 pro
1398 945 1527 973 membris
1545 944 1646 972 nostris
1666 944 1799 977 dolemus,

1012 993 1126 1020 Oremus
1139 993 1218 1028 igitur
1232 992 1317 1026 ipsum
1333 991 1409 1018 simul
1423 995 1448 1018 et
1465 998 1512 1024 pro
1525 989 1701 1025 prmsentibus
1713 995 1740 1016 et
1754 997 1801 1023 pro

1013 1040 1116 1072 futuris,
1143 1043 1169 1065 nt
1191 1043 1217 1065 et
1243 1038 1276 1064 ab
1300 1038 1342 1064 illa
1359 1044 1407 1064 nos
1424 1044 1502 1070 pmua
1528 1036 1634 1063 liberet.
1658 1035 1800 1063 Pnescntia

1013 1086 1085 1113 enim
1105 1083 1307 1120 qualiacumque
1326 1088 1389 1116 sint,
1412 1080 1560 1109 tolerabilia
1586 1086 1658 1113 sunt,
1681 1086 1708 1107 et
1723 1081 1802 1107 tinem

1015 1131 1129 1163 habent;
1145 1130 1188 1157 illa
1198 1137 1261 1156 vero
1277 1134 1407 1156 tormenta
1421 1127 1579 1155 immortalia
1591 1132 1617 1154 et
1628 1126 1800 1154 inevitabilia.

1017 1178 1118 1206 Przeter
1132 1176 1340 1204 consolationem
1366 1183 1429 1202 vero
1452 1174 1607 1201 studeamus
1628 1178 1655 1200 et
1680 1173 1730 1207 ipsi
1752 1179 1805 1199 non

1015 1223 1128 1259 amplius
1141 1222 1240 1249 talibus
1261 1221 1314 1249 labi
1336 1221 1461 1255 peccatis,
1484 1220 1599 1247 scientes
1621 1226 1670 1246 nos
1682 1219 1751 1245 ultra
1762 1225 1806 1245 ve-

1016 1269 1087 1297 niam
1101 1276 1154 1296 non
1167 1272 1366 1302 asseqnuturos.
1381 1266 1465 1294 Simul
1484 1266 1563 1301 igitur
1576 1270 1637 1292 ante
1649 1265 1732 1292 Deum
1746 1271 1807 1298 proâ€”

1017 1314 1136 1342 cidamus
1149 1321 1254 1345 omnes,
1268 1318 1295 1340 et
1313 1312 1375 1340 dum
1396 1312 1439 1339 hic
1451 1319 1552 1343 sumus,
1569 1316 1596 1338 et
1616 1310 1725 1337 domum
1745 1317 1808 1344 pro-

1019 1361 1079 1388 fecti
1094 1361 1213 1388 dicamus
1230 1369 1236 1386 :
1263 1359 1353 1387 Justus
1374 1367 1413 1392 es,
1431 1358 1551 1389 Domine,
1574 1357 1599 1383 in
1615 1355 1739 1383 omnibus
1751 1363 1809 1390 qua

1020 1407 1103 1434 fecisti
1115 1406 1191 1433 nobis
1206 1405 1286 1441 (Dan.
1302 1406 1328 1432 5.
1343 1404 1390 1439 27)
1412 1413 1417 1430 :
1435 1403 1558 1438 quoniam
1582 1402 1607 1429 in
1622 1410 1686 1429 vero
1708 1401 1809 1435 judicio

1020 1451 1156 1484 induxisti,
1171 1457 1347 1486 qumcumque
1373 1448 1508 1476 induxisti.
1535 1447 1563 1475 Si
1587 1451 1695 1482 peccata
1720 1449 1810 1472 nostra

1021 1498 1173 1526 obstiterint
1188 1497 1274 1529 nobis,
1293 1497 1333 1523 fac
1353 1495 1428 1522 nobis
1443 1499 1551 1529 propter
1564 1501 1662 1520 nomen
1683 1498 1768 1522 tuum,
1785 1496 1811 1518 et

1023 1552 1055 1571 ne
1068 1543 1197 1570 concedas
1211 1542 1324 1576 amplius
1340 1541 1429 1567 talium
1454 1547 1502 1566 nos
1527 1539 1707 1565 molestiarum
1730 1543 1812 1570 expe-

1023 1590 1146 1617 rientiam
1160 1596 1266 1623 capere.
1283 1587 1336 1614 Nec
1350 1595 1394 1613 nos
1412 1585 1518 1612 inducas
1541 1585 1566 1611 in
1588 1583 1759 1614 tentationun,
1771 1581 1814 1608 sed

1024 1630 1102 1664 libera
1117 1644 1162 1662 nos
1180 1643 1197 1661 Î±
1211 1635 1278 1662 malo
1293 1633 1399 1670 (Matth.
1416 1633 1442 1660 6.
1459 1632 1522 1666 l3):
1537 1630 1662 1666 quoniam
1686 1636 1760 1656 tuum
1774 1633 1814 1656 est

1024 1689 1136 1717 regnum
1151 1685 1178 1709 et
1190 1680 1316 1716 potentia,
1331 1684 1358 1707 et
1378 1678 1462 1714 gloria
1477 1678 1503 1704 in
1525 1676 1622 1704 sarcula
1644 1674 1814 1703 saculorutn.

1027 1730 1121 1756 Amen.

1798 1895 1813 1902 Ï

186 1945 224 1974 Î¹Ï„Ï‚,
239 1944 431 1966 PBEDICTUM
459 1944 635 1966 SEDITIONIS
659 1943 897 1970 ABGUMENTUH,
920 1943 961 1963 DE
982 1942 1132 1969 JEJUNIO,
1155 1941 1196 1962 ET
1216 1941 1249 1961 IN
1271 1940 1486 1962 APOSTOLICUM
1507 1940 1640 1968 DICTUM,
1670 1941 1817 1962 GAUDBTI

718 1993 748 2014 IN
769 1991 892 2014 Domno
913 1992 1036 2013 Î´ÎµÎ»Ï€Î·Î¹Î¾
1069 1982 1200 2022 (Philip.
1223 1980 1253 2010 Î¹Î¹.
1275 1981 1319 2021 Î™Î¹).

474 2163 583 2184 Î’Î¿Î¹Î¹Î¹Î¹Î»
602 2163 676 2182 XVIII.

221 2243 246 2270 1.
260 2242 356 2269 Multos
367 2240 418 2268 vidi
433 2239 589 2276 gaudentes,
602 2243 630 2266 et
642 2238 711 2265 inter
726 2244 755 2264 se
776 2236 896 2265 dicentes
910 2245 916 2262 :
929 2235 975 2263 Vi-

184 2290 279 2320 cimus,
307 2287 500 2322 snperavimns,
526 2285 618 2320 jejunii
639 2283 778 2311 dimidium
806 2282 974 2317 proï¬‚igatum

185 2340 235 2363 est.
253 2334 331 2361 Tales
346 2338 434 2360 autem
450 2332 543 2359 hortor
558 2339 610 2358 non
624 2334 764 2365 propterea
773 2328 898 2363 gaudere,
911 2328 972 2362 quia

187 2380 353 2416 proï¬‚igatum
363 2378 493 2413 sitjcjunii
502 2376 650 2408 dimidium,
661 2375 707 2402 sed
722 2374 785 2401 illud
796 2374 976 2407 considerare,

187 2426 210 2452 si
221 2429 388 2460 peccatorum
407 2423 443 2450 sit
454 2422 622 2457 profligatum
634 2420 770 2447 dimidium
784 2427 792 2451 ;
813 2424 841 2446 et
853 2423 916 2446 tunc
930 2427 976 2446 ex-

187 2471 287 2498 sultare
306 2479 313 2497 :
338 2469 387 2496 hoc
407 2469 478 2496 enim
499 2469 632 2502 voluptate
645 2467 764 2500 dignum,
777 2465 832 2492 hoc
853 2469 894 2492 est
907 2465 977 2499 quod

188 2517 325 2552 qna-ritur,
340 2520 366 2543 et
380 2519 488 2550 propter
501 2513 570 2548 quod
587 2513 653 2540 facta
666 2517 727 2539 sunt
739 2512 825 2538 omnia
837 2532 844 2543 ,
859 2515 887 2538 nt
903 2510 978 2538 defe-

190 2568 249 2589 ctus
262 2566 368 2588 nostros
379 2560 551 2594 corrigamus,
559 2567 592 2586 ne
608 2559 672 2585 tales
682 2566 807 2584 exeamus
817 2557 850 2584 de
864 2557 976 2592 jejunio,

189 2608 282 2643 quales
293 2607 422 2642 jejunium
440 2606 551 2641 ingressi
567 2613 668 2635 sumus,
685 2604 730 2630 sed
756 2604 849 2634 abluti,
869 2609 894 2630 et
906 2603 977 2630 omni

191 2654 260 2680 mala
275 2652 467 2680 consuetudine
480 2651 598 2686 deposita
615 2671 622 2684 ,
639 2651 677 2677 sic
696 2658 798 2677 sacram
811 2657 921 2683 agamus
936 2656 979 2675 so-

195 2699 370 2726 lemnitatem.
387 2697 413 2725 Si
428 2698 478 2724 hoc
491 2697 570 2728 desit,
580 2705 630 2723 non
644 2702 745 2722 tantum
760 2696 830 2722 nulla
843 2695 918 2722 nobis
929 2696 980 2722 erit

193 2745 301 2777 utilitas,
317 2753 408 2772 verum
424 2749 450 2772 et
467 2745 610 2771 maximum
625 2751 656 2770 ex
678 2746 860 2769 consummato
881 2741 979 2775 jejunio

191 2790 327 2817 damnum.
341 2790 379 2818 Ne
400 2790 480 2824 igitur
496 2789 624 2820 laetemur,
640 2787 710 2822 quod
729 2786 822 2821 jejunii
844 2786 979 2820 prolixita-

193 2841 245 2863 teni
263 2836 444 2871 expcdivimus
459 2844 466 2863 :
488 2835 552 2863 nihil
574 2834 644 2863 enim
660 2841 784 2868 magnum
799 2833 848 2861 hoc
863 2838 918 2866 est;
933 2833 980 2860 sed

1028 2154 1157 2184 lmtemur,
1169 2149 1275 2184 quando
1290 2157 1350 2176 cum
1369 2149 1445 2176 bonis
1454 2148 1580 2183 operibus
1593 2149 1680 2183 ipsum
1695 2149 1815 2184 exegeriâ€”

1026 2205 1095 2230 mus,
1111 2201 1139 2224 ut
1150 2197 1228 2223 etiam
1241 2196 1298 2230 ipso
1313 2199 1457 2227 transacto,
1470 2194 1569 2221 fructus
1585 2195 1668 2229 ipsius
1681 2195 1814 2230 elTulgeat.

1026 2242 1132 2269 Etenim
1156 2240 1259 2276 hyemis
1281 2240 1381 2266 lucrum
1395 2244 1456 2266 tunc
1467 2240 1581 2266 maxime
1591 2239 1788 2266 demonstratur
1807 2260 1815 2272 ,

1026 2296 1086 2315 cum
1109 2288 1152 2314 illa
1177 2286 1352 2321 praeterierit:
1369 2293 1482 2320 namque
1507 2290 1649 2313 vernantes
1662 2290 1776 2320 segetes,
1792 2290 1817 2313 et

1026 2334 1095 2361 foliis
1108 2341 1139 2360 ac
1152 2333 1239 2359 fructu
1254 2331 1392 2359 affluentes
1405 2332 1513 2358 arbores
1523 2339 1570 2365 per
1582 2331 1667 2365 ipsum
1680 2335 1816 2365 aspectum

1026 2380 1142 2406 clamant
1164 2378 1304 2405 utilitatem
1326 2377 1377 2404 sibi
1399 2385 1433 2404 ex
1450 2376 1545 2411 hyeme
1558 2376 1663 2403 factam.
1680 2375 1738 2404 Hoc
1753 2375 1817 2402 etin

1027 2425 1104 2452 nobis
1116 2424 1215 2459 pariter
1229 2423 1284 2450 ï¬at.
1300 2423 1405 2450 Etenim
1421 2422 1515 2456 pluviis
1528 2421 1660 2449 continuis
1673 2425 1701 2448 et
1715 2421 1816 2448 crebris

1028 2471 1055 2498 in
1072 2470 1168 2505 hyeme
1178 2477 1224 2504 per
1232 2469 1325 2503 jejunii
1340 2473 1443 2502 tempus
1457 2467 1533 2502 potiti
1546 2475 1648 2499 sumus,
1664 2467 1816 2494 continuam

1027 2516 1181 2543 haurientes
1201 2514 1359 2546 doctrinam,
1381 2517 1409 2540 et
1426 2513 1527 2540 semina
1551 2512 1718 2546 suscepimus
1739 2511 1818 2546 spiri-

1027 2561 1118 2593 tualia,
1134 2565 1161 2588 et
1182 2559 1336 2587 deliciarum
1352 2559 1441 2593 spinas
1462 2557 1633 2585 abscidimus.
1658 2557 1817 2584 PerSevere-

1027 2615 1087 2634 mus
1099 2606 1188 2641 igitur,
1201 2613 1260 2640 qum
1272 2605 1437 2639 suscepimus
1451 2611 1511 2630 cum
1520 2602 1656 2638 diligentia
1668 2607 1818 2635 servantes,

1028 2658 1057 2680 ut
1078 2658 1105 2679 et
1125 2652 1228 2687 jejunio
1242 2651 1376 2686 praeterito
1390 2650 1483 2685 jejunii
1507 2649 1633 2677 scaturiat
1647 2648 1752 2675 fructus
1769 2657 1775 2674 :
1791 2653 1818 2675 et

1029 2708 1076 2734 per
1091 2700 1158 2726 bona
1172 2707 1230 2732 qua:
1243 2698 1275 2725 de
1285 2697 1386 2732 jejunio
1401 2697 1529 2731 cepimus,
1542 2696 1621 2723 etiam
1633 2696 1716 2730 ipsius
1724 2695 1817 2730 jejunii

1027 2745 1207 2772 recordemur.
1222 2744 1249 2771 Si
1259 2751 1308 2770 nos
1319 2743 1397 2778 igitur
1407 2743 1446 2769 sic
1460 2749 1656 2776 comparemus,
1668 2741 1816 2767 adveniens

1025 2791 1154 2827 jejunium
1174 2798 1233 2818 cum
1253 2790 1387 2824 voluptate
1410 2788 1583 2823 suscipiemus
1605 2787 1702 2814 denuo.
1720 2787 1815 2813 Multos

1027 2835 1126 2862 etenim
1141 2833 1217 2860 video
1238 2840 1267 2860 se
1290 2832 1325 2860 ita
1342 2831 1544 2868 pusillanimiter
1571 2830 1713 2863 habentes,
1738 2833 1767 2856 ut
1792 2829 1817 2855 in
