1983 3125
167 191 212 218 1⁸1
631 196 676 223 AD
695 195 854 224 POPULUM
875 194 1118 222 ANTIOCHENUM
1149 193 1263 222 ilOMlL.
1280 191 1372 222 XVIII.

171 251 295 285 prn'senti
307 250 342 278 de
357 250 448 278 futura
467 252 574 279 solliciti
593 253 645 280 sint
661 252 874 288 Quadragesima,
896 253 964 280 mul-

173 302 264 331 tosque
277 296 400 324 dicentes
421 298 523 328 audivi.
546 305 576 325 se
595 303 654 332 post
664 298 756 332 jejunii
777 298 964 325 liberationem

174 350 225 370 non
240 343 341 370 sentire
355 343 521 378 voluptatem
537 351 569 371 ex
584 344 740 371 remissione
759 349 869 378 propter
883 342 964 370 futttri

174 389 235 416 attni
249 388 467 416 sollicitudinem.
481 389 550 422 Quid
566 389 616 421 his,
630 397 730 423 quaeso,
743 389 826 424 magis
836 395 896 416 esse
904 395 967 422 pos-

174 441 213 462 set
227 435 417 470 pusillattime?
431 436 499 469 Quae
513 443 575 462 vero
589 436 668 470 hujus
687 436 786 467 causa?
800 435 875 469 Quod
886 435 967 462 adve-

175 481 265 508 niente
278 481 382 515 jejunio
404 488 459 508 non
481 482 613 516 quomodo
627 482 694 508 bene
712 481 868 516 disponatur
879 481 967 507 anima

176 527 340 559 studeamus,
364 527 413 555 sed
437 528 463 554 in
484 528 541 563 sola
560 528 679 556 ciborum
702 527 860 554 abstinentia
881 527 966 562 ipsum

177 573 346 601 deﬁniamus.

210 618 346 652 Jejunium
368 626 417 652 quo
432 623 505 652 pacto
525 618 613 653 prosit.
628 617 764 652 —ltaque
779 617 801 644 si
815 617 926 645 multum
940 617 966 644 in

178 671 281 691 morttm
307 664 476 691 correctione
500 664 533 691 ab
556 664 612 698 ipso
634 663 799 691 lucraremur
818 684 826 697 ,
851 663 968 698 quotidie

181 709 305 744 jejunium
313 709 409 737 adesse
423 715 585 744 optaremus,
600 717 646 744 per
660 710 715 744 ipsa
726 716 805 744 opera
819 708 877 744 ejus
889 709 970 736 meri-

182 761 265 781 turum
277 762 389 782 sensum
402 755 548 790 capientes,
562 763 612 782 nec
625 763 748 789 umquam
764 754 847 789 ipsius
862 754 968 782 deside-

182 801 248 827 rium
261 800 430 835 ejiceremus,
445 808 588 835 numquam
615 801 700 836 ipsum
716 805 906 835 exspectantes
920 800 968 826 tri-

182 851 236 872 stes
245 845 371 872 ﬁeremus
384 851 410 873 et
424 846 506 872 anxii.
517 846 603 873 Mente
612 846 708 880 quippe
719 845 787 872 bene
801 845 968 880 dispositum,

183 896 208 918 et
221 891 317 918 animae
334 898 390 918 sua:
407 898 497 918 curam
512 891 652 918 habentem
673 892 741 918 nulla
755 898 800 919 res
813 891 970 919 contristare

184 937 288 972 poterit,
309 937 355 964 sed
379 937 401 964 is
423 944 488 972 pura
510 938 685 972 continuaque
703 937 805 966 fruetur
823 939 968 973 voluptate.

183 982 257 1016 Quod
269 982 320 1009 hoc
335 983 371 1009 sit
384 990 476 1010 verum
490 1003 498 1015 ,
515 983 592 1010 hodie
607 983 718 1012 Paulum
733 985 844 1012 audistis
858 991 906 1011 nos
921 984 970 1011 ad-

184 1032 336 1056 monentem
360 1032 388 1055 et
401 1027 552 1055 dicentem:
570 1027 681 1057 Gaudete
701 1031 727 1056 in
743 1030 851 1056 Domino
863 1038 970 1064 semper,

181 1075 342 1103 itarumdt‘cu
350 1073 455 1108 gaudete
465 1073 593 1110 (Philipp.
608 1074 634 1103 4.
650 1075 689 1111 ι).
704 1075 807 1103 Scimus
821 1075 911 1102 multis
933 1075 972 1101 vi-

182 1123 239 1150 deri
250 1130 303 1150 non
318 1130 397 1158 posse
417 1121 662 1159 ﬁeriquoddictum
677 1126 730 1150 est.
745 1121 883 1156 Quomodo
894 1129 970 1148 nam-

184 1177 235 1205 que
258 1170 315 1198 ﬁeri
339 1174 436 1204 potest,
453 1169 547 1205 inquit,
571 1173 599 1196 ut
619 1169 664 1204 qui
683 1168 764 1195 homo
789 1173 840 1201 est,
867 1176 972 1203 semper

183 1215 317 1249 gaudeat?
339 1215 462 1243 Gaudere
485 1222 599 1249 namque
622 1222 675 1241 non
696 1214 815 1247 difficile,
844 1218 973 1249 perpetuo

183 1265 272 1288 autem
285 1260 413 1295 gaudere,
429 1261 593 1294 impossibile
617 1260 681 1287 milti
695 1267 754 1287 esse
775 1260 889 1294 videtur,
903 1259 972 1286 dicet

183 1307 297 1334 fortasse
311 1307 407 1342 aliquis
424 1315 432 1334 :
447 1307 537 1334 multa:
549 1307 619 1333 enim
632 1314 681 1333 nos
696 1306 808 1333 tristitia:
822 1306 974 1333 necessario

183 1354 403 1380 circumcursant.
416 1352 463 1380 Vel
478 1353 548 1379 enim
563 1352 646 1379 lilium
661 1352 720 1386 quis
739 1351 838 1384 atnisit,
851 1351 892 1378 vel
906 1359 972 1378 uxo-

183 1406 252 1432 rem,
273 1398 316 1426 vel
334 1399 449 1425 amicunt
465 1398 598 1424 sincerum
613 1421 620 1431 ,
634 1397 716 1432 magis
735 1404 812 1431 quam
826 1397 895 1424 ullus
907 1403 972 1423 cou-

182 1444 345 1479 sanguineus
367 1443 557 1476 necessarium,
577 1443 620 1470 vcl
644 1443 814 1478 pecuniarum
841 1442 971 1477 jacturam

183 1489 257 1523 fecit,
271 1489 314 1517 vel
338 1490 365 1516 in
380 1489 563 1524 agritudiuem
579 1489 681 1521 incidit,
701 1489 741 1516 vel
753 1488 864 1516 aliarum
884 1496 973 1516 rerum

185 1536 314 1563 sustinuit
333 1535 470 1568 damnum,
496 1535 537 1562 vel
558 1540 656 1569 praeter
669 1534 824 1569 dignitatem
837 1538 974 1562 contume-

183 1581 247 1607 liam
263 1588 357 1615 passus
373 1580 504 1607 indoluit:
517 1580 557 1607 vel
573 1580 656 1607 fames
667 1600 674 1612 ,
689 1580 730 1607 vel
745 1580 837 1615 pestis,
859 1580 901 1607 vel
912 1588 975 1607 exa-

183 1627 238 1654 ctio
246 1634 305 1661 quae
314 1626 376 1653 ferri
386 1632 438 1658 non
449 1629 545 1660 potest,
555 1626 594 1652 vel
605 1625 741 1652 familiaria
757 1625 860 1660 negotia
875 1634 881 1652 :
894 1626 974 1660 quin—

185 1673 239 1699 imo
255 1680 400 1706 numquam
423 1672 511 1698 omnia
523 1679 661 1698 recensere
677 1678 824 1704 possemus.
840 1678 975 1705 qtliBClllll-

191 1727 243 1754 que
257 1724 284 1746 et
295 1723 423 1753 prtvattm
434 1723 462 1747 et
473 1719 580 1753 publice
593 1726 643 1746 nos
657 1726 775 1746 maerore
788 1718 895 1746 allicere
907 1725 974 1746 con-

192 1769 339 1792 sueverunt
352 1764 495 1796 Quomodo
510 1765 602 1799 igilttr,
623 1764 720 1799 inquit,
733 1764 860 1799 possibile
868 1771 975 1797 semper

192 1811 327 1844 gaudere?
344 1811 478 1838 Possibile
492 1811 649 1842 admodum,
666 1819 682 1837 υ
696 1811 778 1837 homo
791 1819 796 1837 :
811 1815 837 1837 et
848 1810 870 1837 si
886 1810 975 1845 possi-

192 1857 245 1883 bile
255 1863 310 1883 non
323 1861 406 1888 esset,
421 1864 475 1883 non
488 1855 674 1882 admonuisset
687 1855 798 1886 Paulus,
813 1862 861 1882 nec
876 1862 976 1882 consu-

192 1900 299 1933 luisset,
309 1908 370 1927 cutn
382 1900 465 1927 homo
474 1899 608 1934 spirituali
615 1904 687 1926 esset
696 1899 824 1934 praeditus
833 1899 975 1934 sapientia.

193 1944 297 1973 l-lcirco
311 1945 469 1980 frequenter
483 1946 534 1973 hoc
546 1946 625 1973 vobis
640 1945 762 1972 dicebam
780 1950 806 1972 et
818 1945 908 1972 dicere
923 1953 977 1972 non

193 1992 313 2019 desinam
326 2002 332 2018 :
345 1999 405 2026 quae
416 1992 570 2019 nullatenus
578 1991 612 2018 ab
623 1991 675 2018 alio
686 1998 822 2026 quoquam
835 1991 901 2017 disci
912 1998 977 2025 pos-

193 2042 268 2069 sunt,
283 2038 342 2064 haec
359 2037 439 2065 vobis
457 2037 519 2064 licet
534 2037 578 2064 hic
593 2037 789 2072 philosophari.
807 2035 977 2071 Voluptatem

193 2084 266 2110 enim
279 2088 414 2118 quaerunt,
423 2088 450 2111 et
461 2083 578 2117 gaudere
591 2083 704 2118 cupiunt
716 2090 820 2115 omnes,
832 2087 858 2109 et
869 2087 978 2116 propter

195 2129 248 2156 hoc
261 2129 355 2155 omnia
370 2128 474 2156 faciunt
487 2133 514 2156 et
528 2129 622 2156 dicunt
636 2134 662 2155 et
673 2128 856 2162 negotiantur.
872 2128 978 2154 Etenim

195 2180 331 2202 mercator
344 2175 405 2203 ideo
420 2175 539 2210 navigat,
551 2178 580 2202 ut
596 2174 726 2209 pecunias
738 2178 883 2209 congreget
893 2181 900 2205 ;
912 2181 978 2200 con-

189 2227 281 2257 gregat
290 2227 378 2249 autem
392 2222 526 2257 pecunias,
543 2226 569 2247 ut
581 2221 680 2248 habens
701 2220 831 2255 repositas
845 2217 977 2254 gaudeat:

191 2274 219 2295 et
231 2269 275 2303 qui
296 2268 402 2300 militat,
425 2267 485 2295 ideo
505 2267 611 2298 militat,
628 2271 655 2293 et
673 2265 787 2300 agricola
801 2264 861 2292 ideo
878 2269 977 2292 terram

191 2314 265 2345 colit,
281 2318 308 2340 et
329 2318 415 2340 artem
433 2313 544 2347 qttisque
565 2319 639 2339 suam
658 2316 798 2346 propterea
822 2314 936 2337 tractat:
951 2314 978 2336 et

191 2359 380 2386 dominationis
394 2358 481 2392 cupidi
497 2358 556 2384 ideo
568 2358 686 2392 cupiunt,
698 2360 728 2384 ut
741 2356 823 2391 gloria
836 2355 976 2387 fruantur;

191 2405 276 2440 gloria
294 2412 357 2432 vero
389 2403 440 2431 frtti
463 2404 562 2436 volunt,
578 2407 607 2430 ut
618 2402 750 2437 gaudeant
767 2410 773 2428 :
794 2406 820 2429 et
843 2401 977 2436 negotium

192 2453 318 2487 quodque
337 2451 372 2479 ad
396 2451 467 2477 hunc
480 2450 559 2476 ftnem
575 2449 650 2476 nobis
665 2448 774 2475 tendere
792 2448 852 2482 quis
863 2447 977 2474 viderit:

193 2503 222 2526 et
235 2498 266 2525 ad
280 2498 352 2525 hunc
371 2497 482 2532 quisque
496 2496 651 2530 respiciens,
667 2502 714 2529 per
736 2493 818 2521 multa
838 2493 934 2532 media
946 2493 983 2520 ad

194 2543 279 2578 ipsum
290 2544 328 2570 ire
342 2531 460 2570 festinat.
930 2531 936 2559 ‘.

231 2588 328 2616 Divitiae
350 2588 463 2615 textilium
476 2595 525 2614 non
538 2587 650 2621 pariunt.
672 2601 709 2606 —
730 2585 859 2613 Laetitiam
873 2585 981 2620 quippe,

197 2635 265 2669 quod
285 2635 364 2668 dixi,
386 2638 477 2661 amant
489 2641 592 2666 omnes,
612 2633 717 2668 assequi
736 2639 800 2659 vero
823 2639 875 2658 non
888 2638 982 2659 omnes

199 2685 331 2715 possunt:
353 2681 476 2708 nesciunt
492 2680 562 2706 enim
586 2679 656 2706 viam
677 2686 710 2705 eo
733 2677 884 2705 tendentem
905 2684 914 2710 ;
935 2676 981 2704 sed

199 2727 273 2754 multi
286 2731 382 2762 putant
396 2725 466 2761 quod
478 2725 578 2752 divitiis
592 2723 701 2751 afﬂuere
712 2723 792 2757 hujus
807 2723 842 2750 sit
851 2729 941 2749 causa.
953 2722 981 2750 Si

201 2772 256 2800 haec
279 2777 370 2800 autem
385 2778 464 2798 causa
485 2771 587 2802 fuisset,
603 2777 681 2797 nemo
695 2769 821 2804 pecunias
843 2768 983 2803 possiden—

200 2819 265 2845 tium
287 2825 413 2853 umquam
428 2817 521 2844 fuisset
537 2816 629 2843 dolore
645 2822 770 2850 pressus;
785 2822 856 2841 nunc
866 2821 930 2841 vero
944 2814 984 2840 di-

199 2865 280 2890 vitum
294 2863 372 2890 multi
385 2863 465 2889 vitam
485 2870 538 2889 non
555 2861 662 2888 vitalem
679 2867 739 2887 esse
750 2864 852 2894 putant,
866 2864 893 2886 et
905 2860 983 2886 innu—

201 2917 286 2938 meras
308 2914 411 2938 mortes
422 2911 558 2943 exoptant,
581 2914 642 2935 cum
661 2906 776 2941 aliquam
796 2905 983 2933 adversitatcm

1755 194 1807 221 ΙΒῖ

1020 250 1163 284 senserint,
1179 255 1205 277 ct
1224 250 1251 276 bi
1270 249 1384 277 maxime
1409 248 1527 275 omnium
1550 247 1651 275 dolent.
1676 247 1714 275 Ne
1741 249 1806 275 mitn

1019 296 1116 330 quippe
1138 302 1245 322 mensas
1261 294 1378 329 ipsorum
1393 293 1548 328 respexeris,
1561 300 1610 320 nec
1629 297 1807 319 assentatores

1019 344 1046 367 et
1067 340 1207 374 parasitos.
1224 339 1271 366 sed
1287 346 1330 365 res
1349 346 1381 365 cx
1399 338 1463 373 ipsis
1481 338 1607 371 orientes,
1623 337 1806 365 infestationes

1019 391 1046 414 et
1059 386 1214 418 calumnias,
1229 385 1358 420 pericula,
1375 384 1534 416 anxietates,
1548 388 1576 410 et
1588 383 1658 417 quod
1671 382 1715 410 his
1731 383 1808 417 longe

1019 431 1157 458 molestius
1172 435 1222 463 est,
1239 430 1308 465 quod
1329 429 1542 465 impraemeditati
1564 428 1598 455 ad
1622 428 1670 456 has
1687 428 1805 455 devoluti

1019 478 1192 508 mutationes,
1208 476 1389 512 philosophari
1404 475 1535 506 nesciant,
1547 478 1574 501 et
1586 481 1663 501 casus
1678 481 1807 507 generoso

1020 523 1098 550 ferre.
1112 523 1173 549 ideo
1185 530 1237 550 non
1250 530 1280 550 ea
1291 522 1414 548 videntur
1427 521 1491 555 ipsis
1504 520 1607 555 gravia,
1618 527 1678 554 quae
1693 520 1754 546 talia
1762 527 1806 554 per

1019 575 1140 598 naturam
1161 575 1233 602 sunt,
1251 577 1341 596 verum
1354 573 1380 595 et
1394 568 1461 595 levia
1476 567 1541 603 ipsis
1556 566 1733 594 intolerabilia
1748 573 1808 593 esse

1019 617 1166 643 videntur:
1188 616 1256 642 sicut
1271 615 1390 642 vicissim
1414 614 1441 641 in
1464 613 1623 648 pauperibus
1645 613 1806 639 contrarium

1019 662 1128 694 accidit;
1142 665 1168 688 et
1187 661 1230 688 illa
1253 661 1358 688 tolerari
1378 667 1456 695 posse
1469 659 1590 686 videntur
1604 666 1664 694 quae
1683 658 1810 685 intolera-

1020 707 1080 734 bilia
1094 713 1173 734 sunt:
1189 707 1287 741 quippe
1298 707 1342 741 qui
1356 706 1437 732 multa
1453 705 1515 732 talia
1530 705 1603 740 prius
1626 703 1745 731 meditati
1756 704 1809 730 fue-

1020 753 1083 780 rint.
1103 752 1159 780 Non
1174 753 1243 780 cuitu
1259 758 1311 779 tam
1325 759 1414 779 rerum
1429 755 1533 784 natura,
1549 757 1628 785 quam
1650 750 1805 785 patientium

1020 798 1169 833 dispositio,
1193 805 1286 832 magna
1300 797 1348 825 vel
1358 804 1437 831 parva
1449 796 1533 824 videri
1552 794 1616 822 facit
1629 795 1808 822 incumbentis

1021 843 1098 870 nobis
1118 843 1198 869 mala.
1216 843 1250 869 Et
1263 850 1296 869 ne
1310 842 1403 868 horum
1419 841 1538 875 exempla
1554 840 1691 867 amborum
1706 840 1810 874 longius

1021 896 1167 921 accersam,
1185 888 1220 916 de
1246 888 1278 915 iis
1301 895 1360 923 quas
1386 887 1462 914 nobis
1482 886 1644 917 acciderunt,
1670 885 1810 912 disseram.

1022 936 1091 962 Ecce
1114 935 1185 962 enim
1206 942 1336 969 pauperes
1353 933 1460 968 quidem
1485 939 1578 959 omnes
1593 936 1746 963 evaserunt,
1762 938 1811 965 po-

1024 981 1103 1016 pulus
1121 981 1239 1016 periculo
1261 980 1388 1008 liberatus
1405 983 1454 1011 est,
1470 983 1497 1006 et
1517 985 1581 1013 pura
1596 977 1696 1012 potitur
1709 977 1812 1004 securi-

1024 1031 1098 1054 tate:
1119 1027 1163 1061 qui
1185 1030 1274 1053 autem
1295 1024 1487 1059 rempublicam
1504 1023 1663 1055 tractabant,
1680 1027 1708 1050 et
1728 1029 1811 1055 equos

1024 1073 1096 1100 domi
1121 1071 1238 1104 alebant,
1260 1070 1349 1097 bravia
1367 1069 1392 1096 in
1412 1068 1603 1096 certaminibus
1615 1066 1808 1102 proponebant,

1022 1123 1049 1145 ct
1063 1118 1113 1145 alia
1127 1117 1358 1149 administrabant,
1375 1116 1423 1150 ipsi
1442 1122 1579 1142 carcerem
1595 1122 1665 1140 nunc
1679 1113 1810 1142 habitant.

1023 1165 1056 1192 de
1073 1164 1198 1191 extremis
1213 1163 1317 1195 timent,
1337 1166 1364 1189 et
1384 1162 1417 1189 ab
1437 1161 1559 1188 omnibus
1584 1164 1746 1194 patratorum
1759 1159 1809 1186 soli

1024 1209 1089 1236 dant
1100 1216 1203 1243 pinnas,
1218 1213 1244 1235 et
1259 1208 1285 1234 itt
1296 1207 1423 1234 continuo
1438 1211 1508 1233 metu
1521 1206 1620 1237 vivunt,
1638 1205 1814 1238 omnibusque

1024 1263 1094 1282 nunc
1109 1255 1263 1282 miseriores
1280 1258 1351 1286 sunt,
1368 1261 1419 1280 non
1438 1256 1545 1287 propter
1560 1249 1737 1285 periculorum
1753 1257 1810 1276 ma-

1025 1300 1202 1336 gnitudinem,
1223 1299 1271 1327 sed
1293 1299 1354 1334 quia
1373 1297 1536 1333 prmtcritum
1550 1301 1654 1330 tempus
1668 1294 1694 1322 itt
1710 1294 1812 1322 deliciis

1023 1350 1144 1381 egerunt.

1058 1392 1087 1418 2.
1107 1391 1179 1418 Multi
1198 1397 1313 1425 namque
1323 1397 1382 1416 cum
1398 1396 1445 1416 eos
1459 1388 1627 1415 hortaremur
1641 1389 1669 1413 et
1692 1392 1814 1412 monere-

1025 1444 1094 1467 mus.
1106 1441 1137 1463 ut
1149 1443 1279 1471 generose
1296 1442 1340 1461 res
1351 1426 1475 1461 adversas
1486 1433 1597 1464 ferrent,
1611 1432 1735 1460 dicebant
1749 1442 1757 1460 :
1772 1431 1814 1457 Nil

1025 1490 1149 1517 umquam
1170 1482 1223 1509 tale
1238 1481 1358 1508 meditati
1374 1487 1476 1512 sumus,
1489 1487 1538 1506 nec
1553 1479 1614 1505 talia
1633 1477 1817 1514 philosophari

1025 1530 1166 1556 novimus:
1187 1533 1326 1562 propterea
1348 1534 1441 1561 magna
1457 1526 1605 1559 indigemus
1621 1524 1815 1553 consolatione.

1025 1575 1076 1602 Alii
1098 1582 1201 1602 rursum
1227 1577 1320 1609 putant
1339 1573 1437 1602 bonam
1457 1571 1634 1599 veletudincm
1657 1578 1717 1598 esse
1738 1569 1815 1597 volu-

1025 1620 1105 1655 ptatis
1118 1627 1244 1651 causam;
1264 1626 1316 1645 non
1338 1623 1378 1645 est
1398 1621 1484 1644 autem
1501 1626 1507 1644 :
1523 1617 1597 1643 mttlti
1621 1623 1735 1650 namque
1748 1615 1817 1641 bene

1026 1665 1142 1692 valentes
1153 1685 1162 1698 ,
1176 1669 1202 1692 et
1215 1665 1264 1699 ipsi
1283 1663 1379 1690 millies
1394 1663 1460 1690 mori
1479 1666 1654 1697 optaverunt,
1670 1662 1755 1688 illatas
1768 1661 1816 1687 sibi

1027 1720 1078 1738 non
1093 1711 1207 1738 ferentes
1220 1710 1340 1745 injurias.
1353 1709 1404 1736 Alii
1416 1716 1520 1735 rursum
1534 1708 1616 1743 gloria
1632 1706 1720 1742 poliri,
1734 1711 1761 1733 et
1773 1706 1818 1732 im-

1026 1757 1100 1792 perio
1114 1757 1265 1792 insignitum
1279 1763 1347 1787 esse,
1360 1760 1387 1782 et
1399 1755 1567 1789 magistratus
1580 1753 1777 1783 administrare,
1790 1755 1818 1778 ct

1025 1811 1039 1829 a
1060 1803 1151 1830 mttltis
1170 1801 1365 1829 adulationibus
1381 1799 1544 1832 demulceri,
1565 1802 1700 1834 perpetua:
1720 1796 1818 1824 laetitizu

1025 1857 1130 1876 causam
1142 1857 1201 1876 esse
1214 1848 1321 1879 dicunt;
1335 1845 1381 1874 sed
1395 1854 1443 1873 ttec
1459 1844 1528 1872 istud
1540 1848 1591 1872 est.
1607 1845 1639 1871 Et
1650 1843 1712 1878 quid
1723 1843 1816 1876 loquor

1025 1895 1058 1922 de
1070 1895 1128 1921 aliis
1143 1893 1358 1929 magistratibus?
1373 1891 1429 1918 Etsi
1444 1891 1515 1918 enim
1528 1889 1561 1916 ad
1578 1889 1664 1924 ipsum
1678 1888 1818 1922 imperium

1027 1944 1115 1967 mente
1136 1939 1327 1971 ascendamus,
1348 1938 1374 1964 in
1396 1937 1442 1963 illo
1459 1942 1566 1970 quoque
1583 1935 1716 1961 viventem
1731 1932 1820 1960 multis

1026 1987 1235 2013 circumventum
1249 1984 1379 2011 molestiis
1396 1983 1562 2010 inveniemus
1577 1989 1584 2008 :
1599 1985 1628 2008 et
1645 1984 1716 2007 tanto
1731 1979 1822 2013 plures

1028 2033 1140 2060 tristitia:
1151 2031 1322 2059 necessitates
1333 2030 1484 2061 habentem,
1496 2031 1595 2063 quanto
1606 2026 1707 2061 majore
1715 2031 1820 2059 quoque

1027 2087 1115 2106 rerum
1128 2078 1196 2105 fastu
1211 2077 1390 2105 circumdatus
1407 2079 1458 2102 est.
1479 2074 1512 2101 Et
1531 2072 1593 2108 quid
1615 2079 1682 2106 opus
1702 2075 1730 2098 et
1751 2069 1818 2097 bella

1029 2131 1181 2160 pugnasque
1198 2127 1408 2149 commemorare
1419 2140 1426 2152 ,
1448 2123 1473 2146 et
1494 2118 1667 2146 barbarorum
1685 2115 1820 2142 insultus?

1028 2173 1100 2206 ipsos
1112 2177 1183 2204 smpe
1196 2169 1288 2201 timet,
1303 2168 1347 2202 qui
1360 2173 1450 2194 secum
1464 2164 1535 2192 domi
1553 2167 1756 2190 conversantur.
1771 2161 1818 2188 Et-

1029 2217 1099 2244 enim
1117 2222 1208 2250 regum
1228 2214 1301 2241 mttlti
1323 2212 1462 2239 hostilibus
1478 2210 1561 2244 elapsi
1575 2208 1696 2235 manibus
1706 2227 1713 2238 ,
1728 2214 1822 2240 corpo-

1029 2263 1066 2290 ris
1088 2262 1128 2288 sui
1146 2259 1285 2288 custodum
1304 2258 1412 2285 insidias
1432 2264 1486 2283 non
1506 2255 1663 2289 ell'ugerunt.
1684 2252 1736 2279 Tot
1756 2259 1822 2277 vero

1029 2308 1136 2343 regibus
1150 2306 1264 2333 tristitia:
1279 2304 1451 2331 necessitates
1471 2306 1550 2333 sunt,
1563 2303 1627 2335 quot
1646 2298 1712 2325 mari
1731 2296 1820 2323 undm.

1030 2341 1096 2381 Ctim
1116 2353 1194 2387 igitur
1210 2358 1259 2378 nec
1278 2356 1388 2384 regnum
1407 2348 1487 2374 vitam
1507 2346 1564 2373 sine
1584 2344 1689 2372 tristitia
1711 2341 1824 2369 reddere

1031 2398 1130 2434 possit,
1143 2396 1205 2432 quid
1217 2395 1287 2424 aliud
1301 2395 1351 2422 hoc
1367 2398 1494 2428 praestare
1513 2390 1629 2426 poterit?
1643 2389 1826 2416 Humanarum

1032 2433 1137 2480 quidem
1157 2443 1240 2475 nihil,
1261 2441 1308 2469 sed
1327 2440 1412 2468 solum
1433 2439 1506 2466 Pauli
1526 2438 1607 2465 breve
1626 2435 1695 2463 istud
1712 2439 1739 2462 et
1753 2433 1826 2461 exile

1032 2491 1142 2520 verbum
1164 2490 1240 2518 nobis
1264 2489 1335 2516 hunc
1356 2486 1459 2521 aperiet
1482 2485 1647 2512 thesaurum.
1671 2481 1729 2508 Non
1751 2481 1827 2517 Clllqu

1034 2538 1124 2566 multis
1138 2545 1204 2572 opus
1218 2540 1259 2564 est
1271 2533 1439 2562 sermonibus
1448 2552 1456 2563 ,
1470 2538 1520 2558 nec
1538 2531 1617 2564 longo
1630 2527 1758 2555 circuitu;
1777 2522 1826 2552 sed

1034 2586 1055 2611 si
1079 2585 1163 2611 solum
1184 2583 1282 2610 dictum
1305 2580 1451 2615 cogitemus
1464 2599 1471 2611 ,
1487 2578 1557 2604 viam
1574 2575 1606 2603 ad
1626 2575 1677 2601 hoc
1695 2574 1828 2600 ferentem

1035 2629 1199 2657 inveniemus
1220 2636 1226 2654 :
1249 2634 1297 2654 nec
1322 2626 1394 2652 enim
1418 2623 1573 2658 simpliciter
1593 2620 1660 2648 dixit
1679 2628 1686 2646 :
1706 2617 1827 2646 Gaudete

1037 2682 1152 2709 semper.
1164 2672 1210 2700 sed
1224 2671 1325 2699 addidit
1337 2670 1469 2697 continua:
1482 2666 1624 2701 voluptatis
1634 2671 1752 2714 causam,
1762 2669 1825 2714 cupi
1847 2695 1851 2714 ι

1035 2706 1103 2749 dixit
1117 2729 1123 2746 :
1139 2719 1251 2746 Gaudete
1269 2718 1295 2744 in
1314 2716 1423 2743 Domino
1436 2721 1532 2748 semper
1548 2711 1679 2748 (Philipp.
1695 2709 1722 2735 4.
1737 2707 1782 2739 Η,
1798 2706 1825 2732 ltt

1037 2767 1151 2794 Domino
1171 2764 1287 2800 gaudens
1300 2783 1307 2794 ,
1328 2770 1359 2789 ex
1380 2760 1517 2788 accidente
1534 2757 1605 2784 nttllo
1623 2755 1759 2788 voluptate
1779 2751 1828 2778 bac

1037 2812 1159 2840 excidere
1171 2796 1267 2845 potest.
1278 2808 1336 2836 Alia
1351 2814 1445 2839 nempe
1459 2809 1563 2834 cuncta,
1580 2802 1606 2828 in
1617 2800 1712 2835 quibus
1726 2796 1825 2830 gaude-

1038 2860 1114 2888 mtts',
1130 2855 1264 2882 mutabilia
1279 2857 1341 2888 sunt
1351 2873 1358 2883 ,
1372 2849 1496 2878 volubilia
1508 2869 1515 2881 ,
1528 2852 1555 2874 et
1570 2846 1645 2873 lacilc
1663 2846 1802 2870 vertttntur
1817 2848 1827 2867 :

1039 2911 1089 2931 nec
1103 2887 1252 2930 hoc‘solum
1265 2887 1363 2926 habent
1377 2896 1528 2926 molestum,
1541 2891 1587 2920 sed
1601 2891 1680 2918 etiam
1693 2887 1763 2922 quod
1774 2892 1826 2913 nta-
