  <div class='ocr_page' id='page_1' title='image "/cluster/home/n/w/nwhite01/storage/ocr_20150623/49-50/njp.32101077772620/187.png"; bbox 0 0 1983 3125; ppageno 0'>
   <div class='ocr_carea' id='block_1_1' title="bbox 179 151 231 179">
    <p class='ocr_par' dir='ltr' id='par_1_1' title="bbox 179 151 231 179">
     <span class='ocr_line' id='line_1_1' title="bbox 179 151 231 179; baseline 0.019 -1"><span class='ocrx_word' id='word_1_1' title='bbox 179 151 231 179; x_wconf 78' lang='lat' dir='ltr'><strong>I83</strong></span> 
     </span>
    </p>
   </div>
   <div class='ocr_carea' id='block_1_2' title="bbox 178 206 959 241">
    <p class='ocr_par' dir='ltr' id='par_1_2' title="bbox 178 206 959 241">
     <span class='ocr_line' id='line_1_2' title="bbox 178 206 959 241; baseline -0.006 -6"><span class='ocrx_word' id='word_1_2' title='bbox 178 209 265 236; x_wconf 85' lang='lat' dir='ltr'><strong>nentia</strong></span> <span class='ocrx_word' id='word_1_3' title='bbox 286 215 337 235; x_wconf 90' lang='lat' dir='ltr'><strong>non</strong></span> <span class='ocrx_word' id='word_1_4' title='bbox 355 212 453 234; x_wconf 83' lang='lat' dir='ltr'><strong>tantum</strong></span> <span class='ocrx_word' id='word_1_5' title='bbox 473 207 548 235; x_wconf 90' lang='lat' dir='ltr'><strong>nobis</strong></span> <span class='ocrx_word' id='word_1_6' title='bbox 562 207 676 235; x_wconf 71' lang='lat' dir='ltr'><strong>aderunt</strong></span> <span class='ocrx_word' id='word_1_7' title='bbox 689 206 866 241; x_wconf 84' lang='lat' dir='ltr'><strong>voluptatem,</strong></span> <span class='ocrx_word' id='word_1_8' title='bbox 881 210 908 231; x_wconf 91' lang='lat' dir='ltr'><strong>ut</strong></span> <span class='ocrx_word' id='word_1_9' title='bbox 928 212 959 231; x_wconf 76' lang='lat' dir='ltr'><strong>ex</strong></span> 
     </span>
    </p>
   </div>
   <div class='ocr_carea' id='block_1_3' title="bbox 177 250 961 287">
    <p class='ocr_par' dir='ltr' id='par_1_3' title="bbox 177 250 961 287">
     <span class='ocr_line' id='line_1_3' title="bbox 177 250 961 287; baseline -0.005 -8"><span class='ocrx_word' id='word_1_10' title='bbox 177 253 237 280; x_wconf 87' lang='lat' dir='ltr'><strong>aliis</strong></span> <span class='ocrx_word' id='word_1_11' title='bbox 260 257 413 280; x_wconf 74' lang='lat' dir='ltr'><strong>nascentem</strong></span> <span class='ocrx_word' id='word_1_12' title='bbox 434 253 567 280; x_wconf 70' lang='lat' dir='ltr'><strong>tristitiam</strong></span> <span class='ocrx_word' id='word_1_13' title='bbox 589 252 720 287; x_wconf 83' lang='lat' dir='ltr'><strong>repellant</strong></span> <span class='ocrx_word' id='word_1_14' title='bbox 736 255 763 278; x_wconf 91' lang='lat' dir='ltr'><strong>et</strong></span> <span class='ocrx_word' id='word_1_15' title='bbox 781 250 937 277; x_wconf 86' lang='lat' dir='ltr'><strong>obumbrent</strong></span> <span class='ocrx_word' id='word_1_16' title='bbox 954 257 961 275; x_wconf 91' lang='lat'>:</span> 
     </span>
    </p>
   </div>
   <div class='ocr_carea' id='block_1_4' title="bbox 180 295 964 331">
    <p class='ocr_par' dir='ltr' id='par_1_4' title="bbox 180 295 964 331">
     <span class='ocr_line' id='line_1_4' title="bbox 180 295 964 331; baseline -0.006 -7"><span class='ocrx_word' id='word_1_17' title='bbox 180 297 226 324; x_wconf 76' lang='lat' dir='ltr'><strong>Ilei</strong></span> <span class='ocrx_word' id='word_1_18' title='bbox 240 305 303 324; x_wconf 80' lang='lat' dir='ltr'><strong>vero</strong></span> <span class='ocrx_word' id='word_1_19' title='bbox 317 297 396 324; x_wconf 96' lang='lat' dir='ltr'><strong>timor</strong></span> <span class='ocrx_word' id='word_1_20' title='bbox 410 297 466 324; x_wconf 71' lang='lat' dir='ltr'><strong>hzec</strong></span> <span class='ocrx_word' id='word_1_21' title='bbox 478 297 556 324; x_wconf 88' lang='lat' dir='ltr'><strong>habet</strong></span> <span class='ocrx_word' id='word_1_22' title='bbox 569 302 690 331; x_wconf 90' lang='lat' dir='ltr'><strong>utraque,</strong></span> <span class='ocrx_word' id='word_1_23' title='bbox 703 296 804 324; x_wconf 78' lang='lat' dir='ltr'><strong>stabilis</strong></span> <span class='ocrx_word' id='word_1_24' title='bbox 816 300 856 322; x_wconf 87' lang='lat' dir='ltr'><strong>est</strong></span> <span class='ocrx_word' id='word_1_25' title='bbox 871 295 964 320; x_wconf 87' lang='lat' dir='ltr'><strong>immo-</strong></span> 
     </span>
    </p>
   </div>
   <div class='ocr_carea' id='block_1_5' title="bbox 179 339 964 377">
    <p class='ocr_par' dir='ltr' id='par_1_5' title="bbox 179 339 964 377">
     <span class='ocr_line' id='line_1_5' title="bbox 179 339 964 377; baseline -0.004 -8"><span class='ocrx_word' id='word_1_26' title='bbox 179 347 283 377; x_wconf 81' lang='lat' dir='ltr'><strong>tnsque,</strong></span> <span class='ocrx_word' id='word_1_27' title='bbox 299 348 323 369; x_wconf 90' lang='lat' dir='ltr'><strong>et</strong></span> <span class='ocrx_word' id='word_1_28' title='bbox 338 347 436 370; x_wconf 90' lang='lat' dir='ltr'><strong>tantam</strong></span> <span class='ocrx_word' id='word_1_29' title='bbox 450 343 545 369; x_wconf 89' lang='lat' dir='ltr'><strong>emittit</strong></span> <span class='ocrx_word' id='word_1_30' title='bbox 557 343 683 374; x_wconf 67' lang='lat' dir='ltr'><strong>lictitiam,</strong></span> <span class='ocrx_word' id='word_1_31' title='bbox 696 347 724 368; x_wconf 91' lang='lat' dir='ltr'><strong>ut</strong></span> <span class='ocrx_word' id='word_1_32' title='bbox 738 341 824 368; x_wconf 91' lang='lat' dir='ltr'><strong>nullus</strong></span> <span class='ocrx_word' id='word_1_33' title='bbox 838 347 885 367; x_wconf 92' lang='lat' dir='ltr'><strong>nos</strong></span> <span class='ocrx_word' id='word_1_34' title='bbox 898 339 964 366; x_wconf 85' lang='lat' dir='ltr'><strong>alio-</strong></span> 
     </span>
    </p>
   </div>
   <div class='ocr_carea' id='block_1_6' title="bbox 179 385 964 421">
    <p class='ocr_par' dir='ltr' id='par_1_6' title="bbox 179 385 964 421">
     <span class='ocr_line' id='line_1_6' title="bbox 179 385 964 421; baseline -0.006 -7"><span class='ocrx_word' id='word_1_35' title='bbox 179 395 236 414; x_wconf 88' lang='lat' dir='ltr'><strong>rum</strong></span> <span class='ocrx_word' id='word_1_36' title='bbox 256 395 349 414; x_wconf 85' lang='lat' dir='ltr'><strong>sensus</strong></span> <span class='ocrx_word' id='word_1_37' title='bbox 371 387 499 414; x_wconf 89' lang='lat' dir='ltr'><strong>malorum</strong></span> <span class='ocrx_word' id='word_1_38' title='bbox 520 387 616 421; x_wconf 85' lang='lat' dir='ltr'><strong>capiat.</strong></span> <span class='ocrx_word' id='word_1_39' title='bbox 630 387 679 419; x_wconf 78' lang='lat' dir='ltr'><strong>Qui</strong></span> <span class='ocrx_word' id='word_1_40' title='bbox 692 387 774 413; x_wconf 85' lang='lat' dir='ltr'><strong>Deum</strong></span> <span class='ocrx_word' id='word_1_41' title='bbox 794 385 881 416; x_wconf 88' lang='lat' dir='ltr'><strong>enim,</strong></span> <span class='ocrx_word' id='word_1_42' title='bbox 897 385 964 410; x_wconf 93' lang='lat' dir='ltr'><strong>sicut</strong></span> 
     </span>
    </p>
   </div>
   <div class='ocr_carea' id='block_1_7' title="bbox 179 430 963 467">
    <p class='ocr_par' dir='ltr' id='par_1_7' title="bbox 179 430 963 467">
     <span class='ocr_line' id='line_1_7' title="bbox 179 430 963 467; baseline -0.004 -9"><span class='ocrx_word' id='word_1_43' title='bbox 179 437 303 466; x_wconf 82' lang='lat' dir='ltr'><strong>oportet,</strong></span> <span class='ocrx_word' id='word_1_44' title='bbox 319 433 392 459; x_wconf 90' lang='lat' dir='ltr'><strong>timet</strong></span> <span class='ocrx_word' id='word_1_45' title='bbox 406 438 431 459; x_wconf 93' lang='lat' dir='ltr'><strong>ct</strong></span> <span class='ocrx_word' id='word_1_46' title='bbox 445 433 470 459; x_wconf 92' lang='lat' dir='ltr'><strong>in</strong></span> <span class='ocrx_word' id='word_1_47' title='bbox 484 433 541 467; x_wconf 86' lang='lat' dir='ltr'><strong>ipso</strong></span> <span class='ocrx_word' id='word_1_48' title='bbox 553 432 679 463; x_wconf 76' lang='lat' dir='ltr'><strong>confidit,</strong></span> <span class='ocrx_word' id='word_1_49' title='bbox 695 430 835 465; x_wconf 76' lang='lat' dir='ltr'><strong>voluptatis</strong></span> <span class='ocrx_word' id='word_1_50' title='bbox 849 430 963 457; x_wconf 84' lang='lat' dir='ltr'><strong>radicem</strong></span> 
     </span>
    </p>
   </div>
   <div class='ocr_carea' id='block_1_8' title="bbox 181 475 965 509">
    <p class='ocr_par' dir='ltr' id='par_1_8' title="bbox 181 475 965 509">
     <span class='ocr_line' id='line_1_8' title="bbox 181 475 965 509; baseline -0.003 -7"><span class='ocrx_word' id='word_1_51' title='bbox 181 477 298 504; x_wconf 88' lang='lat' dir='ltr'><strong>lucratus</strong></span> <span class='ocrx_word' id='word_1_52' title='bbox 308 482 358 509; x_wconf 84' lang='lat' dir='ltr'><strong>est,</strong></span> <span class='ocrx_word' id='word_1_53' title='bbox 371 482 397 505; x_wconf 93' lang='lat' dir='ltr'><strong>et</strong></span> <span class='ocrx_word' id='word_1_54' title='bbox 408 485 512 505; x_wconf 90' lang='lat' dir='ltr'><strong>omnem</strong></span> <span class='ocrx_word' id='word_1_55' title='bbox 526 477 605 504; x_wconf 81' lang='lat' dir='ltr'><strong>habet</strong></span> <span class='ocrx_word' id='word_1_56' title='bbox 617 477 714 504; x_wconf 69' lang='lat' dir='ltr'><strong>lartitiar</strong></span> <span class='ocrx_word' id='word_1_57' title='bbox 727 476 827 503; x_wconf 88' lang='lat' dir='ltr'><strong>fontem</strong></span> <span class='ocrx_word' id='word_1_58' title='bbox 841 485 847 502; x_wconf 89' lang='lat'>:</span> <span class='ocrx_word' id='word_1_59' title='bbox 859 480 883 502; x_wconf 89' lang='lat' dir='ltr'><strong>et</strong></span> <span class='ocrx_word' id='word_1_60' title='bbox 897 475 965 501; x_wconf 88' lang='lat' dir='ltr'><strong>sicut</strong></span> 
     </span>
    </p>
   </div>
   <div class='ocr_carea' id='block_1_9' title="bbox 182 519 965 556">
    <p class='ocr_par' dir='ltr' id='par_1_9' title="bbox 182 519 965 556">
     <span class='ocr_line' id='line_1_9' title="bbox 182 519 965 556; baseline 0 -9"><span class='ocrx_word' id='word_1_61' title='bbox 182 521 206 548; x_wconf 93' lang='lat' dir='ltr'><strong>in</strong></span> <span class='ocrx_word' id='word_1_62' title='bbox 231 530 303 549; x_wconf 90' lang='lat' dir='ltr'><strong>mare</strong></span> <span class='ocrx_word' id='word_1_63' title='bbox 324 522 448 550; x_wconf 78' lang='lat' dir='ltr'><strong>decidens</strong></span> <span class='ocrx_word' id='word_1_64' title='bbox 472 522 629 549; x_wconf 91' lang='lat' dir='ltr'><strong>immensum</strong></span> <span class='ocrx_word' id='word_1_65' title='bbox 653 521 765 548; x_wconf 84' lang='lat' dir='ltr'><strong>scintilla</strong></span> <span class='ocrx_word' id='word_1_66' title='bbox 787 528 866 556; x_wconf 81' lang='lat' dir='ltr'><strong>parva</strong></span> <span class='ocrx_word' id='word_1_67' title='bbox 890 519 965 547; x_wconf 81' lang='lat' dir='ltr'><strong>facile</strong></span> 
     </span>
    </p>
   </div>
   <div class='ocr_carea' id='block_1_10' title="bbox 180 565 963 602">
    <p class='ocr_par' dir='ltr' id='par_1_10' title="bbox 180 565 963 602">
     <span class='ocr_line' id='line_1_10' title="bbox 180 565 963 602; baseline -0.001 -10"><span class='ocrx_word' id='word_1_68' title='bbox 180 565 282 592; x_wconf 90' lang='lat' dir='ltr'><strong>deletur</strong></span> <span class='ocrx_word' id='word_1_69' title='bbox 297 575 303 593; x_wconf 87' lang='lat'>:</span> <span class='ocrx_word' id='word_1_70' title='bbox 318 567 357 593; x_wconf 92' lang='lat' dir='ltr'><strong>sic</strong></span> <span class='ocrx_word' id='word_1_71' title='bbox 375 572 586 602; x_wconf 85' lang='lat' dir='ltr'><strong>quantacumque</strong></span> <span class='ocrx_word' id='word_1_72' title='bbox 608 567 689 593; x_wconf 90' lang='lat' dir='ltr'><strong>Deum</strong></span> <span class='ocrx_word' id='word_1_73' title='bbox 708 565 809 593; x_wconf 88' lang='lat' dir='ltr'><strong>timenti</strong></span> <span class='ocrx_word' id='word_1_74' title='bbox 831 565 963 597; x_wconf 90' lang='lat' dir='ltr'><strong>incidant,</strong></span> 
     </span>
    </p>
   </div>
   <div class='ocr_carea' id='block_1_11' title="bbox 180 611 966 646">
    <p class='ocr_par' dir='ltr' id='par_1_11' title="bbox 180 611 966 646">
     <span class='ocr_line' id='line_1_11' title="bbox 180 611 966 646; baseline 0 -10"><span class='ocrx_word' id='word_1_75' title='bbox 180 611 252 637; x_wconf 87' lang='lat' dir='ltr'><strong>velut</strong></span> <span class='ocrx_word' id='word_1_76' title='bbox 264 611 290 638; x_wconf 92' lang='lat' dir='ltr'><strong>in</strong></span> <span class='ocrx_word' id='word_1_77' title='bbox 300 615 401 638; x_wconf 88' lang='lat' dir='ltr'><strong>vastum</strong></span> <span class='ocrx_word' id='word_1_78' title='bbox 417 612 513 638; x_wconf 83' lang='lat' dir='ltr'><strong>laetitiae</strong></span> <span class='ocrx_word' id='word_1_79' title='bbox 526 612 633 646; x_wconf 85' lang='lat' dir='ltr'><strong>pelagus</strong></span> <span class='ocrx_word' id='word_1_80' title='bbox 647 611 786 638; x_wconf 86' lang='lat' dir='ltr'><strong>incidentia</strong></span> <span class='ocrx_word' id='word_1_81' title='bbox 800 611 966 644; x_wconf 81' lang='lat' dir='ltr'><strong>exstinguun-</strong></span> 
     </span>
    </p>
   </div>
   <div class='ocr_carea' id='block_1_12' title="bbox 182 655 967 691">
    <p class='ocr_par' dir='ltr' id='par_1_12' title="bbox 182 655 967 691">
     <span class='ocr_line' id='line_1_12' title="bbox 182 655 967 691; baseline 0 -10"><span class='ocrx_word' id='word_1_82' title='bbox 182 660 223 682; x_wconf 93' lang='lat' dir='ltr'><strong>tur</strong></span> <span class='ocrx_word' id='word_1_83' title='bbox 235 660 313 691; x_wconf 88' lang='lat' dir='ltr'><strong>atque</strong></span> <span class='ocrx_word' id='word_1_84' title='bbox 328 657 481 690; x_wconf 88' lang='lat' dir='ltr'><strong>perduntur.</strong></span> <span class='ocrx_word' id='word_1_85' title='bbox 497 657 529 683; x_wconf 90' lang='lat' dir='ltr'><strong>Et</strong></span> <span class='ocrx_word' id='word_1_86' title='bbox 543 664 635 684; x_wconf 85' lang='lat' dir='ltr'><strong>revera</strong></span> <span class='ocrx_word' id='word_1_87' title='bbox 649 656 698 683; x_wconf 92' lang='lat' dir='ltr'><strong>hoe</strong></span> <span class='ocrx_word' id='word_1_88' title='bbox 709 660 749 682; x_wconf 90' lang='lat' dir='ltr'><strong>est</strong></span> <span class='ocrx_word' id='word_1_89' title='bbox 761 655 874 682; x_wconf 84' lang='lat' dir='ltr'><strong>maxime</strong></span> <span class='ocrx_word' id='word_1_90' title='bbox 886 655 967 682; x_wconf 89' lang='lat' dir='ltr'><strong>mira-</strong></span> 
     </span>
    </p>
   </div>
   <div class='ocr_carea' id='block_1_13' title="bbox 180 700 966 736">
    <p class='ocr_par' dir='ltr' id='par_1_13' title="bbox 180 700 966 736">
     <span class='ocr_line' id='line_1_13' title="bbox 180 700 966 736; baseline 0.001 -10"><span class='ocrx_word' id='word_1_91' title='bbox 180 700 234 727; x_wconf 90' lang='lat' dir='ltr'><strong>bile</strong></span> <span class='ocrx_word' id='word_1_92' title='bbox 245 721 253 734; x_wconf 86' lang='lat'><strong>,</strong></span> <span class='ocrx_word' id='word_1_93' title='bbox 274 702 344 736; x_wconf 89' lang='lat' dir='ltr'><strong>quod</strong></span> <span class='ocrx_word' id='word_1_94' title='bbox 366 710 424 728; x_wconf 91' lang='lat' dir='ltr'><strong>cum</strong></span> <span class='ocrx_word' id='word_1_95' title='bbox 440 702 527 729; x_wconf 89' lang='lat' dir='ltr'><strong>adsint</strong></span> <span class='ocrx_word' id='word_1_96' title='bbox 545 710 602 736; x_wconf 63' lang='lat' dir='ltr'><strong>qua;</strong></span> <span class='ocrx_word' id='word_1_97' title='bbox 621 702 778 729; x_wconf 86' lang='lat' dir='ltr'><strong>contristare</strong></span> <span class='ocrx_word' id='word_1_98' title='bbox 794 701 895 732; x_wconf 83' lang='lat' dir='ltr'><strong>solent,</strong></span> <span class='ocrx_word' id='word_1_99' title='bbox 909 701 966 734; x_wconf 88' lang='lat' dir='ltr'><strong>ipse</strong></span> 
     </span>
    </p>
   </div>
   <div class='ocr_carea' id='block_1_14' title="bbox 180 745 965 780">
    <p class='ocr_par' dir='ltr' id='par_1_14' title="bbox 180 745 965 780">
     <span class='ocr_line' id='line_1_14' title="bbox 180 745 965 780; baseline 0 -9"><span class='ocrx_word' id='word_1_100' title='bbox 180 745 297 779; x_wconf 85' lang='lat' dir='ltr'><strong>gaudens</strong></span> <span class='ocrx_word' id='word_1_101' title='bbox 310 751 473 780; x_wconf 85' lang='lat' dir='ltr'><strong>permaneat.</strong></span> <span class='ocrx_word' id='word_1_102' title='bbox 487 747 513 773; x_wconf 91' lang='lat' dir='ltr'><strong>Si</strong></span> <span class='ocrx_word' id='word_1_103' title='bbox 528 747 592 773; x_wconf 87' lang='lat' dir='ltr'><strong>nihil</strong></span> <span class='ocrx_word' id='word_1_104' title='bbox 607 747 678 773; x_wconf 89' lang='lat' dir='ltr'><strong>enim</strong></span> <span class='ocrx_word' id='word_1_105' title='bbox 698 746 772 773; x_wconf 87' lang='lat' dir='ltr'><strong>triste</strong></span> <span class='ocrx_word' id='word_1_106' title='bbox 784 745 898 777; x_wconf 87' lang='lat' dir='ltr'><strong>adesset,</strong></span> <span class='ocrx_word' id='word_1_107' title='bbox 912 753 965 772; x_wconf 92' lang='lat' dir='ltr'><strong>non</strong></span> 
     </span>
    </p>
   </div>
   <div class='ocr_carea' id='block_1_15' title="bbox 183 791 966 826">
    <p class='ocr_par' dir='ltr' id='par_1_15' title="bbox 183 791 966 826">
     <span class='ocr_line' id='line_1_15' title="bbox 183 791 966 826; baseline 0 -9"><span class='ocrx_word' id='word_1_108' title='bbox 183 796 254 818; x_wconf 82' lang='lat' dir='ltr'><strong>esset</strong></span> <span class='ocrx_word' id='word_1_109' title='bbox 276 791 324 825; x_wconf 82' lang='lat' dir='ltr'><strong>ipsi</strong></span> <span class='ocrx_word' id='word_1_110' title='bbox 348 799 472 826; x_wconf 79' lang='lat' dir='ltr'><strong>maguum</strong></span> <span class='ocrx_word' id='word_1_111' title='bbox 493 799 598 826; x_wconf 80' lang='lat' dir='ltr'><strong>semper</strong></span> <span class='ocrx_word' id='word_1_112' title='bbox 623 799 700 826; x_wconf 84' lang='lat' dir='ltr'><strong>posse</strong></span> <span class='ocrx_word' id='word_1_113' title='bbox 723 791 856 825; x_wconf 84' lang='lat' dir='ltr'><strong>gaudere;</strong></span> <span class='ocrx_word' id='word_1_114' title='bbox 878 791 966 817; x_wconf 85' lang='lat' dir='ltr'><strong>multis</strong></span> 
     </span>
    </p>
   </div>
   <div class='ocr_carea' id='block_1_16' title="bbox 183 835 965 871">
    <p class='ocr_par' dir='ltr' id='par_1_16' title="bbox 183 835 965 871">
     <span class='ocr_line' id='line_1_16' title="bbox 183 835 965 871; baseline 0 -9"><span class='ocrx_word' id='word_1_115' title='bbox 183 841 270 863; x_wconf 84' lang='lat' dir='ltr'><strong>autem</strong></span> <span class='ocrx_word' id='word_1_116' title='bbox 290 836 500 864; x_wconf 85' lang='lat' dir='ltr'><strong>incumbentibus</strong></span> <span class='ocrx_word' id='word_1_117' title='bbox 513 858 519 869; x_wconf 84' lang='lat'><strong>,</strong></span> <span class='ocrx_word' id='word_1_118' title='bbox 537 845 596 871; x_wconf 79' lang='lat' dir='ltr'><strong>qua:</strong></span> <span class='ocrx_word' id='word_1_119' title='bbox 615 837 640 863; x_wconf 95' lang='lat' dir='ltr'><strong>in</strong></span> <span class='ocrx_word' id='word_1_120' title='bbox 660 837 791 863; x_wconf 86' lang='lat' dir='ltr'><strong>tristitiam</strong></span> <span class='ocrx_word' id='word_1_121' title='bbox 811 835 965 870; x_wconf 87' lang='lat' dir='ltr'><strong>impellant,</strong></span> 
     </span>
    </p>
   </div>
   <div class='ocr_carea' id='block_1_17' title="bbox 182 881 965 916">
    <p class='ocr_par' dir='ltr' id='par_1_17' title="bbox 182 881 965 916">
     <span class='ocr_line' id='line_1_17' title="bbox 182 881 965 916; baseline 0 -9"><span class='ocrx_word' id='word_1_122' title='bbox 182 881 304 908; x_wconf 90' lang='lat' dir='ltr'><strong>omnibus</strong></span> <span class='ocrx_word' id='word_1_123' title='bbox 315 889 375 908; x_wconf 88' lang='lat' dir='ltr'><strong>esse</strong></span> <span class='ocrx_word' id='word_1_124' title='bbox 385 883 547 916; x_wconf 79' lang='lat' dir='ltr'><strong>superiorem</strong></span> <span class='ocrx_word' id='word_1_125' title='bbox 559 888 585 909; x_wconf 86' lang='lat' dir='ltr'><strong>et</strong></span> <span class='ocrx_word' id='word_1_126' title='bbox 599 883 624 908; x_wconf 91' lang='lat' dir='ltr'><strong>in</strong></span> <span class='ocrx_word' id='word_1_127' title='bbox 635 882 729 908; x_wconf 88' lang='lat' dir='ltr'><strong>mediis</strong></span> <span class='ocrx_word' id='word_1_128' title='bbox 743 881 861 908; x_wconf 84' lang='lat' dir='ltr'><strong>tristibus</strong></span> <span class='ocrx_word' id='word_1_129' title='bbox 871 881 965 913; x_wconf 67' lang='lat' dir='ltr'><strong>liutari,</strong></span> 
     </span>
    </p>
   </div>
   <div class='ocr_carea' id='block_1_18' title="bbox 182 927 967 961">
    <p class='ocr_par' dir='ltr' id='par_1_18' title="bbox 182 927 967 961">
     <span class='ocr_line' id='line_1_18' title="bbox 182 927 967 961; baseline 0 -8"><span class='ocrx_word' id='word_1_130' title='bbox 182 927 233 954; x_wconf 85' lang='lat' dir='ltr'><strong>hoc</strong></span> <span class='ocrx_word' id='word_1_131' title='bbox 247 931 286 954; x_wconf 81' lang='lat' dir='ltr'><strong>est</strong></span> <span class='ocrx_word' id='word_1_132' title='bbox 300 927 464 955; x_wconf 85' lang='lat' dir='ltr'><strong>admirabile.</strong></span> <span class='ocrx_word' id='word_1_133' title='bbox 483 928 516 955; x_wconf 87' lang='lat' dir='ltr'><strong>Et</strong></span> <span class='ocrx_word' id='word_1_134' title='bbox 535 928 600 954; x_wconf 88' lang='lat' dir='ltr'><strong>sicut</strong></span> <span class='ocrx_word' id='word_1_135' title='bbox 617 932 670 954; x_wconf 91' lang='lat' dir='ltr'><strong>tres</strong></span> <span class='ocrx_word' id='word_1_136' title='bbox 687 935 784 961; x_wconf 89' lang='lat' dir='ltr'><strong>pueros</strong></span> <span class='ocrx_word' id='word_1_137' title='bbox 801 934 853 953; x_wconf 92' lang='lat' dir='ltr'><strong>non</strong></span> <span class='ocrx_word' id='word_1_138' title='bbox 870 927 967 954; x_wconf 89' lang='lat' dir='ltr'><strong>arsisse</strong></span> 
     </span>
    </p>
   </div>
   <div class='ocr_carea' id='block_1_19' title="bbox 182 973 967 1008">
    <p class='ocr_par' dir='ltr' id='par_1_19' title="bbox 182 973 967 1008">
     <span class='ocr_line' id='line_1_19' title="bbox 182 973 967 1008; baseline 0 -9"><span class='ocrx_word' id='word_1_139' title='bbox 182 975 322 1001; x_wconf 87' lang='lat' dir='ltr'><strong>miraretur</strong></span> <span class='ocrx_word' id='word_1_140' title='bbox 343 981 420 1001; x_wconf 91' lang='lat' dir='ltr'><strong>nemo</strong></span> <span class='ocrx_word' id='word_1_141' title='bbox 433 994 440 1007; x_wconf 84' lang='lat'><strong>,</strong></span> <span class='ocrx_word' id='word_1_142' title='bbox 461 974 484 1001; x_wconf 88' lang='lat' dir='ltr'><strong>si</strong></span> <span class='ocrx_word' id='word_1_143' title='bbox 507 974 597 1008; x_wconf 90' lang='lat' dir='ltr'><strong>procul</strong></span> <span class='ocrx_word' id='word_1_144' title='bbox 617 981 631 1000; x_wconf 91' lang='lat' dir='ltr'><strong>a</strong></span> <span class='ocrx_word' id='word_1_145' title='bbox 653 973 810 1008; x_wconf 83' lang='lat' dir='ltr'><strong>Babylonica</strong></span> <span class='ocrx_word' id='word_1_146' title='bbox 832 973 967 1000; x_wconf 84' lang='lat' dir='ltr'><strong>stetissent</strong></span> 
     </span>
    </p>
   </div>
   <div class='ocr_carea' id='block_1_20' title="bbox 182 1018 965 1053">
    <p class='ocr_par' dir='ltr' id='par_1_20' title="bbox 182 1018 965 1053">
     <span class='ocr_line' id='line_1_20' title="bbox 182 1018 965 1053; baseline 0.001 -10"><span class='ocrx_word' id='word_1_147' title='bbox 182 1018 288 1046; x_wconf 89' lang='lat' dir='ltr'><strong>fornace</strong></span> <span class='ocrx_word' id='word_1_148' title='bbox 307 1027 313 1045; x_wconf 88' lang='lat'>:</span> <span class='ocrx_word' id='word_1_149' title='bbox 332 1018 401 1053; x_wconf 90' lang='lat' dir='ltr'><strong>quod</strong></span> <span class='ocrx_word' id='word_1_150' title='bbox 420 1019 491 1045; x_wconf 89' lang='lat' dir='ltr'><strong>enim</strong></span> <span class='ocrx_word' id='word_1_151' title='bbox 511 1026 604 1046; x_wconf 90' lang='lat' dir='ltr'><strong>omnes</strong></span> <span class='ocrx_word' id='word_1_152' title='bbox 622 1018 819 1050; x_wconf 85' lang='lat' dir='ltr'><strong>consternavit,</strong></span> <span class='ocrx_word' id='word_1_153' title='bbox 839 1018 889 1045; x_wconf 88' lang='lat' dir='ltr'><strong>hoe</strong></span> <span class='ocrx_word' id='word_1_154' title='bbox 910 1023 965 1049; x_wconf 88' lang='lat' dir='ltr'><strong>est,</strong></span> 
     </span>
    </p>
   </div>
   <div class='ocr_carea' id='block_1_21' title="bbox 181 1063 968 1099">
    <p class='ocr_par' dir='ltr' id='par_1_21' title="bbox 181 1063 968 1099">
     <span class='ocr_line' id='line_1_21' title="bbox 181 1063 968 1099; baseline 0.001 -10"><span class='ocrx_word' id='word_1_155' title='bbox 181 1063 251 1097; x_wconf 92' lang='lat' dir='ltr'><strong>quod</strong></span> <span class='ocrx_word' id='word_1_156' title='bbox 263 1065 288 1090; x_wconf 90' lang='lat' dir='ltr'><strong>in</strong></span> <span class='ocrx_word' id='word_1_157' title='bbox 301 1064 359 1099; x_wconf 81' lang='lat' dir='ltr'><strong>igne</strong></span> <span class='ocrx_word' id='word_1_158' title='bbox 371 1069 472 1091; x_wconf 90' lang='lat' dir='ltr'><strong>tantum</strong></span> <span class='ocrx_word' id='word_1_159' title='bbox 485 1065 613 1099; x_wconf 76' lang='lat' dir='ltr'><strong>temporis</strong></span> <span class='ocrx_word' id='word_1_160' title='bbox 625 1065 732 1096; x_wconf 78' lang='lat' dir='ltr'><strong>versati,</strong></span> <span class='ocrx_word' id='word_1_161' title='bbox 745 1064 830 1092; x_wconf 90' lang='lat' dir='ltr'><strong>minus</strong></span> <span class='ocrx_word' id='word_1_162' title='bbox 840 1065 895 1092; x_wconf 64' lang='lat' dir='ltr'><strong>la-si</strong></span> <span class='ocrx_word' id='word_1_163' title='bbox 906 1069 968 1091; x_wconf 90' lang='lat' dir='ltr'><strong>sunt</strong></span> 
     </span>
    </p>
   </div>
   <div class='ocr_carea' id='block_1_22' title="bbox 181 1109 967 1144">
    <p class='ocr_par' dir='ltr' id='par_1_22' title="bbox 181 1109 967 1144">
     <span class='ocr_line' id='line_1_22' title="bbox 181 1109 967 1144; baseline 0.003 -10"><span class='ocrx_word' id='word_1_164' title='bbox 181 1109 291 1142; x_wconf 87' lang='lat' dir='ltr'><strong>egressi,</strong></span> <span class='ocrx_word' id='word_1_165' title='bbox 306 1117 383 1144; x_wconf 89' lang='lat' dir='ltr'><strong>quam</strong></span> <span class='ocrx_word' id='word_1_166' title='bbox 399 1110 442 1144; x_wconf 92' lang='lat' dir='ltr'><strong>qui</strong></span> <span class='ocrx_word' id='word_1_167' title='bbox 457 1110 554 1136; x_wconf 85' lang='lat' dir='ltr'><strong>versati</strong></span> <span class='ocrx_word' id='word_1_168' title='bbox 570 1118 620 1136; x_wconf 89' lang='lat' dir='ltr'><strong>non</strong></span> <span class='ocrx_word' id='word_1_169' title='bbox 635 1109 739 1137; x_wconf 80' lang='lat' dir='ltr'><strong>fuerant</strong></span> <span class='ocrx_word' id='word_1_170' title='bbox 753 1118 761 1136; x_wconf 92' lang='lat'><strong>:</strong></span> <span class='ocrx_word' id='word_1_171' title='bbox 774 1110 812 1137; x_wconf 89' lang='lat' dir='ltr'><strong>sic</strong></span> <span class='ocrx_word' id='word_1_172' title='bbox 827 1114 854 1137; x_wconf 90' lang='lat' dir='ltr'><strong>et</strong></span> <span class='ocrx_word' id='word_1_173' title='bbox 866 1110 892 1136; x_wconf 93' lang='lat' dir='ltr'><strong>in</strong></span> <span class='ocrx_word' id='word_1_174' title='bbox 905 1117 967 1136; x_wconf 89' lang='lat' dir='ltr'><strong>san-</strong></span> 
     </span>
    </p>
   </div>
   <div class='ocr_carea' id='block_1_23' title="bbox 180 1153 966 1190">
    <p class='ocr_par' dir='ltr' id='par_1_23' title="bbox 180 1153 966 1190">
     <span class='ocr_line' id='line_1_23' title="bbox 180 1153 966 1190; baseline 0.004 -11"><span class='ocrx_word' id='word_1_175' title='bbox 180 1154 229 1180; x_wconf 91' lang='lat' dir='ltr'><strong>ctis</strong></span> <span class='ocrx_word' id='word_1_176' title='bbox 243 1153 331 1181; x_wconf 90' lang='lat' dir='ltr'><strong>dicere</strong></span> <span class='ocrx_word' id='word_1_177' title='bbox 347 1155 423 1186; x_wconf 79' lang='lat' dir='ltr'><strong>licet.</strong></span> <span class='ocrx_word' id='word_1_178' title='bbox 437 1155 507 1189; x_wconf 89' lang='lat' dir='ltr'><strong>quod</strong></span> <span class='ocrx_word' id='word_1_179' title='bbox 524 1155 546 1181; x_wconf 86' lang='lat' dir='ltr'><strong>si</strong></span> <span class='ocrx_word' id='word_1_180' title='bbox 562 1155 629 1182; x_wconf 82' lang='lat' dir='ltr'><strong>trulla</strong></span> <span class='ocrx_word' id='word_1_181' title='bbox 646 1155 709 1190; x_wconf 83' lang='lat' dir='ltr'><strong>ipsis</strong></span> <span class='ocrx_word' id='word_1_182' title='bbox 728 1154 867 1182; x_wconf 86' lang='lat' dir='ltr'><strong>institisset</strong></span> <span class='ocrx_word' id='word_1_183' title='bbox 880 1159 966 1182; x_wconf 86' lang='lat' dir='ltr'><strong>tenta-</strong></span> 
     </span>
    </p>
   </div>
   <div class='ocr_carea' id='block_1_24' title="bbox 181 1201 965 1236">
    <p class='ocr_par' dir='ltr' id='par_1_24' title="bbox 181 1201 965 1236">
     <span class='ocr_line' id='line_1_24' title="bbox 181 1201 965 1236; baseline 0.001 -10"><span class='ocrx_word' id='word_1_184' title='bbox 181 1201 234 1234; x_wconf 88' lang='lat' dir='ltr'><strong>tio,</strong></span> <span class='ocrx_word' id='word_1_185' title='bbox 251 1201 321 1236; x_wconf 90' lang='lat' dir='ltr'><strong>ipsos</strong></span> <span class='ocrx_word' id='word_1_186' title='bbox 342 1206 470 1236; x_wconf 89' lang='lat' dir='ltr'><strong>perpetuo</strong></span> <span class='ocrx_word' id='word_1_187' title='bbox 488 1202 592 1236; x_wconf 75' lang='lat' dir='ltr'><strong>gavisos</strong></span> <span class='ocrx_word' id='word_1_188' title='bbox 611 1209 671 1229; x_wconf 75' lang='lat' dir='ltr'><strong>esse</strong></span> <span class='ocrx_word' id='word_1_189' title='bbox 692 1209 744 1228; x_wconf 93' lang='lat' dir='ltr'><strong>non</strong></span> <span class='ocrx_word' id='word_1_190' title='bbox 764 1201 965 1228; x_wconf 86' lang='lat' dir='ltr'><strong>admiraremur.</strong></span> 
     </span>
    </p>
   </div>
   <div class='ocr_carea' id='block_1_25' title="bbox 183 1245 966 1282">
    <p class='ocr_par' dir='ltr' id='par_1_25' title="bbox 183 1245 966 1282">
     <span class='ocr_line' id='line_1_25' title="bbox 183 1245 966 1282; baseline 0 -10"><span class='ocrx_word' id='word_1_191' title='bbox 183 1245 296 1280; x_wconf 88' lang='lat' dir='ltr'><strong>Stupore</strong></span> <span class='ocrx_word' id='word_1_192' title='bbox 310 1252 397 1274; x_wconf 88' lang='lat' dir='ltr'><strong>autem</strong></span> <span class='ocrx_word' id='word_1_193' title='bbox 411 1247 518 1282; x_wconf 84' lang='lat' dir='ltr'><strong>dignum</strong></span> <span class='ocrx_word' id='word_1_194' title='bbox 529 1267 536 1278; x_wconf 88' lang='lat'><strong>,</strong></span> <span class='ocrx_word' id='word_1_195' title='bbox 552 1252 578 1273; x_wconf 90' lang='lat' dir='ltr'><strong>et</strong></span> <span class='ocrx_word' id='word_1_196' title='bbox 591 1254 669 1280; x_wconf 89' lang='lat' dir='ltr'><strong>supra</strong></span> <span class='ocrx_word' id='word_1_197' title='bbox 689 1251 809 1273; x_wconf 88' lang='lat' dir='ltr'><strong>naturam</strong></span> <span class='ocrx_word' id='word_1_198' title='bbox 823 1245 966 1273; x_wconf 88' lang='lat' dir='ltr'><strong>humanam</strong></span> 
     </span>
    </p>
   </div>
   <div class='ocr_carea' id='block_1_26' title="bbox 181 1291 965 1327">
    <p class='ocr_par' dir='ltr' id='par_1_26' title="bbox 181 1291 965 1327">
     <span class='ocr_line' id='line_1_26' title="bbox 181 1291 965 1327; baseline 0 -9"><span class='ocrx_word' id='word_1_199' title='bbox 181 1291 232 1319; x_wconf 90' lang='lat' dir='ltr'><strong>hoc</strong></span> <span class='ocrx_word' id='word_1_200' title='bbox 251 1297 290 1319; x_wconf 88' lang='lat' dir='ltr'><strong>est</strong></span> <span class='ocrx_word' id='word_1_201' title='bbox 303 1313 310 1323; x_wconf 94' lang='lat'><strong>,</strong></span> <span class='ocrx_word' id='word_1_202' title='bbox 331 1293 401 1327; x_wconf 90' lang='lat' dir='ltr'><strong>quod</strong></span> <span class='ocrx_word' id='word_1_203' title='bbox 427 1292 536 1319; x_wconf 75' lang='lat' dir='ltr'><strong>infinitis</strong></span> <span class='ocrx_word' id='word_1_204' title='bbox 558 1292 673 1327; x_wconf 84' lang='lat' dir='ltr'><strong>undique</strong></span> <span class='ocrx_word' id='word_1_205' title='bbox 696 1292 772 1319; x_wconf 92' lang='lat' dir='ltr'><strong>undis</strong></span> <span class='ocrx_word' id='word_1_206' title='bbox 791 1292 965 1326; x_wconf 89' lang='lat' dir='ltr'><strong>circumdati,</strong></span> 
     </span>
    </p>
   </div>
   <div class='ocr_carea' id='block_1_27' title="bbox 182 1337 895 1373">
    <p class='ocr_par' dir='ltr' id='par_1_27' title="bbox 182 1337 895 1373">
     <span class='ocr_line' id='line_1_27' title="bbox 182 1337 895 1373; baseline -0.001 -8"><span class='ocrx_word' id='word_1_207' title='bbox 182 1338 368 1372; x_wconf 84' lang='lat' dir='ltr'><strong>tranquillitate</strong></span> <span class='ocrx_word' id='word_1_208' title='bbox 382 1345 446 1373; x_wconf 89' lang='lat' dir='ltr'><strong>pura</strong></span> <span class='ocrx_word' id='word_1_209' title='bbox 461 1338 608 1365; x_wconf 78' lang='lat' dir='ltr'><strong>frueutihus</strong></span> <span class='ocrx_word' id='word_1_210' title='bbox 623 1338 717 1365; x_wconf 91' lang='lat' dir='ltr'><strong>melius</strong></span> <span class='ocrx_word' id='word_1_211' title='bbox 730 1337 817 1365; x_wconf 75' lang='lat' dir='ltr'><strong>affecti</strong></span> <span class='ocrx_word' id='word_1_212' title='bbox 833 1337 895 1364; x_wconf 91' lang='lat' dir='ltr'><strong>sint.</strong></span> 
     </span>
    </p>
   </div>
   <div class='ocr_carea' id='block_1_28' title="bbox 221 1382 967 1418">
    <p class='ocr_par' dir='ltr' id='par_1_28' title="bbox 221 1382 967 1418">
     <span class='ocr_line' id='line_1_28' title="bbox 221 1382 967 1418; baseline -0.001 -8"><span class='ocrx_word' id='word_1_213' title='bbox 221 1383 265 1410; x_wconf 80' lang='lat' dir='ltr'><strong>Vir</strong></span> <span class='ocrx_word' id='word_1_214' title='bbox 276 1383 359 1417; x_wconf 75' lang='lat' dir='ltr'><strong>ﬁdelis</strong></span> <span class='ocrx_word' id='word_1_215' title='bbox 370 1384 486 1410; x_wconf 79' lang='lat' dir='ltr'><strong>rontinua</strong></span> <span class='ocrx_word' id='word_1_216' title='bbox 500 1384 592 1418; x_wconf 79' lang='lat' dir='ltr'><strong>fruitur</strong></span> <span class='ocrx_word' id='word_1_217' title='bbox 605 1383 740 1418; x_wconf 79' lang='lat' dir='ltr'><strong>voluptate.</strong></span> <span class='ocrx_word' id='word_1_218' title='bbox 752 1397 787 1403; x_wconf 90' lang='lat'><strong>—</strong></span> <span class='ocrx_word' id='word_1_219' title='bbox 799 1383 873 1415; x_wconf 85' lang='lat' dir='ltr'><strong>Quod</strong></span> <span class='ocrx_word' id='word_1_220' title='bbox 887 1382 967 1417; x_wconf 85' lang='lat' dir='ltr'><strong>igitur</strong></span> 
     </span>
    </p>
   </div>
   <div class='ocr_carea' id='block_1_29' title="bbox 183 1428 968 1463">
    <p class='ocr_par' dir='ltr' id='par_1_29' title="bbox 183 1428 968 1463">
     <span class='ocr_line' id='line_1_29' title="bbox 183 1428 968 1463; baseline -0.003 -7"><span class='ocrx_word' id='word_1_221' title='bbox 183 1429 284 1456; x_wconf 89' lang='lat' dir='ltr'><strong>nullam</strong></span> <span class='ocrx_word' id='word_1_222' title='bbox 298 1429 456 1456; x_wconf 80' lang='lat' dir='ltr'><strong>exteriorem</strong></span> <span class='ocrx_word' id='word_1_223' title='bbox 470 1429 548 1455; x_wconf 93' lang='lat' dir='ltr'><strong>vitam</strong></span> <span class='ocrx_word' id='word_1_224' title='bbox 565 1429 687 1463; x_wconf 79' lang='lat' dir='ltr'><strong>gaudium</strong></span> <span class='ocrx_word' id='word_1_225' title='bbox 702 1428 853 1456; x_wconf 91' lang='lat' dir='ltr'><strong>continuum</strong></span> <span class='ocrx_word' id='word_1_226' title='bbox 869 1428 968 1455; x_wconf 87' lang='lat' dir='ltr'><strong>haben-</strong></span> 
     </span>
    </p>
   </div>
   <div class='ocr_carea' id='block_1_30' title="bbox 182 1474 965 1508">
    <p class='ocr_par' dir='ltr' id='par_1_30' title="bbox 182 1474 965 1508">
     <span class='ocr_line' id='line_1_30' title="bbox 182 1474 965 1508; baseline -0.001 -7"><span class='ocrx_word' id='word_1_227' title='bbox 182 1479 235 1501; x_wconf 89' lang='lat' dir='ltr'><strong>tem</strong></span> <span class='ocrx_word' id='word_1_228' title='bbox 248 1474 459 1505; x_wconf 87' lang='lat' dir='ltr'><strong>invenireliceat,</strong></span> <span class='ocrx_word' id='word_1_229' title='bbox 473 1482 505 1501; x_wconf 87' lang='lat' dir='ltr'><strong>ex</strong></span> <span class='ocrx_word' id='word_1_230' title='bbox 521 1475 597 1501; x_wconf 87' lang='lat' dir='ltr'><strong>dictis</strong></span> <span class='ocrx_word' id='word_1_231' title='bbox 613 1478 702 1508; x_wconf 84' lang='lat' dir='ltr'><strong>patet;</strong></span> <span class='ocrx_word' id='word_1_232' title='bbox 716 1474 785 1508; x_wconf 91' lang='lat' dir='ltr'><strong>quod</strong></span> <span class='ocrx_word' id='word_1_233' title='bbox 798 1479 884 1500; x_wconf 87' lang='lat' dir='ltr'><strong>autem</strong></span> <span class='ocrx_word' id='word_1_234' title='bbox 900 1474 965 1500; x_wconf 81' lang='lat' dir='ltr'><strong>tide-</strong></span> 
     </span>
    </p>
   </div>
   <div class='ocr_carea' id='block_1_31' title="bbox 182 1519 967 1554">
    <p class='ocr_par' dir='ltr' id='par_1_31' title="bbox 182 1519 967 1554">
     <span class='ocr_line' id='line_1_31' title="bbox 182 1519 967 1554; baseline 0.001 -8"><span class='ocrx_word' id='word_1_235' title='bbox 182 1520 215 1546; x_wconf 87' lang='lat' dir='ltr'><strong>lis</strong></span> <span class='ocrx_word' id='word_1_236' title='bbox 230 1527 282 1546; x_wconf 92' lang='lat' dir='ltr'><strong>non</strong></span> <span class='ocrx_word' id='word_1_237' title='bbox 297 1519 380 1554; x_wconf 90' lang='lat' dir='ltr'><strong>possit</strong></span> <span class='ocrx_word' id='word_1_238' title='bbox 392 1528 444 1547; x_wconf 91' lang='lat' dir='ltr'><strong>non</strong></span> <span class='ocrx_word' id='word_1_239' title='bbox 459 1521 581 1547; x_wconf 89' lang='lat' dir='ltr'><strong>continua</strong></span> <span class='ocrx_word' id='word_1_240' title='bbox 599 1520 648 1546; x_wconf 90' lang='lat' dir='ltr'><strong>frui</strong></span> <span class='ocrx_word' id='word_1_241' title='bbox 663 1520 805 1554; x_wconf 84' lang='lat' dir='ltr'><strong>voluptate,</strong></span> <span class='ocrx_word' id='word_1_242' title='bbox 820 1527 923 1547; x_wconf 79' lang='lat' dir='ltr'><strong>rursum</strong></span> <span class='ocrx_word' id='word_1_243' title='bbox 941 1524 967 1547; x_wconf 80' lang='lat' dir='ltr'><strong>et</strong></span> 
     </span>
    </p>
   </div>
   <div class='ocr_carea' id='block_1_32' title="bbox 181 1565 968 1600">
    <p class='ocr_par' dir='ltr' id='par_1_32' title="bbox 181 1565 968 1600">
     <span class='ocr_line' id='line_1_32' title="bbox 181 1565 968 1600; baseline -0.001 -8"><span class='ocrx_word' id='word_1_244' title='bbox 181 1565 231 1593; x_wconf 91' lang='lat' dir='ltr'><strong>hoc</strong></span> <span class='ocrx_word' id='word_1_245' title='bbox 251 1566 336 1600; x_wconf 90' lang='lat' dir='ltr'><strong>ipsum</strong></span> <span class='ocrx_word' id='word_1_246' title='bbox 350 1565 532 1593; x_wconf 88' lang='lat' dir='ltr'><strong>demonstrare</strong></span> <span class='ocrx_word' id='word_1_247' title='bbox 547 1566 672 1598; x_wconf 86' lang='lat' dir='ltr'><strong>conabor,</strong></span> <span class='ocrx_word' id='word_1_248' title='bbox 684 1573 736 1593; x_wconf 92' lang='lat' dir='ltr'><strong>non</strong></span> <span class='ocrx_word' id='word_1_249' title='bbox 748 1570 776 1592; x_wconf 93' lang='lat' dir='ltr'><strong>ut</strong></span> <span class='ocrx_word' id='word_1_250' title='bbox 789 1565 896 1592; x_wconf 83' lang='lat' dir='ltr'><strong>discatis</strong></span> <span class='ocrx_word' id='word_1_251' title='bbox 911 1569 968 1592; x_wconf 87' lang='lat' dir='ltr'><strong>tau-</strong></span> 
     </span>
    </p>
   </div>
   <div class='ocr_carea' id='block_1_33' title="bbox 185 1610 967 1643">
    <p class='ocr_par' dir='ltr' id='par_1_33' title="bbox 185 1610 967 1643">
     <span class='ocr_line' id='line_1_33' title="bbox 185 1610 967 1643; baseline 0.003 -7"><span class='ocrx_word' id='word_1_252' title='bbox 185 1617 238 1637; x_wconf 91' lang='lat' dir='ltr'><strong>tum</strong></span> <span class='ocrx_word' id='word_1_253' title='bbox 249 1632 256 1643; x_wconf 91' lang='lat'><strong>,</strong></span> <span class='ocrx_word' id='word_1_254' title='bbox 271 1610 317 1638; x_wconf 89' lang='lat' dir='ltr'><strong>sed</strong></span> <span class='ocrx_word' id='word_1_255' title='bbox 333 1611 412 1638; x_wconf 87' lang='lat' dir='ltr'><strong>etiam</strong></span> <span class='ocrx_word' id='word_1_256' title='bbox 427 1615 455 1638; x_wconf 92' lang='lat' dir='ltr'><strong>ut</strong></span> <span class='ocrx_word' id='word_1_257' title='bbox 468 1611 534 1639; x_wconf 90' lang='lat' dir='ltr'><strong>hanc</strong></span> <span class='ocrx_word' id='word_1_258' title='bbox 551 1611 654 1638; x_wconf 85' lang='lat' dir='ltr'><strong>tristitia</strong></span> <span class='ocrx_word' id='word_1_259' title='bbox 668 1615 802 1638; x_wconf 85' lang='lat' dir='ltr'><strong>carentem</strong></span> <span class='ocrx_word' id='word_1_260' title='bbox 827 1611 907 1637; x_wconf 88' lang='lat' dir='ltr'><strong>vitam</strong></span> <span class='ocrx_word' id='word_1_261' title='bbox 923 1618 967 1638; x_wconf 88' lang='lat' dir='ltr'><strong>se-</strong></span> 
     </span>
    </p>
   </div>
   <div class='ocr_carea' id='block_1_34' title="bbox 181 1656 966 1691">
    <p class='ocr_par' dir='ltr' id='par_1_34' title="bbox 181 1656 966 1691">
     <span class='ocr_line' id='line_1_34' title="bbox 181 1656 966 1691; baseline 0.001 -10"><span class='ocrx_word' id='word_1_262' title='bbox 181 1656 298 1683; x_wconf 70' lang='lat' dir='ltr'><strong>(&#39;tcmini.</strong></span> <span class='ocrx_word' id='word_1_263' title='bbox 313 1656 354 1683; x_wconf 90' lang='lat' dir='ltr'><strong>Sit</strong></span> <span class='ocrx_word' id='word_1_264' title='bbox 373 1657 443 1684; x_wconf 90' lang='lat' dir='ltr'><strong>enim</strong></span> <span class='ocrx_word' id='word_1_265' title='bbox 457 1657 551 1691; x_wconf 83' lang='lat' dir='ltr'><strong>aliquis</strong></span> <span class='ocrx_word' id='word_1_266' title='bbox 565 1657 628 1683; x_wconf 93' lang='lat' dir='ltr'><strong>nihil</strong></span> <span class='ocrx_word' id='word_1_267' title='bbox 644 1656 669 1683; x_wconf 93' lang='lat' dir='ltr'><strong>in</strong></span> <span class='ocrx_word' id='word_1_268' title='bbox 683 1664 712 1684; x_wconf 90' lang='lat' dir='ltr'><strong>se</strong></span> <span class='ocrx_word' id='word_1_269' title='bbox 726 1656 902 1683; x_wconf 88' lang='lat' dir='ltr'><strong>damnandum</strong></span> <span class='ocrx_word' id='word_1_270' title='bbox 918 1656 966 1683; x_wconf 89' lang='lat' dir='ltr'><strong>ha-</strong></span> 
     </span>
    </p>
   </div>
   <div class='ocr_carea' id='block_1_35' title="bbox 182 1701 967 1733">
    <p class='ocr_par' dir='ltr' id='par_1_35' title="bbox 182 1701 967 1733">
     <span class='ocr_line' id='line_1_35' title="bbox 182 1701 967 1733; baseline 0.003 -7"><span class='ocrx_word' id='word_1_271' title='bbox 182 1701 256 1732; x_wconf 80' lang='lat' dir='ltr'><strong>bens,</strong></span> <span class='ocrx_word' id='word_1_272' title='bbox 270 1701 317 1729; x_wconf 90' lang='lat' dir='ltr'><strong>sed</strong></span> <span class='ocrx_word' id='word_1_273' title='bbox 331 1702 399 1729; x_wconf 90' lang='lat' dir='ltr'><strong>bona</strong></span> <span class='ocrx_word' id='word_1_274' title='bbox 415 1702 495 1729; x_wconf 90' lang='lat' dir='ltr'><strong>fretus</strong></span> <span class='ocrx_word' id='word_1_275' title='bbox 508 1703 678 1733; x_wconf 84' lang='lat' dir='ltr'><strong>conscientia.</strong></span> <span class='ocrx_word' id='word_1_276' title='bbox 692 1703 724 1729; x_wconf 88' lang='lat' dir='ltr'><strong>ad</strong></span> <span class='ocrx_word' id='word_1_277' title='bbox 741 1702 826 1729; x_wconf 85' lang='lat' dir='ltr'><strong>futura</strong></span> <span class='ocrx_word' id='word_1_278' title='bbox 840 1702 967 1729; x_wconf 86' lang='lat' dir='ltr'><strong>anhelans</strong></span> 
     </span>
    </p>
   </div>
   <div class='ocr_carea' id='block_1_36' title="bbox 181 1748 965 1783">
    <p class='ocr_par' dir='ltr' id='par_1_36' title="bbox 181 1748 965 1783">
     <span class='ocr_line' id='line_1_36' title="bbox 181 1748 965 1783; baseline 0 -9"><span class='ocrx_word' id='word_1_279' title='bbox 181 1752 208 1773; x_wconf 86' lang='lat' dir='ltr'><strong>et</strong></span> <span class='ocrx_word' id='word_1_280' title='bbox 221 1753 380 1782; x_wconf 80' lang='lat' dir='ltr'><strong>exspectans</strong></span> <span class='ocrx_word' id='word_1_281' title='bbox 393 1748 464 1775; x_wconf 89' lang='lat' dir='ltr'><strong>illam</strong></span> <span class='ocrx_word' id='word_1_282' title='bbox 479 1748 580 1775; x_wconf 82' lang='lat' dir='ltr'><strong>beatam</strong></span> <span class='ocrx_word' id='word_1_283' title='bbox 596 1756 668 1782; x_wconf 87' lang='lat' dir='ltr'><strong>spem</strong></span> <span class='ocrx_word' id='word_1_284' title='bbox 680 1757 687 1775; x_wconf 89' lang='lat'><strong>:</strong></span> <span class='ocrx_word' id='word_1_285' title='bbox 701 1748 762 1783; x_wconf 91' lang='lat' dir='ltr'><strong>quid</strong></span> <span class='ocrx_word' id='word_1_286' title='bbox 776 1748 965 1783; x_wconf 80' lang='lat' dir='ltr'><strong>ltunc,qu:cso,</strong></span> 
     </span>
    </p>
   </div>
   <div class='ocr_carea' id='block_1_37' title="bbox 181 1792 967 1827">
    <p class='ocr_par' dir='ltr' id='par_1_37' title="bbox 181 1792 967 1827">
     <span class='ocr_line' id='line_1_37' title="bbox 181 1792 967 1827; baseline 0.003 -8"><span class='ocrx_word' id='word_1_287' title='bbox 181 1792 208 1818; x_wconf 90' lang='lat' dir='ltr'><strong>in</strong></span> <span class='ocrx_word' id='word_1_288' title='bbox 222 1793 353 1820; x_wconf 79' lang='lat' dir='ltr'><strong>tristitiam</strong></span> <span class='ocrx_word' id='word_1_289' title='bbox 370 1794 466 1827; x_wconf 89' lang='lat' dir='ltr'><strong>poterit</strong></span> <span class='ocrx_word' id='word_1_290' title='bbox 480 1793 626 1820; x_wconf 83' lang='lat' dir='ltr'><strong>inducere?</strong></span> <span class='ocrx_word' id='word_1_291' title='bbox 640 1793 732 1820; x_wconf 86' lang='lat' dir='ltr'><strong>Nonne</strong></span> <span class='ocrx_word' id='word_1_292' title='bbox 751 1794 872 1820; x_wconf 85' lang='lat' dir='ltr'><strong>omnibus</strong></span> <span class='ocrx_word' id='word_1_293' title='bbox 888 1794 967 1822; x_wconf 90' lang='lat' dir='ltr'><strong>rebus</strong></span> 
     </span>
    </p>
   </div>
   <div class='ocr_carea' id='block_1_38' title="bbox 181 1838 966 1873">
    <p class='ocr_par' dir='ltr' id='par_1_38' title="bbox 181 1838 966 1873">
     <span class='ocr_line' id='line_1_38' title="bbox 181 1838 966 1873; baseline 0.003 -9"><span class='ocrx_word' id='word_1_294' title='bbox 181 1838 371 1866; x_wconf 88' lang='lat' dir='ltr'><strong>intolerabilior</strong></span> <span class='ocrx_word' id='word_1_295' title='bbox 387 1846 457 1866; x_wconf 89' lang='lat' dir='ltr'><strong>mors</strong></span> <span class='ocrx_word' id='word_1_296' title='bbox 472 1847 530 1866; x_wconf 87' lang='lat' dir='ltr'><strong>esse</strong></span> <span class='ocrx_word' id='word_1_297' title='bbox 543 1839 719 1866; x_wconf 84' lang='lat' dir='ltr'><strong>videtur?scd</strong></span> <span class='ocrx_word' id='word_1_298' title='bbox 735 1838 812 1873; x_wconf 84' lang='lat' dir='ltr'><strong>hujus</strong></span> <span class='ocrx_word' id='word_1_299' title='bbox 827 1845 966 1873; x_wconf 78' lang='lat' dir='ltr'><strong>exspecta-</strong></span> 
     </span>
    </p>
   </div>
   <div class='ocr_carea' id='block_1_39' title="bbox 182 1884 966 1920">
    <p class='ocr_par' dir='ltr' id='par_1_39' title="bbox 182 1884 966 1920">
     <span class='ocr_line' id='line_1_39' title="bbox 182 1884 966 1920; baseline 0.001 -9"><span class='ocrx_word' id='word_1_300' title='bbox 182 1884 219 1911; x_wconf 85' lang='lat' dir='ltr'><strong>tio</strong></span> <span class='ocrx_word' id='word_1_301' title='bbox 233 1893 284 1912; x_wconf 91' lang='lat' dir='ltr'><strong>non</strong></span> <span class='ocrx_word' id='word_1_302' title='bbox 299 1889 398 1912; x_wconf 88' lang='lat' dir='ltr'><strong>tantum</strong></span> <span class='ocrx_word' id='word_1_303' title='bbox 415 1885 499 1919; x_wconf 86' lang='lat' dir='ltr'><strong>ipsum</strong></span> <span class='ocrx_word' id='word_1_304' title='bbox 519 1893 570 1912; x_wconf 92' lang='lat' dir='ltr'><strong>non</strong></span> <span class='ocrx_word' id='word_1_305' title='bbox 589 1886 742 1918; x_wconf 84' lang='lat' dir='ltr'><strong>contristat,</strong></span> <span class='ocrx_word' id='word_1_306' title='bbox 758 1893 850 1912; x_wconf 89' lang='lat' dir='ltr'><strong>verum</strong></span> <span class='ocrx_word' id='word_1_307' title='bbox 872 1891 898 1912; x_wconf 91' lang='lat' dir='ltr'><strong>et</strong></span> <span class='ocrx_word' id='word_1_308' title='bbox 917 1894 966 1920; x_wconf 90' lang='lat' dir='ltr'><strong>po-</strong></span> 
     </span>
    </p>
   </div>
   <div class='ocr_carea' id='block_1_40' title="bbox 183 1929 966 1965">
    <p class='ocr_par' dir='ltr' id='par_1_40' title="bbox 183 1929 966 1965">
     <span class='ocr_line' id='line_1_40' title="bbox 183 1929 966 1965; baseline 0.003 -10"><span class='ocrx_word' id='word_1_309' title='bbox 183 1929 234 1955; x_wconf 90' lang='lat' dir='ltr'><strong>tius</strong></span> <span class='ocrx_word' id='word_1_310' title='bbox 248 1930 377 1957; x_wconf 89' lang='lat' dir='ltr'><strong>delectat:</strong></span> <span class='ocrx_word' id='word_1_311' title='bbox 392 1931 464 1956; x_wconf 90' lang='lat' dir='ltr'><strong>novit</strong></span> <span class='ocrx_word' id='word_1_312' title='bbox 476 1931 546 1957; x_wconf 89' lang='lat' dir='ltr'><strong>enim</strong></span> <span class='ocrx_word' id='word_1_313' title='bbox 563 1931 655 1957; x_wconf 93' lang='lat' dir='ltr'><strong>mortis</strong></span> <span class='ocrx_word' id='word_1_314' title='bbox 668 1931 833 1965; x_wconf 71' lang='lat' dir='ltr'><strong>prmsentiam</strong></span> <span class='ocrx_word' id='word_1_315' title='bbox 847 1929 966 1957; x_wconf 85' lang='lat' dir='ltr'><strong>laborum</strong></span> 
     </span>
    </p>
   </div>
   <div class='ocr_carea' id='block_1_41' title="bbox 181 1968 966 2007">
    <p class='ocr_par' dir='ltr' id='par_1_41' title="bbox 181 1968 966 2007">
     <span class='ocr_line' id='line_1_41' title="bbox 181 1968 966 2007; baseline 0.001 -6"><span class='ocrx_word' id='word_1_316' title='bbox 181 1968 241 2001; x_wconf 70' lang='lat' dir='ltr'><strong>esse</strong></span> <span class='ocrx_word' id='word_1_317' title='bbox 257 1975 456 2007; x_wconf 84' lang='lat' dir='ltr'><strong>liberationem,</strong></span> <span class='ocrx_word' id='word_1_318' title='bbox 472 1980 499 2002; x_wconf 90' lang='lat' dir='ltr'><strong>et</strong></span> <span class='ocrx_word' id='word_1_319' title='bbox 517 1983 623 2002; x_wconf 90' lang='lat' dir='ltr'><strong>cursum</strong></span> <span class='ocrx_word' id='word_1_320' title='bbox 645 1976 677 2002; x_wconf 91' lang='lat' dir='ltr'><strong>ad</strong></span> <span class='ocrx_word' id='word_1_321' title='bbox 698 1983 810 2003; x_wconf 79' lang='lat' dir='ltr'><strong>coronas</strong></span> <span class='ocrx_word' id='word_1_322' title='bbox 830 1979 858 2003; x_wconf 90' lang='lat' dir='ltr'><strong>et</strong></span> <span class='ocrx_word' id='word_1_323' title='bbox 878 1975 966 2002; x_wconf 83' lang='lat' dir='ltr'><strong>bravia</strong></span> 
     </span>
    </p>
   </div>
   <div class='ocr_carea' id='block_1_42' title="bbox 181 2020 966 2055">
    <p class='ocr_par' dir='ltr' id='par_1_42' title="bbox 181 2020 966 2055">
     <span class='ocr_line' id='line_1_42' title="bbox 181 2020 966 2055; baseline 0.001 -9"><span class='ocrx_word' id='word_1_324' title='bbox 181 2027 229 2053; x_wconf 89' lang='lat' dir='ltr'><strong>pro</strong></span> <span class='ocrx_word' id='word_1_325' title='bbox 242 2020 337 2053; x_wconf 87' lang='lat' dir='ltr'><strong>pietate</strong></span> <span class='ocrx_word' id='word_1_326' title='bbox 350 2024 376 2047; x_wconf 85' lang='lat' dir='ltr'><strong>et</strong></span> <span class='ocrx_word' id='word_1_327' title='bbox 391 2021 486 2047; x_wconf 89' lang='lat' dir='ltr'><strong>virtute</strong></span> <span class='ocrx_word' id='word_1_328' title='bbox 502 2020 675 2055; x_wconf 82' lang='lat' dir='ltr'><strong>pugnantibus</strong></span> <span class='ocrx_word' id='word_1_329' title='bbox 688 2021 812 2054; x_wconf 88' lang='lat' dir='ltr'><strong>reposita.</strong></span> <span class='ocrx_word' id='word_1_330' title='bbox 827 2021 879 2047; x_wconf 89' lang='lat' dir='ltr'><strong>Sed</strong></span> <span class='ocrx_word' id='word_1_331' title='bbox 900 2021 966 2047; x_wconf 89' lang='lat' dir='ltr'><strong>filio-</strong></span> 
     </span>
    </p>
   </div>
   <div class='ocr_carea' id='block_1_43' title="bbox 181 2067 967 2101">
    <p class='ocr_par' dir='ltr' id='par_1_43' title="bbox 181 2067 967 2101">
     <span class='ocr_line' id='line_1_43' title="bbox 181 2067 967 2101; baseline 0.003 -9"><span class='ocrx_word' id='word_1_332' title='bbox 181 2072 240 2092; x_wconf 89' lang='lat' dir='ltr'><strong>rum</strong></span> <span class='ocrx_word' id='word_1_333' title='bbox 256 2067 393 2093; x_wconf 87' lang='lat' dir='ltr'><strong>immatura</strong></span> <span class='ocrx_word' id='word_1_334' title='bbox 408 2067 500 2094; x_wconf 84' lang='lat' dir='ltr'><strong>mors?</strong></span> <span class='ocrx_word' id='word_1_335' title='bbox 515 2075 605 2094; x_wconf 84' lang='lat' dir='ltr'><strong>verum</strong></span> <span class='ocrx_word' id='word_1_336' title='bbox 620 2072 646 2094; x_wconf 81' lang='lat' dir='ltr'><strong>et</strong></span> <span class='ocrx_word' id='word_1_337' title='bbox 662 2067 711 2094; x_wconf 90' lang='lat' dir='ltr'><strong>hoc</strong></span> <span class='ocrx_word' id='word_1_338' title='bbox 722 2075 850 2101; x_wconf 76' lang='lat' dir='ltr'><strong>generose</strong></span> <span class='ocrx_word' id='word_1_339' title='bbox 864 2067 923 2099; x_wconf 80' lang='lat' dir='ltr'><strong>fert,</strong></span> <span class='ocrx_word' id='word_1_340' title='bbox 940 2072 967 2095; x_wconf 90' lang='lat' dir='ltr'><strong>et</strong></span> 
     </span>
    </p>
   </div>
   <div class='ocr_carea' id='block_1_44' title="bbox 181 2110 967 2145">
    <p class='ocr_par' dir='ltr' id='par_1_44' title="bbox 181 2110 967 2145">
     <span class='ocr_line' id='line_1_44' title="bbox 181 2110 967 2145; baseline 0.005 -9"><span class='ocrx_word' id='word_1_341' title='bbox 181 2110 251 2137; x_wconf 82' lang='lat' dir='ltr'><strong>dicet</strong></span> <span class='ocrx_word' id='word_1_342' title='bbox 265 2110 322 2138; x_wconf 82' lang='lat' dir='ltr'><strong>Jubi</strong></span> <span class='ocrx_word' id='word_1_343' title='bbox 338 2112 416 2138; x_wconf 88' lang='lat' dir='ltr'><strong>verba</strong></span> <span class='ocrx_word' id='word_1_344' title='bbox 434 2121 441 2138; x_wconf 73' lang='grc' dir='ltr'><strong><em>ι</em></strong></span> <span class='ocrx_word' id='word_1_345' title='bbox 457 2111 580 2139; x_wconf 72' lang='lat' dir='ltr'><strong>Dominus</strong></span> <span class='ocrx_word' id='word_1_346' title='bbox 599 2112 683 2145; x_wconf 81' lang='lat' dir='ltr'><strong>dedit,</strong></span> <span class='ocrx_word' id='word_1_347' title='bbox 707 2111 830 2139; x_wconf 82' lang='lat' dir='ltr'><strong>Dominus</strong></span> <span class='ocrx_word' id='word_1_348' title='bbox 843 2113 944 2140; x_wconf 80' lang='lat' dir='ltr'><strong>abstulit</strong></span> <span class='ocrx_word' id='word_1_349' title='bbox 958 2121 967 2140; x_wconf 92' lang='lat'><em>:</em></span> 
     </span>
    </p>
   </div>
   <div class='ocr_carea' id='block_1_45' title="bbox 180 2156 966 2193">
    <p class='ocr_par' dir='ltr' id='par_1_45' title="bbox 180 2156 966 2193">
     <span class='ocr_line' id='line_1_45' title="bbox 180 2156 966 2193; baseline 0.005 -11"><span class='ocrx_word' id='word_1_350' title='bbox 180 2158 243 2182; x_wconf 71' lang='lat' dir='ltr'><strong>sicut</strong></span> <span class='ocrx_word' id='word_1_351' title='bbox 257 2156 364 2184; x_wconf 90' lang='lat' dir='ltr'><strong>Domino</strong></span> <span class='ocrx_word' id='word_1_352' title='bbox 383 2158 461 2184; x_wconf 81' lang='lat' dir='ltr'><strong>visunt</strong></span> <span class='ocrx_word' id='word_1_353' title='bbox 475 2163 528 2192; x_wconf 75' lang='lat' dir='ltr'><strong>est,</strong></span> <span class='ocrx_word' id='word_1_354' title='bbox 548 2159 584 2184; x_wconf 85' lang='lat' dir='ltr'><strong>ita</strong></span> <span class='ocrx_word' id='word_1_355' title='bbox 598 2163 621 2185; x_wconf 86' lang='lat' dir='ltr'><strong>et</strong></span> <span class='ocrx_word' id='word_1_356' title='bbox 639 2160 734 2193; x_wconf 80' lang='lat' dir='ltr'><strong>factum</strong></span> <span class='ocrx_word' id='word_1_357' title='bbox 754 2164 790 2185; x_wconf 79' lang='lat' dir='ltr'><strong>est</strong></span> <span class='ocrx_word' id='word_1_358' title='bbox 803 2168 813 2186; x_wconf 90' lang='grc'><strong>.·</strong></span> <span class='ocrx_word' id='word_1_359' title='bbox 825 2160 857 2186; x_wconf 70' lang='lat' dir='ltr'><strong>sit</strong></span> <span class='ocrx_word' id='word_1_360' title='bbox 879 2168 966 2186; x_wconf 82' lang='lat' dir='ltr'><strong>nomen</strong></span> 
     </span>
    </p>
   </div>
   <div class='ocr_carea' id='block_1_46' title="bbox 182 2202 967 2240">
    <p class='ocr_par' dir='ltr' id='par_1_46' title="bbox 182 2202 967 2240">
     <span class='ocr_line' id='line_1_46' title="bbox 182 2202 967 2240; baseline 0.006 -13"><span class='ocrx_word' id='word_1_361' title='bbox 182 2202 284 2228; x_wconf 84' lang='lat' dir='ltr'><strong>Domini</strong></span> <span class='ocrx_word' id='word_1_362' title='bbox 305 2203 457 2230; x_wconf 83' lang='lat' dir='ltr'><strong>benedictum</strong></span> <span class='ocrx_word' id='word_1_363' title='bbox 476 2205 502 2231; x_wconf 86' lang='lat' dir='ltr'><strong>in</strong></span> <span class='ocrx_word' id='word_1_364' title='bbox 520 2205 613 2231; x_wconf 67' lang='lat' dir='ltr'><strong>alecula</strong></span> <span class='ocrx_word' id='word_1_365' title='bbox 632 2203 704 2240; x_wconf 84' lang='lat' dir='ltr'><strong>(Job</strong></span> <span class='ocrx_word' id='word_1_366' title='bbox 720 2205 746 2232; x_wconf 80' lang='grc'><strong>1.</strong></span> <span class='ocrx_word' id='word_1_367' title='bbox 761 2205 793 2232; x_wconf 69' lang='grc'><strong>21</strong></span> <span class='ocrx_word' id='word_1_368' title='bbox 809 2205 828 2240; x_wconf 92' lang='grc'><strong>).</strong></span> <span class='ocrx_word' id='word_1_369' title='bbox 852 2205 878 2232; x_wconf 91' lang='lat' dir='ltr'><strong>Si</strong></span> <span class='ocrx_word' id='word_1_370' title='bbox 904 2214 967 2233; x_wconf 87' lang='lat' dir='ltr'><strong>vero</strong></span> 
     </span>
    </p>
   </div>
   <div class='ocr_carea' id='block_1_47' title="bbox 181 2248 964 2285">
    <p class='ocr_par' dir='ltr' id='par_1_47' title="bbox 181 2248 964 2285">
     <span class='ocr_line' id='line_1_47' title="bbox 181 2248 964 2285; baseline 0.006 -12"><span class='ocrx_word' id='word_1_371' title='bbox 181 2254 254 2274; x_wconf 87' lang='lat' dir='ltr'><strong>mors</strong></span> <span class='ocrx_word' id='word_1_372' title='bbox 279 2252 306 2275; x_wconf 87' lang='lat' dir='ltr'><strong>ct</strong></span> <span class='ocrx_word' id='word_1_373' title='bbox 334 2248 448 2276; x_wconf 87' lang='lat' dir='ltr'><strong>ﬁliorum</strong></span> <span class='ocrx_word' id='word_1_374' title='bbox 469 2249 572 2283; x_wconf 87' lang='lat' dir='ltr'><strong>jactura</strong></span> <span class='ocrx_word' id='word_1_375' title='bbox 598 2253 754 2277; x_wconf 87' lang='lat' dir='ltr'><strong>contristare</strong></span> <span class='ocrx_word' id='word_1_376' title='bbox 779 2259 831 2278; x_wconf 91' lang='lat' dir='ltr'><strong>non</strong></span> <span class='ocrx_word' id='word_1_377' title='bbox 858 2256 964 2285; x_wconf 85' lang='lat' dir='ltr'><strong>potest,</strong></span> 
     </span>
    </p>
   </div>
   <div class='ocr_carea' id='block_1_48' title="bbox 182 2293 965 2330">
    <p class='ocr_par' dir='ltr' id='par_1_48' title="bbox 182 2293 965 2330">
     <span class='ocr_line' id='line_1_48' title="bbox 182 2293 965 2330; baseline 0.008 -12"><span class='ocrx_word' id='word_1_378' title='bbox 182 2293 266 2319; x_wconf 89' lang='lat' dir='ltr'><strong>multo</strong></span> <span class='ocrx_word' id='word_1_379' title='bbox 278 2293 363 2321; x_wconf 87' lang='lat' dir='ltr'><strong>minus</strong></span> <span class='ocrx_word' id='word_1_380' title='bbox 378 2296 547 2329; x_wconf 90' lang='lat' dir='ltr'><strong>pecuniarum</strong></span> <span class='ocrx_word' id='word_1_381' title='bbox 564 2296 682 2330; x_wconf 87' lang='lat' dir='ltr'><strong>jactura,</strong></span> <span class='ocrx_word' id='word_1_382' title='bbox 696 2301 722 2323; x_wconf 89' lang='lat' dir='ltr'><strong>et</strong></span> <span class='ocrx_word' id='word_1_383' title='bbox 743 2298 908 2324; x_wconf 70' lang='lat' dir='ltr'><strong>contumelia:</strong></span> <span class='ocrx_word' id='word_1_384' title='bbox 920 2304 965 2323; x_wconf 88' lang='lat' dir='ltr'><strong>ac-</strong></span> 
     </span>
    </p>
   </div>
   <div class='ocr_carea' id='block_1_49' title="bbox 181 2338 965 2376">
    <p class='ocr_par' dir='ltr' id='par_1_49' title="bbox 181 2338 965 2376">
     <span class='ocr_line' id='line_1_49' title="bbox 181 2338 965 2376; baseline 0.008 -13"><span class='ocrx_word' id='word_1_385' title='bbox 181 2338 332 2366; x_wconf 87' lang='lat' dir='ltr'><strong>cusationes</strong></span> <span class='ocrx_word' id='word_1_386' title='bbox 349 2343 376 2366; x_wconf 90' lang='lat' dir='ltr'><strong>et</strong></span> <span class='ocrx_word' id='word_1_387' title='bbox 389 2340 528 2367; x_wconf 69' lang='lat' dir='ltr'><strong>calumnia:</strong></span> <span class='ocrx_word' id='word_1_388' title='bbox 551 2345 603 2368; x_wconf 89' lang='lat' dir='ltr'><strong>tam</strong></span> <span class='ocrx_word' id='word_1_389' title='bbox 625 2349 747 2376; x_wconf 86' lang='lat' dir='ltr'><strong>magnum</strong></span> <span class='ocrx_word' id='word_1_390' title='bbox 763 2348 789 2369; x_wconf 90' lang='lat' dir='ltr'><strong>et</strong></span> <span class='ocrx_word' id='word_1_391' title='bbox 809 2349 965 2376; x_wconf 87' lang='lat' dir='ltr'><strong>generosum</strong></span> 
     </span>
    </p>
   </div>
   <div class='ocr_carea' id='block_1_50' title="bbox 181 2383 966 2422">
    <p class='ocr_par' dir='ltr' id='par_1_50' title="bbox 181 2383 966 2422">
     <span class='ocr_line' id='line_1_50' title="bbox 181 2383 966 2422; baseline 0.006 -14"><span class='ocrx_word' id='word_1_392' title='bbox 181 2383 298 2410; x_wconf 89' lang='lat' dir='ltr'><strong>animum</strong></span> <span class='ocrx_word' id='word_1_393' title='bbox 313 2388 421 2418; x_wconf 75' lang='lat' dir='ltr'><strong>tangere</strong></span> <span class='ocrx_word' id='word_1_394' title='bbox 435 2391 550 2420; x_wconf 87' lang='lat' dir='ltr'><strong>possent,</strong></span> <span class='ocrx_word' id='word_1_395' title='bbox 565 2394 650 2421; x_wconf 79' lang='lat' dir='ltr'><strong>neque</strong></span> <span class='ocrx_word' id='word_1_396' title='bbox 661 2387 780 2420; x_wconf 88' lang='lat' dir='ltr'><strong>corporis</strong></span> <span class='ocrx_word' id='word_1_397' title='bbox 793 2387 868 2414; x_wconf 81' lang='lat' dir='ltr'><strong>dolor</strong></span> <span class='ocrx_word' id='word_1_398' title='bbox 880 2397 887 2414; x_wconf 91' lang='lat'><strong>:</strong></span> <span class='ocrx_word' id='word_1_399' title='bbox 898 2395 966 2422; x_wconf 85' lang='lat' dir='ltr'><strong>quo—</strong></span> 
     </span>
    </p>
   </div>
   <div class='ocr_carea' id='block_1_51' title="bbox 182 2428 965 2466">
    <p class='ocr_par' dir='ltr' id='par_1_51' title="bbox 182 2428 965 2466">
     <span class='ocr_line' id='line_1_51' title="bbox 182 2428 965 2466; baseline 0.008 -12"><span class='ocrx_word' id='word_1_400' title='bbox 182 2428 252 2455; x_wconf 91' lang='lat' dir='ltr'><strong>niam</strong></span> <span class='ocrx_word' id='word_1_401' title='bbox 265 2433 291 2455; x_wconf 92' lang='lat' dir='ltr'><strong>et</strong></span> <span class='ocrx_word' id='word_1_402' title='bbox 304 2430 415 2464; x_wconf 88' lang='lat' dir='ltr'><strong>apostoli</strong></span> <span class='ocrx_word' id='word_1_403' title='bbox 427 2430 624 2465; x_wconf 86' lang='lat' dir='ltr'><strong>flagellabantur</strong></span> <span class='ocrx_word' id='word_1_404' title='bbox 638 2432 754 2466; x_wconf 87' lang='lat' dir='ltr'><strong>quidem,</strong></span> <span class='ocrx_word' id='word_1_405' title='bbox 769 2432 815 2459; x_wconf 88' lang='lat' dir='ltr'><strong>sed</strong></span> <span class='ocrx_word' id='word_1_406' title='bbox 828 2440 879 2459; x_wconf 94' lang='lat' dir='ltr'><strong>non</strong></span> <span class='ocrx_word' id='word_1_407' title='bbox 891 2432 965 2460; x_wconf 85' lang='lat' dir='ltr'><strong>dole-</strong></span> 
     </span>
    </p>
   </div>
   <div class='ocr_carea' id='block_1_52' title="bbox 182 2474 966 2512">
    <p class='ocr_par' dir='ltr' id='par_1_52' title="bbox 182 2474 966 2512">
     <span class='ocr_line' id='line_1_52' title="bbox 182 2474 966 2512; baseline 0.006 -12"><span class='ocrx_word' id='word_1_408' title='bbox 182 2474 254 2501; x_wconf 89' lang='lat' dir='ltr'><strong>bant.</strong></span> <span class='ocrx_word' id='word_1_409' title='bbox 271 2474 363 2509; x_wconf 84' lang='lat' dir='ltr'><strong>Magna</strong></span> <span class='ocrx_word' id='word_1_410' title='bbox 377 2476 483 2510; x_wconf 91' lang='lat' dir='ltr'><strong>quidem</strong></span> <span class='ocrx_word' id='word_1_411' title='bbox 504 2482 564 2503; x_wconf 88' lang='lat' dir='ltr'><strong>sunt</strong></span> <span class='ocrx_word' id='word_1_412' title='bbox 581 2482 607 2504; x_wconf 89' lang='lat' dir='ltr'><strong>et</strong></span> <span class='ocrx_word' id='word_1_413' title='bbox 629 2477 700 2510; x_wconf 48' lang='lat' dir='ltr'><strong>hare,</strong></span> <span class='ocrx_word' id='word_1_414' title='bbox 715 2478 762 2505; x_wconf 88' lang='lat' dir='ltr'><strong>sed</strong></span> <span class='ocrx_word' id='word_1_415' title='bbox 778 2479 860 2505; x_wconf 87' lang='lat' dir='ltr'><strong>nutlto</strong></span> <span class='ocrx_word' id='word_1_416' title='bbox 880 2479 966 2512; x_wconf 89' lang='lat' dir='ltr'><strong>majus</strong></span> 
     </span>
    </p>
   </div>
   <div class='ocr_carea' id='block_1_53' title="bbox 180 2521 963 2558">
    <p class='ocr_par' dir='ltr' id='par_1_53' title="bbox 180 2521 963 2558">
     <span class='ocr_line' id='line_1_53' title="bbox 180 2521 963 2558; baseline 0.005 -12"><span class='ocrx_word' id='word_1_417' title='bbox 180 2525 237 2552; x_wconf 84' lang='lat' dir='ltr'><strong>est,</strong></span> <span class='ocrx_word' id='word_1_418' title='bbox 252 2521 322 2554; x_wconf 93' lang='lat' dir='ltr'><strong>quod</strong></span> <span class='ocrx_word' id='word_1_419' title='bbox 344 2529 396 2548; x_wconf 90' lang='lat' dir='ltr'><strong>non</strong></span> <span class='ocrx_word' id='word_1_420' title='bbox 416 2526 516 2549; x_wconf 90' lang='lat' dir='ltr'><strong>tantum</strong></span> <span class='ocrx_word' id='word_1_421' title='bbox 535 2530 587 2549; x_wconf 90' lang='lat' dir='ltr'><strong>non</strong></span> <span class='ocrx_word' id='word_1_422' title='bbox 601 2522 745 2555; x_wconf 87' lang='lat' dir='ltr'><strong>dolebant,</strong></span> <span class='ocrx_word' id='word_1_423' title='bbox 761 2531 852 2550; x_wconf 83' lang='lat' dir='ltr'><strong>verum</strong></span> <span class='ocrx_word' id='word_1_424' title='bbox 866 2528 892 2550; x_wconf 86' lang='lat' dir='ltr'><strong>et</strong></span> <span class='ocrx_word' id='word_1_425' title='bbox 908 2523 963 2558; x_wconf 85' lang='lat' dir='ltr'><strong>ipsa</strong></span> 
     </span>
    </p>
   </div>
   <div class='ocr_carea' id='block_1_54' title="bbox 180 2565 965 2604">
    <p class='ocr_par' dir='ltr' id='par_1_54' title="bbox 180 2565 965 2604">
     <span class='ocr_line' id='line_1_54' title="bbox 180 2565 965 2604; baseline 0.006 -12"><span class='ocrx_word' id='word_1_426' title='bbox 180 2565 281 2600; x_wconf 81' lang='lat' dir='ltr'><strong>ﬂagella</strong></span> <span class='ocrx_word' id='word_1_427' title='bbox 296 2567 404 2602; x_wconf 84' lang='lat' dir='ltr'><strong>majoris</strong></span> <span class='ocrx_word' id='word_1_428' title='bbox 418 2569 553 2595; x_wconf 81' lang='lat' dir='ltr'><strong>materiam</strong></span> <span class='ocrx_word' id='word_1_429' title='bbox 567 2568 696 2596; x_wconf 90' lang='lat' dir='ltr'><strong>faciebant</strong></span> <span class='ocrx_word' id='word_1_430' title='bbox 708 2569 862 2604; x_wconf 85' lang='lat' dir='ltr'><strong>voluptatis,</strong></span> <span class='ocrx_word' id='word_1_431' title='bbox 877 2575 903 2596; x_wconf 89' lang='lat' dir='ltr'><strong>et</strong></span> <span class='ocrx_word' id='word_1_432' title='bbox 924 2578 965 2597; x_wconf 92' lang='lat' dir='ltr'><strong>re—</strong></span> 
     </span>
    </p>
   </div>
   <div class='ocr_carea' id='block_1_55' title="bbox 181 2614 964 2650">
    <p class='ocr_par' dir='ltr' id='par_1_55' title="bbox 181 2614 964 2650">
     <span class='ocr_line' id='line_1_55' title="bbox 181 2614 964 2650; baseline 0.004 -11"><span class='ocrx_word' id='word_1_433' title='bbox 181 2615 353 2640; x_wconf 85' lang='lat' dir='ltr'><strong>vertebantur</strong></span> <span class='ocrx_word' id='word_1_434' title='bbox 373 2622 387 2641; x_wconf 87' lang='lat' dir='ltr'><strong>a</strong></span> <span class='ocrx_word' id='word_1_435' title='bbox 406 2614 472 2642; x_wconf 84' lang='lat' dir='ltr'><strong>facie</strong></span> <span class='ocrx_word' id='word_1_436' title='bbox 493 2615 597 2642; x_wconf 91' lang='lat' dir='ltr'><strong>concilii</strong></span> <span class='ocrx_word' id='word_1_437' title='bbox 617 2615 776 2649; x_wconf 75' lang='lat' dir='ltr'><strong>gaudentes.</strong></span> <span class='ocrx_word' id='word_1_438' title='bbox 801 2615 872 2650; x_wconf 89' lang='lat' dir='ltr'><strong>quod</strong></span> <span class='ocrx_word' id='word_1_439' title='bbox 893 2616 964 2650; x_wconf 81' lang='lat' dir='ltr'><strong>digni</strong></span> 
     </span>
    </p>
   </div>
   <div class='ocr_carea' id='block_1_56' title="bbox 181 2658 963 2695">
    <p class='ocr_par' dir='ltr' id='par_1_56' title="bbox 181 2658 963 2695">
     <span class='ocr_line' id='line_1_56' title="bbox 181 2658 963 2695; baseline 0.003 -10"><span class='ocrx_word' id='word_1_440' title='bbox 181 2658 284 2685; x_wconf 79' lang='lat' dir='ltr'><strong>fuerant</strong></span> <span class='ocrx_word' id='word_1_441' title='bbox 306 2659 386 2686; x_wconf 85' lang='lat' dir='ltr'><strong>habiti</strong></span> <span class='ocrx_word' id='word_1_442' title='bbox 407 2667 455 2694; x_wconf 89' lang='lat' dir='ltr'><strong>pro</strong></span> <span class='ocrx_word' id='word_1_443' title='bbox 476 2660 583 2688; x_wconf 89' lang='lat' dir='ltr'><strong>nomine</strong></span> <span class='ocrx_word' id='word_1_444' title='bbox 598 2660 694 2687; x_wconf 84' lang='lat' dir='ltr'><strong>Christi</strong></span> <span class='ocrx_word' id='word_1_445' title='bbox 708 2661 894 2688; x_wconf 85' lang='lat' dir='ltr'><strong>contumeliam</strong></span> <span class='ocrx_word' id='word_1_446' title='bbox 910 2662 963 2695; x_wconf 87' lang='lat' dir='ltr'><strong>pati</strong></span> 
     </span>
    </p>
   </div>
   <div class='ocr_carea' id='block_1_57' title="bbox 181 2704 964 2741">
    <p class='ocr_par' dir='ltr' id='par_1_57' title="bbox 181 2704 964 2741">
     <span class='ocr_line' id='line_1_57' title="bbox 181 2704 964 2741; baseline 0.004 -10"><span class='ocrx_word' id='word_1_447' title='bbox 181 2704 253 2738; x_wconf 78' lang='lat' dir='ltr'><strong>(Act.</strong></span> <span class='ocrx_word' id='word_1_448' title='bbox 264 2705 290 2732; x_wconf 86' lang='lat'><strong>5.</strong></span> <span class='ocrx_word' id='word_1_449' title='bbox 307 2705 361 2739; x_wconf 77' lang='grc' dir='ltr'><strong>ιι).</strong></span> <span class='ocrx_word' id='word_1_450' title='bbox 377 2706 540 2733; x_wconf 87' lang='lat' dir='ltr'><strong>Contumelia</strong></span> <span class='ocrx_word' id='word_1_451' title='bbox 554 2710 581 2734; x_wconf 89' lang='lat' dir='ltr'><strong>et</strong></span> <span class='ocrx_word' id='word_1_452' title='bbox 595 2707 714 2734; x_wconf 89' lang='lat' dir='ltr'><strong>convicio</strong></span> <span class='ocrx_word' id='word_1_453' title='bbox 733 2707 792 2741; x_wconf 86' lang='lat' dir='ltr'><strong>quis</strong></span> <span class='ocrx_word' id='word_1_454' title='bbox 808 2707 884 2733; x_wconf 86' lang='lat' dir='ltr'><strong>talem</strong></span> <span class='ocrx_word' id='word_1_455' title='bbox 899 2707 964 2734; x_wconf 86' lang='lat' dir='ltr'><strong>all&#39;c-</strong></span> 
     </span>
    </p>
   </div>
   <div class='ocr_carea' id='block_1_58' title="bbox 180 2750 965 2786">
    <p class='ocr_par' dir='ltr' id='par_1_58' title="bbox 180 2750 965 2786">
     <span class='ocr_line' id='line_1_58' title="bbox 180 2750 965 2786; baseline 0.004 -10"><span class='ocrx_word' id='word_1_456' title='bbox 180 2750 238 2776; x_wconf 80' lang='lat' dir='ltr'><strong>cit?</strong></span> <span class='ocrx_word' id='word_1_457' title='bbox 249 2750 295 2776; x_wconf 89' lang='lat' dir='ltr'><strong>sed</strong></span> <span class='ocrx_word' id='word_1_458' title='bbox 307 2758 320 2776; x_wconf 91' lang='lat' dir='ltr'><strong>a</strong></span> <span class='ocrx_word' id='word_1_459' title='bbox 336 2750 441 2778; x_wconf 91' lang='lat' dir='ltr'><strong>Christo</strong></span> <span class='ocrx_word' id='word_1_460' title='bbox 453 2751 567 2786; x_wconf 85' lang='lat' dir='ltr'><strong>gaudere</strong></span> <span class='ocrx_word' id='word_1_461' title='bbox 587 2752 720 2779; x_wconf 88' lang='lat' dir='ltr'><strong>institutus</strong></span> <span class='ocrx_word' id='word_1_462' title='bbox 733 2756 772 2778; x_wconf 85' lang='lat' dir='ltr'><strong>est</strong></span> <span class='ocrx_word' id='word_1_463' title='bbox 788 2752 813 2778; x_wconf 95' lang='lat' dir='ltr'><strong>in</strong></span> <span class='ocrx_word' id='word_1_464' title='bbox 829 2756 965 2779; x_wconf 86' lang='lat' dir='ltr'><strong>contume-</strong></span> 
     </span>
    </p>
   </div>
   <div class='ocr_carea' id='block_1_59' title="bbox 180 2795 965 2837">
    <p class='ocr_par' dir='ltr' id='par_1_59' title="bbox 180 2795 965 2837">
     <span class='ocr_line' id='line_1_59' title="bbox 180 2795 965 2837; baseline 0.004 -15"><span class='ocrx_word' id='word_1_465' title='bbox 180 2795 232 2823; x_wconf 86' lang='lat' dir='ltr'><strong>liis.</strong></span> <span class='ocrx_word' id='word_1_466' title='bbox 246 2795 357 2823; x_wconf 71' lang='lat' dir='ltr'><strong>Gaudete</strong></span> <span class='ocrx_word' id='word_1_467' title='bbox 371 2797 456 2830; x_wconf 87' lang='lat' dir='ltr'><strong>enim,</strong></span> <span class='ocrx_word' id='word_1_468' title='bbox 472 2798 572 2833; x_wconf 90' lang='lat' dir='ltr'><strong>inquit,</strong></span> <span class='ocrx_word' id='word_1_469' title='bbox 586 2803 609 2824; x_wconf 86' lang='lat' dir='ltr'><strong>et</strong></span> <span class='ocrx_word' id='word_1_470' title='bbox 625 2798 762 2829; x_wconf 74' lang='lat' dir='ltr'><strong>ersultate,</strong></span> <span class='ocrx_word' id='word_1_471' title='bbox 779 2806 835 2824; x_wconf 83' lang='lat' dir='ltr'><strong>cum</strong></span> <span class='ocrx_word' id='word_1_472' title='bbox 856 2798 965 2837; x_wconf 53' lang='lat' dir='ltr'><strong>dizegint</strong></span> 
     </span>
    </p>
   </div>
   <div class='ocr_carea' id='block_1_60' title="bbox 179 2842 964 2878">
    <p class='ocr_par' dir='ltr' id='par_1_60' title="bbox 179 2842 964 2878">
     <span class='ocr_line' id='line_1_60' title="bbox 179 2842 964 2878; baseline 0.003 -10"><span class='ocrx_word' id='word_1_473' title='bbox 179 2849 251 2868; x_wconf 69' lang='lat' dir='ltr'><strong>omne</strong></span> <span class='ocrx_word' id='word_1_474' title='bbox 271 2842 365 2869; x_wconf 86' lang='lat' dir='ltr'><strong>malum</strong></span> <span class='ocrx_word' id='word_1_475' title='bbox 388 2844 487 2869; x_wconf 69' lang='lat' dir='ltr'><strong>verbum</strong></span> <span class='ocrx_word' id='word_1_476' title='bbox 508 2849 594 2870; x_wconf 79' lang='lat' dir='ltr'><strong>contra</strong></span> <span class='ocrx_word' id='word_1_477' title='bbox 618 2851 660 2870; x_wconf 73' lang='lat' dir='ltr'><strong>vos</strong></span> <span class='ocrx_word' id='word_1_478' title='bbox 687 2843 848 2877; x_wconf 76' lang='lat' dir='ltr'><strong>mentientel,</strong></span> <span class='ocrx_word' id='word_1_479' title='bbox 863 2849 964 2878; x_wconf 76' lang='lat' dir='ltr'><strong>propter</strong></span> 
     </span>
    </p>
   </div>
   <div class='ocr_carea' id='block_1_61' title="bbox 535 146 1430 178">
    <p class='ocr_par' dir='ltr' id='par_1_61' title="bbox 535 146 1430 178">
     <span class='ocr_line' id='line_1_61' title="bbox 535 146 1430 178; baseline -0.003 0"><span class='ocrx_word' id='word_1_480' title='bbox 535 150 562 178; x_wconf 89' lang='lat' dir='ltr'><strong>S.</strong></span> <span class='ocrx_word' id='word_1_481' title='bbox 583 148 719 178; x_wconf 77' lang='lat' dir='ltr'><strong>JOANNIS</strong></span> <span class='ocrx_word' id='word_1_482' title='bbox 737 146 969 176; x_wconf 57' lang='lat' dir='ltr'><strong>CHRYSOSTONII</strong></span> <span class='ocrx_word' id='word_1_483' title='bbox 990 146 1147 174; x_wconf 74' lang='lat' dir='ltr'><strong>ARCllIEP.</strong></span> <span class='ocrx_word' id='word_1_484' title='bbox 1166 146 1430 175; x_wconf 73' lang='lat' dir='ltr'><strong>CONSTANTINOP.</strong></span> 
     </span>
    </p>
   </div>
   <div class='ocr_carea' id='block_1_62' title="bbox 1738 148 1788 176">
    <p class='ocr_par' dir='ltr' id='par_1_62' title="bbox 1738 148 1788 176">
     <span class='ocr_line' id='line_1_62' title="bbox 1738 148 1788 176; baseline 0 0"><span class='ocrx_word' id='word_1_485' title='bbox 1738 148 1788 176; x_wconf 63' lang='lat' dir='ltr'><strong>18A</strong></span> 
     </span>
    </p>
   </div>
   <div class='ocr_carea' id='block_1_63' title="bbox 1016 205 1794 241">
    <p class='ocr_par' dir='ltr' id='par_1_63' title="bbox 1016 205 1794 241">
     <span class='ocr_line' id='line_1_63' title="bbox 1016 205 1794 241; baseline 0.003 -11"><span class='ocrx_word' id='word_1_486' title='bbox 1016 212 1065 236; x_wconf 81' lang='lat' dir='ltr'><strong>me,</strong></span> <span class='ocrx_word' id='word_1_487' title='bbox 1074 205 1192 238; x_wconf 85' lang='lat' dir='ltr'><strong>quoniam</strong></span> <span class='ocrx_word' id='word_1_488' title='bbox 1206 214 1296 233; x_wconf 74' lang='lat' dir='ltr'><strong>merces</strong></span> <span class='ocrx_word' id='word_1_489' title='bbox 1307 212 1386 233; x_wconf 76' lang='lat' dir='ltr'><strong>uestra</strong></span> <span class='ocrx_word' id='word_1_490' title='bbox 1399 207 1478 233; x_wconf 86' lang='lat' dir='ltr'><strong>multa</strong></span> <span class='ocrx_word' id='word_1_491' title='bbox 1491 212 1526 234; x_wconf 69' lang='lat' dir='ltr'><strong>est</strong></span> <span class='ocrx_word' id='word_1_492' title='bbox 1539 207 1564 234; x_wconf 89' lang='lat' dir='ltr'><strong>in</strong></span> <span class='ocrx_word' id='word_1_493' title='bbox 1577 206 1757 241; x_wconf 72' lang='lat' dir='ltr'><strong>cclis(Malth.</strong></span> <span class='ocrx_word' id='word_1_494' title='bbox 1767 206 1794 234; x_wconf 83' lang='lat'><strong>5.</strong></span> 
     </span>
    </p>
   </div>
   <div class='ocr_carea' id='block_1_64' title="bbox 1016 251 1794 284">
    <p class='ocr_par' dir='ltr' id='par_1_64' title="bbox 1016 251 1794 284">
     <span class='ocr_line' id='line_1_64' title="bbox 1016 251 1794 284; baseline 0 -7"><span class='ocrx_word' id='word_1_495' title='bbox 1016 251 1059 277; x_wconf 82' lang='grc' dir='ltr'><strong>Η.</strong></span> <span class='ocrx_word' id='word_1_496' title='bbox 1076 251 1108 277; x_wconf 72' lang='lat'><strong>12</strong></span> <span class='ocrx_word' id='word_1_497' title='bbox 1117 251 1136 284; x_wconf 91' lang='lat'><strong>).</strong></span> <span class='ocrx_word' id='word_1_498' title='bbox 1149 251 1200 278; x_wconf 86' lang='lat' dir='ltr'><strong>Sed</strong></span> <span class='ocrx_word' id='word_1_499' title='bbox 1213 251 1239 278; x_wconf 95' lang='lat' dir='ltr'><strong>in</strong></span> <span class='ocrx_word' id='word_1_500' title='bbox 1253 252 1372 279; x_wconf 90' lang='lat' dir='ltr'><strong>morbum</strong></span> <span class='ocrx_word' id='word_1_501' title='bbox 1386 253 1491 279; x_wconf 88' lang='lat' dir='ltr'><strong>incidit?</strong></span> <span class='ocrx_word' id='word_1_502' title='bbox 1502 260 1593 280; x_wconf 84' lang='lat' dir='ltr'><strong>verum</strong></span> <span class='ocrx_word' id='word_1_503' title='bbox 1606 252 1704 279; x_wconf 80' lang='lat' dir='ltr'><strong>audivit</strong></span> <span class='ocrx_word' id='word_1_504' title='bbox 1715 252 1794 278; x_wconf 89' lang='lat' dir='ltr'><strong>alium</strong></span> 
     </span>
    </p>
   </div>
   <div class='ocr_carea' id='block_1_65' title="bbox 1015 295 1795 332">
    <p class='ocr_par' dir='ltr' id='par_1_65' title="bbox 1015 295 1795 332">
     <span class='ocr_line' id='line_1_65' title="bbox 1015 295 1795 332; baseline 0.001 -11"><span class='ocrx_word' id='word_1_505' title='bbox 1015 295 1199 322; x_wconf 86' lang='lat' dir='ltr'><strong>admonentem</strong></span> <span class='ocrx_word' id='word_1_506' title='bbox 1214 301 1241 322; x_wconf 92' lang='lat' dir='ltr'><strong>et</strong></span> <span class='ocrx_word' id='word_1_507' title='bbox 1252 297 1382 324; x_wconf 90' lang='lat' dir='ltr'><strong>dicentem</strong></span> <span class='ocrx_word' id='word_1_508' title='bbox 1396 306 1402 324; x_wconf 90' lang='lat'>:</span> <span class='ocrx_word' id='word_1_509' title='bbox 1419 296 1452 324; x_wconf 86' lang='lat' dir='ltr'><strong>In</strong></span> <span class='ocrx_word' id='word_1_510' title='bbox 1467 298 1551 324; x_wconf 89' lang='lat' dir='ltr'><strong>morbo</strong></span> <span class='ocrx_word' id='word_1_511' title='bbox 1569 302 1591 324; x_wconf 91' lang='lat' dir='ltr'><strong>et</strong></span> <span class='ocrx_word' id='word_1_512' title='bbox 1603 302 1750 332; x_wconf 78' lang='lat' dir='ltr'><strong>paupertate</strong></span> <span class='ocrx_word' id='word_1_513' title='bbox 1770 297 1795 322; x_wconf 86' lang='lat' dir='ltr'><strong>in</strong></span> 
     </span>
    </p>
   </div>
   <div class='ocr_carea' id='block_1_66' title="bbox 1015 340 1795 377">
    <p class='ocr_par' dir='ltr' id='par_1_66' title="bbox 1015 340 1795 377">
     <span class='ocr_line' id='line_1_66' title="bbox 1015 340 1795 377; baseline 0 -11"><span class='ocrx_word' id='word_1_514' title='bbox 1015 340 1069 374; x_wconf 82' lang='lat' dir='ltr'><strong>ipso</strong></span> <span class='ocrx_word' id='word_1_515' title='bbox 1082 341 1194 374; x_wconf 65' lang='lat' dir='ltr'><strong>con/idae</strong></span> <span class='ocrx_word' id='word_1_516' title='bbox 1209 349 1218 367; x_wconf 89' lang='lat'><strong><em>:</em></strong></span> <span class='ocrx_word' id='word_1_517' title='bbox 1229 342 1347 376; x_wconf 88' lang='lat' dir='ltr'><strong>quoniam</strong></span> <span class='ocrx_word' id='word_1_518' title='bbox 1367 342 1431 368; x_wconf 71' lang='lat' dir='ltr'><strong>sicut</strong></span> <span class='ocrx_word' id='word_1_519' title='bbox 1444 343 1470 369; x_wconf 88' lang='lat' dir='ltr'><strong>in</strong></span> <span class='ocrx_word' id='word_1_520' title='bbox 1486 342 1542 377; x_wconf 85' lang='lat' dir='ltr'><strong>igne</strong></span> <span class='ocrx_word' id='word_1_521' title='bbox 1555 342 1673 375; x_wconf 82' lang='lat' dir='ltr'><strong>probatur</strong></span> <span class='ocrx_word' id='word_1_522' title='bbox 1687 349 1776 367; x_wconf 86' lang='lat' dir='ltr'><strong>aurum</strong></span> <span class='ocrx_word' id='word_1_523' title='bbox 1788 361 1795 373; x_wconf 88' lang='lat'><strong>,</strong></span> 
     </span>
    </p>
   </div>
   <div class='ocr_carea' id='block_1_67' title="bbox 1015 385 1796 422">
    <p class='ocr_par' dir='ltr' id='par_1_67' title="bbox 1015 385 1796 422">
     <span class='ocr_line' id='line_1_67' title="bbox 1015 385 1796 422; baseline 0.003 -12"><span class='ocrx_word' id='word_1_524' title='bbox 1015 385 1051 411; x_wconf 75' lang='lat' dir='ltr'><strong>sic</strong></span> <span class='ocrx_word' id='word_1_525' title='bbox 1065 385 1176 412; x_wconf 76' lang='lat' dir='ltr'><strong>homines</strong></span> <span class='ocrx_word' id='word_1_526' title='bbox 1187 386 1349 421; x_wconf 73' lang='lat' dir='ltr'><strong>acceptabiles</strong></span> <span class='ocrx_word' id='word_1_527' title='bbox 1362 387 1388 413; x_wconf 85' lang='lat' dir='ltr'><strong>in</strong></span> <span class='ocrx_word' id='word_1_528' title='bbox 1401 389 1503 422; x_wconf 79' lang='lat' dir='ltr'><strong>fornace</strong></span> <span class='ocrx_word' id='word_1_529' title='bbox 1514 387 1694 413; x_wconf 75' lang='lat' dir='ltr'><strong>hurniliationis</strong></span> <span class='ocrx_word' id='word_1_530' title='bbox 1704 385 1796 420; x_wconf 84' lang='lat' dir='ltr'><strong>(Eccli.</strong></span> 
     </span>
    </p>
   </div>
   <div class='ocr_carea' id='block_1_68' title="bbox 1015 429 1797 467">
    <p class='ocr_par' dir='ltr' id='par_1_68' title="bbox 1015 429 1797 467">
     <span class='ocr_line' id='line_1_68' title="bbox 1015 429 1797 467; baseline 0.003 -11"><span class='ocrx_word' id='word_1_531' title='bbox 1015 429 1042 456; x_wconf 77' lang='lat'><strong>2.</strong></span> <span class='ocrx_word' id='word_1_532' title='bbox 1054 430 1080 456; x_wconf 76' lang='grc'><strong>4.</strong></span> <span class='ocrx_word' id='word_1_533' title='bbox 1097 430 1134 465; x_wconf 79' lang='lat'><strong>5).</strong></span> <span class='ocrx_word' id='word_1_534' title='bbox 1149 430 1213 458; x_wconf 91' lang='lat' dir='ltr'><strong>Cum</strong></span> <span class='ocrx_word' id='word_1_535' title='bbox 1234 431 1311 466; x_wconf 87' lang='lat' dir='ltr'><strong>igitur</strong></span> <span class='ocrx_word' id='word_1_536' title='bbox 1333 439 1418 467; x_wconf 88' lang='lat' dir='ltr'><strong>neque</strong></span> <span class='ocrx_word' id='word_1_537' title='bbox 1431 440 1513 463; x_wconf 87' lang='lat' dir='ltr'><strong>mors,</strong></span> <span class='ocrx_word' id='word_1_538' title='bbox 1529 440 1614 467; x_wconf 88' lang='lat' dir='ltr'><strong>neque</strong></span> <span class='ocrx_word' id='word_1_539' title='bbox 1626 433 1797 467; x_wconf 88' lang='lat' dir='ltr'><strong>pecuniarum</strong></span> 
     </span>
    </p>
   </div>
   <div class='ocr_carea' id='block_1_69' title="bbox 1013 474 1797 512">
    <p class='ocr_par' dir='ltr' id='par_1_69' title="bbox 1013 474 1797 512">
     <span class='ocr_line' id='line_1_69' title="bbox 1013 474 1797 512; baseline 0.003 -12"><span class='ocrx_word' id='word_1_540' title='bbox 1013 474 1114 508; x_wconf 89' lang='lat' dir='ltr'><strong>jactura</strong></span> <span class='ocrx_word' id='word_1_541' title='bbox 1124 495 1132 507; x_wconf 92' lang='lat'><strong>,</strong></span> <span class='ocrx_word' id='word_1_542' title='bbox 1146 483 1231 510; x_wconf 91' lang='lat' dir='ltr'><strong>neque</strong></span> <span class='ocrx_word' id='word_1_543' title='bbox 1252 477 1371 511; x_wconf 85' lang='lat' dir='ltr'><strong>corporis</strong></span> <span class='ocrx_word' id='word_1_544' title='bbox 1385 477 1529 511; x_wconf 57' lang='lat' dir='ltr'><strong>aegritudo,</strong></span> <span class='ocrx_word' id='word_1_545' title='bbox 1547 485 1631 512; x_wconf 87' lang='lat' dir='ltr'><strong>neque</strong></span> <span class='ocrx_word' id='word_1_546' title='bbox 1644 477 1797 512; x_wconf 77' lang='lat' dir='ltr'><strong>ignominia,</strong></span> 
     </span>
    </p>
   </div>
   <div class='ocr_carea' id='block_1_70' title="bbox 1017 521 1798 556">
    <p class='ocr_par' dir='ltr' id='par_1_70' title="bbox 1017 521 1798 556">
     <span class='ocr_line' id='line_1_70' title="bbox 1017 521 1798 556; baseline 0.003 -11"><span class='ocrx_word' id='word_1_547' title='bbox 1017 526 1102 553; x_wconf 87' lang='lat' dir='ltr'><strong>neque</strong></span> <span class='ocrx_word' id='word_1_548' title='bbox 1122 521 1283 553; x_wconf 91' lang='lat' dir='ltr'><strong>convicium,</strong></span> <span class='ocrx_word' id='word_1_549' title='bbox 1298 529 1384 556; x_wconf 89' lang='lat' dir='ltr'><strong>neque</strong></span> <span class='ocrx_word' id='word_1_550' title='bbox 1402 521 1536 556; x_wconf 87' lang='lat' dir='ltr'><strong>quidpiam</strong></span> <span class='ocrx_word' id='word_1_551' title='bbox 1557 521 1627 549; x_wconf 89' lang='lat' dir='ltr'><strong>aliud</strong></span> <span class='ocrx_word' id='word_1_552' title='bbox 1648 521 1798 556; x_wconf 87' lang='lat' dir='ltr'><strong>hujusmodi</strong></span> 
     </span>
    </p>
   </div>
   <div class='ocr_carea' id='block_1_71' title="bbox 1017 565 1798 602">
    <p class='ocr_par' dir='ltr' id='par_1_71' title="bbox 1017 565 1798 602">
     <span class='ocr_line' id='line_1_71' title="bbox 1017 565 1798 602; baseline 0.006 -11"><span class='ocrx_word' id='word_1_553' title='bbox 1017 565 1102 600; x_wconf 90' lang='lat' dir='ltr'><strong>ipsum</strong></span> <span class='ocrx_word' id='word_1_554' title='bbox 1123 566 1280 594; x_wconf 88' lang='lat' dir='ltr'><strong>contristare</strong></span> <span class='ocrx_word' id='word_1_555' title='bbox 1304 567 1386 601; x_wconf 88' lang='lat' dir='ltr'><strong>possit</strong></span> <span class='ocrx_word' id='word_1_556' title='bbox 1405 575 1495 594; x_wconf 90' lang='lat' dir='ltr'><strong>verum</strong></span> <span class='ocrx_word' id='word_1_557' title='bbox 1517 571 1544 594; x_wconf 91' lang='lat' dir='ltr'><strong>et</strong></span> <span class='ocrx_word' id='word_1_558' title='bbox 1563 567 1644 602; x_wconf 80' lang='lat' dir='ltr'><strong>magis</strong></span> <span class='ocrx_word' id='word_1_559' title='bbox 1665 567 1798 596; x_wconf 85' lang='lat' dir='ltr'><strong>delectet.</strong></span> 
     </span>
    </p>
   </div>
   <div class='ocr_carea' id='block_1_72' title="bbox 1016 612 1799 647">
    <p class='ocr_par' dir='ltr' id='par_1_72' title="bbox 1016 612 1799 647">
     <span class='ocr_line' id='line_1_72' title="bbox 1016 612 1799 647; baseline 0.003 -11"><span class='ocrx_word' id='word_1_560' title='bbox 1016 617 1095 644; x_wconf 90' lang='lat' dir='ltr'><strong>quam</strong></span> <span class='ocrx_word' id='word_1_561' title='bbox 1111 619 1233 646; x_wconf 88' lang='lat' dir='ltr'><strong>umquam</strong></span> <span class='ocrx_word' id='word_1_562' title='bbox 1248 612 1360 639; x_wconf 69' lang='lat' dir='ltr'><strong>tristitiae</strong></span> <span class='ocrx_word' id='word_1_563' title='bbox 1375 613 1511 640; x_wconf 87' lang='lat' dir='ltr'><strong>materiam</strong></span> <span class='ocrx_word' id='word_1_564' title='bbox 1529 612 1734 646; x_wconf 83' lang='lat' dir='ltr'><strong>habebit?Quid</strong></span> <span class='ocrx_word' id='word_1_565' title='bbox 1752 612 1799 647; x_wconf 82' lang='lat' dir='ltr'><strong>igi-</strong></span> 
     </span>
    </p>
   </div>
   <div class='ocr_carea' id='block_1_73' title="bbox 1017 656 1798 690">
    <p class='ocr_par' dir='ltr' id='par_1_73' title="bbox 1017 656 1798 690">
     <span class='ocr_line' id='line_1_73' title="bbox 1017 656 1798 690; baseline 0.003 -8"><span class='ocrx_word' id='word_1_566' title='bbox 1017 659 1068 688; x_wconf 85' lang='lat' dir='ltr'><strong>tur,</strong></span> <span class='ocrx_word' id='word_1_567' title='bbox 1082 656 1182 690; x_wconf 88' lang='lat' dir='ltr'><strong>inquit,</strong></span> <span class='ocrx_word' id='word_1_568' title='bbox 1193 657 1277 684; x_wconf 88' lang='lat' dir='ltr'><strong>sancti</strong></span> <span class='ocrx_word' id='word_1_569' title='bbox 1299 665 1351 684; x_wconf 93' lang='lat' dir='ltr'><strong>non</strong></span> <span class='ocrx_word' id='word_1_570' title='bbox 1372 657 1519 685; x_wconf 78' lang='lat' dir='ltr'><strong>dolebant?</strong></span> <span class='ocrx_word' id='word_1_571' title='bbox 1533 665 1585 684; x_wconf 92' lang='lat' dir='ltr'><strong>non</strong></span> <span class='ocrx_word' id='word_1_572' title='bbox 1598 657 1675 684; x_wconf 87' lang='lat' dir='ltr'><strong>audis</strong></span> <span class='ocrx_word' id='word_1_573' title='bbox 1689 657 1798 684; x_wconf 84' lang='lat' dir='ltr'><strong>Paulum</strong></span> 
     </span>
    </p>
   </div>
   <div class='ocr_carea' id='block_1_74' title="bbox 1017 700 1800 737">
    <p class='ocr_par' dir='ltr' id='par_1_74' title="bbox 1017 700 1800 737">
     <span class='ocr_line' id='line_1_74' title="bbox 1017 700 1800 737; baseline 0 -9"><span class='ocrx_word' id='word_1_574' title='bbox 1017 700 1147 728; x_wconf 85' lang='lat' dir='ltr'><strong>dicentem</strong></span> <span class='ocrx_word' id='word_1_575' title='bbox 1163 710 1170 728; x_wconf 86' lang='lat'><strong>:</strong></span> <span class='ocrx_word' id='word_1_576' title='bbox 1181 701 1293 728; x_wconf 70' lang='lat' dir='ltr'><strong>Tristitia</strong></span> <span class='ocrx_word' id='word_1_577' title='bbox 1305 703 1365 729; x_wconf 85' lang='lat' dir='ltr'><strong>mihi</strong></span> <span class='ocrx_word' id='word_1_578' title='bbox 1376 711 1466 737; x_wconf 83' lang='lat' dir='ltr'><strong>magna</strong></span> <span class='ocrx_word' id='word_1_579' title='bbox 1477 707 1522 734; x_wconf 72' lang='lat' dir='ltr'><strong>est,</strong></span> <span class='ocrx_word' id='word_1_580' title='bbox 1539 707 1562 729; x_wconf 85' lang='lat' dir='ltr'><strong>et</strong></span> <span class='ocrx_word' id='word_1_581' title='bbox 1575 702 1715 729; x_wconf 81' lang='lat' dir='ltr'><strong>indesinem</strong></span> <span class='ocrx_word' id='word_1_582' title='bbox 1729 702 1800 728; x_wconf 82' lang='lat' dir='ltr'><strong>dolor</strong></span> 
     </span>
    </p>
   </div>
   <div class='ocr_carea' id='block_1_75' title="bbox 1017 745 1799 782">
    <p class='ocr_par' dir='ltr' id='par_1_75' title="bbox 1017 745 1799 782">
     <span class='ocr_line' id='line_1_75' title="bbox 1017 745 1799 782; baseline 0.001 -11"><span class='ocrx_word' id='word_1_583' title='bbox 1017 745 1087 772; x_wconf 85' lang='lat' dir='ltr'><strong>cordi</strong></span> <span class='ocrx_word' id='word_1_584' title='bbox 1099 754 1152 772; x_wconf 84' lang='lat' dir='ltr'><strong>meo</strong></span> <span class='ocrx_word' id='word_1_585' title='bbox 1164 745 1250 780; x_wconf 83' lang='lat' dir='ltr'><strong>(Rom.</strong></span> <span class='ocrx_word' id='word_1_586' title='bbox 1265 745 1291 774; x_wconf 85' lang='lat'><strong>9.</strong></span> <span class='ocrx_word' id='word_1_587' title='bbox 1303 747 1353 782; x_wconf 74' lang='lat'><strong>2)?</strong></span> <span class='ocrx_word' id='word_1_588' title='bbox 1367 746 1423 774; x_wconf 85' lang='lat' dir='ltr'><strong>Hoc</strong></span> <span class='ocrx_word' id='word_1_589' title='bbox 1436 747 1521 781; x_wconf 87' lang='lat' dir='ltr'><strong>ipsum</strong></span> <span class='ocrx_word' id='word_1_590' title='bbox 1535 754 1631 781; x_wconf 85' lang='lat' dir='ltr'><strong>nempe</strong></span> <span class='ocrx_word' id='word_1_591' title='bbox 1644 746 1799 773; x_wconf 87' lang='lat' dir='ltr'><strong>admirabile</strong></span> 
     </span>
    </p>
   </div>
   <div class='ocr_carea' id='block_1_76' title="bbox 1017 791 1797 827">
    <p class='ocr_par' dir='ltr' id='par_1_76' title="bbox 1017 791 1797 827">
     <span class='ocr_line' id='line_1_76' title="bbox 1017 791 1797 827; baseline 0.001 -10"><span class='ocrx_word' id='word_1_592' title='bbox 1017 795 1073 822; x_wconf 89' lang='lat' dir='ltr'><strong>est,</strong></span> <span class='ocrx_word' id='word_1_593' title='bbox 1089 791 1158 826; x_wconf 88' lang='lat' dir='ltr'><strong>quod</strong></span> <span class='ocrx_word' id='word_1_594' title='bbox 1179 791 1281 819; x_wconf 80' lang='lat' dir='ltr'><strong>tristitia</strong></span> <span class='ocrx_word' id='word_1_595' title='bbox 1297 792 1398 823; x_wconf 82' lang='lat' dir='ltr'><strong>lucrum</strong></span> <span class='ocrx_word' id='word_1_596' title='bbox 1408 812 1415 825; x_wconf 90' lang='lat'><strong>,</strong></span> <span class='ocrx_word' id='word_1_597' title='bbox 1431 797 1458 819; x_wconf 89' lang='lat' dir='ltr'><strong>et</strong></span> <span class='ocrx_word' id='word_1_598' title='bbox 1475 793 1635 827; x_wconf 76' lang='lat' dir='ltr'><strong>voluptatem</strong></span> <span class='ocrx_word' id='word_1_599' title='bbox 1654 800 1686 819; x_wconf 78' lang='lat' dir='ltr'><strong>ex</strong></span> <span class='ocrx_word' id='word_1_600' title='bbox 1707 791 1778 818; x_wconf 89' lang='lat' dir='ltr'><strong>luctu</strong></span> <span class='ocrx_word' id='word_1_601' title='bbox 1789 792 1797 807; x_wconf 78' lang='grc'><strong><em>⁸</em></strong></span> 
     </span>
    </p>
   </div>
   <div class='ocr_carea' id='block_1_77' title="bbox 1018 836 1798 873">
    <p class='ocr_par' dir='ltr' id='par_1_77' title="bbox 1018 836 1798 873">
     <span class='ocr_line' id='line_1_77' title="bbox 1018 836 1798 873; baseline 0 -10"><span class='ocrx_word' id='word_1_602' title='bbox 1018 836 1126 864; x_wconf 83' lang='lat' dir='ltr'><strong>ferebat.</strong></span> <span class='ocrx_word' id='word_1_603' title='bbox 1136 837 1209 865; x_wconf 87' lang='lat' dir='ltr'><strong>Sicut</strong></span> <span class='ocrx_word' id='word_1_604' title='bbox 1221 838 1291 866; x_wconf 91' lang='lat' dir='ltr'><strong>enim</strong></span> <span class='ocrx_word' id='word_1_605' title='bbox 1303 837 1404 873; x_wconf 80' lang='lat' dir='ltr'><strong>ﬂagella</strong></span> <span class='ocrx_word' id='word_1_606' title='bbox 1419 845 1472 865; x_wconf 89' lang='lat' dir='ltr'><strong>non</strong></span> <span class='ocrx_word' id='word_1_607' title='bbox 1484 838 1600 870; x_wconf 85' lang='lat' dir='ltr'><strong>dolores,</strong></span> <span class='ocrx_word' id='word_1_608' title='bbox 1613 838 1659 865; x_wconf 85' lang='lat' dir='ltr'><strong>sed</strong></span> <span class='ocrx_word' id='word_1_609' title='bbox 1670 837 1798 867; x_wconf 70' lang='lat' dir='ltr'><strong>laetitiam,</strong></span> 
     </span>
    </p>
   </div>
   <div class='ocr_carea' id='block_1_78' title="bbox 1017 882 1799 918">
    <p class='ocr_par' dir='ltr' id='par_1_78' title="bbox 1017 882 1799 918">
     <span class='ocr_line' id='line_1_78' title="bbox 1017 882 1799 918; baseline 0.001 -10"><span class='ocrx_word' id='word_1_610' title='bbox 1017 882 1055 908; x_wconf 88' lang='lat' dir='ltr'><strong>sic</strong></span> <span class='ocrx_word' id='word_1_611' title='bbox 1068 890 1171 910; x_wconf 86' lang='lat' dir='ltr'><strong>rursum</strong></span> <span class='ocrx_word' id='word_1_612' title='bbox 1184 887 1209 910; x_wconf 91' lang='lat' dir='ltr'><strong>et</strong></span> <span class='ocrx_word' id='word_1_613' title='bbox 1230 883 1332 910; x_wconf 89' lang='lat' dir='ltr'><strong>tristitia</strong></span> <span class='ocrx_word' id='word_1_614' title='bbox 1346 891 1453 918; x_wconf 84' lang='lat' dir='ltr'><strong>magnas</strong></span> <span class='ocrx_word' id='word_1_615' title='bbox 1468 884 1525 911; x_wconf 86' lang='lat' dir='ltr'><strong>illas</strong></span> <span class='ocrx_word' id='word_1_616' title='bbox 1538 883 1706 918; x_wconf 82' lang='lat' dir='ltr'><strong>comparabat</strong></span> <span class='ocrx_word' id='word_1_617' title='bbox 1722 890 1799 910; x_wconf 93' lang='lat' dir='ltr'><strong>coro-</strong></span> 
     </span>
    </p>
   </div>
   <div class='ocr_carea' id='block_1_79' title="bbox 1018 927 1798 964">
    <p class='ocr_par' dir='ltr' id='par_1_79' title="bbox 1018 927 1798 964">
     <span class='ocr_line' id='line_1_79' title="bbox 1018 927 1798 964; baseline 0.003 -11"><span class='ocrx_word' id='word_1_618' title='bbox 1018 935 1075 954; x_wconf 89' lang='lat' dir='ltr'><strong>nas.</strong></span> <span class='ocrx_word' id='word_1_619' title='bbox 1090 927 1123 955; x_wconf 87' lang='lat' dir='ltr'><strong>Et</strong></span> <span class='ocrx_word' id='word_1_620' title='bbox 1138 928 1187 956; x_wconf 92' lang='lat' dir='ltr'><strong>hoc</strong></span> <span class='ocrx_word' id='word_1_621' title='bbox 1201 933 1243 956; x_wconf 86' lang='lat' dir='ltr'><strong>est</strong></span> <span class='ocrx_word' id='word_1_622' title='bbox 1255 929 1424 962; x_wconf 88' lang='lat' dir='ltr'><strong>admirabile,</strong></span> <span class='ocrx_word' id='word_1_623' title='bbox 1439 929 1509 964; x_wconf 89' lang='lat' dir='ltr'><strong>quod</strong></span> <span class='ocrx_word' id='word_1_624' title='bbox 1523 929 1614 957; x_wconf 86' lang='lat' dir='ltr'><strong>mundi</strong></span> <span class='ocrx_word' id='word_1_625' title='bbox 1627 937 1679 956; x_wconf 90' lang='lat' dir='ltr'><strong>non</strong></span> <span class='ocrx_word' id='word_1_626' title='bbox 1694 930 1798 956; x_wconf 85' lang='lat' dir='ltr'><strong>tristitia</strong></span> 
     </span>
    </p>
   </div>
   <div class='ocr_carea' id='block_1_80' title="bbox 1017 973 1798 1006">
    <p class='ocr_par' dir='ltr' id='par_1_80' title="bbox 1017 973 1798 1006">
     <span class='ocr_line' id='line_1_80' title="bbox 1017 973 1798 1006; baseline 0.003 -7"><span class='ocrx_word' id='word_1_627' title='bbox 1017 976 1133 1006; x_wconf 90' lang='lat' dir='ltr'><strong>tantum,</strong></span> <span class='ocrx_word' id='word_1_628' title='bbox 1149 981 1239 1000; x_wconf 88' lang='lat' dir='ltr'><strong>verum</strong></span> <span class='ocrx_word' id='word_1_629' title='bbox 1254 979 1281 1001; x_wconf 89' lang='lat' dir='ltr'><strong>et</strong></span> <span class='ocrx_word' id='word_1_630' title='bbox 1299 974 1387 1000; x_wconf 86' lang='lat' dir='ltr'><strong>l:ctitia</strong></span> <span class='ocrx_word' id='word_1_631' title='bbox 1403 974 1527 1002; x_wconf 88' lang='lat' dir='ltr'><strong>damnum</strong></span> <span class='ocrx_word' id='word_1_632' title='bbox 1543 973 1622 1001; x_wconf 86' lang='lat' dir='ltr'><strong>habet</strong></span> <span class='ocrx_word' id='word_1_633' title='bbox 1632 979 1798 1002; x_wconf 75' lang='lat' dir='ltr'><strong>extremum:</strong></span> 
     </span>
    </p>
   </div>
   <div class='ocr_carea' id='block_1_81' title="bbox 1019 1017 1798 1052">
    <p class='ocr_par' dir='ltr' id='par_1_81' title="bbox 1019 1017 1798 1052">
     <span class='ocr_line' id='line_1_81' title="bbox 1019 1017 1798 1052; baseline 0.004 -9"><span class='ocrx_word' id='word_1_634' title='bbox 1019 1017 1044 1044; x_wconf 90' lang='lat' dir='ltr'><strong>in</strong></span> <span class='ocrx_word' id='word_1_635' title='bbox 1065 1018 1247 1051; x_wconf 89' lang='lat' dir='ltr'><strong>spiritualibus</strong></span> <span class='ocrx_word' id='word_1_636' title='bbox 1268 1027 1330 1046; x_wconf 89' lang='lat' dir='ltr'><strong>vero</strong></span> <span class='ocrx_word' id='word_1_637' title='bbox 1349 1020 1509 1046; x_wconf 91' lang='lat' dir='ltr'><strong>contrarium</strong></span> <span class='ocrx_word' id='word_1_638' title='bbox 1525 1024 1618 1052; x_wconf 91' lang='lat' dir='ltr'><strong>totum,</strong></span> <span class='ocrx_word' id='word_1_639' title='bbox 1636 1027 1688 1046; x_wconf 92' lang='lat' dir='ltr'><strong>non</strong></span> <span class='ocrx_word' id='word_1_640' title='bbox 1711 1020 1798 1046; x_wconf 69' lang='lat' dir='ltr'><strong>laetitia</strong></span> 
     </span>
    </p>
   </div>
   <div class='ocr_carea' id='block_1_82' title="bbox 1019 1065 1799 1095">
    <p class='ocr_par' dir='ltr' id='par_1_82' title="bbox 1019 1065 1799 1095">
     <span class='ocr_line' id='line_1_82' title="bbox 1019 1065 1799 1095; baseline 0.001 -6"><span class='ocrx_word' id='word_1_641' title='bbox 1019 1067 1129 1095; x_wconf 88' lang='lat' dir='ltr'><strong>tantum,</strong></span> <span class='ocrx_word' id='word_1_642' title='bbox 1143 1071 1233 1091; x_wconf 89' lang='lat' dir='ltr'><strong>verum</strong></span> <span class='ocrx_word' id='word_1_643' title='bbox 1256 1070 1283 1091; x_wconf 90' lang='lat' dir='ltr'><strong>et</strong></span> <span class='ocrx_word' id='word_1_644' title='bbox 1305 1065 1408 1092; x_wconf 89' lang='lat' dir='ltr'><strong>tristitia</strong></span> <span class='ocrx_word' id='word_1_645' title='bbox 1430 1065 1540 1092; x_wconf 90' lang='lat' dir='ltr'><strong>multum</strong></span> <span class='ocrx_word' id='word_1_646' title='bbox 1564 1065 1644 1092; x_wconf 87' lang='lat' dir='ltr'><strong>habet</strong></span> <span class='ocrx_word' id='word_1_647' title='bbox 1671 1065 1799 1092; x_wconf 90' lang='lat' dir='ltr'><strong>bonorum</strong></span> 
     </span>
    </p>
   </div>
   <div class='ocr_carea' id='block_1_83' title="bbox 1019 1108 1800 1145">
    <p class='ocr_par' dir='ltr' id='par_1_83' title="bbox 1019 1108 1800 1145">
     <span class='ocr_line' id='line_1_83' title="bbox 1019 1108 1800 1145; baseline 0.005 -11"><span class='ocrx_word' id='word_1_648' title='bbox 1019 1108 1182 1136; x_wconf 90' lang='lat' dir='ltr'><strong>thesaurum.</strong></span> <span class='ocrx_word' id='word_1_649' title='bbox 1197 1109 1274 1137; x_wconf 85' lang='lat' dir='ltr'><strong>Verbi</strong></span> <span class='ocrx_word' id='word_1_650' title='bbox 1286 1111 1368 1145; x_wconf 80' lang='lat' dir='ltr'><strong>gratia</strong></span> <span class='ocrx_word' id='word_1_651' title='bbox 1384 1119 1390 1137; x_wconf 90' lang='lat'>:</span> <span class='ocrx_word' id='word_1_652' title='bbox 1404 1111 1498 1145; x_wconf 82' lang='lat' dir='ltr'><strong>gaudet</strong></span> <span class='ocrx_word' id='word_1_653' title='bbox 1510 1111 1569 1145; x_wconf 90' lang='lat' dir='ltr'><strong>quis</strong></span> <span class='ocrx_word' id='word_1_654' title='bbox 1583 1111 1608 1138; x_wconf 93' lang='lat' dir='ltr'><strong>in</strong></span> <span class='ocrx_word' id='word_1_655' title='bbox 1617 1110 1716 1138; x_wconf 87' lang='lat' dir='ltr'><strong>mundo</strong></span> <span class='ocrx_word' id='word_1_656' title='bbox 1732 1118 1800 1145; x_wconf 57' lang='lat' dir='ltr'><strong>saepe</strong></span> 
     </span>
    </p>
   </div>
   <div class='ocr_carea' id='block_1_84' title="bbox 1018 1154 1799 1191">
    <p class='ocr_par' dir='ltr' id='par_1_84' title="bbox 1018 1154 1799 1191">
     <span class='ocr_line' id='line_1_84' title="bbox 1018 1154 1799 1191; baseline 0.003 -11"><span class='ocrx_word' id='word_1_657' title='bbox 1018 1154 1152 1182; x_wconf 91' lang='lat' dir='ltr'><strong>inimicum</strong></span> <span class='ocrx_word' id='word_1_658' title='bbox 1178 1155 1340 1183; x_wconf 88' lang='lat' dir='ltr'><strong>laborantem</strong></span> <span class='ocrx_word' id='word_1_659' title='bbox 1360 1156 1466 1188; x_wconf 83' lang='lat' dir='ltr'><strong>videns,</strong></span> <span class='ocrx_word' id='word_1_660' title='bbox 1479 1161 1506 1183; x_wconf 90' lang='lat' dir='ltr'><strong>et</strong></span> <span class='ocrx_word' id='word_1_661' title='bbox 1526 1164 1572 1191; x_wconf 88' lang='lat' dir='ltr'><strong>per</strong></span> <span class='ocrx_word' id='word_1_662' title='bbox 1591 1156 1659 1184; x_wconf 86' lang='lat' dir='ltr'><strong>hanc</strong></span> <span class='ocrx_word' id='word_1_663' title='bbox 1684 1157 1799 1183; x_wconf 67' lang='lat' dir='ltr'><strong>lmtitiam</strong></span> 
     </span>
    </p>
   </div>
   <div class='ocr_carea' id='block_1_85' title="bbox 1019 1199 1799 1236">
    <p class='ocr_par' dir='ltr' id='par_1_85' title="bbox 1019 1199 1799 1236">
     <span class='ocr_line' id='line_1_85' title="bbox 1019 1199 1799 1236; baseline 0.005 -12"><span class='ocrx_word' id='word_1_664' title='bbox 1019 1199 1128 1226; x_wconf 91' lang='lat' dir='ltr'><strong>multam</strong></span> <span class='ocrx_word' id='word_1_665' title='bbox 1147 1200 1196 1227; x_wconf 88' lang='lat' dir='ltr'><strong>sibi</strong></span> <span class='ocrx_word' id='word_1_666' title='bbox 1211 1200 1318 1227; x_wconf 86' lang='lat' dir='ltr'><strong>attrahit</strong></span> <span class='ocrx_word' id='word_1_667' title='bbox 1331 1208 1435 1235; x_wconf 70' lang='lat' dir='ltr'><strong>pinnam</strong></span> <span class='ocrx_word' id='word_1_668' title='bbox 1449 1209 1456 1227; x_wconf 91' lang='lat'>:</span> <span class='ocrx_word' id='word_1_669' title='bbox 1468 1201 1540 1228; x_wconf 91' lang='lat' dir='ltr'><strong>dolet</strong></span> <span class='ocrx_word' id='word_1_670' title='bbox 1553 1208 1656 1228; x_wconf 87' lang='lat' dir='ltr'><strong>rursum</strong></span> <span class='ocrx_word' id='word_1_671' title='bbox 1667 1201 1726 1236; x_wconf 88' lang='lat' dir='ltr'><strong>quis</strong></span> <span class='ocrx_word' id='word_1_672' title='bbox 1736 1201 1799 1228; x_wconf 87' lang='lat' dir='ltr'><strong>alius</strong></span> 
     </span>
    </p>
   </div>
   <div class='ocr_carea' id='block_1_86' title="bbox 1019 1244 1801 1280">
    <p class='ocr_par' dir='ltr' id='par_1_86' title="bbox 1019 1244 1801 1280">
     <span class='ocr_line' id='line_1_86' title="bbox 1019 1244 1801 1280; baseline 0.004 -10"><span class='ocrx_word' id='word_1_673' title='bbox 1019 1244 1127 1271; x_wconf 84' lang='lat' dir='ltr'><strong>fratrem</strong></span> <span class='ocrx_word' id='word_1_674' title='bbox 1143 1245 1244 1279; x_wconf 88' lang='lat' dir='ltr'><strong>lapsum</strong></span> <span class='ocrx_word' id='word_1_675' title='bbox 1255 1246 1357 1279; x_wconf 87' lang='lat' dir='ltr'><strong>videns,</strong></span> <span class='ocrx_word' id='word_1_676' title='bbox 1367 1250 1394 1273; x_wconf 87' lang='lat' dir='ltr'><strong>et</strong></span> <span class='ocrx_word' id='word_1_677' title='bbox 1408 1254 1455 1280; x_wconf 92' lang='lat' dir='ltr'><strong>per</strong></span> <span class='ocrx_word' id='word_1_678' title='bbox 1469 1245 1537 1273; x_wconf 86' lang='lat' dir='ltr'><strong>hanc</strong></span> <span class='ocrx_word' id='word_1_679' title='bbox 1551 1246 1681 1273; x_wconf 89' lang='lat' dir='ltr'><strong>tristitiam</strong></span> <span class='ocrx_word' id='word_1_680' title='bbox 1693 1246 1801 1273; x_wconf 84' lang='lat' dir='ltr'><strong>multaut</strong></span> 
     </span>
    </p>
   </div>
   <div class='ocr_carea' id='block_1_87' title="bbox 1017 1289 1626 1326">
    <p class='ocr_par' dir='ltr' id='par_1_87' title="bbox 1017 1289 1626 1326">
     <span class='ocr_line' id='line_1_87' title="bbox 1017 1289 1626 1326; baseline 0.005 -11"><span class='ocrx_word' id='word_1_681' title='bbox 1017 1289 1066 1315; x_wconf 89' lang='lat' dir='ltr'><strong>sibi</strong></span> <span class='ocrx_word' id='word_1_682' title='bbox 1079 1289 1147 1323; x_wconf 90' lang='lat' dir='ltr'><strong>apud</strong></span> <span class='ocrx_word' id='word_1_683' title='bbox 1163 1290 1245 1317; x_wconf 90' lang='lat' dir='ltr'><strong>Deum</strong></span> <span class='ocrx_word' id='word_1_684' title='bbox 1263 1290 1470 1318; x_wconf 83' lang='lat' dir='ltr'><strong>benevolentiam</strong></span> <span class='ocrx_word' id='word_1_685' title='bbox 1483 1295 1626 1326; x_wconf 89' lang='lat' dir='ltr'><strong>comparat.</strong></span> 
     </span>
    </p>
   </div>
   <div class='ocr_carea' id='block_1_88' title="bbox 1056 1334 1800 1363">
    <p class='ocr_par' dir='ltr' id='par_1_88' title="bbox 1056 1334 1800 1363">
     <span class='ocr_line' id='line_1_88' title="bbox 1056 1334 1800 1363; baseline 0.003 -3"><span class='ocrx_word' id='word_1_686' title='bbox 1056 1334 1167 1362; x_wconf 75' lang='lat' dir='ltr'><strong>Tristitia</strong></span> <span class='ocrx_word' id='word_1_687' title='bbox 1175 1336 1310 1362; x_wconf 70' lang='lat' dir='ltr'><strong>secundum</strong></span> <span class='ocrx_word' id='word_1_688' title='bbox 1330 1335 1412 1362; x_wconf 86' lang='lat' dir='ltr'><strong>Deum</strong></span> <span class='ocrx_word' id='word_1_689' title='bbox 1432 1337 1510 1362; x_wconf 83' lang='lat' dir='ltr'><strong>multo</strong></span> <span class='ocrx_word' id='word_1_690' title='bbox 1532 1337 1619 1363; x_wconf 65' lang='lat' dir='ltr'><strong>melior</strong></span> <span class='ocrx_word' id='word_1_691' title='bbox 1636 1341 1671 1363; x_wconf 71' lang='lat' dir='ltr'><strong>est</strong></span> <span class='ocrx_word' id='word_1_692' title='bbox 1692 1336 1800 1362; x_wconf 86' lang='lat' dir='ltr'><strong>humana</strong></span> 
     </span>
    </p>
   </div>
   <div class='ocr_carea' id='block_1_89' title="bbox 1018 1379 1800 1415">
    <p class='ocr_par' dir='ltr' id='par_1_89' title="bbox 1018 1379 1800 1415">
     <span class='ocr_line' id='line_1_89' title="bbox 1018 1379 1800 1415; baseline 0.004 -10"><span class='ocrx_word' id='word_1_693' title='bbox 1018 1379 1112 1406; x_wconf 57' lang='lat' dir='ltr'><strong>(latitia.</strong></span> <span class='ocrx_word' id='word_1_694' title='bbox 1124 1394 1159 1400; x_wconf 90' lang='lat'><strong><em>—</em></strong></span> <span class='ocrx_word' id='word_1_695' title='bbox 1170 1380 1262 1408; x_wconf 86' lang='lat' dir='ltr'><strong>Cernis</strong></span> <span class='ocrx_word' id='word_1_696' title='bbox 1276 1381 1408 1415; x_wconf 88' lang='lat' dir='ltr'><strong>quomodo</strong></span> <span class='ocrx_word' id='word_1_697' title='bbox 1425 1381 1569 1408; x_wconf 86' lang='lat' dir='ltr'><strong>secundum</strong></span> <span class='ocrx_word' id='word_1_698' title='bbox 1592 1381 1675 1408; x_wconf 88' lang='lat' dir='ltr'><strong>Deum</strong></span> <span class='ocrx_word' id='word_1_699' title='bbox 1697 1381 1800 1408; x_wconf 89' lang='lat' dir='ltr'><strong>tristitia</strong></span> 
     </span>
    </p>
   </div>
   <div class='ocr_carea' id='block_1_90' title="bbox 1018 1426 1800 1455">
    <p class='ocr_par' dir='ltr' id='par_1_90' title="bbox 1018 1426 1800 1455">
     <span class='ocr_line' id='line_1_90' title="bbox 1018 1426 1800 1455; baseline 0.001 -3"><span class='ocrx_word' id='word_1_700' title='bbox 1018 1426 1108 1453; x_wconf 91' lang='lat' dir='ltr'><strong>mundi</strong></span> <span class='ocrx_word' id='word_1_701' title='bbox 1121 1426 1211 1453; x_wconf 70' lang='lat' dir='ltr'><strong>laetitia</strong></span> <span class='ocrx_word' id='word_1_702' title='bbox 1226 1427 1319 1454; x_wconf 86' lang='lat' dir='ltr'><strong>melior</strong></span> <span class='ocrx_word' id='word_1_703' title='bbox 1339 1427 1373 1454; x_wconf 86' lang='lat' dir='ltr'><strong>sit</strong></span> <span class='ocrx_word' id='word_1_704' title='bbox 1388 1432 1413 1454; x_wconf 87' lang='lat' dir='ltr'><strong>et</strong></span> <span class='ocrx_word' id='word_1_705' title='bbox 1428 1427 1536 1454; x_wconf 77' lang='lat' dir='ltr'><strong>utilior?</strong></span> <span class='ocrx_word' id='word_1_706' title='bbox 1548 1427 1592 1455; x_wconf 86' lang='lat' dir='ltr'><strong>Sic</strong></span> <span class='ocrx_word' id='word_1_707' title='bbox 1601 1431 1628 1454; x_wconf 88' lang='lat' dir='ltr'><strong>et</strong></span> <span class='ocrx_word' id='word_1_708' title='bbox 1641 1427 1737 1454; x_wconf 86' lang='lat' dir='ltr'><strong>Paulus</strong></span> <span class='ocrx_word' id='word_1_709' title='bbox 1756 1427 1800 1454; x_wconf 91' lang='lat' dir='ltr'><strong>tri-</strong></span> 
     </span>
    </p>
   </div>
   <div class='ocr_carea' id='block_1_91' title="bbox 1017 1472 1800 1508">
    <p class='ocr_par' dir='ltr' id='par_1_91' title="bbox 1017 1472 1800 1508">
     <span class='ocr_line' id='line_1_91' title="bbox 1017 1472 1800 1508; baseline 0.003 -9"><span class='ocrx_word' id='word_1_710' title='bbox 1017 1472 1136 1499; x_wconf 89' lang='lat' dir='ltr'><strong>stabatur</strong></span> <span class='ocrx_word' id='word_1_711' title='bbox 1147 1477 1254 1507; x_wconf 77' lang='lat' dir='ltr'><strong>propter</strong></span> <span class='ocrx_word' id='word_1_712' title='bbox 1268 1480 1324 1506; x_wconf 86' lang='lat' dir='ltr'><strong>eos,</strong></span> <span class='ocrx_word' id='word_1_713' title='bbox 1340 1473 1384 1508; x_wconf 90' lang='lat' dir='ltr'><strong>qui</strong></span> <span class='ocrx_word' id='word_1_714' title='bbox 1396 1477 1537 1508; x_wconf 84' lang='lat' dir='ltr'><strong>peccarth</strong></span> <span class='ocrx_word' id='word_1_715' title='bbox 1557 1478 1584 1500; x_wconf 90' lang='lat' dir='ltr'><strong>et</strong></span> <span class='ocrx_word' id='word_1_716' title='bbox 1603 1473 1658 1501; x_wconf 89' lang='lat' dir='ltr'><strong>Deo</strong></span> <span class='ocrx_word' id='word_1_717' title='bbox 1670 1481 1724 1501; x_wconf 86' lang='lat' dir='ltr'><strong>non</strong></span> <span class='ocrx_word' id='word_1_718' title='bbox 1743 1481 1800 1501; x_wconf 84' lang='lat' dir='ltr'><strong>cre-</strong></span> 
     </span>
    </p>
   </div>
   <div class='ocr_carea' id='block_1_92' title="bbox 1017 1517 1800 1553">
    <p class='ocr_par' dir='ltr' id='par_1_92' title="bbox 1017 1517 1800 1553">
     <span class='ocr_line' id='line_1_92' title="bbox 1017 1517 1800 1553; baseline 0.003 -9"><span class='ocrx_word' id='word_1_719' title='bbox 1017 1517 1126 1550; x_wconf 89' lang='lat' dir='ltr'><strong>derent,</strong></span> <span class='ocrx_word' id='word_1_720' title='bbox 1143 1523 1170 1545; x_wconf 91' lang='lat' dir='ltr'><strong>et</strong></span> <span class='ocrx_word' id='word_1_721' title='bbox 1193 1526 1225 1545; x_wconf 76' lang='lat' dir='ltr'><strong>ex</strong></span> <span class='ocrx_word' id='word_1_722' title='bbox 1253 1518 1302 1546; x_wconf 91' lang='lat' dir='ltr'><strong>hac</strong></span> <span class='ocrx_word' id='word_1_723' title='bbox 1326 1519 1430 1546; x_wconf 89' lang='lat' dir='ltr'><strong>tristitia</strong></span> <span class='ocrx_word' id='word_1_724' title='bbox 1451 1518 1559 1545; x_wconf 91' lang='lat' dir='ltr'><strong>multam</strong></span> <span class='ocrx_word' id='word_1_725' title='bbox 1583 1518 1631 1546; x_wconf 88' lang='lat' dir='ltr'><strong>sibi</strong></span> <span class='ocrx_word' id='word_1_726' title='bbox 1659 1519 1800 1553; x_wconf 87' lang='lat' dir='ltr'><strong>repositam</strong></span> 
     </span>
    </p>
   </div>
   <div class='ocr_carea' id='block_1_93' title="bbox 1017 1563 1800 1600">
    <p class='ocr_par' dir='ltr' id='par_1_93' title="bbox 1017 1563 1800 1600">
     <span class='ocr_line' id='line_1_93' title="bbox 1017 1563 1800 1600; baseline 0.004 -11"><span class='ocrx_word' id='word_1_727' title='bbox 1017 1563 1130 1590; x_wconf 87' lang='lat' dir='ltr'><strong>habebat</strong></span> <span class='ocrx_word' id='word_1_728' title='bbox 1143 1564 1303 1591; x_wconf 86' lang='lat' dir='ltr'><strong>mercedem.</strong></span> <span class='ocrx_word' id='word_1_729' title='bbox 1316 1563 1351 1592; x_wconf 87' lang='lat' dir='ltr'><strong>Ut</strong></span> <span class='ocrx_word' id='word_1_730' title='bbox 1364 1569 1452 1591; x_wconf 87' lang='lat' dir='ltr'><strong>autem</strong></span> <span class='ocrx_word' id='word_1_731' title='bbox 1470 1564 1632 1592; x_wconf 89' lang='lat' dir='ltr'><strong>manifestius</strong></span> <span class='ocrx_word' id='word_1_732' title='bbox 1655 1564 1726 1600; x_wconf 89' lang='lat' dir='ltr'><strong>quod</strong></span> <span class='ocrx_word' id='word_1_733' title='bbox 1743 1565 1800 1592; x_wconf 74' lang='lat' dir='ltr'><strong>dico</strong></span> 
     </span>
    </p>
   </div>
   <div class='ocr_carea' id='block_1_94' title="bbox 1017 1607 1799 1644">
    <p class='ocr_par' dir='ltr' id='par_1_94' title="bbox 1017 1607 1799 1644">
     <span class='ocr_line' id='line_1_94' title="bbox 1017 1607 1799 1644; baseline 0.004 -10"><span class='ocrx_word' id='word_1_734' title='bbox 1017 1607 1121 1640; x_wconf 84' lang='lat' dir='ltr'><strong>faciam,</strong></span> <span class='ocrx_word' id='word_1_735' title='bbox 1132 1612 1158 1635; x_wconf 92' lang='lat' dir='ltr'><strong>et</strong></span> <span class='ocrx_word' id='word_1_736' title='bbox 1172 1608 1289 1642; x_wconf 88' lang='lat' dir='ltr'><strong>discatis,</strong></span> <span class='ocrx_word' id='word_1_737' title='bbox 1300 1609 1361 1636; x_wconf 87' lang='lat' dir='ltr'><strong>lieet</strong></span> <span class='ocrx_word' id='word_1_738' title='bbox 1376 1615 1472 1643; x_wconf 63' lang='lat' dir='ltr'><strong>praeter</strong></span> <span class='ocrx_word' id='word_1_739' title='bbox 1482 1610 1632 1644; x_wconf 88' lang='lat' dir='ltr'><strong>opinionem</strong></span> <span class='ocrx_word' id='word_1_740' title='bbox 1644 1611 1680 1638; x_wconf 89' lang='lat' dir='ltr'><strong>sit</strong></span> <span class='ocrx_word' id='word_1_741' title='bbox 1691 1610 1799 1643; x_wconf 87' lang='lat' dir='ltr'><strong>dicttrm,</strong></span> 
     </span>
    </p>
   </div>
   <div class='ocr_carea' id='block_1_95' title="bbox 1018 1655 1800 1690">
    <p class='ocr_par' dir='ltr' id='par_1_95' title="bbox 1018 1655 1800 1690">
     <span class='ocr_line' id='line_1_95' title="bbox 1018 1655 1800 1690; baseline 0.005 -10"><span class='ocrx_word' id='word_1_742' title='bbox 1018 1657 1105 1680; x_wconf 86' lang='lat' dir='ltr'><strong>tamen</strong></span> <span class='ocrx_word' id='word_1_743' title='bbox 1123 1661 1213 1681; x_wconf 90' lang='lat' dir='ltr'><strong>verum</strong></span> <span class='ocrx_word' id='word_1_744' title='bbox 1235 1662 1294 1681; x_wconf 88' lang='lat' dir='ltr'><strong>esse</strong></span> <span class='ocrx_word' id='word_1_745' title='bbox 1306 1675 1313 1686; x_wconf 87' lang='lat'><strong>,</strong></span> <span class='ocrx_word' id='word_1_746' title='bbox 1327 1659 1353 1682; x_wconf 90' lang='lat' dir='ltr'><strong>et</strong></span> <span class='ocrx_word' id='word_1_747' title='bbox 1371 1655 1470 1682; x_wconf 88' lang='lat' dir='ltr'><strong>luctum</strong></span> <span class='ocrx_word' id='word_1_748' title='bbox 1490 1663 1560 1690; x_wconf 62' lang='lat' dir='ltr'><strong>saepe</strong></span> <span class='ocrx_word' id='word_1_749' title='bbox 1575 1655 1661 1683; x_wconf 85' lang='lat' dir='ltr'><strong>solere</strong></span> <span class='ocrx_word' id='word_1_750' title='bbox 1682 1656 1800 1684; x_wconf 85' lang='lat' dir='ltr'><strong>dolentes</strong></span> 
     </span>
    </p>
   </div>
   <div class='ocr_carea' id='block_1_96' title="bbox 1017 1698 1798 1736">
    <p class='ocr_par' dir='ltr' id='par_1_96' title="bbox 1017 1698 1798 1736">
     <span class='ocr_line' id='line_1_96' title="bbox 1017 1698 1798 1736; baseline 0.006 -12"><span class='ocrx_word' id='word_1_751' title='bbox 1017 1698 1118 1726; x_wconf 90' lang='lat' dir='ltr'><strong>animas</strong></span> <span class='ocrx_word' id='word_1_752' title='bbox 1132 1707 1265 1733; x_wconf 85' lang='lat' dir='ltr'><strong>reparare,</strong></span> <span class='ocrx_word' id='word_1_753' title='bbox 1277 1705 1303 1726; x_wconf 90' lang='lat' dir='ltr'><strong>et</strong></span> <span class='ocrx_word' id='word_1_754' title='bbox 1315 1701 1504 1728; x_wconf 87' lang='lat' dir='ltr'><strong>conscientiam</strong></span> <span class='ocrx_word' id='word_1_755' title='bbox 1518 1706 1651 1736; x_wconf 80' lang='lat' dir='ltr'><strong>gravatam</strong></span> <span class='ocrx_word' id='word_1_756' title='bbox 1665 1702 1798 1730; x_wconf 79' lang='lat' dir='ltr'><strong>relevare:</strong></span> 
     </span>
    </p>
   </div>
   <div class='ocr_carea' id='block_1_97' title="bbox 1018 1744 1799 1780">
    <p class='ocr_par' dir='ltr' id='par_1_97' title="bbox 1018 1744 1799 1780">
     <span class='ocr_line' id='line_1_97' title="bbox 1018 1744 1799 1780; baseline 0.005 -10"><span class='ocrx_word' id='word_1_757' title='bbox 1018 1744 1107 1770; x_wconf 67' lang='lat' dir='ltr'><strong>multic</strong></span> <span class='ocrx_word' id='word_1_758' title='bbox 1120 1745 1216 1778; x_wconf 73' lang='lat' dir='ltr'><strong>smpius</strong></span> <span class='ocrx_word' id='word_1_759' title='bbox 1230 1745 1354 1772; x_wconf 88' lang='lat' dir='ltr'><strong>mulieres</strong></span> <span class='ocrx_word' id='word_1_760' title='bbox 1368 1745 1598 1773; x_wconf 87' lang='lat' dir='ltr'><strong>desideratissimis</strong></span> <span class='ocrx_word' id='word_1_761' title='bbox 1612 1747 1716 1774; x_wconf 89' lang='lat' dir='ltr'><strong>amissis</strong></span> <span class='ocrx_word' id='word_1_762' title='bbox 1731 1747 1799 1780; x_wconf 82' lang='lat' dir='ltr'><strong>ﬁliis,</strong></span> 
     </span>
    </p>
   </div>
   <div class='ocr_carea' id='block_1_98' title="bbox 1018 1789 1799 1827">
    <p class='ocr_par' dir='ltr' id='par_1_98' title="bbox 1018 1789 1799 1827">
     <span class='ocr_line' id='line_1_98' title="bbox 1018 1789 1799 1827; baseline 0.005 -12"><span class='ocrx_word' id='word_1_763' title='bbox 1018 1789 1039 1815; x_wconf 91' lang='lat' dir='ltr'><strong>si</strong></span> <span class='ocrx_word' id='word_1_764' title='bbox 1063 1789 1252 1823; x_wconf 87' lang='lat' dir='ltr'><strong>prohibeantur</strong></span> <span class='ocrx_word' id='word_1_765' title='bbox 1271 1790 1375 1823; x_wconf 88' lang='lat' dir='ltr'><strong>quidem</strong></span> <span class='ocrx_word' id='word_1_766' title='bbox 1400 1790 1481 1823; x_wconf 81' lang='lat' dir='ltr'><strong>ﬂere,</strong></span> <span class='ocrx_word' id='word_1_767' title='bbox 1498 1791 1586 1825; x_wconf 81' lang='lat' dir='ltr'><strong>lugere</strong></span> <span class='ocrx_word' id='word_1_768' title='bbox 1607 1796 1634 1818; x_wconf 88' lang='lat' dir='ltr'><strong>et</strong></span> <span class='ocrx_word' id='word_1_769' title='bbox 1655 1793 1799 1827; x_wconf 87' lang='lat' dir='ltr'><strong>conqueri,</strong></span> 
     </span>
    </p>
   </div>
   <div class='ocr_carea' id='block_1_99' title="bbox 1017 1834 1800 1869">
    <p class='ocr_par' dir='ltr' id='par_1_99' title="bbox 1017 1834 1800 1869">
     <span class='ocr_line' id='line_1_99' title="bbox 1017 1834 1800 1869; baseline 0.005 -8"><span class='ocrx_word' id='word_1_770' title='bbox 1017 1834 1220 1868; x_wconf 89' lang='lat' dir='ltr'><strong>disrumpuntur</strong></span> <span class='ocrx_word' id='word_1_771' title='bbox 1230 1839 1256 1862; x_wconf 89' lang='lat' dir='ltr'><strong>et</strong></span> <span class='ocrx_word' id='word_1_772' title='bbox 1272 1839 1398 1869; x_wconf 81' lang='lat' dir='ltr'><strong>pereunt;</strong></span> <span class='ocrx_word' id='word_1_773' title='bbox 1420 1836 1442 1862; x_wconf 88' lang='lat' dir='ltr'><strong>si</strong></span> <span class='ocrx_word' id='word_1_774' title='bbox 1455 1844 1518 1863; x_wconf 89' lang='lat' dir='ltr'><strong>vero</strong></span> <span class='ocrx_word' id='word_1_775' title='bbox 1531 1837 1698 1864; x_wconf 78' lang='lat' dir='ltr'><strong>mmrentium</strong></span> <span class='ocrx_word' id='word_1_776' title='bbox 1712 1839 1800 1865; x_wconf 88' lang='lat' dir='ltr'><strong>omnia</strong></span> 
     </span>
    </p>
   </div>
   <div class='ocr_carea' id='block_1_100' title="bbox 1020 1879 1800 1917">
    <p class='ocr_par' dir='ltr' id='par_1_100' title="bbox 1020 1879 1800 1917">
     <span class='ocr_line' id='line_1_100' title="bbox 1020 1879 1800 1917; baseline 0.004 -10"><span class='ocrx_word' id='word_1_777' title='bbox 1020 1879 1143 1913; x_wconf 87' lang='lat' dir='ltr'><strong>fecerint,</strong></span> <span class='ocrx_word' id='word_1_778' title='bbox 1165 1881 1317 1907; x_wconf 81' lang='lat' dir='ltr'><strong>relevantur</strong></span> <span class='ocrx_word' id='word_1_779' title='bbox 1337 1886 1363 1908; x_wconf 88' lang='lat' dir='ltr'><strong>et</strong></span> <span class='ocrx_word' id='word_1_780' title='bbox 1381 1882 1587 1909; x_wconf 85' lang='lat' dir='ltr'><strong>consolationem</strong></span> <span class='ocrx_word' id='word_1_781' title='bbox 1607 1883 1747 1917; x_wconf 89' lang='lat' dir='ltr'><strong>accipiunt.</strong></span> <span class='ocrx_word' id='word_1_782' title='bbox 1769 1884 1800 1910; x_wconf 83' lang='lat' dir='ltr'><strong>Et</strong></span> 
     </span>
    </p>
   </div>
   <div class='ocr_carea' id='block_1_101' title="bbox 1017 1925 1800 1962">
    <p class='ocr_par' dir='ltr' id='par_1_101' title="bbox 1017 1925 1800 1962">
     <span class='ocr_line' id='line_1_101' title="bbox 1017 1925 1800 1962; baseline 0.004 -10"><span class='ocrx_word' id='word_1_783' title='bbox 1017 1925 1078 1960; x_wconf 91' lang='lat' dir='ltr'><strong>quid</strong></span> <span class='ocrx_word' id='word_1_784' title='bbox 1099 1925 1265 1958; x_wconf 87' lang='lat' dir='ltr'><strong>mirandum,</strong></span> <span class='ocrx_word' id='word_1_785' title='bbox 1290 1927 1311 1953; x_wconf 90' lang='lat' dir='ltr'><strong>si</strong></span> <span class='ocrx_word' id='word_1_786' title='bbox 1336 1927 1361 1953; x_wconf 91' lang='lat' dir='ltr'><strong>in</strong></span> <span class='ocrx_word' id='word_1_787' title='bbox 1386 1927 1540 1954; x_wconf 88' lang='lat' dir='ltr'><strong>mulieribus</strong></span> <span class='ocrx_word' id='word_1_788' title='bbox 1563 1927 1614 1954; x_wconf 89' lang='lat' dir='ltr'><strong>hoc</strong></span> <span class='ocrx_word' id='word_1_789' title='bbox 1637 1927 1680 1960; x_wconf 82' lang='lat' dir='ltr'><strong>lit,</strong></span> <span class='ocrx_word' id='word_1_790' title='bbox 1696 1928 1800 1962; x_wconf 87' lang='lat' dir='ltr'><strong>quando</strong></span> 
     </span>
    </p>
   </div>
   <div class='ocr_carea' id='block_1_102' title="bbox 1017 1971 1801 2008">
    <p class='ocr_par' dir='ltr' id='par_1_102' title="bbox 1017 1971 1801 2008">
     <span class='ocr_line' id='line_1_102' title="bbox 1017 1971 1801 2008; baseline 0.004 -10"><span class='ocrx_word' id='word_1_791' title='bbox 1017 1971 1096 1998; x_wconf 88' lang='lat' dir='ltr'><strong>etiam</strong></span> <span class='ocrx_word' id='word_1_792' title='bbox 1118 1972 1202 2006; x_wconf 91' lang='lat' dir='ltr'><strong>ipsum</strong></span> <span class='ocrx_word' id='word_1_793' title='bbox 1225 1972 1380 2006; x_wconf 76' lang='lat' dir='ltr'><strong>prophetam</strong></span> <span class='ocrx_word' id='word_1_794' title='bbox 1403 1971 1453 1999; x_wconf 89' lang='lat' dir='ltr'><strong>hoc</strong></span> <span class='ocrx_word' id='word_1_795' title='bbox 1472 1972 1614 2006; x_wconf 87' lang='lat' dir='ltr'><strong>patientem</strong></span> <span class='ocrx_word' id='word_1_796' title='bbox 1637 1973 1726 2000; x_wconf 86' lang='lat' dir='ltr'><strong>videre</strong></span> <span class='ocrx_word' id='word_1_797' title='bbox 1742 1974 1801 2008; x_wconf 86' lang='lat' dir='ltr'><strong>quis</strong></span> 
     </span>
    </p>
   </div>
   <div class='ocr_carea' id='block_1_103' title="bbox 1018 2016 1801 2051">
    <p class='ocr_par' dir='ltr' id='par_1_103' title="bbox 1018 2016 1801 2051">
     <span class='ocr_line' id='line_1_103' title="bbox 1018 2016 1801 2051; baseline 0.006 -10"><span class='ocrx_word' id='word_1_798' title='bbox 1018 2016 1122 2049; x_wconf 80' lang='lat' dir='ltr'><strong>possit?</strong></span> <span class='ocrx_word' id='word_1_799' title='bbox 1136 2016 1197 2043; x_wconf 90' lang='lat' dir='ltr'><strong>ldeo</strong></span> <span class='ocrx_word' id='word_1_800' title='bbox 1212 2016 1364 2051; x_wconf 83' lang='lat' dir='ltr'><strong>frequenter</strong></span> <span class='ocrx_word' id='word_1_801' title='bbox 1375 2017 1477 2044; x_wconf 88' lang='lat' dir='ltr'><strong>dicebat</strong></span> <span class='ocrx_word' id='word_1_802' title='bbox 1492 2026 1498 2045; x_wconf 93' lang='lat'>:</span> <span class='ocrx_word' id='word_1_803' title='bbox 1513 2018 1593 2045; x_wconf 83' lang='lat' dir='ltr'><strong>Sinite</strong></span> <span class='ocrx_word' id='word_1_804' title='bbox 1607 2026 1654 2050; x_wconf 86' lang='lat' dir='ltr'><strong>me,</strong></span> <span class='ocrx_word' id='word_1_805' title='bbox 1667 2027 1752 2045; x_wconf 85' lang='lat' dir='ltr'><strong>amare</strong></span> <span class='ocrx_word' id='word_1_806' title='bbox 1762 2020 1801 2046; x_wconf 85' lang='lat' dir='ltr'><strong>lu-</strong></span> 
     </span>
    </p>
   </div>
   <div class='ocr_carea' id='block_1_104' title="bbox 1017 2061 1800 2098">
    <p class='ocr_par' dir='ltr' id='par_1_104' title="bbox 1017 2061 1800 2098">
     <span class='ocr_line' id='line_1_104' title="bbox 1017 2061 1800 2098; baseline 0.005 -11"><span class='ocrx_word' id='word_1_807' title='bbox 1017 2061 1077 2096; x_wconf 87' lang='lat' dir='ltr'><strong>gebo</strong></span> <span class='ocrx_word' id='word_1_808' title='bbox 1088 2070 1098 2088; x_wconf 91' lang='lat'><strong><em>:</em></strong></span> <span class='ocrx_word' id='word_1_809' title='bbox 1112 2062 1188 2088; x_wconf 84' lang='lat' dir='ltr'><strong>nolite</strong></span> <span class='ocrx_word' id='word_1_810' title='bbox 1209 2062 1356 2089; x_wconf 85' lang='lat' dir='ltr'><strong>contendere</strong></span> <span class='ocrx_word' id='word_1_811' title='bbox 1366 2083 1374 2095; x_wconf 93' lang='lat'><strong>,</strong></span> <span class='ocrx_word' id='word_1_812' title='bbox 1388 2068 1415 2089; x_wconf 87' lang='lat' dir='ltr'><strong>ut</strong></span> <span class='ocrx_word' id='word_1_813' title='bbox 1435 2064 1595 2090; x_wconf 82' lang='lat' dir='ltr'><strong>eomalemini</strong></span> <span class='ocrx_word' id='word_1_814' title='bbox 1619 2072 1694 2098; x_wconf 78' lang='lat' dir='ltr'><strong>super</strong></span> <span class='ocrx_word' id='word_1_815' title='bbox 1707 2066 1800 2091; x_wconf 84' lang='lat' dir='ltr'><strong>contri-</strong></span> 
     </span>
    </p>
   </div>
   <div class='ocr_carea' id='block_1_105' title="bbox 1017 2107 1801 2144">
    <p class='ocr_par' dir='ltr' id='par_1_105' title="bbox 1017 2107 1801 2144">
     <span class='ocr_line' id='line_1_105' title="bbox 1017 2107 1801 2144; baseline 0.006 -12"><span class='ocrx_word' id='word_1_816' title='bbox 1017 2107 1084 2133; x_wconf 81' lang='lat' dir='ltr'><strong>tione</strong></span> <span class='ocrx_word' id='word_1_817' title='bbox 1101 2107 1161 2140; x_wconf 73' lang='lat' dir='ltr'><strong>ﬁlite</strong></span> <span class='ocrx_word' id='word_1_818' title='bbox 1175 2107 1271 2142; x_wconf 79' lang='lat' dir='ltr'><strong>generis</strong></span> <span class='ocrx_word' id='word_1_819' title='bbox 1293 2107 1340 2133; x_wconf 84' lang='lat' dir='ltr'><strong>mei</strong></span> <span class='ocrx_word' id='word_1_820' title='bbox 1355 2107 1435 2141; x_wconf 70' lang='lat' dir='ltr'><strong>(lsai.</strong></span> <span class='ocrx_word' id='word_1_821' title='bbox 1451 2107 1495 2134; x_wconf 72' lang='lat'><strong>22.</strong></span> <span class='ocrx_word' id='word_1_822' title='bbox 1510 2108 1552 2142; x_wconf 79' lang='grc'><strong>4).</strong></span> <span class='ocrx_word' id='word_1_823' title='bbox 1565 2108 1654 2143; x_wconf 84' lang='lat' dir='ltr'><strong>Itaque</strong></span> <span class='ocrx_word' id='word_1_824' title='bbox 1668 2116 1739 2144; x_wconf 55' lang='lat' dir='ltr'><strong>sape</strong></span> <span class='ocrx_word' id='word_1_825' title='bbox 1754 2110 1801 2137; x_wconf 86' lang='lat' dir='ltr'><strong>tri-</strong></span> 
     </span>
    </p>
   </div>
   <div class='ocr_carea' id='block_1_106' title="bbox 1017 2151 1800 2184">
    <p class='ocr_par' dir='ltr' id='par_1_106' title="bbox 1017 2151 1800 2184">
     <span class='ocr_line' id='line_1_106' title="bbox 1017 2151 1800 2184; baseline 0.004 -6"><span class='ocrx_word' id='word_1_826' title='bbox 1017 2152 1087 2178; x_wconf 89' lang='lat' dir='ltr'><strong>stitia</strong></span> <span class='ocrx_word' id='word_1_827' title='bbox 1107 2151 1184 2178; x_wconf 87' lang='lat' dir='ltr'><strong>affert</strong></span> <span class='ocrx_word' id='word_1_828' title='bbox 1205 2153 1427 2184; x_wconf 87' lang='lat' dir='ltr'><strong>consolationem;</strong></span> <span class='ocrx_word' id='word_1_829' title='bbox 1444 2153 1465 2178; x_wconf 87' lang='lat' dir='ltr'><strong>si</strong></span> <span class='ocrx_word' id='word_1_830' title='bbox 1480 2157 1568 2180; x_wconf 79' lang='lat' dir='ltr'><strong>autem</strong></span> <span class='ocrx_word' id='word_1_831' title='bbox 1588 2154 1613 2180; x_wconf 89' lang='lat' dir='ltr'><strong>in</strong></span> <span class='ocrx_word' id='word_1_832' title='bbox 1633 2153 1732 2181; x_wconf 91' lang='lat' dir='ltr'><strong>mundo</strong></span> <span class='ocrx_word' id='word_1_833' title='bbox 1751 2154 1800 2182; x_wconf 86' lang='lat' dir='ltr'><strong>hoc</strong></span> 
     </span>
    </p>
   </div>
   <div class='ocr_carea' id='block_1_107' title="bbox 1018 2198 1800 2233">
    <p class='ocr_par' dir='ltr' id='par_1_107' title="bbox 1018 2198 1800 2233">
     <span class='ocr_line' id='line_1_107' title="bbox 1018 2198 1800 2233; baseline 0.003 -9"><span class='ocrx_word' id='word_1_834' title='bbox 1018 2198 1047 2224; x_wconf 85' lang='lat' dir='ltr'><strong>ﬁt</strong></span> <span class='ocrx_word' id='word_1_835' title='bbox 1061 2198 1145 2224; x_wconf 90' lang='lat' dir='ltr'><strong>multo</strong></span> <span class='ocrx_word' id='word_1_836' title='bbox 1159 2198 1242 2232; x_wconf 83' lang='lat' dir='ltr'><strong>magis</strong></span> <span class='ocrx_word' id='word_1_837' title='bbox 1257 2198 1281 2224; x_wconf 93' lang='lat' dir='ltr'><strong>in</strong></span> <span class='ocrx_word' id='word_1_838' title='bbox 1296 2198 1373 2225; x_wconf 88' lang='lat' dir='ltr'><strong>rebus</strong></span> <span class='ocrx_word' id='word_1_839' title='bbox 1394 2199 1582 2232; x_wconf 84' lang='lat' dir='ltr'><strong>spiritualibus.</strong></span> <span class='ocrx_word' id='word_1_840' title='bbox 1600 2199 1741 2233; x_wconf 80' lang='lat' dir='ltr'><strong>Propterea</strong></span> <span class='ocrx_word' id='word_1_841' title='bbox 1761 2200 1800 2226; x_wconf 91' lang='lat' dir='ltr'><strong>di-</strong></span> 
     </span>
    </p>
   </div>
   <div class='ocr_carea' id='block_1_108' title="bbox 1017 2242 1802 2278">
    <p class='ocr_par' dir='ltr' id='par_1_108' title="bbox 1017 2242 1802 2278">
     <span class='ocr_line' id='line_1_108' title="bbox 1017 2242 1802 2278; baseline 0.004 -9"><span class='ocrx_word' id='word_1_842' title='bbox 1017 2243 1070 2270; x_wconf 90' lang='lat' dir='ltr'><strong>cit:</strong></span> <span class='ocrx_word' id='word_1_843' title='bbox 1085 2243 1230 2270; x_wconf 80' lang='lat' dir='ltr'><strong>Secundum</strong></span> <span class='ocrx_word' id='word_1_844' title='bbox 1242 2242 1323 2270; x_wconf 87' lang='lat' dir='ltr'><strong>Deum</strong></span> <span class='ocrx_word' id='word_1_845' title='bbox 1333 2249 1415 2270; x_wconf 83' lang='lat' dir='ltr'><strong>autem</strong></span> <span class='ocrx_word' id='word_1_846' title='bbox 1430 2244 1531 2270; x_wconf 76' lang='lat' dir='ltr'><strong>tristitia</strong></span> <span class='ocrx_word' id='word_1_847' title='bbox 1545 2245 1716 2278; x_wconf 75' lang='lat' dir='ltr'><strong>paenitentiam</strong></span> <span class='ocrx_word' id='word_1_848' title='bbox 1727 2246 1752 2272; x_wconf 85' lang='lat' dir='ltr'><strong>in</strong></span> <span class='ocrx_word' id='word_1_849' title='bbox 1762 2254 1802 2272; x_wconf 74' lang='lat' dir='ltr'><strong>sa-</strong></span> 
     </span>
    </p>
   </div>
   <div class='ocr_carea' id='block_1_109' title="bbox 1017 2288 1799 2327">
    <p class='ocr_par' dir='ltr' id='par_1_109' title="bbox 1017 2288 1799 2327">
     <span class='ocr_line' id='line_1_109' title="bbox 1017 2288 1799 2327; baseline 0.006 -13"><span class='ocrx_word' id='word_1_850' title='bbox 1017 2288 1093 2314; x_wconf 89' lang='lat' dir='ltr'><strong>lutem</strong></span> <span class='ocrx_word' id='word_1_851' title='bbox 1114 2289 1227 2315; x_wconf 81' lang='lat' dir='ltr'><strong>stabilem</strong></span> <span class='ocrx_word' id='word_1_852' title='bbox 1240 2294 1358 2324; x_wconf 85' lang='lat' dir='ltr'><strong>operatur</strong></span> <span class='ocrx_word' id='word_1_853' title='bbox 1372 2289 1381 2325; x_wconf 96' lang='lat'><strong>(</strong></span> <span class='ocrx_word' id='word_1_854' title='bbox 1393 2289 1419 2316; x_wconf 72' lang='lat'><strong>2.</strong></span> <span class='ocrx_word' id='word_1_855' title='bbox 1431 2288 1490 2317; x_wconf 88' lang='lat' dir='ltr'><strong>Cor.</strong></span> <span class='ocrx_word' id='word_1_856' title='bbox 1505 2290 1530 2316; x_wconf 89' lang='lat'><strong>7.</strong></span> <span class='ocrx_word' id='word_1_857' title='bbox 1546 2290 1606 2326; x_wconf 76' lang='grc'><strong>10).</strong></span> <span class='ocrx_word' id='word_1_858' title='bbox 1622 2291 1656 2317; x_wconf 88' lang='lat' dir='ltr'><strong>Et</strong></span> <span class='ocrx_word' id='word_1_859' title='bbox 1676 2291 1726 2318; x_wconf 92' lang='lat' dir='ltr'><strong>hoc</strong></span> <span class='ocrx_word' id='word_1_860' title='bbox 1745 2293 1799 2327; x_wconf 90' lang='lat' dir='ltr'><strong>qui-</strong></span> 
     </span>
    </p>
   </div>
   <div class='ocr_carea' id='block_1_110' title="bbox 1017 2333 1798 2369">
    <p class='ocr_par' dir='ltr' id='par_1_110' title="bbox 1017 2333 1798 2369">
     <span class='ocr_line' id='line_1_110' title="bbox 1017 2333 1798 2369; baseline 0.006 -10"><span class='ocrx_word' id='word_1_861' title='bbox 1017 2333 1078 2360; x_wconf 88' lang='lat' dir='ltr'><strong>dem</strong></span> <span class='ocrx_word' id='word_1_862' title='bbox 1101 2333 1242 2360; x_wconf 79' lang='lat' dir='ltr'><strong>obscurum</strong></span> <span class='ocrx_word' id='word_1_863' title='bbox 1266 2341 1326 2360; x_wconf 86' lang='lat' dir='ltr'><strong>esse</strong></span> <span class='ocrx_word' id='word_1_864' title='bbox 1345 2334 1466 2366; x_wconf 87' lang='lat' dir='ltr'><strong>videtur;</strong></span> <span class='ocrx_word' id='word_1_865' title='bbox 1482 2334 1550 2369; x_wconf 90' lang='lat' dir='ltr'><strong>quod</strong></span> <span class='ocrx_word' id='word_1_866' title='bbox 1573 2340 1662 2362; x_wconf 86' lang='lat' dir='ltr'><strong>autem</strong></span> <span class='ocrx_word' id='word_1_867' title='bbox 1684 2336 1747 2363; x_wconf 91' lang='lat' dir='ltr'><strong>dicit</strong></span> <span class='ocrx_word' id='word_1_868' title='bbox 1762 2343 1798 2364; x_wconf 90' lang='lat' dir='ltr'><strong>est</strong></span> 
     </span>
    </p>
   </div>
   <div class='ocr_carea' id='block_1_111' title="bbox 1018 2378 1800 2417">
    <p class='ocr_par' dir='ltr' id='par_1_111' title="bbox 1018 2378 1800 2417">
     <span class='ocr_line' id='line_1_111' title="bbox 1018 2378 1800 2417; baseline 0.005 -12"><span class='ocrx_word' id='word_1_869' title='bbox 1018 2378 1167 2413; x_wconf 71' lang='lat' dir='ltr'><strong>huiusmodi</strong></span> <span class='ocrx_word' id='word_1_870' title='bbox 1180 2388 1187 2407; x_wconf 88' lang='lat'><strong>:</strong></span> <span class='ocrx_word' id='word_1_871' title='bbox 1202 2379 1230 2406; x_wconf 92' lang='lat' dir='ltr'><strong>Si</strong></span> <span class='ocrx_word' id='word_1_872' title='bbox 1244 2379 1277 2406; x_wconf 92' lang='lat' dir='ltr'><strong>de</strong></span> <span class='ocrx_word' id='word_1_873' title='bbox 1295 2380 1412 2414; x_wconf 89' lang='lat' dir='ltr'><strong>pecuniis</strong></span> <span class='ocrx_word' id='word_1_874' title='bbox 1427 2380 1543 2407; x_wconf 88' lang='lat' dir='ltr'><strong>tristatus</strong></span> <span class='ocrx_word' id='word_1_875' title='bbox 1558 2381 1653 2412; x_wconf 86' lang='lat' dir='ltr'><strong>fueris.</strong></span> <span class='ocrx_word' id='word_1_876' title='bbox 1671 2382 1734 2412; x_wconf 80' lang='lat' dir='ltr'><strong>nihil</strong></span> <span class='ocrx_word' id='word_1_877' title='bbox 1746 2390 1800 2417; x_wconf 89' lang='lat' dir='ltr'><strong>pro-</strong></span> 
     </span>
    </p>
   </div>
   <div class='ocr_carea' id='block_1_112' title="bbox 1017 2424 1800 2460">
    <p class='ocr_par' dir='ltr' id='par_1_112' title="bbox 1017 2424 1800 2460">
     <span class='ocr_line' id='line_1_112' title="bbox 1017 2424 1800 2460; baseline 0.005 -9"><span class='ocrx_word' id='word_1_878' title='bbox 1017 2424 1102 2452; x_wconf 74' lang='lat' dir='ltr'><strong>iecisti</strong></span> <span class='ocrx_word' id='word_1_879' title='bbox 1116 2432 1124 2452; x_wconf 84' lang='lat'><strong>:</strong></span> <span class='ocrx_word' id='word_1_880' title='bbox 1138 2425 1160 2452; x_wconf 90' lang='lat' dir='ltr'><strong>si</strong></span> <span class='ocrx_word' id='word_1_881' title='bbox 1176 2425 1201 2452; x_wconf 94' lang='lat' dir='ltr'><strong>in</strong></span> <span class='ocrx_word' id='word_1_882' title='bbox 1216 2425 1385 2460; x_wconf 53' lang='lat' dir='ltr'><strong>aegritudine,</strong></span> <span class='ocrx_word' id='word_1_883' title='bbox 1399 2425 1464 2452; x_wconf 91' lang='lat' dir='ltr'><strong>nihil</strong></span> <span class='ocrx_word' id='word_1_884' title='bbox 1478 2426 1591 2453; x_wconf 89' lang='lat' dir='ltr'><strong>lucratus</strong></span> <span class='ocrx_word' id='word_1_885' title='bbox 1608 2434 1638 2453; x_wconf 86' lang='lat' dir='ltr'><strong>es</strong></span> <span class='ocrx_word' id='word_1_886' title='bbox 1648 2447 1655 2459; x_wconf 94' lang='lat'><strong>,</strong></span> <span class='ocrx_word' id='word_1_887' title='bbox 1670 2435 1760 2454; x_wconf 79' lang='lat' dir='ltr'><strong>verum</strong></span> <span class='ocrx_word' id='word_1_888' title='bbox 1775 2434 1800 2455; x_wconf 91' lang='lat' dir='ltr'><strong>et</strong></span> 
     </span>
    </p>
   </div>
   <div class='ocr_carea' id='block_1_113' title="bbox 1017 2470 1397 2504">
    <p class='ocr_par' dir='ltr' id='par_1_113' title="bbox 1017 2470 1397 2504">
     <span class='ocr_line' id='line_1_113' title="bbox 1017 2470 1397 2504; baseline -0.003 -7"><span class='ocrx_word' id='word_1_889' title='bbox 1017 2470 1100 2504; x_wconf 83' lang='lat' dir='ltr'><strong>magis</strong></span> <span class='ocrx_word' id='word_1_890' title='bbox 1115 2470 1227 2504; x_wconf 88' lang='lat' dir='ltr'><strong>teipsum</strong></span> <span class='ocrx_word' id='word_1_891' title='bbox 1242 2470 1397 2498; x_wconf 85' lang='lat' dir='ltr'><strong>contrivisti.</strong></span> 
     </span>
    </p>
   </div>
   <div class='ocr_carea' id='block_1_114' title="bbox 1052 2515 1800 2552">
    <p class='ocr_par' dir='ltr' id='par_1_114' title="bbox 1052 2515 1800 2552">
     <span class='ocr_line' id='line_1_114' title="bbox 1052 2515 1800 2552; baseline 0.001 -8"><span class='ocrx_word' id='word_1_892' title='bbox 1052 2517 1078 2544; x_wconf 78' lang='lat'><strong>3.</strong></span> <span class='ocrx_word' id='word_1_893' title='bbox 1100 2517 1134 2544; x_wconf 88' lang='lat' dir='ltr'><strong>Et</strong></span> <span class='ocrx_word' id='word_1_894' title='bbox 1146 2523 1194 2551; x_wconf 87' lang='lat' dir='ltr'><strong>ego</strong></span> <span class='ocrx_word' id='word_1_895' title='bbox 1211 2516 1316 2551; x_wconf 87' lang='lat' dir='ltr'><strong>quidem</strong></span> <span class='ocrx_word' id='word_1_896' title='bbox 1338 2516 1435 2543; x_wconf 89' lang='lat' dir='ltr'><strong>multos</strong></span> <span class='ocrx_word' id='word_1_897' title='bbox 1455 2515 1542 2543; x_wconf 90' lang='lat' dir='ltr'><strong>audivi</strong></span> <span class='ocrx_word' id='word_1_898' title='bbox 1557 2521 1616 2551; x_wconf 91' lang='lat' dir='ltr'><strong>post</strong></span> <span class='ocrx_word' id='word_1_899' title='bbox 1630 2517 1708 2544; x_wconf 90' lang='lat' dir='ltr'><strong>talem</strong></span> <span class='ocrx_word' id='word_1_900' title='bbox 1722 2526 1800 2552; x_wconf 78' lang='lat' dir='ltr'><strong>expe-</strong></span> 
     </span>
    </p>
   </div>
   <div class='ocr_carea' id='block_1_115' title="bbox 1016 2561 1800 2597">
    <p class='ocr_par' dir='ltr' id='par_1_115' title="bbox 1016 2561 1800 2597">
     <span class='ocr_line' id='line_1_115' title="bbox 1016 2561 1800 2597; baseline 0.003 -9"><span class='ocrx_word' id='word_1_901' title='bbox 1016 2562 1138 2589; x_wconf 89' lang='lat' dir='ltr'><strong>rientiam</strong></span> <span class='ocrx_word' id='word_1_902' title='bbox 1159 2569 1188 2589; x_wconf 88' lang='lat' dir='ltr'><strong>se</strong></span> <span class='ocrx_word' id='word_1_903' title='bbox 1200 2566 1354 2589; x_wconf 82' lang='lat' dir='ltr'><strong>accusantes</strong></span> <span class='ocrx_word' id='word_1_904' title='bbox 1365 2583 1372 2593; x_wconf 91' lang='lat'><strong>,</strong></span> <span class='ocrx_word' id='word_1_905' title='bbox 1389 2566 1414 2588; x_wconf 86' lang='lat' dir='ltr'><strong>et</strong></span> <span class='ocrx_word' id='word_1_906' title='bbox 1426 2561 1458 2589; x_wconf 90' lang='lat' dir='ltr'><strong>ad</strong></span> <span class='ocrx_word' id='word_1_907' title='bbox 1472 2562 1573 2596; x_wconf 88' lang='lat' dir='ltr'><strong>seipsos</strong></span> <span class='ocrx_word' id='word_1_908' title='bbox 1584 2562 1703 2590; x_wconf 82' lang='lat' dir='ltr'><strong>dicentes</strong></span> <span class='ocrx_word' id='word_1_909' title='bbox 1714 2574 1722 2589; x_wconf 88' lang='lat'>:</span> <span class='ocrx_word' id='word_1_910' title='bbox 1738 2564 1800 2597; x_wconf 76' lang='lat' dir='ltr'><strong>Qua:</strong></span> 
     </span>
    </p>
   </div>
   <div class='ocr_carea' id='block_1_116' title="bbox 1018 2607 1799 2642">
    <p class='ocr_par' dir='ltr' id='par_1_116' title="bbox 1018 2607 1799 2642">
     <span class='ocr_line' id='line_1_116' title="bbox 1018 2607 1799 2642; baseline 0.003 -9"><span class='ocrx_word' id='word_1_911' title='bbox 1018 2607 1127 2638; x_wconf 90' lang='lat' dir='ltr'><strong>utilitas,</strong></span> <span class='ocrx_word' id='word_1_912' title='bbox 1140 2607 1209 2642; x_wconf 89' lang='lat' dir='ltr'><strong>quod</strong></span> <span class='ocrx_word' id='word_1_913' title='bbox 1221 2607 1312 2634; x_wconf 84' lang='lat' dir='ltr'><strong>dolui?</strong></span> <span class='ocrx_word' id='word_1_914' title='bbox 1324 2614 1374 2634; x_wconf 90' lang='lat' dir='ltr'><strong>nec</strong></span> <span class='ocrx_word' id='word_1_915' title='bbox 1389 2607 1511 2641; x_wconf 88' lang='lat' dir='ltr'><strong>pecunias</strong></span> <span class='ocrx_word' id='word_1_916' title='bbox 1525 2609 1688 2641; x_wconf 82' lang='lat' dir='ltr'><strong>recuperavi,</strong></span> <span class='ocrx_word' id='word_1_917' title='bbox 1704 2614 1730 2635; x_wconf 85' lang='lat' dir='ltr'><strong>et</strong></span> <span class='ocrx_word' id='word_1_918' title='bbox 1744 2617 1799 2635; x_wconf 85' lang='lat' dir='ltr'><strong>rne-</strong></span> 
     </span>
    </p>
   </div>
   <div class='ocr_carea' id='block_1_117' title="bbox 1018 2652 1798 2687">
    <p class='ocr_par' dir='ltr' id='par_1_117' title="bbox 1018 2652 1798 2687">
     <span class='ocr_line' id='line_1_117' title="bbox 1018 2652 1798 2687; baseline 0 -8"><span class='ocrx_word' id='word_1_919' title='bbox 1018 2653 1102 2687; x_wconf 92' lang='lat' dir='ltr'><strong>ipsum</strong></span> <span class='ocrx_word' id='word_1_920' title='bbox 1120 2653 1186 2679; x_wconf 83' lang='lat' dir='ltr'><strong>laesi.</strong></span> <span class='ocrx_word' id='word_1_921' title='bbox 1200 2652 1227 2679; x_wconf 89' lang='lat' dir='ltr'><strong>Si</strong></span> <span class='ocrx_word' id='word_1_922' title='bbox 1242 2660 1305 2679; x_wconf 90' lang='lat' dir='ltr'><strong>vero</strong></span> <span class='ocrx_word' id='word_1_923' title='bbox 1319 2652 1351 2679; x_wconf 89' lang='lat' dir='ltr'><strong>de</strong></span> <span class='ocrx_word' id='word_1_924' title='bbox 1362 2656 1472 2686; x_wconf 87' lang='lat' dir='ltr'><strong>peccato</strong></span> <span class='ocrx_word' id='word_1_925' title='bbox 1487 2653 1615 2685; x_wconf 74' lang='lat' dir='ltr'><strong>trieteris,</strong></span> <span class='ocrx_word' id='word_1_926' title='bbox 1630 2652 1681 2679; x_wconf 91' lang='lat' dir='ltr'><strong>hoc</strong></span> <span class='ocrx_word' id='word_1_927' title='bbox 1695 2653 1798 2685; x_wconf 63' lang='lat' dir='ltr'><strong>delt-sti,</strong></span> 
     </span>
    </p>
   </div>
   <div class='ocr_carea' id='block_1_118' title="bbox 1017 2698 1799 2733">
    <p class='ocr_par' dir='ltr' id='par_1_118' title="bbox 1017 2698 1799 2733">
     <span class='ocr_line' id='line_1_118' title="bbox 1017 2698 1799 2733; baseline 0 -8"><span class='ocrx_word' id='word_1_928' title='bbox 1017 2705 1044 2726; x_wconf 84' lang='lat' dir='ltr'><strong>et</strong></span> <span class='ocrx_word' id='word_1_929' title='bbox 1062 2700 1202 2725; x_wconf 81' lang='lat' dir='ltr'><strong>maximam</strong></span> <span class='ocrx_word' id='word_1_930' title='bbox 1221 2699 1336 2725; x_wconf 84' lang='lat' dir='ltr'><strong>lucratus</strong></span> <span class='ocrx_word' id='word_1_931' title='bbox 1357 2706 1386 2726; x_wconf 88' lang='lat' dir='ltr'><strong>es</strong></span> <span class='ocrx_word' id='word_1_932' title='bbox 1399 2699 1568 2733; x_wconf 71' lang='lat' dir='ltr'><strong>voluptatem.</strong></span> <span class='ocrx_word' id='word_1_933' title='bbox 1583 2698 1610 2726; x_wconf 90' lang='lat' dir='ltr'><strong>Si</strong></span> <span class='ocrx_word' id='word_1_934' title='bbox 1625 2698 1657 2725; x_wconf 88' lang='lat' dir='ltr'><strong>de</strong></span> <span class='ocrx_word' id='word_1_935' title='bbox 1677 2699 1799 2726; x_wconf 86' lang='lat' dir='ltr'><strong>fratribus</strong></span> 
     </span>
    </p>
   </div>
   <div class='ocr_carea' id='block_1_119' title="bbox 1018 2743 1797 2780">
    <p class='ocr_par' dir='ltr' id='par_1_119' title="bbox 1018 2743 1797 2780">
     <span class='ocr_line' id='line_1_119' title="bbox 1018 2743 1797 2780; baseline -0.004 -8"><span class='ocrx_word' id='word_1_936' title='bbox 1018 2746 1100 2780; x_wconf 85' lang='lat' dir='ltr'><strong>lapsis</strong></span> <span class='ocrx_word' id='word_1_937' title='bbox 1110 2744 1285 2776; x_wconf 90' lang='lat' dir='ltr'><strong>contristeris,</strong></span> <span class='ocrx_word' id='word_1_938' title='bbox 1300 2745 1411 2778; x_wconf 85' lang='lat' dir='ltr'><strong>teipsum</strong></span> <span class='ocrx_word' id='word_1_939' title='bbox 1427 2743 1545 2771; x_wconf 89' lang='lat' dir='ltr'><strong>hortatus</strong></span> <span class='ocrx_word' id='word_1_940' title='bbox 1556 2751 1585 2771; x_wconf 90' lang='lat' dir='ltr'><strong>es</strong></span> <span class='ocrx_word' id='word_1_941' title='bbox 1598 2748 1624 2770; x_wconf 89' lang='lat' dir='ltr'><strong>et</strong></span> <span class='ocrx_word' id='word_1_942' title='bbox 1638 2745 1797 2776; x_wconf 79' lang='lat' dir='ltr'><strong>consolatus,</strong></span> 
     </span>
    </p>
   </div>
   <div class='ocr_carea' id='block_1_120' title="bbox 1017 2789 1798 2824">
    <p class='ocr_par' dir='ltr' id='par_1_120' title="bbox 1017 2789 1798 2824">
     <span class='ocr_line' id='line_1_120' title="bbox 1017 2789 1798 2824; baseline -0.003 -6"><span class='ocrx_word' id='word_1_943' title='bbox 1017 2796 1044 2819; x_wconf 92' lang='lat' dir='ltr'><strong>et</strong></span> <span class='ocrx_word' id='word_1_944' title='bbox 1065 2791 1123 2818; x_wconf 91' lang='lat' dir='ltr'><strong>illos</strong></span> <span class='ocrx_word' id='word_1_945' title='bbox 1144 2798 1247 2818; x_wconf 87' lang='lat' dir='ltr'><strong>rursum</strong></span> <span class='ocrx_word' id='word_1_946' title='bbox 1273 2789 1433 2824; x_wconf 87' lang='lat' dir='ltr'><strong>recuperasti</strong></span> <span class='ocrx_word' id='word_1_947' title='bbox 1447 2797 1455 2817; x_wconf 71' lang='grc' dir='ltr'>ε</span> <span class='ocrx_word' id='word_1_948' title='bbox 1470 2789 1540 2823; x_wconf 88' lang='lat' dir='ltr'><strong>quod</strong></span> <span class='ocrx_word' id='word_1_949' title='bbox 1563 2789 1586 2816; x_wconf 82' lang='lat' dir='ltr'><strong>si</strong></span> <span class='ocrx_word' id='word_1_950' title='bbox 1607 2789 1672 2816; x_wconf 88' lang='lat' dir='ltr'><strong>nihil</strong></span> <span class='ocrx_word' id='word_1_951' title='bbox 1686 2793 1713 2818; x_wconf 84' lang='lat' dir='ltr'><strong>et</strong></span> <span class='ocrx_word' id='word_1_952' title='bbox 1736 2789 1798 2824; x_wconf 81' lang='lat' dir='ltr'><strong>ipsis</strong></span> 
     </span>
    </p>
   </div>
   <div class='ocr_carea' id='block_1_121' title="bbox 1051 2843 1510 2876">
    <p class='ocr_par' dir='ltr' id='par_1_121' title="bbox 1051 2843 1510 2876">
     <span class='ocr_line' id='line_1_121' title="bbox 1051 2843 1510 2876; baseline 0 -6"><span class='ocrx_word' id='word_1_953' title='bbox 1051 2847 1059 2863; x_wconf 74' lang='grc' dir='ltr'>ι</span> <span class='ocrx_word' id='word_1_954' title='bbox 1077 2847 1112 2871; x_wconf 79' lang='lat' dir='ltr'><strong>sic</strong></span> <span class='ocrx_word' id='word_1_955' title='bbox 1121 2845 1222 2872; x_wconf 83' lang='lat' dir='ltr'><strong>Savil.tn</strong></span> <span class='ocrx_word' id='word_1_956' title='bbox 1235 2849 1269 2874; x_wconf 62' lang='grc' dir='ltr'><strong>οη</strong></span> <span class='ocrx_word' id='word_1_957' title='bbox 1279 2845 1353 2876; x_wconf 84' lang='lat' dir='ltr'><strong>lucro,</strong></span> <span class='ocrx_word' id='word_1_958' title='bbox 1368 2851 1419 2876; x_wconf 86' lang='lat' dir='ltr'><strong>pro,</strong></span> <span class='ocrx_word' id='word_1_959' title='bbox 1435 2843 1510 2870; x_wconf 79' lang='lat' dir='ltr'><strong>luctu.</strong></span> 
     </span>
    </p>
   </div>
  </div>
