1983 3125
64 162 106 188 185
515 160 558 188 AD
577 159 740 188 POPULUM
759 159 1004 189 ANTIOCHENUM
1034 160 1149 188 HOMIL.
1170 152 1261 188 Xi’lll.

63 217 178 254 profueris
188 237 195 248 ,
214 216 363 244 maximam
375 217 458 245 habes
471 217 631 244 mercedem.
650 216 683 244 Et
697 221 725 244 ut
737 216 823 244 discas
835 237 843 250 ,

61 264 120 300 quod
133 263 165 290 de
186 263 267 297 lapsis
285 262 410 295 tristari,
423 264 473 290 etsi
489 263 554 290 nihil
579 270 736 298 prosumns,
758 263 843 290 maxi-

60 317 120 337 mam
145 307 219 335 nobis
246 307 456 335 retributionem
478 308 570 340 affert,
587 308 649 335 audi
676 309 842 336 Ezechielem

59 356 191 385 dicentem,
213 354 268 379 imo
296 360 365 380 vere
390 353 473 380 Deum
502 361 549 388 per
568 354 654 388 ipsum
679 353 842 388 loquentem.

60 401 185 433 Postquam
211 398 284 425 enim
311 399 390 426 misit
410 399 538 434 quosdam
569 399 603 426 ad
636 399 841 427 subvertendum

59 447 152 476 urbem,
165 448 191 472 et
203 442 277 471 ferro
291 449 321 471 et
334 445 391 479 igni
406 445 616 472 consumendum
631 445 741 472 aedilicia
754 446 843 472 omnia

59 498 107 517 cum
119 490 312 517 habitatoribus
327 490 395 524 ipsis
407 511 414 522 ,
426 491 539 525 imperat
554 490 659 518 cuidam
673 491 711 518 sic
729 490 822 518 dicens
835 499 841 517 :

62 537 91 562 lia
105 536 199 571 signum
218 535 247 561 in
268 535 339 570 [acie
359 537 472 563 virorum
492 537 644 572 gementium
662 541 684 563 et
706 537 843 564 dolentium

62 582 147 613 (Emit.
163 581 189 608 9.
203 580 244 616 4).
260 581 295 608 Et
310 589 375 608 cum
396 581 456 608 aliis
475 582 646 616 imperasset,
661 587 688 609 ct
709 582 820 610 dixisset
834 590 842 610 :

60 630 76 655 Α
91 627 174 654 sanctis
194 627 257 653 mis
281 627 393 662 incipite
406 635 416 654 :
431 628 518 654 intulit
538 628 651 655 dicens:
671 628 758 662 Supra
782 636 844 662 quas

60 679 125 699 autem
136 676 169 699 est
180 672 294 707 signum,
312 681 347 699 ne
367 673 437 708 ipsos
451 674 545 708 tangite
560 673 612 708 (lb.
628 681 652 700 υ.
664 673 703 709 6).
719 674 785 708 Qua,
800 674 844 701 dic

61 719 111 746 mihi
123 739 130 750 ,
140 717 236 745 causa?
248 717 388 751 Quoniam
404 719 454 745 etsi
470 718 534 745 nihil
551 723 679 753 prosunt,
694 723 782 746 tamen
797 727 843 754 ge-

61 769 121 792 munt
132 771 187 798 quae
199 769 336 798 geruntur
351 768 381 792 et
392 764 541 799 deplorant.
559 764 593 791 Et
606 764 672 792 alios
688 771 781 792 rursus
795 772 842 791 ac-

61 814 120 837 cusat
131 830 137 840 ,
149 809 259 837 dicens:
277 809 377 837 Ventri
399 814 427 837 et
449 809 553 837 deliciis
572 814 707 843 vacantes,
722 814 749 837 et
761 810 842 837 multa

62 858 171 891 potientes
190 856 337 888 libertate,
352 856 474 883 videntes
487 856 594 883 Iudaeos
619 856 644 883 in
661 856 841 890 captivitatem

61 902 147 934 (lt-duci,
160 909 210 928 non
226 901 389 933 doluerunt,
402 910 454 928 non
468 902 611 936 participes
625 901 698 929 fuere
709 902 821 929 tristitiae
835 911 841 929 :

61 955 81 975 ct
92 949 152 982 ipsos
164 955 295 975 accusans
319 949 380 975 ait:
398 948 474 975 Nihil
485 949 554 983 passi
567 953 626 975 sunt
647 948 673 975 in
693 949 842 975 contritione

62 994 138 1027 lasepli
159 993 269 1026 (Amos.
287 992 317 1020 6.
341 993 398 1029 6),
427 993 526 1028 Joseph
550 993 688 1028 appellans
715 994 841 1027 populum

63 1046 158 1065 omnem.
172 1038 203 1065 Et
223 1046 336 1065 rursum
357 1047 363 1065 :
385 1038 445 1065 Non
462 1039 522 1066 exiit
545 1046 602 1071 qua:
622 1039 717 1065 habitat
732 1038 841 1072 Euan,

64 1086 161 1118 plangere
174 1084 275 1110 domum
289 1092 351 1111 sua
361 1085 521 1118 conjunctam
535 1083 626 1119 (Mich.
640 1082 728 1120 1.11).
742 1083 842 1118 Quam-

64 1130 94 1156 vis
110 1129 172 1156 enim
193 1129 265 1163 juste
279 1129 430 1163 puniantur
443 1150 449 1161 ,
465 1129 522 1156 vult
534 1129 603 1156 Deus
618 1135 666 1156 nos
680 1129 823 1156 condolere
832 1149 841 1162 ,

64 1182 104 1201 non
125 1178 206 1201 autem
220 1174 347 1208 gaudere
370 1178 398 1201 et
419 1174 558 1201 insultare.
572 1173 598 1201 Si
621 1173 708 1206 enim,
724 1175 776 1206 ait,
792 1181 843 1209 ego

65 1220 157 1255 puniens
169 1227 220 1247 nou
236 1220 318 1247 hctus
336 1220 388 1247 hoc
402 1219 481 1252 facio,
496 1227 545 1247 nec
560 1221 586 1246 in
603 1221 718 1255 ipsorum
739 1220 840 1248 ultione

64 1267 162 1293 delector
183 1265 255 1301 (Non
278 1266 357 1294 enim
370 1267 496 1294 uoluntate
510 1267 566 1294 uolo
579 1272 683 1294 mortem
706 1268 842 1302 peccatoris

66 1311 151 1347 [EzedL
161 1313 200 1340 l8.
214 1312 276 1349 25])
289 1321 297 1345 ;
314 1317 424 1348 oportet
438 1317 465 1340 et
479 1318 506 1340 te
526 1314 665 1340 Dominum
687 1313 802 1346 imitari,
816 1318 842 1340 et

66 1362 184 1392 propterea
205 1356 301 1393 lugere
314 1379 324 1390 ,
341 1360 465 1393 quoniam
493 1364 616 1394 peccator
636 1359 713 1394 justm
736 1360 842 1387 ultionis

67 1404 181 1431 materiam
192 1405 308 1439 pnubuit
324 1408 352 1432 et
362 1405 539 1432 occasionem.
553 1405 642 1439 Itaque
655 1405 677 1432 si
688 1405 747 1439 quis
761 1405 840 1432 etiam

66 1451 189 1478 semiudum
212 1451 295 1478 Deum
312 1452 435 1479 tristetur
447 1471 455 1484 ,
469 1458 590 1487 magnam
604 1452 664 1479 inde
680 1452 761 1479 sumit
773 1451 842 1479 utili-

69 1501 142 1523 tatem.
151 1496 214 1523 Cum
232 1497 317 1531 igitur
331 1497 464 1524 beatiores
481 1498 534 1524 sint
548 1497 671 1532 ﬂagellati
684 1497 842 1532 ﬂagellanti-

71 1543 212 1577 lius,etqui
232 1543 305 1577 apud
331 1550 380 1570 nos
400 1542 563 1578 affliguntur,
579 1543 678 1571 exteris
705 1543 798 1578 positis
815 1543 841 1570 in

69 1589 218 1620 remissione,
231 1594 258 1616 et
270 1589 397 1616 dolentes
409 1589 584 1624 gaudentibus
599 1598 606 1616 :
621 1597 681 1624 qua:
697 1589 774 1616 nobis
786 1597 842 1616 am-

72 1633 126 1666 plius
143 1633 189 1661 erit
218 1634 400 1661 tribulationis
421 1635 548 1661 occasio?
570 1635 712 1669 Propterea
736 1635 841 1662 beatum

72 1678 144 1704 haberi
161 1679 283 1706 convenit
304 1680 457 1713 neminem,
471 1680 523 1707 nisi
541 1679 687 1707 secundum
701 1680 784 1708 Deum
802 1681 841 1707 vi-

73 1730 157 1750 ventem
172 1725 264 1751 solum.
278 1725 338 1752 Hos
345 1732 451 1760 quoque
465 1725 537 1753 solos
552 1725 687 1760 Scriptura
697 1726 787 1753 beatos
798 1734 842 1752 vo-

73 1775 119 1794 m:
130 1769 205 1803 inquit
221 1771 294 1797 enim
309 1779 317 1797 :
330 1770 424 1798 Beatus
437 1771 485 1804 vir,
499 1771 543 1806 qui
555 1779 605 1798 non
619 1771 678 1797 abiit
699 1772 726 1797 in
739 1771 843 1798 consilio

74 1815 185 1848 impiorum
199 1815 283 1852 (Paul.
299 1817 327 1844 1.
344 1817 371 1851 1)
385 1826 391 1843 :
407 1816 499 1843 Beatus
510 1825 584 1852 quem
597 1822 624 1844 tu
640 1818 769 1850 erudieris,
789 1817 841 1844 Do-

74 1860 134 1890 mine,
146 1866 168 1887 rt
178 1862 207 1888 de
218 1862 272 1896 lege
286 1867 333 1888 tua
344 1862 459 1889 docueris
473 1870 528 1889 eum
538 1870 547 1889 :
557 1862 628 1889 Beati
647 1863 803 1890 immaculatt'
816 1863 843 1889 in

74 1906 120 1932 eia:
132 1905 196 1933 Beati
209 1915 298 1934 omnes
312 1907 356 1942 qui
372 1908 502 1941 conﬁdunt
518 1909 544 1934 in
564 1916 592 1934 eo
604 1916 614 1935 :
628 1907 720 1934 Beatus
735 1909 843 1943 populus

75 1951 132 1985 cujus
144 1951 259 1979 Dominus
273 1952 346 1980 Deus
361 1954 415 1988 ejus
429 1954 437 1969 ¹
451 1953 534 1989 (Psal.
550 1955 593 1982 95.
605 1954 648 1981 i9...
664 1959 687 1981 et
705 1955 766 1981 118.
781 1954 806 1982 1.
820 1959 844 1981 et

75 1996 96 2021 Ξ.
116 1997 152 2024 15.
171 2003 192 2024 et
211 1998 254 2025 32.
282 1998 338 2033 12)
353 2007 360 2026 :
377 1998 469 2026 Beatus
493 2007 566 2031 quem
594 2007 644 2026 non
669 1999 844 2026 condemnavit

76 2042 143 2068 anima
155 2043 204 2077 ejus
218 2043 314 2078 (Eccli.
331 2044 374 2071 14.
383 2043 411 2079 2)
427 2044 538 2071 :Beatus
551 2045 598 2076 vir,
613 2045 656 2079 qui
674 2046 742 2072 timet
754 2045 844 2072 Domi-

77 2094 123 2112 num
135 2087 210 2120 (Psal.
220 2089 283 2116 111.
297 2089 332 2124 1).
349 2089 382 2116 Et
394 2097 497 2116 rursum
509 2090 547 2117 sic
558 2089 679 2116 Christus
692 2099 698 2117 :
715 2090 787 2117 Beati
801 2091 844 2125 qui

78 2132 160 2166 lugent,
173 2134 232 2161 beati
249 2135 374 2167 humiles,
390 2135 454 2162 beati
464 2136 552 2168 mites,
569 2136 633 2162 beati
647 2136 763 2171 paciﬁci,
779 2136 843 2163 beati

77 2178 109 2210 qui
121 2180 324 2211 peruquutionem
340 2181 469 2214 patiuntur
481 2186 583 2216 propter
590 2182 718 2216 justitiam
732 2181 842 2217 (Matth.

78 2221 98 2247 5.
108 2222 183 2257 3-10).
199 2224 280 2252 Vides
292 2226 426 2260 quomodo
440 2226 531 2253 nullibi
544 2227 654 2253 divitum
669 2235 843 2262 quemquam,

79 2274 119 2293 non
128 2275 289 2303 generosum,
300 2279 353 2297 non
364 2271 447 2306 gloria
463 2272 572 2306 potitum
586 2272 736 2299 beatificant
748 2273 844 2301 divina:

81 2312 151 2346 leges,
162 2313 205 2340 sed
218 2315 344 2343 virtutem
360 2320 460 2343 tantum
481 2323 653 2351 assequutum
666 2317 678 2344 ?
690 2317 765 2350 Quod
777 2325 845 2352 qum-

81 2358 131 2384 ritur
149 2359 212 2386 enim
223 2381 231 2392 ,
251 2361 279 2388 in
293 2361 416 2388 omnibus
428 2381 435 2394 ,
451 2369 510 2396 qua:
530 2361 641 2390 facimus
656 2362 698 2390 vel
712 2363 825 2397 patimur
835 2383 842 2396 ,

81 2402 117 2429 Dei
128 2403 237 2433 timorem
249 2413 312 2434 esse
323 2407 446 2434 convenit
458 2427 465 2439 ,
477 2412 504 2435 et
518 2408 541 2434 si
562 2408 631 2434 hanc
644 2409 792 2443 prmmittas
806 2416 846 2436 ra-

81 2449 150 2476 dicem
163 2471 170 2484 ,
182 2459 230 2479 non
252 2453 378 2480 remissio
403 2458 503 2480 tantum
515 2475 523 2486 ,
539 2462 589 2481 nec
612 2455 727 2482 honores
738 2475 745 2487 ,
760 2462 846 2490 neque

82 2497 149 2530 gloria
169 2504 242 2535 atque
269 2501 434 2534 ministeria,
455 2509 547 2529 verum
571 2506 598 2529 et
619 2501 800 2529 infestationes
818 2506 846 2529 et

82 2543 208 2578 calumniae,
216 2551 244 2574 et
255 2546 434 2580 contumeliae,
445 2551 473 2574 et
482 2547 644 2582 ignominiaa,
658 2551 686 2575 et
701 2552 844 2580 tormenta,

84 2592 105 2614 et
115 2591 188 2617 omnia
201 2592 360 2627 generaliter
371 2593 512 2628 voluptatis
525 2593 626 2621 fructus
645 2594 691 2621 tibi
714 2594 846 2628 germina-

86 2633 145 2662 bunt.
159 2636 187 2664 Et
205 2639 272 2666 sicut
292 2639 416 2666 arborum
441 2640 560 2673 radices,
575 2640 640 2675 ipsa
665 2640 771 2675 quidem
786 2645 847 2668 sunt

87 2684 390 2718 amara.jucundissimos
410 2691 499 2713 autem
516 2686 593 2713 nobis
612 2686 712 2715 fructus
735 2686 845 2715 ferunt:

88 2725 117 2753 sic
126 2728 224 2761 profecto
237 2734 264 2757 et
272 2731 416 2758 secundum
432 2731 514 2759 Deum
529 2732 634 2759 tristitia
649 2732 758 2760 multam
771 2733 846 2761 nobis

89 2770 163 2800 ﬂleret
173 2775 337 2810 voluptatem.
348 2776 449 2804 Norunt
468 2777 626 2812 quicumque
640 2785 711 2813 saepe
724 2785 783 2805 cum
799 2778 847 2806 do-

113 2838 122 2872 }
135 2839 165 2864 sic
173 2847 269 2867 maxim

92 2873 152 2895 ωηα
160 2872 245 2901 adiutor
255 2872 316 2902 ejus.
611 2897 616 2901 .

228 2915 360 2946 Parnot.
384 2915 442 2946 Gn.
466 2914 578 2946 XLIX.

344 2845 396 2868 Mss.
409 2843 479 2868 savii.
491 2846 573 2869 autem
582 2847 608 2869 et
619 2843 710 2875 Morel.,
720 2844 791 2875 cuius
803 2849 846 2871 Do-

1636 166 1686 194 188

902 217 959 245 lore
970 222 1114 245 oraverunt
1126 222 1152 245 et
1161 217 1292 254 lacrymas
1307 217 1458 246 effuderunt
1467 239 1476 252 ,
1487 225 1612 255 quantam
1632 222 1688 249 sint

898 262 991 289 lucrati
1007 262 1134 296 ltctitiam,
1146 262 1281 296 quomodo
1293 262 1489 291 conscientiam
1503 266 1684 301 expurgariut,

896 307 1030 342 quomodo
1052 307 1253 335 exsurrexerint
1276 315 1337 335 cum
1352 308 1420 336 bona
1435 316 1482 344 spe
1499 317 1505 336 :
1521 310 1590 346 quod
1612 312 1684 339 enim

895 360 1001 388 semper
1013 353 1083 387 dico,
1097 361 1150 381 non
1165 361 1253 381 rerum
1267 358 1371 387 natura,
1385 355 1431 382 sed
1445 363 1520 382 mens
1533 361 1622 384 nostra
1636 365 1686 385 nos

894 400 1054 428 contristare
1082 400 1123 427 vel
1142 400 1279 428 latilicare
1295 402 1443 428 consuevit.
1459 402 1487 429 Si
1510 402 1591 437 igitur
1615 404 1683 431 hanc

895 445 975 472 talem
1000 445 1151 478 reddamus,
1167 446 1271 480 qualem
1295 453 1355 474 esse
1374 446 1459 480 decet,
1479 447 1566 475 omnis
1587 448 1686 477 laetitia;

895 490 989 524 pignus
1003 490 1160 518 habebimus
1175 500 1182 518 :
1203 495 1231 518 et
1242 491 1310 518 sicut
1323 499 1421 527 corpus
1434 500 1488 520 non
1503 497 1602 520 tantum
1615 495 1686 521 aeris

897 541 990 563 natura
1005 541 1050 563 aut
1060 537 1205 565 exteriores
1220 537 1353 572 incursus,
1369 543 1497 573 quantum
1512 539 1617 574 propria
1628 539 1685 566 dis-

896 582 992 617 positio
1004 588 1031 610 et
1045 583 1118 610 ltedit
1131 588 1158 611 et
1172 583 1279 619 adjuvat
1294 592 1301 611 :
1316 584 1354 612 sic
1366 588 1394 612 et
1407 585 1434 612 in
1447 585 1545 618 anima,
1559 590 1587 613 et
1599 586 1684 613 multo

895 628 987 662 magis.
1004 628 1053 656 llic
1071 630 1170 657 etenim
1191 635 1293 658 naturae
1312 635 1354 658 est
1367 631 1512 659 necessitas
1524 652 1531 663 ,
1546 632 1600 658 illic
1621 639 1686 659 vero

897 677 979 700 totum
1003 674 1029 700 in
1044 674 1178 702 voluntate
1197 675 1277 703 situm
1300 680 1352 703 est.
1367 676 1510 710 Propterea
1526 677 1622 704 Paulus
1646 678 1686 704 in-

896 726 1005 746 numera
1021 726 1113 753 passus
1128 720 1194 747 mala
1205 740 1212 753 ,
1230 720 1365 756 naufragia
1375 741 1382 753 ,
1397 722 1465 749 bella
1477 743 1484 754 ,
1500 724 1681 757 perscquutio-

895 771 942 790 nes
952 784 959 796 ,
974 764 1081 792 insidias
1091 785 1098 799 ,
1115 765 1246 793 latronum
1265 767 1395 799 incursus,
1412 772 1439 794 et
1449 776 1621 804 qnzecumque
1636 777 1685 796 nec

895 809 1015 836 oratione
1039 818 1179 838 numerare
1203 812 1280 844 licet,
1295 817 1321 839 et
1338 813 1456 847 quotidie
1478 814 1594 841 moriens
1607 835 1614 846 ,
1631 822 1684 842 non

896 858 997 881 tantum
1013 863 1065 881 non
1078 855 1185 884 dolebat
1198 864 1247 884 nec
1260 857 1444 892 indignabatur
1456 878 1463 890 ,
1478 867 1569 885 verum
1587 864 1614 886 et
1632 860 1685 892 glo-

895 900 1013 927 riabatur
1036 905 1063 928 et
1085 901 1238 936 gaudebat,
1253 902 1410 938 dicebatque
1425 912 1432 930 :
1448 903 1524 930 Nunc
1546 905 1643 939 gaudeo
1659 905 1686 931 in

894 945 1050 980 passionibus
1059 947 1130 979 meis,
1141 951 1163 973 et
1173 948 1277 982 suppleo
1287 948 1397 983 defectus
1408 948 1597 976 tribulationum
1609 949 1684 977 Chri-

894 991 926 1018 sti
939 991 966 1018 in
979 999 1055 1018 carne
1068 1000 1123 1019 inea
1138 992 1245 1028 (Colon.
1260 993 1287 1020 1.
1298 993 1356 1028 24).
1375 994 1407 1021 Et
1418 994 1512 1021 iterum
1529 1004 1536 1022 :
1552 994 1612 1022 Non
1625 1000 1684 1022 tan-

895 1042 948 1064 tum
958 1043 1051 1072 autem,
1061 1046 1147 1065 verum
1159 1044 1182 1066 et
1194 1040 1334 1074 gloriantur
1343 1040 1370 1066 in
1380 1040 1580 1067 tribulationibus
1593 1041 1683 1075 (Rom.

894 1084 920 1111 5.
937 1085 954 1112 5
964 1083 984 1120 ),
997 1084 1125 1112 Gloriatio
1138 1092 1200 1111 vero
1214 1085 1357 1120 voluptatis
1368 1089 1409 1113 est
1419 1085 1540 1113 intentio.

929 1129 956 1156 4.
976 1129 1003 1156 Si
1011 1129 1128 1157 laetitiam
1139 1130 1227 1164 itaque
1238 1130 1323 1164 cupis,
1333 1138 1385 1157 non
1401 1131 1536 1164 pecunias,
1551 1137 1604 1158 non
1614 1138 1677 1157 cor-

895 1173 969 1208 poris
982 1174 1121 1202 sanitatem
1132 1195 1140 1207 ,
1152 1182 1206 1202 non
1222 1175 1335 1210 gloriam
1346 1195 1353 1208 ,
1372 1183 1426 1203 non
1444 1176 1587 1210 potentiam
1598 1196 1606 1208 ,
1631 1183 1682 1202 non

893 1219 1014 1254 delicias,
1029 1227 1082 1247 non
1100 1221 1185 1248 lautas
1197 1228 1321 1252 mensas,
1335 1228 1388 1247 non
1404 1221 1548 1249 sericarum
1571 1221 1684 1248 vestium

894 1266 1007 1293 amictus
1039 1273 1144 1301 quatras
1169 1275 1177 1292 τ
1201 1274 1255 1294 ηοη
1287 1267 1418 1301 pretiosos
1446 1273 1523 1301 agros
1556 1266 1682 1293 domosve

894 1310 1046 1346 splendidas
1056 1316 1083 1340 et
1097 1312 1224 1345 illustres,
1235 1317 1282 1340 aut
1294 1312 1366 1339 aliud
1382 1312 1531 1347 hujusmodi
1540 1312 1683 1347 quidquam

894 1361 1014 1390 sectare;
1030 1357 1077 1384 sed
1091 1357 1283 1392 philosophiam
1293 1378 1301 1390 ,
1315 1366 1374 1393 qua:
1385 1362 1427 1385 est
1435 1358 1579 1385 secundum
1591 1359 1683 1391 Deum,

894 1410 1000 1436 exerce,
1013 1403 1183 1438 apprehende
1198 1404 1322 1431 virtutem
1331 1424 1339 1436 ,
1359 1408 1386 1431 et
1401 1404 1437 1431 nil
1447 1411 1539 1431 eorum
1552 1411 1612 1439 quas
1624 1410 1686 1431 sunt

894 1453 939 1475 aut
959 1453 1164 1483 exspectantur,
1179 1453 1207 1477 te
1227 1449 1326 1484 poterit
1344 1450 1506 1477 contristare
1520 1458 1527 1477 :
1541 1450 1603 1484 quid
1624 1450 1684 1477 dico

894 1494 1075 1522 contristare?
1094 1495 1147 1522 imo
1163 1495 1283 1522 accessio
1297 1495 1343 1522 tibi
1359 1495 1502 1530 voluptatis
1525 1500 1604 1523 erunt
1625 1503 1684 1531 qua:

894 1539 961 1567 alios
975 1540 1134 1567 contristant
1149 1550 1156 1567 :
1171 1541 1270 1568 etenim
1284 1540 1386 1575 flagella
1397 1560 1405 1573 ,
1421 1545 1521 1568 mortes
1533 1561 1541 1572 ,
1557 1541 1682 1574 mulctm,

894 1586 1077 1612 accusationes
1087 1605 1095 1618 ,
1117 1593 1254 1619 arrumnaa,
1270 1590 1297 1613 et
1311 1585 1398 1613 omnia
1416 1586 1487 1618 talia,
1502 1593 1562 1613 cum
1577 1590 1685 1620 propter

895 1630 979 1657 Deum
1002 1630 1079 1657 nobis
1104 1630 1260 1664 inferantur,
1282 1635 1309 1657 et
1331 1630 1400 1657 hanc
1423 1631 1536 1658 habeant
1556 1631 1683 1663 radicem,

895 1675 1004 1702 multam
1021 1675 1097 1702 nobis
1110 1676 1136 1702 in
1149 1676 1264 1702 animam
1278 1675 1408 1704 inducunt
1418 1677 1590 1710 voluptatem.

931 1721 1013 1748 Nemo
1023 1730 1068 1749 nos
1076 1722 1179 1749 miseros
1187 1723 1248 1757 facit
1261 1722 1359 1750 nisinor
1367 1722 1518 1756 tiret—Nos
1526 1723 1595 1750 enim
1606 1722 1686 1750 miseo

895 1775 939 1794 ros
948 1767 1034 1795 facere
1042 1768 1137 1802 poterit
1148 1775 1237 1801 nemo,
1249 1769 1298 1795 nisi
1314 1775 1363 1796 nos
1375 1769 1446 1803 ipsos
1461 1768 1604 1796 iaciamus:
1616 1769 1685 1796 sicut

895 1813 996 1840 scilicet
1016 1821 1101 1848 neque
1119 1814 1221 1848 beatos,
1242 1815 1293 1841 nisi
1314 1823 1363 1842 nos
1375 1815 1538 1848 efﬁciamus,
1557 1820 1614 1850 post
1633 1816 1681 1843 Dei

895 1859 1016 1894 gratiam.
1032 1859 1119 1895 thue
1133 1860 1241 1887 discatis
1255 1868 1316 1887 eum
1327 1861 1415 1888 solum
1426 1868 1486 1889 esse
1501 1861 1607 1888 beatum
1617 1881 1624 1894 ,
1639 1861 1685 1896 qui

896 1906 971 1933 timet
989 1907 1128 1933 Dominum
1145 1915 1151 1932 :
1168 1915 1219 1934 non
1243 1914 1275 1934 ex
1299 1907 1451 1942 prasteritis,
1467 1915 1559 1934 verum
1584 1915 1617 1934 cx
1640 1907 1683 1940 iis,

896 1960 955 1986 quae
965 1952 1132 1987 contigerunt
1145 1953 1231 1983 nobis,
1245 1952 1295 1980 hoc
1306 1953 1381 1980 vobis
1395 1960 1466 1980 nunc
1480 1953 1680 1980 demonstrabo.

897 1997 1046 2025 Periculum
1058 1997 1116 2029 fuit,
1131 2005 1165 2025 ne
1179 1998 1243 2025 urbs
1259 1998 1336 2025 nobis
1344 2002 1399 2025 tota
1413 1998 1557 2030 deleretur,
1571 2002 1598 2025 et
1614 1998 1684 2024 divi-

896 2047 951 2070 tum
963 2043 1081 2079 quidem,
1094 2044 1234 2070 illustrium
1251 2044 1444 2079 insigniumque
1458 2044 1573 2071 virorum
1588 2044 1614 2070 in
1628 2052 1683 2071 me-

896 2088 940 2116 dio
952 2096 1082 2123 apparere
1094 2096 1173 2116 ausus
1183 2094 1223 2116 cst
1239 2096 1318 2116 nemo
1327 2110 1335 2122 ,
1354 2089 1401 2116 sed
1415 2088 1538 2123 fugerunt
1551 2095 1645 2116 omnes
1655 2093 1682 2116 et

897 2140 1083 2162 recesserunt:
1100 2135 1145 2170 qui
1160 2142 1223 2162 vero
1245 2135 1328 2162 Deum
1349 2135 1493 2167 timebant,
1512 2142 1683 2162 commoran-

898 2186 937 2208 tes
951 2181 976 2207 in
992 2181 1169 2213 m0uasteriis,
1184 2181 1209 2207 hi
1225 2180 1307 2207 multa
1318 2187 1378 2207 cum
1388 2179 1482 2206 ﬁducia
1500 2184 1681 2211 accurrentes,

896 2227 984 2254 omnia
997 2227 1150 2254 solverunt:
1164 2230 1191 2253 et
1203 2230 1305 2253 tantum
1316 2225 1399 2252 abluit
1410 2230 1438 2252 ut
1456 2224 1602 2252 accidentia
1616 2225 1684 2251 mala

873 2287 876 2289 λ
897 2277 924 2299 et
943 2276 1103 2307 exspectata:
1123 2271 1344 2301 comminationes
1371 2270 1443 2305 ipsos
1460 2274 1590 2297 terrerent
1611 2273 1636 2297 et
1659 2270 1686 2297 in

897 2319 1058 2346 anxietatem
1074 2318 1213 2353 injicerent
1224 2338 1231 2348 ,
1248 2321 1276 2344 ut
1288 2317 1366 2352 longe
1376 2325 1390 2344 a
1403 2316 1552 2344 calamitate
1563 2316 1687 2344 sedentes

896 2369 923 2393 et
933 2364 998 2392 nihil
1007 2363 1134 2392 habentes
1147 2370 1298 2395 commune,
1312 2367 1407 2397 sponte
1420 2362 1521 2396 seipsos
1532 2363 1558 2390 in
1570 2362 1687 2389 medium

897 2410 1033 2437 mitterent
1053 2409 1220 2441 incendium,
1242 2412 1269 2436 et
1281 2415 1375 2435 omnes
1398 2408 1552 2442 eriperent:
1568 2412 1595 2435 et
1615 2408 1687 2442 quod

897 2456 1020 2483 omnibus
1029 2455 1146 2482 terribile
1160 2458 1189 2482 et
1203 2453 1366 2481 horrendum
1378 2461 1437 2481 esse
1447 2453 1558 2487 videtur,
1572 2459 1686 2481 mortem

898 2501 948 2536 ipsi
961 2509 1022 2528 cum
1031 2500 1102 2527 omni
1123 2500 1259 2527 alacritate
1271 2503 1502 2534 exspectaverunt,
1516 2503 1543 2527 et
1557 2507 1616 2527 cum
1630 2507 1686 2526 ma-

895 2547 947 2582 jori
961 2547 994 2574 ad
1009 2554 1068 2574 eam
1083 2546 1216 2581 voluptate
1231 2550 1423 2576 cucurrerunt.
1441 2553 1521 2580 quam
1546 2545 1579 2572 ad
1600 2546 1686 2579 magi-

898 2598 999 2620 stratus
1018 2592 1062 2618 alii
1080 2596 1107 2619 et
1128 2591 1254 2618 honores.
1271 2590 1372 2617 Norant
1389 2591 1470 2622 enim,
1487 2598 1611 2625 magnum
1625 2598 1686 2617 esse

899 2640 968 2667 hunc
981 2639 1160 2673 magistratum
1174 2643 1200 2664 et
1209 2638 1345 2670 honorem,
1359 2642 1387 2664 et
1397 2645 1443 2671 per
1452 2637 1507 2671 ipsa
1517 2637 1684 2664 demonstra-

897 2690 959 2712 runt
973 2692 1064 2720 opera,
1079 2684 1149 2719 quod
1169 2684 1212 2710 hic
1231 2683 1303 2710 solus
1323 2686 1364 2709 est
1384 2683 1485 2712 beatus.
1506 2682 1550 2717 qui
1567 2682 1685 2717 philoso-

898 2731 986 2766 phiam
1000 2729 1175 2765 apprehendit
1188 2737 1221 2756 ex
1231 2736 1347 2761 sursum,
1360 2733 1387 2756 et
1401 2729 1573 2755 mutationem
1584 2729 1684 2756 nullam

898 2777 1018 2812 suscipit,
1032 2783 1082 2804 nec
1094 2776 1175 2803 ullam
1190 2775 1302 2802 sustinet
1313 2774 1499 2802 adversitatem
1510 2794 1518 2806 ,
1535 2774 1582 2801 sed
1597 2774 1683 2801 conti.

898 2830 950 2850 nua
965 2821 1153 2856 tranquillitate
1168 2820 1274 2852 fruitur,
1288 2824 1316 2847 et
1327 2819 1415 2846 omnia
1434 2819 1546 2852 deridet,
1567 2826 1627 2853 qum
1642 2819 1683 2845 vi-

897 2870 993 2898 dentur
1006 2876 1065 2897 esse
1078 2867 1172 2895 tristia.
1184 2867 1258 2894 Nunc
1271 2866 1341 2894 enim
1351 2866 1396 2901 qui
1408 2870 1469 2893 sunt
1482 2866 1508 2893 in
1523 2865 1615 2899 primis
1628 2873 1683 2893 ma—
