1983 3125
287 183 338 214 187

283 243 438 277 gistralibus
448 263 455 276 ,
471 242 576 270 tristitia
597 242 680 270 multa
695 247 828 274 tenentur,
851 251 984 270 carcerem
998 243 1073 269 habi—

285 292 384 323 tantes,
397 289 498 316 catenis
512 289 643 322 obstricti,
657 290 773 324 quotidie
788 290 854 317 mori
870 295 1073 325 exspectantes;

286 333 388 361 hivero
410 334 550 369 purissima
565 333 688 362 fruuntur
710 336 853 370 voluptate,
873 336 952 362 etiam
967 335 990 363 si
1012 336 1075 370 quid

287 386 367 414 grave
381 380 436 414 pati
448 379 550 406 accidat
567 388 573 406 :
589 384 681 415 etqute
696 381 753 408 aliis
767 381 892 408 terribilia
906 388 966 408 esse
978 381 1075 408 viden-

290 429 350 456 tur,
372 424 429 451 haec
453 424 517 460 ipsis
534 429 596 452 sunt
613 425 818 453 desiderabilia:
833 431 931 453 norunt
951 426 1022 453 enim
1042 427 1075 454 ad

291 469 353 504 quid
367 473 486 500 currunt,
503 474 530 497 et
544 470 603 504 quis
616 470 685 503 ﬁnis,
707 475 846 506 postquam
868 471 930 499 hinc
942 472 1074 499 discesse-

291 516 352 548 rint,
380 516 505 550 suscipiet
522 525 528 543 :
545 520 572 543 et
594 524 654 543 cum
681 521 753 543 tanto
778 518 895 545 viventes
920 518 1025 550 studio,
1048 523 1076 546 et

291 566 402 588 mortem
416 561 577 595 deridentes,
590 570 637 596 pro
649 563 709 590 aliis
720 567 807 591 tamen
819 564 926 597 dolent,
940 569 966 592 et
977 572 1010 592 ex
1026 566 1076 592 hoc

291 607 408 634 vicissim
423 615 544 641 magnam
559 608 666 642 capiunt
684 609 836 636 utilitatem.
854 609 1012 638 Studeamus
1026 611 1075 646 igi-

291 655 334 679 tur
345 652 440 678 animae
455 657 552 679 nostra!
566 659 655 679 curam
669 652 777 686 habere,
793 659 819 681 et
837 656 1075 690 inexspectatorum

291 697 356 724 nihil
371 704 419 724 nos
436 698 531 731 poterit
547 699 719 730 contristare;
735 705 761 726 et
775 707 823 734 pro
835 702 978 728 carceratis
994 702 1074 728 Deum

291 750 412 776 oremus,
425 749 453 770 ut
465 751 512 770 eos
527 743 560 770 ab
573 744 719 771 imminenti
735 746 798 779 ipsis
812 746 906 773 liberet
915 747 1074 774 calamitate.

292 788 399 816 Poterat
421 797 517 824 nempe
540 794 623 817 totum
636 791 713 818 simul
737 792 840 819 solvere
863 793 971 825 malum,
995 798 1022 820 et
1042 801 1076 821 ne

292 839 384 861 tenues
396 835 501 869 quidem
517 835 651 863 dimittere
670 837 811 871 reliquias;
833 838 879 865 sed
894 846 927 865 ne
940 846 1031 866 rursus
1043 839 1075 866 ad

292 879 405 914 priorem
427 883 591 907 revertamur
613 885 765 915 torporem,
782 882 881 909 sensim
901 887 928 911 et
949 883 1075 919 paulatim

293 924 387 950 horum
407 928 552 952 torrentem
573 926 701 953 malorum
715 927 849 954 remittere
862 929 977 962 curavit,
993 929 1019 956 in
1032 937 1078 956 ca-

292 968 352 996 dem
373 976 422 996 nos
441 970 557 997 retinens
579 971 685 1005 pietate.
713 972 744 999 Et
758 973 828 1007 quod
841 973 892 1000 hoc
912 974 947 1001 sit
970 982 1073 1007 verum,

292 1014 413 1050 quodque
437 1016 512 1042 multi
533 1016 566 1043 ad
582 1017 697 1051 priorem
723 1018 865 1046 rediissent
889 1025 1032 1055 torporem,
1053 1021 1076 1048 si

293 1060 364 1087 brevi
387 1066 480 1088 cuncta
494 1062 578 1088 soluta
599 1062 729 1096 fuissent,
752 1064 813 1092 inde
832 1065 1000 1093 manifestum
1015 1071 1075 1094 est:

292 1106 378 1133 adhuc
399 1107 556 1134 calamitatis
578 1107 695 1143 reliquiae
710 1115 864 1143 remanent,
882 1115 910 1138 et
923 1111 1009 1139 adhuc
1023 1111 1076 1139 lm-

292 1151 419 1185 peratoris
429 1156 469 1178 est
481 1152 580 1179 incerta
594 1153 735 1186 sententia,
746 1158 774 1182 et
782 1162 877 1182 omnes
896 1157 939 1191 qui
961 1157 1075 1184 civitatis

292 1198 396 1231 negotia
409 1197 627 1226 administrabant
640 1204 701 1227 sunt
714 1201 740 1227 in
757 1201 884 1234 vinculis;
899 1202 973 1230 multi
987 1207 1077 1230 tamen

291 1243 425 1270 civitatem
438 1245 574 1273 nobiscum
587 1246 760 1275 habitantium
772 1248 874 1276 lavandi
888 1250 1031 1284 cupiditate
1043 1250 1076 1278 ad

292 1289 399 1317 ﬂuvium
409 1296 528 1326 currunt,
543 1293 690 1321 innumeris
706 1295 760 1323 illic
771 1303 801 1324 se
810 1297 936 1325 conviciis
950 1298 1077 1326 morden-

294 1341 344 1368 tes,
358 1337 533 1372 luxuriantes,
548 1339 726 1374 lascivientes,
741 1342 876 1375 saltantes,
893 1343 1005 1371 feminas
1017 1351 1077 1380 per-

293 1383 436 1410 trahentes.
457 1384 513 1417 Qua
535 1385 614 1420 igitur
635 1386 672 1414 illi
685 1387 761 1415 venia
784 1388 876 1424 digni?
893 1397 944 1424 qua
965 1397 1076 1418 excusa-

293 1427 383 1455 tione?
396 1428 449 1456 imo
460 1437 522 1457 vero
531 1438 581 1465 qua
595 1438 648 1458 non
663 1436 724 1459 sunt
738 1440 815 1467 poena
830 1439 856 1461 et
870 1434 970 1463 ultione
981 1435 1076 1470 digni?

291 1471 411 1501 Civitatis
421 1479 499 1509 caput
513 1475 539 1502 in
550 1482 667 1510 carcere,
691 1478 809 1505 membra
824 1484 915 1507 nostra
928 1480 954 1507 in
968 1481 1074 1514 exsilio,

293 1517 390 1544 incerta
404 1518 438 1546 de
453 1518 492 1546 his
508 1521 637 1547 sententia
656 1530 662 1548 :
677 1526 703 1549 et
716 1527 744 1549 tu
757 1523 799 1550 dic
810 1544 818 1556 ,
833 1531 931 1558 quaeso,
947 1525 1029 1552 saltas
1049 1530 1076 1552 et

291 1562 359 1590 ludis
371 1568 399 1590 et
411 1564 502 1591 rides?
517 1565 584 1592 Dicit
602 1566 696 1602 aliquis
708 1576 715 1594 :
727 1559 783 1595 Non
805 1569 870 1596 illoti
892 1578 999 1599 manere
1012 1571 1076 1599 feri—

292 1616 361 1636 mus.
376 1609 401 1637 υ
421 1609 599 1643 impudentem
620 1613 795 1646 sententiam,
817 1621 834 1641 ο
854 1615 1035 1644 mechanicam
1049 1621 1076 1645 et

293 1654 436 1688 perditam!
459 1660 525 1690 quot
548 1663 662 1690 menses,
685 1657 739 1691 dic,
762 1666 841 1694 rogo,
868 1659 991 1688 fuerunt?
1012 1667 1076 1696 quot

291 1700 370 1726 anni?
395 1701 511 1728 nondum
524 1701 616 1736 viginti
627 1702 684 1730 dies
698 1703 798 1732 balneis
811 1706 932 1733 exclusus
947 1708 1033 1742 egisti,
1049 1713 1076 1736 et

290 1749 422 1777 tamquam
438 1751 520 1774 totum
534 1747 621 1775 illotus
634 1750 792 1785 transegeris
802 1758 908 1784 annum,
926 1753 964 1780 sic
977 1762 1075 1782 maeres

291 1794 317 1816 et
331 1790 495 1824 indignaris?
506 1792 621 1825 Siccine,
636 1801 736 1829 quaeso,
748 1795 818 1824 fuisti
832 1805 892 1825 cum
906 1799 1018 1826 militum
1035 1802 1074 1828 in-

646 187 674 214 S.
694 186 832 215 JOANNIS
851 185 1088 216 CHRYSOSTOMI
1108 185 1267 215 ARCHIEP.
1287 188 1553 218 CONSTANTINOP.

1870 193 1922 221 193

1131 249 1250 275 cursum,
1273 251 1333 271 cum
1356 252 1404 280 per
1422 246 1539 280 singulos
1561 246 1628 274 mori
1653 246 1710 275 dies
1731 250 1921 283 exspectabas,

1129 289 1235 322 quando
1250 290 1275 316 in
1296 290 1400 318 deserta
1415 290 1534 326 fugiebas
1552 296 1580 319 et
1596 292 1629 320 ad
1648 294 1779 321 montium
1792 296 1923 322 cun-eluta

1130 335 1262 363 vertices?
1282 336 1309 363 Si
1320 337 1379 372 quis
1393 337 1438 364 tibi
1454 343 1516 365 tunc
1530 342 1613 366 totum
1625 346 1722 367 annum
1736 340 1843 368 illotum
1860 350 1921 368 ma-

1130 387 1194 407 nere
1208 381 1397 415 proposuisset,
1409 387 1437 409 ut
1449 383 1483 410 ab
1492 383 1598 411 instanti
1607 384 1758 412 liberareris
1771 387 1921 419 anxietate,

1130 433 1218 453 nonne
1230 432 1353 462 prompte
1366 429 1527 463 suscepisses
1536 435 1616 465 atque
1627 431 1827 459 tulisses?Cum
1841 433 1924 468 igitur

1129 471 1178 504 illi,
1189 471 1235 506 qui
1246 472 1346 508 absque
1356 474 1428 500 omni
1442 474 1540 502 damno
1555 475 1612 502 haec
1630 476 1723 509 solvit,
1749 477 1805 505 Deo
1818 480 1922 513 gratias

1129 525 1208 552 agere
1228 519 1378 552 conveniat,
1395 520 1500 547 lascivis
1514 529 1619 548 rursum
1633 527 1660 550 et
1672 524 1864 551 contumeliam
1879 525 1922 551 fa-

1129 563 1168 589 cis
1178 584 1185 596 ,
1200 568 1227 591 et
1240 565 1363 599 quoniam
1380 570 1465 593 metus
1481 567 1611 601 transivit,
1627 568 1659 594 ad
1678 569 1805 603 majorem
1820 571 1922 598 iterum

1130 613 1264 644 torporem
1281 611 1399 638 rediisti?
1410 612 1454 639 Sic
1469 616 1495 639 te
1509 613 1653 648 tetigerunt
1667 615 1751 648 mala,
1766 620 1796 642 ut
1808 622 1922 651 appetas

1129 658 1157 681 et
1171 654 1265 682 balnea
1277 656 1289 681 ?
1303 656 1365 684 licet
1374 657 1445 683 enim
1457 657 1549 685 balnea
1564 659 1790 694 permitterentur,
1799 669 1854 687 non
1870 670 1923 696 po-

1130 703 1199 726 terat
1211 701 1379 728 morientium
1389 701 1536 735 calamitas,
1552 703 1631 730 etiam
1649 704 1689 731 eis
1703 705 1747 739 qui
1764 706 1790 732 in
1808 706 1851 733 his
1866 714 1920 734 non

1130 751 1219 773 essent
1231 746 1353 778 miseriis,
1371 744 1540 782 persuadere,
1552 754 1580 776 ut
1594 750 1712 777 omnium
1725 751 1920 779 oblivisceren-

1131 795 1173 818 tur
1191 791 1364 819 deliciarum?
1379 792 1416 820 De
1430 793 1518 820 anima
1541 794 1686 828 periculum
1698 800 1748 829 est,
1768 800 1796 824 et
1815 802 1844 823 tu
1861 797 1922 824 hal-

1130 843 1240 863 neorum
1254 837 1411 871 recordaris,
1425 842 1452 864 et
1465 837 1569 866 deliciis
1580 839 1619 866 vis
1631 847 1726 868 vacare
1737 841 1747 867 .’
1761 841 1923 868 Contemnis

1129 881 1174 916 qui
1187 889 1256 908 nunc
1269 881 1402 917 effugisti?
1415 882 1481 910 Vide
1495 891 1529 911 ne
1543 884 1650 918 majoris
1663 891 1748 919 preme
1762 886 1809 913 tibi
1826 894 1921 914 neces-

1130 928 1234 956 sitatem
1253 929 1448 964 circumponas,
1472 934 1499 957 et
1519 930 1621 957 ablatas
1635 938 1741 958 rursum
1758 933 1848 959 minas
1860 940 1922 959 cum

1130 973 1224 1008 majori
1236 973 1352 1001 attrahas
1366 974 1528 1007 discrimine,
1543 980 1570 1002 et
1583 975 1652 1002 idem
1668 977 1787 1010 patiaris,
1801 978 1874 1012 quod
1889 978 1923 1005 de

1129 1020 1293 1048 daemonibus
1305 1021 1312 1036 '
1324 1021 1408 1056 inquit
1417 1021 1548 1049 Christus.
1559 1021 1701 1056 Postquam
1711 1024 1782 1049 enim
1794 1031 1924 1058 egressus

1129 1066 1208 1093 fuerit
1222 1067 1329 1101 spiritus
1345 1066 1496 1094 immundus
1506 1087 1513 1100 ,
1528 1067 1627 1102 inquit,
1643 1072 1669 1094 et
1682 1073 1771 1102 postea
1788 1069 1924 1097 invenerit

1130 1113 1237 1140 domum
1251 1118 1388 1140 vacantem
1410 1118 1437 1141 et
1458 1113 1546 1149 scopis
1559 1114 1722 1147 mundatam,
1735 1120 1841 1150 septem
1855 1116 1924 1143 alios

1130 1158 1238 1193 spiritus
1251 1159 1392 1192 nequiores
1405 1166 1435 1186 se
1448 1159 1546 1186 iterum
1561 1166 1709 1192 assumens,
1732 1161 1881 1187 revertitur
1897 1162 1923 1187 in

1130 1205 1262 1237 animam,
1285 1210 1312 1232 et
1335 1205 1400 1232 fiunt
1423 1205 1570 1240 posteriora
1594 1205 1652 1240 ejus
1672 1205 1761 1240 pejora
1788 1206 1925 1240 prioribus

1130 1250 1207 1285 (Luc.
1222 1251 1264 1278 Η.
1274 1250 1308 1277 24
1323 1249 1389 1286 36).
1399 1250 1551 1277 Timeamus
1562 1250 1671 1285 igituret
1682 1258 1742 1283 nos,
1756 1258 1791 1278 ne
1799 1258 1814 1278 a
1825 1251 1923 1286 priori—

1130 1296 1179 1324 bus
1206 1296 1328 1329 liberati,
1356 1296 1449 1323 inertia
1471 1295 1649 1330 subrepente,
1674 1296 1810 1331 prioribus
1830 1297 1924 1331 pejora

1129 1342 1281 1369 subeamus.
1297 1341 1363 1369 Novi
1379 1349 1427 1369 vos
1439 1341 1474 1369 ab
1495 1341 1544 1369 hac
1560 1341 1662 1369 alienos
1683 1342 1814 1375 stultitia;
1829 1350 1925 1369 verum

1129 1392 1157 1416 et
1181 1388 1355 1422 incomposite
1378 1387 1544 1415 ambulantes
1566 1387 1697 1420 coltibete,
1714 1388 1817 1422 punite,
1842 1389 1925 1414 casti-

1129 1440 1204 1469 gate;
1219 1438 1248 1461 ut
1261 1441 1367 1468 semper
1379 1433 1515 1468 gaudeatis
1524 1433 1544 1465 ³,
1559 1432 1627 1459 sicut
1649 1432 1747 1460 Paulus
1767 1433 1924 1467 imperavit.

1130 1484 1159 1507 ut
1180 1484 1208 1507 et
1230 1480 1397 1514 propriorum
1422 1478 1465 1505 hic
1485 1479 1642 1506 meritorum
1663 1482 1692 1506 et
1715 1478 1831 1505 aliorum
1850 1486 1924 1506 cum:

1130 1525 1238 1552 multam
1252 1529 1279 1552 et
1293 1524 1337 1552 hic
1350 1529 1377 1551 et
1387 1524 1415 1551 in
1430 1523 1517 1551 futura
1528 1523 1581 1550 vita
1592 1524 1728 1558 capiamus
1747 1523 1905 1550 mercedem
1915 1545 1922 1553 .

1129 1571 1212 1607 gratia
1232 1575 1260 1599 et
1278 1571 1439 1606 benignitate
1449 1570 1553 1598 Domini
1568 1570 1652 1597 nostri
1670 1570 1733 1597 Jesu
1746 1568 1859 1602 Christi,
1877 1577 1925 1604 per

1129 1625 1207 1652 quem
1223 1621 1319 1644 etcum
1333 1624 1386 1651 quo
1398 1615 1469 1644 Patri
1480 1615 1559 1643 simul
1569 1620 1596 1643 et
1604 1620 1696 1643 sancto
1703 1615 1814 1650 Spiritui
1825 1615 1924 1649 gloria,

1130 1662 1216 1690 honor
1226 1667 1253 1690 et
1265 1662 1384 1689 adoratio
1396 1682 1404 1694 ,
1420 1669 1491 1690 nunc
1505 1665 1532 1689 et
1545 1668 1659 1696 setnper,
1672 1666 1699 1688 et
1714 1662 1740 1688 in
1752 1661 1852 1688 sarcula
1870 1668 1923 1688 5a:—

1129 1708 1260 1735 culorum.
1274 1708 1368 1735 Amen.

1161 1776 1168 1792 ¹
1188 1775 1258 1800 Savil.
1267 1779 1292 1800 et
1301 1774 1398 1805 quidam
1409 1777 1472 1802 Mss,
1486 1773 1516 1798 de
1527 1773 1688 1797 dmmonictis.

1161 1808 1171 1823 ι
1188 1807 1254 1838 Apud
1263 1806 1323 1830 alios
1335 1812 1340 1829 :
1355 1808 1383 1830 Ut
1392 1811 1486 1836 semper
1497 1806 1652 1835 gaudeamus.

292 1850 1913 1872 Μ

386 1902 539 1926 υοΜιΝιοΑ
560 1906 709 1928 saevum
732 1899 773 1939 (a)
796 1909 837 1932 AD
859 1910 997 1933 HOMINES
1020 1912 1073 1933 aut

1140 1912 1308 1940 COLENTES,
1331 1913 1371 1934 ΕΤ
1393 1913 1433 1933 ΒΕ
1456 1911 1595 1933 νιΤΑΝυο
1616 1911 1822 1942 ιυιιΑυΕΝτο.

995 1976 1187 1983 _______

584 2022 691 2042 BOIHLIA
711 2024 767 2043 XIX.

323 2077 349 2104 1.
369 2077 458 2112 Epulis
479 2083 630 2107 sanctorum
651 2085 798 2116 martyrum
818 2083 924 2118 excepti
945 2084 1010 2112 estis
1030 2085 1071 2113 his

287 2123 426 2156 praeteritis
439 2123 533 2151 diebus
545 2133 553 2151 :
566 2125 695 2160 spirituali
708 2126 863 2155 celebritate
875 2128 968 2163 repleti
981 2130 1072 2157 exsul-

287 2168 360 2195 tastis
375 2167 492 2197 honestis
506 2170 728 2199 exsultationibus
743 2181 751 2199 :
767 2172 869 2201 vidistis
883 2179 973 2209 aperta
988 2175 1070 2203 latera

285 2218 311 2240 et
324 2214 368 2241 ilia
382 2215 498 2250 concisa,
509 2223 629 2244 cruorem
640 2217 756 2254 undique
769 2219 941 2254 defluentem,
954 2221 1070 2250 infinitas

286 2264 479 2288 tormentorum
498 2263 602 2298 species
621 2273 630 2292 :
651 2263 793 2292 humanam
821 2265 925 2294 vidistis
948 2272 1070 2295 naturam

285 2308 493 2341 supernaturalia
506 2314 686 2344 praestantem,
700 2316 728 2339 et
737 2319 850 2339 coronas
863 2313 990 2348 sanguine
1004 2322 1070 2341 con-

287 2355 371 2379 textas
385 2361 392 2379 :
407 2353 543 2387 pulchram
554 2355 670 2383 saltastis
682 2357 823 2390 choream,
837 2358 862 2385 in
885 2366 990 2387 omnem
1007 2367 1070 2394 par-

286 2400 338 2423 tem
359 2398 472 2426 civitatis
494 2398 545 2427 hoc
573 2400 687 2428 honesto
708 2402 775 2430 duce
796 2411 844 2430 vos
864 2404 1068 2439 circumagente.

285 2442 336 2469 Sed
355 2450 404 2470 nos
418 2448 445 2470 et
466 2445 562 2472 invitos
583 2446 722 2475 infirmitas
734 2448 806 2476 domi
821 2457 929 2478 manere
948 2451 1068 2486 cogebat.

286 2488 384 2516 Tamen
397 2490 446 2516 etsi
461 2491 620 2519 solemnitati
635 2500 687 2520 non
702 2494 878 2528 interfuimus,
893 2495 925 2523 de
936 2496 1070 2531 voluptate

284 2535 514 2569 participavimus:
529 2538 577 2565 etsi
597 2538 631 2566 de
651 2541 778 2568 concione
801 2540 913 2569 fructum
928 2550 980 2570 non
992 2543 1066 2578 cepi-

286 2587 355 2613 mus,
378 2581 514 2610 vobiscum
536 2587 625 2611 tamen
644 2584 760 2612 laetitiam
782 2594 951 2615 communem
978 2588 1070 2616 habui-

284 2633 353 2653 mus.
368 2626 439 2655 Talis
453 2632 493 2655 est
506 2629 576 2656 enim
592 2631 708 2658 caritatis
722 2633 761 2658 vis
776 2641 781 2658 :
794 2640 846 2659 non
866 2632 983 2661 fruentes
998 2635 1069 2669 pari-

284 2676 326 2698 ter
339 2679 399 2699 cum
423 2673 568 2703 fruentibus
581 2676 697 2710 gaudere
711 2677 786 2711 facit,
806 2680 956 2706 communia
977 2681 1070 2714 proxi-

312 2748 349 2784 ςιι)
365 2751 419 2774 Erat
433 2753 514 2784 autem
534 2755 632 2777 seruata
648 2753 702 2778 dies
721 2754 881 2784 ascensionis,
893 2759 921 2780 ut
931 2756 964 2780 ait
975 2757 1071 2781 simeon

281 2778 393 2817 Aliam};
406 2781 530 2817 ρονηίηἱιξᾳ
540 2789 600 2817 vero
611 2787 714 2817 servatae
725 2786 843 2810 Dominica
852 2778 1071 2817 ausisset};

282 2809 346 2847 Seba:
359 2811 425 2847 Quod
436 2818 498 2847 vero
507 2813 530 2837 id
542 2813 682 2847 difﬁcultate
694 2819 833 2847 nonrvacet,
857 2809 968 2847 pluribus
982 2809 1015 2841 ei;
1029 2809 1068 2842 de

278 2841 481 2878 redis-seruitutis
492 2844 517 2869 in
532 2845 626 2870 Monito.
644 2849 715 2871 Certe
726 2846 765 2870 hic
775 2845 821 2871 alia
828 2841 932 2878 prorsus
952 2841 1071 2874 Dominica

269 2893 272 2896 .
281 2871 381 2897 indicari
393 2872 496 2898 videtur.

1128 2027 1230 2047 morum
1244 2019 1311 2046 bona
1328 2023 1421 2053 putare
1434 2017 1606 2053 persuadens.
1628 2016 1775 2051 Propterea
1794 2022 1822 2043 et
1847 2017 1923 2043 domi

1126 2066 1222 2093 sedens
1236 2064 1382 2099 gaudebam
1395 2064 1531 2091 vobiscutn
1541 2083 1548 2095 ,
1564 2067 1591 2089 et
1605 2062 1699 2089 morbo
1709 2062 1831 2088 nondum
1845 2063 1924 2089 soln-

1126 2116 1167 2139 tus
1182 2111 1284 2139 surrexi
1297 2116 1324 2138 et
1336 2110 1441 2137 cucurri
1457 2110 1488 2137 ad
1502 2117 1559 2142 vos,
1576 2113 1605 2136 ut
1621 2108 1815 2136 desiderabiles
1836 2108 1924 2136 facies

1125 2161 1227 2184 vestras
1247 2157 1376 2187 intuerer,
1398 2160 1425 2183 et
1450 2155 1590 2190 praesentis
1613 2154 1764 2181 festivitatis
1785 2154 1924 2189 particeps

1125 2203 1228 2231 fierem.
1253 2202 1435 2230 Festivitatem
1449 2201 1518 2228 enim
1535 2200 1676 2227 maximam
1691 2206 1753 2227 esse
1769 2204 1834 2233 puto
1849 2207 1923 2233 pra:-

1124 2254 1226 2277 sentetn
1238 2249 1319 2280 diem,
1335 2246 1558 2283 propterfratrnm
1574 2245 1738 2280 praesentiam
1754 2250 1922 2271 nostrorum.

1124 2295 1168 2329 qui
1182 2295 1274 2322 urbem
1298 2293 1375 2321 nobis
1397 2292 1477 2320 hodie
1499 2291 1698 2318 adornavcrunt
1724 2295 1751 2317 et
1774 2290 1924 2317 ecclesiam

1124 2340 1308 2368 honestarunt.
1333 2339 1450 2374 Populus
1471 2337 1559 2372 lingua
1576 2337 1583 2352 ί
1602 2336 1707 2371 quidem
1729 2335 1808 2362 nobis
1829 2334 1923 2362 diver-

1124 2393 1170 2413 sus
1185 2385 1236 2421 (b),
1252 2385 1304 2413 fide
1318 2391 1381 2412 vero
1393 2390 1527 2412 consonus
1544 2382 1674 2416 :populus
1687 2381 1713 2408 in
1725 2380 1924 2415 tranquillitate

1124 2431 1233 2464 vivens,
1255 2431 1336 2458 vitam
1364 2429 1466 2456 habens
1494 2427 1641 2454 modestam
1667 2431 1694 2453 et
1724 2425 1922 2452 venerabilem.

1124 2477 1201 2512 Apud
1214 2477 1264 2504 hos
1277 2477 1347 2504 enim
1362 2476 1434 2504 viros
1447 2482 1502 2502 non
1515 2474 1661 2509 iniquitatis
1674 2472 1842 2508 spectacula,
1866 2480 1922 2499 non

1124 2531 1252 2558 equorum
1268 2523 1413 2550 certamina
1424 2543 1432 2555 ,
1450 2528 1537 2556 neque
1552 2519 1697 2547 meritoria:
1708 2519 1851 2551 mulieres,
1867 2527 1921 2546 nec

1124 2569 1241 2604 reliquus
1256 2568 1329 2595 urbis
1341 2567 1469 2594 tumultus
1481 2565 1527 2594 sed
1544 2572 1624 2592 omne
1645 2564 1757 2591 luxuria:
1767 2571 1855 2598 genus
1870 2564 1922 2591 eli-

1125 2615 1252 2642 minatum
1267 2618 1324 2646 est;
1339 2613 1420 2640 multa
1433 2619 1496 2640 vero
1518 2612 1616 2646 ubique
1638 2609 1769 2637 modestia
1784 2609 1878 2637 ﬂoret.
1894 2610 1922 2637 Id

1125 2668 1188 2689 vero
1212 2664 1254 2688 est
1272 2660 1299 2687 in
1320 2658 1494 2693 causa,quod
1515 2658 1646 2685 laboriosa
1666 2656 1701 2683 sit
1723 2656 1790 2692 ipsis
1807 2656 1878 2687 vita,
1896 2661 1922 2683 et

1125 2707 1228 2733 virtutis
1242 2706 1360 2733 scholam
1375 2709 1454 2738 atque
1469 2703 1605 2730 modestiae
1621 2701 1737 2729 habeant
1760 2706 1842 2728 terra:
1861 2702 1921 2727 cnl-

1126 2758 1222 2783 turam,
1236 2756 1319 2778 artem
1335 2754 1487 2780 tractantes,
1503 2756 1582 2783 quam
1602 2752 1664 2774 ante
1684 2747 1805 2781 reliquas
1826 2752 1923 2772 omnes

1157 2821 1165 2834 ι
1183 2821 1235 2842 sav.
1249 2817 1399 2848 etraliirvoci,
1413 2815 1510 2848 lingua,
1523 2815 1621 2845 addunt,
1633 2812 1744 2846 propria.
1753 2826 1786 2832 —-
1796 2812 1868 2840 Infra.
1878 2819 1923 2838 ne:

1123 2848 1220 2882 reliqua
1230 2847 1297 2882 arpis
1308 2847 1440 2882 dissolutio.
1476 2877 1491 2882 ﬂ
1508 2877 1513 2882 _
1527 2880 1536 2882 _
1568 2877 1573 2882 .

1158 2875 1195 2912 (ὁ)
1214 2879 1267 2910 Agri
1280 2878 1420 2903 Antiocheni
1432 2877 1514 2902 rustici
1526 2877 1619 2908 Syriace
1631 2875 1810 2907 loquebantur.
