1983 3125
80 72 130 100 189

76 139 102 157 ιιι
116 130 199 156 vitam
215 127 290 156 Deus
303 131 420 155 nostram
435 126 531 153 intulit.
543 124 647 152 Etenim
661 127 722 151 ante
732 126 870 157 peccatum

77 174 161 202 Adam
184 173 299 207 quando
318 172 402 200 multa
426 171 561 198 fruebatur
578 169 710 201 libertate,
728 166 873 203 agricultu-

74 229 131 250 ram
142 219 294 255 quamdam
306 218 382 246 obire
400 218 490 253 jussus
501 220 558 250 est,
573 222 626 243 non
640 214 801 242 laboriosam
813 213 873 248 qui-

75 270 148 298 dettl,
162 272 216 293 nec
230 271 368 292 :erumnas
380 263 534 295 habentem,
550 260 598 289 sed
609 260 722 288 multam
743 258 794 287 sibi
805 265 873 293 prae-

75 313 181 339 bentem
208 309 418 345 philosophiam.
448 307 539 335 Posuit
566 307 638 335 enim
661 306 755 341 ipsum,
772 304 821 337 ait,
843 308 873 330 ut

75 360 225 392 operaretur
239 360 264 384 et
282 354 419 383 custodiret
430 353 580 390 paradisum
596 351 678 388 (Gen.
697 351 725 378 2.
738 350 801 386 15).
818 349 872 376 Ho-

73 410 131 430 rum
145 408 287 436 quemque
295 407 421 428 cerneres
438 406 509 427 nunc
522 398 628 434 quidem
643 398 726 425 boves
735 397 871 432 jngantem

75 447 205 476 oratorios
219 452 249 474 et
274 451 393 474 aratrum
407 446 556 473 trahentem
576 449 604 472 et
625 443 784 479 profundum
803 442 874 469 scin-

76 495 182 522 dentem
207 493 329 525 sulcum,
352 499 423 519 nunc
447 495 536 518 autem
558 497 664 518 sacrum
685 488 872 516 ascendentem

78 545 229 576 suggestum
260 545 291 567 et
318 539 486 567 subditorum
511 537 614 565 animas
638 541 782 564 arantem:
803 541 874 561 nunc

76 587 179 622 quidem
194 585 254 620 agri
269 585 363 620 spinas
375 584 544 612 excidentem
558 583 636 614 falce,
650 588 722 609 nunc
734 587 801 608 vero
814 586 873 607 scr-

77 639 153 660 mone
177 639 213 658 ex
235 631 338 658 animis
368 633 477 665 peccata
502 633 696 663 extergentem.
724 626 783 653 Non
802 625 872 653 enim

77 677 237 705 erubescunt
247 676 381 709 culturas,
397 676 465 702 sicut
479 674 554 702 urbis
577 678 676 701 nostra:
697 671 801 703 incolat,
826 669 873 697 sed

77 723 236 750 erubescunt
248 722 405 757 segnitiem,
423 721 549 756 quoniam
563 719 715 747 didicerunt
728 717 800 745 illam
815 724 873 743 om-

79 777 136 796 nem
150 768 281 795 docuisse
293 767 423 794 malitiam
441 775 447 792 :
464 770 492 793 et
510 765 545 792 ab
564 764 641 792 initio
656 771 686 791 se
699 761 872 797 diligentibus

79 814 198 850 nequitize
212 813 302 841 fuisse
316 813 480 848 magistram.
495 811 527 838 lli
541 814 604 838 sunt
612 809 732 838 maxime
741 809 785 843 qui
795 807 873 835 nobis

80 861 201 895 optimam
215 859 404 895 philosophari
419 858 545 885 videntur
556 855 765 891 philosophiam,
780 860 833 881 non
841 860 872 880 ex

80 906 176 939 habitu,
191 905 240 933 sed
256 912 296 933 ex
317 904 450 932 sententia
468 903 594 930 virtutem
617 909 694 929 suam
707 899 872 928 exhibentes.

82 953 165 988 Itaque
179 956 362 980 externorum
375 949 537 986 philosophi,
558 948 672 977 scenicis
685 951 713 976 et
732 947 874 974 mimorum

81 1000 145 1027 ludis
166 998 333 1026 vacantibus
356 997 439 1025 nihilo
453 997 548 1024 melius
570 1003 600 1022 se
621 995 730 1027 habent,
755 992 834 1028 pallio
848 996 876 1020 et

81 1046 156 1074 barba
177 1050 205 1073 et
224 1045 302 1073 stola
314 1044 381 1072 nihil
407 1044 521 1079 amplius
541 1042 669 1070 exhibere
693 1041 811 1069 valentes
827 1048 834 1067 :
849 1039 875 1066 hi

81 1100 140 1120 vero
151 1097 256 1123 contra,
284 1091 380 1119 baculo
407 1095 433 1118 et
460 1089 542 1117 barba
564 1093 592 1116 et
616 1088 722 1123 reliquo
747 1090 875 1122 apparatu

83 1139 181 1174 longum
195 1138 290 1166 valere
299 1138 392 1173 jussis,
408 1137 523 1165 animam
534 1143 610 1163 suam
620 1142 691 1162 verae
700 1133 875 1169 philosophiae

83 1184 216 1218 pra-copiis
230 1190 414 1215 exornavero,
430 1189 481 1210 nec
493 1180 637 1217 praeceptis
657 1183 770 1212 tantum,
781 1185 874 1206 verum

82 1235 107 1257 ct
126 1229 254 1264 operibus
270 1228 350 1263 ipsis.
366 1229 399 1256 Et
416 1228 438 1256 si
453 1227 550 1254 horum
561 1226 712 1262 quempiam
727 1225 875 1258 interroges

83 1277 107 1302 in
121 1275 285 1310 agricultura
298 1274 446 1302 viventium
459 1293 466 1306 ,
483 1277 511 1301 et
525 1272 615 1307 ligone
636 1275 664 1299 et
680 1274 769 1298 aratro
790 1269 876 1297 confc-

82 1326 191 1349 ctornm.
209 1320 245 1348 de
267 1319 414 1355 dogmatis,
435 1319 468 1346 de
486 1318 582 1354 quibus
604 1316 708 1345 inﬁnita
725 1319 876 1351 qumrentes

83 1367 182 1396 externi
205 1365 374 1401 philosophi,
396 1369 425 1392 et
444 1370 583 1392 sermones
602 1362 701 1390 multos
722 1360 875 1392 fundentes,

84 1413 144 1441 nihil
157 1420 253 1440 sanum
269 1411 363 1439 dicere
374 1414 530 1446 potuerunt,
544 1408 640 1436 sedulo
649 1410 744 1435 cuncta
756 1406 804 1434 tibi
814 1413 875 1433 cum

85 1459 161 1487 multa
175 1457 356 1493 respondebit
377 1455 518 1491 sapientia.
533 1454 588 1482 Nec
600 1454 652 1482 hoc
664 1457 766 1481 tantum
776 1456 818 1480 est
829 1451 877 1479 ad-
899 1479 901 1482 ,

85 1504 209 1537 mirabile,
235 1511 334 1531 vertun
359 1505 387 1530 et
405 1501 532 1537 quoniam
551 1507 599 1536 per
621 1505 703 1534 opera
722 1498 877 1533 dogmatum

86 1551 159 1579 fidem
174 1551 294 1577 ﬁrmant.
320 1548 426 1576 Etenim
445 1546 518 1583 quod
538 1546 655 1573 animam
669 1544 815 1572 habeamus
828 1543 880 1570 im-

87 1597 239 1628 mortalem,
265 1599 296 1623 et
318 1594 437 1622 omnium
463 1599 523 1628 qua;
547 1591 591 1619 hic
610 1594 739 1627 geruntur
762 1589 879 1617 rationes

88 1643 191 1670 reddere
200 1641 363 1673 debeamus,
377 1644 404 1667 et
413 1637 555 1667 tremendo
567 1637 699 1665 assistere
705 1635 840 1667 tribunali,
851 1639 880 1662 et

89 1690 111 1715 in
125 1692 210 1715 mente
221 1687 274 1714 sibi
288 1688 495 1721 persuaserunt,
509 1687 537 1712 et
550 1683 631 1710 vitam
644 1689 751 1710 omnem
766 1680 800 1708 ad
810 1680 879 1707 hanc

90 1741 157 1768 spem
171 1732 358 1763 instituerunt,
385 1734 412 1757 et
431 1728 506 1757 omni
519 1728 639 1756 saeculari
655 1734 751 1762 pompa
763 1725 880 1760 superio-

91 1778 243 1812 resredditi,
264 1782 349 1812 atque
373 1784 389 1803 a
412 1776 502 1803 divina
527 1774 623 1803 eruditi
644 1773 790 1807 Scriptura,
809 1771 879 1807 quod

97 1825 193 1852 Vonilas
205 1825 362 1855 sanitatum,
383 1826 407 1850 et
420 1822 506 1850 omnia
516 1822 616 1848 uanitas
629 1820 726 1856 (Eccle.
744 1820 770 1846 I.
783 1819 813 1854 2)
825 1828 832 1846 :
846 1818 879 1846 ad

92 1873 125 1899 nil
137 1879 226 1899 eorum
241 1878 305 1906 quae
320 1869 444 1897 videntur
458 1875 518 1896 esse
527 1868 611 1900 clara,
625 1866 761 1894 anhelant.

126 1918 218 1946 Rustici
233 1917 402 1953 sapientiores
413 1914 524 1950 antiquis
538 1913 706 1948 philosophis.
719 1927 754 1932 —
766 1911 798 1939 lli
809 1916 836 1938 et
846 1910 880 1938 de

95 1966 144 1992 Deo
159 1965 214 1992 hzcc
229 1962 415 1999 philosophari
436 1965 534 1989 norunt
546 1981 554 1993 ,
567 1968 627 1995 qua:
649 1959 718 1986 Deus
734 1957 878 1985 mandavit.

95 2012 131 2038 Ac
142 2009 164 2037 si
189 2016 333 2037 aSsumens
346 2014 440 2036 eorum
455 2014 547 2038 unum.
562 2004 750 2039 philosophum
766 2003 880 2038 aliquem

94 2062 260 2083 externorum
273 2061 345 2081 nunc
359 2054 386 2080 in
399 2052 516 2080 medium
529 2050 655 2083 adducas,
671 2050 725 2077 imo
734 2056 799 2076 vero
812 2055 882 2076 nunc

94 2101 193 2136 quidem
215 2100 307 2127 nullus
327 2102 414 2133 potest
427 2096 559 2129 inveniri;
574 2097 596 2124 si
614 2103 679 2123 vero
696 2095 790 2122 horum
805 2101 882 2121 assu-

96 2153 148 2172 mas
166 2152 248 2172 unum
261 2165 270 2178 ,
291 2143 470 2178 evolvensque
492 2142 640 2177 priscorum
661 2139 882 2175 philosophorum

96 2192 171 2219 libros
182 2199 325 2227 percurras
336 2200 344 2218 :
355 2195 382 2218 et
391 2189 455 2225 quid
468 2190 495 2216 hi
508 2188 613 2224 quidem
624 2195 695 2215 nunc
707 2185 881 2222 respondent,

96 2237 154 2272 quid
168 2242 255 2265 autem
269 2237 309 2264 illi
323 2241 388 2264 tunc
401 2234 582 2270 philosophati
604 2237 685 2266 sunt,
701 2234 728 2260 in
744 2239 883 2267 compara-

97 2284 164 2312 tione
176 2291 279 2319 ponens
294 2282 421 2310 discutias
432 2302 440 2315 ,
454 2280 555 2309 videbis
570 2284 667 2315 quanta
680 2280 716 2307 sit
731 2279 825 2305 horum
839 2285 883 2305 sa-

98 2329 190 2364 pientia
202 2349 210 2360 ,
225 2334 325 2364 quanta
344 2334 409 2355 vero
431 2327 536 2354 illorum
559 2325 704 2353 dementia.
724 2324 790 2352 Cum
811 2323 883 2351 enim

99 2375 210 2409 ipsorum
224 2374 332 2409 quidam
351 2373 450 2401 nullam
470 2373 497 2399 in
517 2371 597 2399 rebus
613 2378 674 2398 esse
694 2369 884 2405 providentiam

100 2420 200 2452 dit-ant,
213 2427 264 2447 nec
274 2427 289 2446 a
303 2419 357 2447 Deo
368 2423 486 2446 creatum
498 2424 558 2445 esse
573 2416 700 2443 mundum
711 2436 718 2448 ,
735 2422 821 2450 neque
830 2415 884 2441 vir-

102 2470 178 2493 tutem
188 2466 238 2494 sibi
252 2466 302 2501 ipsi
316 2465 491 2493 sufﬁcientem
505 2470 577 2496 esse,
590 2462 637 2490 sed
651 2469 718 2497 opus
731 2468 793 2489 esse
806 2468 886 2496 pecu-

103 2511 150 2539 niis
161 2515 187 2538 et
200 2511 340 2539 nobilitate
358 2514 386 2538 et
399 2509 527 2538 exteriori
544 2508 665 2536 claritate
674 2529 682 2542 ,
696 2512 723 2535 et
737 2507 820 2534 multa
835 2506 885 2533 alia

104 2556 142 2583 his
155 2557 237 2592 magis
250 2556 361 2584 ridicula
373 2565 380 2583 :
390 2555 418 2583 hi
433 2559 522 2584 autem
536 2558 564 2582 et
576 2554 610 2581 de
624 2553 800 2588 providentia,
814 2556 841 2580 et
853 2552 886 2579 de

105 2601 203 2636 iudieiis
212 2602 395 2637 sequentibus,
406 2606 433 2629 et
441 2601 476 2629 de
488 2601 536 2628 Dei
548 2600 693 2633 creatione,
706 2599 751 2634 qui
760 2606 794 2627 ex
805 2598 888 2625 nihilo

106 2648 187 2674 omnia
201 2648 339 2682 produxit,
353 2651 380 2675 et
391 2647 425 2675 de
437 2647 497 2674 aliis
511 2646 634 2674 omnibus
646 2644 868 2680 philosophentur
879 2664 887 2676 .

109 2692 167 2720 nihil
180 2694 287 2722 omnino
299 2693 335 2721 de
348 2697 454 2721 externa
466 2693 582 2720 scientes
595 2691 745 2727 disciplina,
760 2690 820 2726 quis
835 2697 888 2717 non

110 2739 166 2767 hinc
176 2738 271 2768 Christi
285 2740 429 2775 potentiam
444 2739 538 2772 discat,
552 2746 612 2773 qua:
627 2738 767 2766 illiteratos
778 2740 806 2764 et
818 2735 888 2763 idio-

112 2789 148 2812 tas
159 2786 264 2813 multum
273 2786 300 2813 in
308 2785 433 2821 sapientia
443 2784 614 2820 glori-antibus
627 2788 700 2811 tanto
714 2781 888 2822 sapientiores

491 69 535 96 AD
555 66 713 95 POPULUM
734 64 977 92 ANTIOCHENUM
1010 65 1121 93 llOMlL.
1142 66 1213 94 XIX.

1665 68 1719 96 190

926 121 1166 155 demonstraverit,
1193 127 1291 157 quanto
1317 123 1404 157 parvis
1429 123 1546 158 puerulis
1571 124 1715 159 prudentes

926 167 997 194 viros
1016 171 1174 202 praestantes
1192 175 1302 195 cerucre
1321 169 1383 195 est?
1401 169 1476 202 Quod
1497 170 1568 196 enim
1583 170 1648 205 ipsis
1666 171 1715 198 da-

926 221 1016 241 mnum
1027 221 1060 241 ex
1074 215 1205 242 sermonis
1218 215 1349 249 imperitia
1363 222 1421 242 csse
1437 216 1528 250 possit.
1540 223 1601 243 cum
1611 223 1715 244 mentes

927 259 1009 287 multa
1026 260 1079 287 sint
1099 260 1163 295 ipsis
1178 260 1265 295 picum
1283 260 1435 294 sapientia?
1449 269 1508 296 qua.-
1522 269 1587 290 vero
1600 263 1717 290 externis

926 314 959 333 ex
972 314 1126 334 sermonum
1139 306 1279 341 disciplina
1294 307 1394 334 utilitas
1407 328 1413 338 ,
1425 314 1485 336 cum
1502 314 1577 335 mens
1590 315 1669 336 sensu
1683 309 1717 336 sit

925 353 1026 379 vacua?
1043 352 1078 380 Ut
1092 352 1114 380 si
1133 353 1193 388 quis
1216 360 1307 380 ensem
1329 358 1452 388 gereret,
1468 354 1591 388 capulum
1608 355 1716 389 quidem

926 401 1080 432 argenteum
1103 398 1243 426 habentem
1255 418 1261 430 ,
1277 398 1375 425 ferrum
1389 406 1452 426 vero
1471 399 1589 433 quolibet
1609 400 1716 434 plumbo

927 445 1085 472 imbecillius
1100 453 1107 471 :
1123 449 1150 472 et
1164 445 1206 472 his
1218 452 1288 472 enim
1304 445 1392 479 lingua
1407 445 1514 480 quidem
1530 445 1617 473 verbis
1630 451 1656 473 et
1670 455 1716 473 no-

927 490 1041 518 minibus
1053 495 1094 518 est
1106 494 1208 523 ornata,
1222 498 1298 518 mens
1309 498 1373 518 vero
1386 491 1467 518 multa
1481 491 1581 525 repleta
1593 496 1635 518 est
1645 492 1718 519 inﬁr-

927 537 1018 565 mitate
1028 557 1036 570 ,
1048 542 1074 565 et
1091 538 1156 572 ipsis
1168 538 1202 565 ad
1216 538 1304 566 omnia
1320 543 1360 565 est
1374 538 1475 566 inutilis
1491 547 1497 566 :
1512 543 1540 565 at
1551 546 1604 566 non
1618 539 1656 566 sic
1670 539 1719 565 ho-

927 591 985 610 rum
1000 583 1218 619 philosophorum
1230 605 1237 618 ,
1254 584 1300 612 sed
1321 585 1426 619 penitus
1440 585 1612 619 contrarium,
1629 587 1718 612 multa:

928 636 1003 655 mens
1023 629 1086 664 ipsis
1102 629 1276 664 philosophiae
1295 629 1439 664 spiritualis
1453 635 1494 657 est
1515 631 1593 664 plena
1606 651 1612 663 ,
1627 635 1654 658 et
1669 631 1718 658 do—

927 679 1015 707 gmata
1026 674 1078 701 vita
1089 679 1214 701 sectatur.
1228 675 1303 710 Apud
1315 674 1364 702 hos
1374 683 1426 702 non
1437 681 1498 703 sunt
1510 676 1634 704 mulieres
1645 677 1720 704 luxn—

928 720 1027 748 riantes
1038 742 1045 752 ,
1068 729 1116 748 nec
1131 722 1346 749 vestimentorum
1367 726 1478 749 ornatus
1488 742 1495 753 ,
1513 730 1562 750 nec
1575 723 1680 750 colores
1693 729 1720 751 et

929 766 990 799 fuci,
1003 767 1050 793 sed
1063 766 1150 794 omnis
1159 767 1311 802 hujusmodi
1325 775 1428 794 morum
1440 768 1574 802 corruptio
1585 769 1657 803 pulsa
1667 774 1718 796 est.

929 812 1005 840 Unde
1018 812 1121 840 facilius
1131 821 1235 848 quoque
1248 813 1382 840 subditum
1395 813 1444 841 sibi
1458 814 1582 848 populum
1596 815 1620 841 in
1633 815 1720 842 mode-

928 859 1006 886 stiam
1020 858 1163 892 deducunt,
1178 864 1204 886 et
1218 859 1292 886 Pauli
1307 859 1391 894 legem
1406 858 1536 887 velamina
1546 864 1572 887 ct
1585 867 1661 887 escas
1672 860 1719 888 ha-

925 904 1001 938 bere,
1013 909 1040 932 et
1050 905 1088 933 nil
1098 905 1214 940 amplius
1226 912 1348 940 quaarere
1361 905 1501 940 iubentem
1510 905 1547 941 (ι.
1560 906 1626 934 Tim.
1639 907 1666 935 6.
1677 907 1716 942 8),

926 951 1012 979 multa
1037 959 1099 979 cum
1123 951 1263 986 diligentia
1288 951 1454 978 custodiunt.
1483 952 1563 987 Apud
1585 953 1636 980 hos
1661 961 1718 980 non

929 1000 970 1022 est
985 1000 1178 1028 unguentorum
1201 1001 1264 1021 usus
1285 999 1402 1022 mentem
1424 994 1569 1026 allectans.
1584 996 1630 1023 sed
1651 1000 1720 1024 terra

930 1041 1026 1069 herbas
1045 1041 1182 1076 proferens
1200 1043 1272 1070 omni
1294 1043 1470 1077 unguentario
1491 1044 1636 1078 sapientius
1654 1043 1719 1078 ipsis

929 1088 1028 1115 variam
1049 1088 1144 1116 ﬂorum
1165 1093 1240 1124 parat
1260 1089 1427 1116 suavitatem.
1444 1089 1588 1124 Propterea
1607 1094 1634 1117 et
1656 1091 1719 1125 ipsis

929 1141 1040 1168 corpora
1051 1141 1111 1161 cum
1124 1135 1220 1162 animis
1233 1141 1297 1169 pura
1312 1135 1423 1162 sanitate
1437 1135 1584 1169 potiuntur,
1596 1135 1719 1170 quoniam

930 1187 1021 1206 omnes
1036 1179 1145 1207 delicias
1164 1180 1342 1214 expulerunt,
1358 1183 1385 1207 et
1404 1180 1565 1214 nequissima
1585 1180 1722 1208 ebrietatis

930 1226 1027 1254 ﬂuenta
1040 1225 1206 1261 fugaverunt,
1222 1230 1249 1254 et
1262 1230 1363 1253 tantum
1379 1227 1532 1259 comedunt,
1547 1232 1675 1262 quantum
1688 1228 1721 1255 ad

931 1272 1072 1300 vivendum
1083 1272 1190 1300 sufﬁcit.
1202 1272 1241 1300 Ne
1252 1272 1323 1306 ipsos
1334 1272 1413 1307 igitur
1423 1279 1454 1299 ex
1464 1271 1555 1299 habitu
1565 1276 1722 1300 contemna-

930 1326 1001 1350 mus,
1016 1318 1064 1346 sed
1078 1318 1196 1353 ipsorum
1211 1323 1328 1346 mentem
1343 1318 1513 1346 admiremur.
1529 1318 1594 1352 Quae
1609 1326 1723 1354 namque

930 1363 1069 1392 exterioris
1087 1364 1199 1392 amictus
1218 1364 1336 1396 utilitas,
1356 1371 1416 1391 cum
1439 1364 1526 1391 anima
1548 1365 1671 1392 mendico
1689 1365 1723 1393 sit

931 1411 1003 1438 omni
1017 1411 1140 1438 miserius
1153 1410 1265 1438 induta?
1282 1410 1373 1437 Virum
1387 1417 1439 1437 non
1454 1418 1469 1437 a
1482 1411 1656 1443 vestimentis,
1669 1411 1723 1438 imo

931 1463 982 1483 nec
996 1456 1030 1483 ab
1042 1456 1100 1490 ipso
1114 1463 1243 1490 corpore,
1260 1455 1307 1483 sed
1326 1455 1360 1483 ab
1378 1456 1465 1484 anima
1481 1456 1589 1484 laudare
1607 1456 1684 1484 decet
1697 1462 1722 1484 el

931 1501 1068 1529 admirari.
1084 1501 1185 1529 Horum
1197 1502 1313 1529 animam
1333 1510 1400 1529 exue
1412 1523 1419 1534 ,
1435 1506 1462 1529 et
1476 1502 1559 1536 ipsius
1574 1502 1724 1536 pulchritu-

932 1547 1021 1575 dinem
1034 1547 1136 1575 videbis
1149 1552 1227 1582 atque
1240 1547 1345 1575 divitias
1365 1555 1413 1582 per
1427 1547 1507 1574 verba
1517 1568 1524 1580 ,
1539 1555 1588 1582 per
1602 1547 1723 1583 dogmata

932 1599 959 1622 et
972 1602 1019 1629 per
1029 1601 1134 1621 omnem
1148 1601 1251 1621 morum
1266 1594 1492 1621 constitutionem.

967 1639 995 1667 2.
1017 1639 1181 1667 Erubescant
1196 1639 1275 1674 igitur
1287 1639 1402 1674 gentiles
1413 1660 1421 1672 ,
1435 1639 1560 1666 secedant
1573 1644 1599 1666 et
1610 1639 1724 1666 abscon-

932 1685 1037 1718 dantur,
1050 1685 1083 1712 de
1091 1685 1145 1712 suis
1156 1685 1330 1720 philosophis,
1343 1685 1376 1712 de
1385 1692 1432 1712 sua
1442 1684 1569 1719 sapientia
1580 1685 1651 1711 omni
1661 1685 1726 1712 stul-

933 1733 990 1761 titia
1006 1733 1155 1761 miseriore.
1170 1733 1247 1768 Apud
1261 1733 1332 1767 ipsos
1355 1733 1427 1760 enim
1442 1732 1590 1767 philosophi
1606 1739 1653 1767 per
1667 1733 1726 1759 vitzc

933 1786 988 1806 suae
1002 1783 1106 1813 tempus
1117 1778 1161 1805 vix
1174 1785 1273 1813 paucos
1284 1783 1311 1805 et
1325 1777 1400 1805 facile
1414 1778 1592 1806 numerabiles
1603 1778 1724 1813 dogmata

934 1832 980 1852 sua
995 1824 1093 1852 docere
1107 1828 1251 1859 potuerunt
1264 1825 1285 1857 ‘,
1303 1829 1331 1852 et
1344 1824 1384 1852 vel
1399 1825 1495 1860 exiguo
1509 1824 1726 1859 apprehendente

935 1871 1054 1906 periculo
1069 1871 1118 1898 hos
1137 1870 1217 1898 etiam
1240 1870 1431 1905 perdiderunt;
1455 1870 1552 1897 Christi
1567 1877 1631 1897 vero
1645 1869 1727 1897 disci-

935 1916 1000 1951 puli,
1015 1917 1170 1951 piscatores,
1186 1920 1213 1943 ct
1226 1915 1368 1950 publicani,
1383 1920 1409 1942 et
1423 1915 1598 1943 tentoriorum
1610 1920 1725 1949 sutores,

936 1962 1026 1997 paucis
1039 1962 1117 1989 annis
1138 1967 1221 1989 totum
1235 1961 1364 1989 mundum
1379 1961 1412 1988 ad
1425 1962 1564 1988 veritatem
1583 1965 1726 1989 converte-

934 2013 998 2035 runt
1012 2017 1019 2035 :
1034 2012 1061 2036 et
1079 2007 1226 2035 innumeris
1244 2012 1331 2034 tamen
1347 2007 1517 2034 nascentibus
1536 2007 1661 2041 periculis
1674 2015 1726 2045 non

936 2059 1038 2082 tantum
1050 2062 1102 2082 non
1119 2058 1160 2081 est
1173 2053 1303 2082 exstincta
1315 2053 1485 2088 praedicatio,
1501 2061 1593 2080 verum
1613 2056 1640 2080 et
1650 2052 1728 2079 ﬂoret

936 2108 968 2129 ac
982 2101 1008 2128 in
1022 2101 1109 2135 majus
1129 2104 1240 2135 augetur
1252 2120 1260 2132 ,
1276 2103 1304 2127 et
1318 2098 1500 2134 philosophari
1516 2098 1664 2125 docuerunt
1677 2098 1727 2125 ho-

937 2146 1023 2174 mines
1037 2145 1116 2173 rudes
1129 2151 1156 2173 et
1169 2145 1299 2180 agricolas
1314 2148 1341 2172 et
1362 2144 1431 2172 inter
1444 2148 1565 2171 armenta
1579 2148 1726 2171 versantes.

937 2192 969 2219 lli
980 2196 1077 2226 prteter
1086 2195 1181 2218 caetera
1191 2190 1291 2223 omnia,
1302 2194 1330 2217 et
1339 2190 1458 2217 omnium
1468 2190 1598 2217 bonorum
1607 2196 1725 2221 causam,

938 2237 1077 2265 caritatem
1090 2236 1234 2264 radicatam
1247 2235 1376 2264 habentes
1389 2236 1410 2269 ί,
1425 2235 1459 2263 ad
1474 2242 1523 2262 nos
1536 2235 1728 2262 festinaverunt

938 2287 1036 2312 tantam
1048 2286 1187 2311 currentes
1197 2283 1277 2315 viam,
1288 2286 1318 2310 ut
1326 2282 1448 2309 venirent
1458 2286 1485 2309 et
1496 2281 1602 2316 propria
1613 2280 1728 2308 circumo

939 2330 1117 2364 plecterentur
1131 2328 1261 2356 membra.

976 2374 1086 2401 Rursum
1096 2374 1127 2400 de
1133 2374 1337 2409 juramenlis.—
1345 2372 1392 2400 Eia
1404 2372 1483 2407 igitur
1493 2375 1520 2399 et
1534 2379 1582 2399 nos
1596 2378 1644 2406 pro
1655 2371 1731 2399 donis

940 2421 1007 2453 istis,
1021 2420 1132 2447 caritate
1144 2419 1204 2447 dico
1218 2423 1245 2446 et
1259 2419 1365 2450 affectu,
1379 2418 1472 2445 viatica
1487 2417 1591 2448 dantes,
1608 2417 1646 2443 sic
1659 2416 1732 2450 ipsos

939 2466 1117 2498 remittamus,
1132 2471 1159 2492 et
1172 2473 1277 2492 rursum
1292 2465 1326 2491 de
1336 2463 1495 2499 iuramentis
1509 2469 1660 2497 sermonem
1673 2469 1731 2488 mo-

939 2519 1061 2542 veamus,
1074 2515 1103 2538 ut
1118 2510 1244 2537 radicitus
1256 2517 1289 2537 ex
1304 2509 1422 2537 omnium
1438 2513 1528 2536 mente
1541 2506 1660 2542 improba
1676 2506 1733 2534 hmc

941 2556 1107 2585 consuetudo
1118 2556 1271 2584 revellatur.
1286 2555 1361 2582 Prius
1374 2559 1462 2581 autem
1475 2554 1536 2581 volo
1549 2560 1631 2589 pauca
1643 2552 1676 2579 de
1690 2551 1732 2579 di—

942 2604 992 2631 ctis
1007 2611 1022 2630 a
1036 2602 1113 2630 nobis
1123 2600 1250 2636 superius
1264 2600 1343 2628 hodie
1355 2606 1575 2627 commemorare.
1589 2597 1732 2632 Postquam

975 2694 983 2708 ι
1002 2692 1037 2715 sic
1049 2689 1129 2714 Morel.
1142 2687 1211 2713 Savil.
1225 2691 1318 2718 autem,
1331 2687 1446 2718 dogmata
1456 2692 1499 2711 sua
1512 2689 1537 2710 ut
1554 2683 1734 2709 observarentur

943 2722 1091 2754 persuadere
1106 2722 1242 2754 potuerunt.
1309 2747 1328 2754 Δ
1418 2751 1423 2754 _
1506 2751 1511 2754 _
1546 2753 1554 2754 η
1578 2744 1637 2754 ___

976 2743 1059 2777 Veli:
1065 2743 1094 2777 et
1103 2743 1200 2782 quidam
1219 2753 1271 2782 Ms_s_.
1284 2755 1291 2773 :
1304 2747 1343 2774 sic
1358 2751 1451 2782 prater
1467 2751 1555 2773 rwwra
1574 2744 1653 2771 omnia
1666 2743 1735 2772 bona,

948 2790 1044 2814 causam
1057 2779 1196 2808 rlmfz'tulcm
1208 2779 1342 2806 radicatam
1355 2779 1473 2809 Itala-nica.
