1983 3125
230 49 278 77 191

225 105 298 133 enim
309 111 323 130 a
335 101 442 130 Perside
453 99 555 128 dimissi
565 99 649 127 Jutlzei
662 104 690 127 et
702 99 735 126 ab
747 99 789 126 illa
804 99 906 126 liberati
922 103 1014 133 tyran-

228 150 289 178 nide
300 169 308 182 ,
325 149 351 176 in
365 148 498 183 prvpriam
513 147 616 174 rediere
631 147 740 180 patriam
756 153 763 172 :
784 144 841 172 Vidi
861 145 965 180 falcem,
978 145 1019 171 in-

228 197 295 231 quit,
317 196 441 222 volantem
457 193 612 230 longitudine
630 193 768 220 cubitorum
786 193 881 228 uiginti,
898 197 920 218 et
935 191 1021 218 latitu-

230 243 289 269 dine
296 241 435 268 cubitorum
444 241 528 267 decem
539 240 547 275 (
557 239 635 266 ZucIt.
650 239 676 266 5.
689 239 714 265 1.
723 238 740 265 2
751 239 759 273 )
771 247 776 264 ε
787 243 814 265 et
828 238 981 272 prophetam
990 244 1019 264 se

229 287 369 314 docentem
380 285 522 312 audierunt
537 293 543 311 :
560 284 621 311 Han:
636 288 670 310 est
685 283 826 310 maledictio
839 283 965 318 egrediens
977 289 1019 308 tu-

228 341 274 368 pra
288 333 378 367 faciem
401 336 474 358 terra:
485 351 493 361 ,
509 335 531 356 ct
553 329 696 365 ingrediens
721 329 822 356 domum
837 328 979 363 pejarantis,
996 332 1019 354 et

228 379 344 406 dissolvet
357 379 383 403 in
403 377 484 403 medio
498 398 504 408 ,
519 380 542 402 et
564 376 634 410 ligna
653 380 675 401 et
698 374 794 409 lapides
813 374 921 400 destruet
936 381 1019 399 omnes

228 424 288 460 (Ib.
303 432 326 451 υ.
344 425 370 452 5.
386 424 429 459 tl).
447 423 479 450 Et
499 422 540 449 his
554 426 616 449 tunc
631 421 707 449 lectis
718 442 725 454 ,
740 420 923 456 quzerebamus
938 427 1019 453 quare

229 477 280 497 non
290 469 406 504 iuratum
419 469 514 498 solum,
526 467 573 494 scd
585 467 664 494 etiam
676 467 757 500 ipsius
766 465 872 493 domum
882 464 1017 492 dissolvit:

229 520 255 543 et
268 516 336 543 hanc
347 522 453 542 causam
466 521 525 541 esse
538 514 701 543 dicebamus.
713 513 837 547 quoniam
851 512 1021 546 gravissimo-

230 569 289 588 rum
303 568 395 596 pmnas
416 564 585 594 peccatorum
605 559 662 585 vult
676 559 747 585 Deus
761 557 899 584 continuas
914 563 1019 590 perma-

232 614 305 638 nere,
320 611 347 633 ut
358 613 451 632 omnes
465 611 523 639 post
538 605 594 631 lure
609 604 785 638 corrigantur.
799 603 928 635 Quoniam
943 601 1021 635 igitur

232 653 364 688 perjurum
378 659 489 679 necesse
502 657 543 679 est
556 655 690 678 mortuum
704 649 811 684 sepeliri
824 653 850 675 et
862 653 941 675 terrm
953 647 1019 677 sini-

233 699 281 724 bus
296 697 361 724 tradi
375 718 381 728 ,
399 705 431 724 ne
446 704 505 723 cum
521 696 602 730 ipsius
617 702 729 731 corpore
742 700 770 722 et
789 693 912 730 iniquitas
924 701 1019 722 conse-

231 743 353 776 peliatur,
374 743 482 770 domum
502 740 647 769 maceriem
671 741 750 774 fecit,
777 746 806 769 ut
830 745 1020 776 praetereuntes

229 786 316 814 cuncti
328 786 414 821 ipsam
426 791 565 814 cernentes
577 791 604 814 et
619 786 785 814 sntfossionis
794 793 899 813 causam
913 785 1018 813 discen-

231 839 281 867 tes,
296 834 396 868 peccati
411 833 586 860 imitationem
608 832 719 867 fugiant.
739 832 795 858 lloc
814 835 840 858 et
853 831 878 858 in
897 831 1020 858 Sodomis

230 879 327 906 factum
342 883 393 906 est.
409 879 551 914 Postquam
566 879 637 905 eiiim
651 882 807 905 exarserunt
820 878 848 906 in
864 878 904 905 sui
919 884 1019 905 concu-

231 925 385 959 piscentiam
405 929 525 951 mutuam
536 944 546 957 ,
559 924 638 950 etiam
656 929 733 950 terra:
747 928 839 950 natura
853 923 886 949 ab
901 923 960 955 igne
973 931 1020 950 su—

230 978 311 1005 perne
325 969 413 997 delato
427 977 554 996 succensa
574 969 622 996 fuit
637 967 719 1004 (Gen.
740 968 773 995 l9
785 969 794 1002 )
811 977 817 994 :
831 968 937 995 volebat
949 968 1019 994 enim

230 1015 308 1049 hujus
322 1015 423 1050 peccati
444 1014 572 1042 ultionem
598 1021 707 1041 manere
728 1018 892 1048 perpetuam.
909 1013 940 1040 Et
958 1018 1020 1040 nota

230 1061 276 1088 Dei
287 1060 454 1087 clementiam
469 1069 475 1086 :
489 1068 541 1087 non
554 1060 625 1094 ipsos
637 1064 789 1094 peccatores
800 1063 927 1093 perpetuo
938 1066 1021 1093 usque.

229 1106 255 1132 in
268 1109 427 1140 praesentem
434 1105 505 1132 diem
517 1105 611 1132 ardere
624 1104 697 1137 fecit,
709 1103 756 1131 sed
768 1104 826 1131 illos
836 1103 918 1131 semel
931 1104 1021 1130 incen-

228 1158 273 1178 sos
287 1151 447 1184 occultavit;
464 1155 542 1178 terra:
556 1158 619 1177 vero
640 1149 734 1177 facient
747 1156 903 1176 succensam
919 1149 946 1176 in
960 1156 1019 1176 me-

230 1196 304 1224 dium
315 1196 437 1224 omnibus
451 1196 588 1231 proposuit
601 1200 660 1230 post
671 1195 728 1223 lucc
740 1203 849 1222 cernere
860 1194 1019 1228 volentibus,

229 1245 256 1269 et
264 1249 334 1269 nunc
342 1242 415 1269 omni
425 1241 513 1276 lingua
525 1241 622 1268 clarius
636 1248 730 1267 omnes
741 1244 859 1275 posteras
870 1240 1020 1275 generatio-

229 1294 276 1315 nes
290 1292 367 1314 terra;
385 1291 537 1314 commonet
556 1289 680 1321 aspectus
690 1307 697 1318 ,
713 1290 814 1312 tantum
835 1292 889 1312 non
903 1285 1021 1312 clamans

229 1337 257 1361 et
270 1333 371 1365 dicens,
387 1333 428 1360 Ne
441 1334 551 1367 patretis
564 1331 740 1359 Sodomorum
756 1331 869 1363 scelera,
882 1338 914 1358 ne
928 1338 1020 1365 pcenas

229 1379 367 1413 patiamini
381 1378 569 1406 Sodomorum.
581 1377 635 1404 Nec
647 1378 717 1404 enim
728 1377 767 1404 sic
778 1377 804 1404 in
816 1381 919 1404 mentes
932 1385 1020 1404 sermo

229 1425 368 1459 pervenire
389 1425 472 1455 solet,
493 1428 522 1450 ut
536 1427 663 1458 aspectus
690 1422 815 1449 terribilis
834 1427 861 1449 et
881 1430 927 1457 per
941 1429 1021 1450 Ollllle

230 1476 334 1504 tempus
347 1469 506 1496 calamitatis
519 1476 614 1504 gerens
628 1468 750 1502 vestigia.
764 1467 797 1494 Et
809 1472 966 1494 attestantur
976 1468 1020 1502 qui

229 1515 264 1542 ad
275 1515 318 1542 illa
339 1515 394 1541 loca
419 1513 528 1548 profecti
542 1517 622 1545 sunt,
641 1513 686 1547 qui
701 1513 799 1546 sapius
810 1511 974 1545 Scriptorum
987 1512 1022 1539 de

230 1559 271 1587 his
282 1560 432 1594 loquentem
443 1558 593 1590 audientes,
602 1566 653 1584 non
666 1557 779 1584 multum
791 1557 934 1589 timebant;
948 1562 1022 1592 post-

230 1612 308 1640 quam
332 1612 395 1632 vero
415 1607 545 1631 venerunt
565 1608 592 1631 et
617 1604 753 1637 regionem
777 1603 972 1636 ascenderunt,
994 1607 1021 1630 et

232 1651 315 1685 ipsius
325 1657 431 1677 omnem
443 1649 610 1684 superﬁciem
621 1649 744 1676 viderunt
756 1648 881 1681 deletam,
894 1654 921 1676 et
931 1649 1022 1676 incen-

231 1697 302 1724 dium
316 1700 377 1723 sunt
389 1696 544 1730 conspicati,
559 1700 586 1722 et
599 1701 697 1723 terram
711 1695 816 1730 quidem
831 1703 960 1730 nusquam
975 1703 1023 1730 ap-

232 1746 367 1776 parentem
380 1762 387 1774 ,
402 1741 518 1768 cinerem
534 1749 598 1768 vero
611 1745 705 1768 cuncta
717 1746 799 1775 ablue
812 1740 929 1768 favillam
940 1763 947 1774 ,
963 1749 1022 1775 per-

231 1787 297 1815 culsi
309 1791 334 1813 et
349 1787 458 1813 multam
471 1795 505 1814 ex
518 1791 626 1821 aspectu
639 1787 682 1815 illo
696 1788 830 1821 capientes
841 1787 1022 1821 temperantia:

233 1833 399 1867 disciplinam
413 1853 421 1865 ,
436 1836 474 1859 sic
488 1833 610 1860 abierunt
624 1841 630 1859 :
646 1840 707 1859 nam
732 1832 788 1867 ipse
802 1832 911 1859 ultionis
926 1832 1020 1859 modus

222 1879 334 1913 .peccati
347 1878 454 1905 modum
476 1878 604 1904 imitatur.
624 1877 698 1905 Sicut
713 1878 784 1904 enim
799 1877 837 1904 illi
849 1885 1022 1913 congressum

233 1923 403 1951 infecundum
415 1923 617 1955 adinvenerunt,
634 1923 668 1949 ad
681 1922 794 1950 filiorum
811 1923 1023 1957 procreationem

232 1976 286 1996 non
305 1969 487 1996 conferentem
503 1977 510 1995 :
524 1968 563 1996 sic
587 1967 707 2003 profecto
726 1973 754 1995 et
775 1968 843 1995 Deus
858 1969 944 1996 intulit
964 1977 1022 2003 pte-

234 2022 315 2045 nam,
331 2021 390 2048 qum
411 2018 490 2041 terra:
505 2018 624 2041 ventrem
646 2014 751 2049 penitus
771 2014 889 2041 sterilem
910 2014 1024 2042 reddidit

233 2065 261 2088 et
275 2059 398 2087 omnibus
416 2067 528 2087 vacuum
552 2059 691 2087 fructibus.
714 2059 814 2086 Idcirco
833 2065 860 2087 et
878 2059 1023 2095 iurantium

233 2106 328 2133 domos
338 2113 368 2133 se
379 2105 528 2133 deleturum
541 2105 657 2132 minatus
669 2110 721 2139 est,
734 2110 763 2133 ut
772 2106 838 2133 alios
848 2105 953 2133 illorum
967 2114 1024 2141 pte-

234 2152 276 2178 uis
291 2151 466 2178 modestiores
480 2151 589 2178 faceret.

269 2196 296 2224 3.
315 2195 521 2222 Juramentorum
544 2195 676 2230 pernicies.
695 2210 733 2216 —
754 2196 810 2231 Ego
831 2201 918 2224 autem
945 2196 1024 2225 hodie

233 2240 386 2268 demonstro
397 2247 450 2267 non
463 2248 542 2268 unam
555 2245 582 2267 et
595 2241 662 2268 duas
677 2245 704 2268 et
718 2245 773 2268 tres
786 2242 880 2270 domos
888 2242 1025 2277 juramen—

234 2287 268 2314 tis
287 2286 434 2314 destructas
446 2307 452 2318 ,
469 2286 516 2313 sed
531 2286 666 2314 civitatem
683 2291 767 2315 totam
778 2292 805 2314 et
821 2289 945 2323 populum
962 2289 1024 2316 reli-

235 2332 337 2368 giosum
350 2351 358 2364 ,
373 2336 400 2358 et
412 2336 518 2366 gentem
533 2332 619 2358 multa.
629 2339 735 2366 semper
749 2333 915 2366 providentia
930 2334 967 2361 uti
981 2341 1026 2361 so-

237 2377 329 2408 litam,
345 2381 373 2404 et
391 2377 488 2404 tribum
511 2377 600 2405 multis
619 2377 736 2411 elapsam
760 2378 895 2413 periculis.
921 2379 1024 2406 Etenim

238 2421 383 2449 Jerusalem
394 2442 400 2454 ,
416 2421 509 2448 civitas
531 2421 595 2454 Dei,
612 2427 731 2449 sanctam
754 2430 843 2450 arcam
864 2423 984 2458 habens,
999 2429 1027 2452 et

236 2474 342 2496 onmem
358 2468 432 2494 illum
445 2467 545 2494 cultum
557 2488 565 2500 ,
581 2468 625 2495 ubi
643 2468 779 2503 propheta:
794 2469 914 2502 fuerunt,
929 2475 952 2498 et
965 2471 1025 2506 Spi-

232 2513 305 2541 ritus
319 2514 400 2548 gratia
412 2534 420 2546 ,
435 2517 463 2540 et
475 2521 538 2540 arca
550 2533 557 2546 ,
573 2518 601 2540 et
617 2514 712 2541 tabula:
723 2513 883 2543 Testamenti
895 2537 903 2548 ,
919 2521 944 2543 et
959 2524 1024 2544 urna

239 2560 379 2592 aurea,ubi
392 2561 477 2595 angeli
487 2567 558 2595 saepe
572 2560 728 2588 incedebant
743 2568 749 2586 ί
765 2561 822 2588 huic
835 2562 937 2595 civitas,
950 2563 1027 2590 innu-

242 2608 323 2634 meris
332 2607 500 2634 nascentibus
510 2607 586 2634 bellis
595 2611 622 2634 et
630 2607 720 2634 multis
733 2608 816 2642 ipsam
830 2609 1026 2636 incursantibus

240 2653 359 2680 barbaris
370 2673 378 2686 ,
394 2657 526 2687 tamquam
547 2660 624 2679 muro
639 2660 671 2679 ex
691 2652 832 2680 adamante
844 2653 1005 2680 circumdata
1019 2674 1026 2686 ,

238 2699 277 2726 sic
288 2706 381 2726 omnes
395 2699 454 2726 illos
466 2705 572 2733 semper
585 2698 688 2730 derisit,
702 2703 729 2725 et
742 2699 850 2732 regione
864 2703 918 2725 tota
928 2699 1028 2733 deleta,

238 2745 304 2774 nihil
319 2753 400 2781 grave
415 2752 492 2781 passa
507 2749 558 2773 est.
572 2744 625 2772 Nec
640 2744 690 2772 hoc
703 2744 787 2772 solum
801 2750 842 2773 est
854 2745 1027 2781 admirabile,

601 43 629 71 S.
650 24 788 70 JOANNIS
806 39 1042 71 CHRYSOSTOMI
1061 38 1218 67 ARCHIEP.
1238 39 1504 68 CONSTANTINOP.

1816 38 1865 65 ιθξ

1071 104 1164 124 verum
1173 101 1200 125 et
1212 97 1282 132 quod
1290 105 1396 133 gravem
1407 105 1479 132 smpe
1489 97 1591 133 plagam
1603 98 1724 127 hostibus
1732 99 1860 133 inferens,

1070 143 1108 169 sic
1128 149 1175 170 eos
1191 143 1328 170 emittebat
1343 152 1350 170 :
1365 147 1462 170 tantam
1484 151 1498 169 a
1520 144 1574 171 Deo
1596 151 1670 171 nacta
1690 149 1749 173 erat
1771 147 1859 180 provi-

1070 188 1185 215 dentiam
1199 208 1206 220 ,
1228 193 1256 215 ut
1277 188 1333 223 ipse
1357 189 1427 216 Deus
1450 189 1572 216 diceret:
1595 188 1666 216 Velut
1681 198 1756 216 uvam
1769 191 1796 216 in
1818 192 1861 217 tte-

1069 238 1134 260 serto
1155 234 1236 261 inveni
1259 233 1359 268 Israel,
1374 239 1397 261 et
1420 235 1485 261 velut
1506 235 1624 269 signum‘
1640 236 1666 262 in
1688 236 1739 270 [ml
1762 241 1862 270 tempo-

1070 287 1174 306 raneum
1197 280 1248 306 nidi
1268 281 1482 315 putres-ipsorum
1503 280 1586 316 (Osee
1616 281 1642 309 9.
1666 282 1730 317 10).
1758 282 1793 309 Ει
1812 283 1863 310 ite-

1072 332 1130 352 rum
1151 325 1184 352 de
1206 326 1261 359 ipsa
1286 326 1390 353 civitate
1406 334 1415 352 :
1431 325 1503 353 Velut
1524 334 1604 361 grana
1628 327 1700 353 oliua-
1719 328 1746 354 in
1764 336 1863 355 summa

1070 371 1177 403 excelsi,
1198 376 1221 398 et
1245 371 1345 404 dicent,
1373 371 1414 398 Ne
1427 380 1518 399 noceas
1544 373 1606 408 ipsis
1632 372 1716 409 (Isai.
1740 373 1786 401 65.
1811 374 1863 409 8).

1074 416 1258 444 Verumtamen
1270 417 1364 444 civitas
1378 417 1431 445 Deo
1443 423 1561 450 cara,tot
1574 419 1662 454 elapsa
1676 420 1802 454 periculis
1811 441 1818 452 ,
1836 420 1862 447 in

1072 463 1160 489 multis
1184 463 1298 498 peccatis
1320 463 1424 490 veniam
1446 468 1604 498 assequuta,
1628 469 1655 492 et
1673 473 1732 500 qua:
1750 467 1808 493 sola
1829 474 1865 494 ex

1071 508 1194 536 omnibus
1209 509 1268 536 aliis
1285 509 1463 543 captivitatem
1485 509 1602 544 ellugere
1622 511 1707 544 potuit
1721 531 1729 543 ,
1754 512 1863 544 semel,

1073 555 1112 582 bis
1124 575 1132 585 .
1148 559 1176 582 et
1187 555 1285 589 saepius
1298 555 1356 582 solo
1367 555 1519 592 juramento
1533 560 1662 593 prostrata
1677 561 1718 584 est
1731 565 1739 584 :
1754 561 1782 584 et
1795 565 1869 592 quo--

1075 600 1156 629 modo
1172 601 1197 628 id
1213 601 1294 630 fuerit
1308 622 1314 634 ,
1331 601 1427 630 dicam.
1449 602 1509 630 Fuit
1522 603 1628 638 quidam
1648 603 1777 632 Sexlecias
1794 603 1868 638 apud

1072 646 1143 681 ipsos
1163 654 1210 673 rex
1226 655 1232 672 :
1249 647 1292 673 hic
1313 647 1437 675 Sedecias
1452 649 1630 683 juramentum
1643 649 1716 677 dedit
1731 650 1863 677 barbaro-

1072 699 1129 719 rum
1151 693 1205 727 regi
1226 692 1484 727 Nabuchodonosor,
1508 702 1537 722 se
1559 695 1584 721 in
1605 695 1685 730 ipsius
1705 697 1867 723 commilitio

1073 745 1294 772 permansurum:
1311 744 1401 774 postea
1423 739 1520 767 deiecit
1542 745 1569 768 et
1587 741 1619 768 ad
1642 741 1750 777 [Egypti
1773 751 1864 777 regem

1072 782 1225 817 transfugit,
1239 783 1388 817 iuramenta
1404 785 1477 818 parvi
1491 785 1610 820 pendens
1622 806 1629 818 ,
1643 790 1671 813 ct
1684 792 1754 813 tanta
1769 795 1866 821 passus

1072 833 1111 855 est
1124 849 1132 862 ,
1153 833 1250 863 quanta
1271 829 1359 856 statim
1376 830 1498 857 audietis.
1516 831 1590 857 Prius
1604 838 1666 858 vero
1681 833 1865 859 necessarium

1071 880 1112 902 est
1128 875 1263 908 propheta:
1277 875 1427 909 parabolam
1441 876 1539 909 dicere,
1556 884 1603 911 per
1612 885 1690 912 quam
1704 878 1761 905 lure
1774 880 1865 906 omnia

1072 920 1238 955 significavit.
1256 920 1363 947 Factum
1377 926 1412 948 est
1426 921 1535 954 verbum,
1553 922 1646 957 inquit,
1662 922 1766 950 Domini
1779 924 1814 950 ad
1826 933 1865 951 me

1073 966 1159 993 dicens
1172 974 1182 993 .'
1195 965 1248 993 Fili
1259 967 1366 994 hominis
1376 987 1382 998 ,
1397 975 1474 994 narra
1491 970 1678 1002 narrationem,
1694 975 1716 996 et
1732 970 1773 996 dic
1789 979 1866 1004 para-

1071 1012 1154 1039 balam
1165 1032 1172 1043 ,
1193 1017 1216 1039 et
1230 1013 1296 1040 dices
1309 1022 1315 1039 :
1337 1012 1400 1039 Htrc
1420 1014 1480 1039 dicit
1496 1013 1596 1040 Adonei
1612 1013 1734 1041 Dominus
1748 1023 1757 1041 :
1771 1016 1866 1049 Aquila

1071 1059 1183 1094 grandir,
1196 1067 1345 1095 magnarum
1354 1059 1465 1092 alarum,
1476 1060 1552 1094 longa
1563 1061 1716 1094 extensione,
1729 1061 1805 1096 plena
1818 1071 1865 1087 mt-

1071 1105 1161 1140 guibus
1176 1105 1286 1141 (Ezech.
1303 1106 1346 1132 17.
1363 1107 1412 1134 1αὸ
1462 1107 1581 1141 Aquilam
1599 1107 1641 1134 hic
1656 1107 1865 1142 Babyloniorum

1071 1158 1162 1185 regem
1178 1151 1281 1178 vocavit
1296 1160 1301 1177 :
1316 1159 1438 1186 magnam
1457 1156 1545 1178 autem
1568 1153 1650 1186 ipsam
1664 1156 1690 1180 et
1705 1160 1864 1187 tuagnarum

1071 1197 1172 1224 alarum
1186 1197 1272 1231 dixit,
1288 1202 1315 1224 et
1333 1198 1439 1234 longam
1456 1199 1613 1226 extensione
1634 1199 1793 1234 plenamque
1812 1207 1866 1226 un-

1070 1243 1166 1277 guibus
1181 1243 1344 1276 nominavit,
1358 1248 1467 1279 propter
1480 1245 1614 1271 exercitus
1627 1244 1823 1272 multitudinem
1837 1249 1867 1271 et

1071 1287 1279 1323 magnitudinem
1298 1289 1423 1323 potentia:
1441 1294 1469 1316 et
1489 1289 1648 1317 incursionis
1669 1290 1865 1321 velocitatem;

1072 1334 1141 1360 sicut
1162 1334 1232 1360 enim
1253 1334 1348 1369 aquilis
1377 1339 1440 1362 sunt
1464 1334 1514 1361 ala:
1540 1339 1567 1362 et
1589 1342 1689 1370 ungues
1710 1342 1784 1362 arma
1797 1355 1804 1367 ,
1823 1335 1867 1362 sic

1071 1378 1169 1405 milites
1182 1378 1288 1413 regibus
1300 1382 1328 1406 et
1340 1379 1411 1413 equi.
1426 1378 1490 1406 Hrec
1502 1379 1582 1414 igitur
1594 1379 1682 1414 aquila
1698 1379 1800 1413 Habet,
1817 1379 1861 1406 in-

1071 1425 1147 1459 quit,
1162 1425 1266 1452 ductum
1278 1425 1389 1452 intrandi
1408 1425 1434 1452 in
1450 1424 1575 1452 Libanum
1590 1425 1670 1460 (Ibid.
1697 1433 1721 1452 υ.
1738 1425 1777 1461 3).
1792 1425 1864 1459 Quid

1071 1475 1122 1504 est,
1138 1470 1247 1498 Ductum
1259 1471 1272 1498 ?
1285 1470 1443 1504 Consilium,
1457 1472 1615 1499 sententiam
1630 1480 1637 1504 ;
1653 1471 1782 1499 Libanum
1798 1480 1863 1499 vero

1071 1516 1189 1544 Iudaeam
1206 1517 1327 1550 vocavit,
1347 1517 1407 1552 quia
1430 1524 1512 1552 prope
1527 1522 1642 1544 montem
1659 1518 1731 1545 illum
1745 1519 1794 1544 sita
1810 1523 1864 1545 est.

1073 1562 1167 1590 Postea
1181 1562 1330 1597 juramenta
1345 1563 1437 1591 volens
1450 1568 1477 1590 et
1490 1563 1590 1591 fmdera
1607 1563 1695 1591 dicere
1705 1584 1712 1596 ,
1729 1563 1808 1596 Tulit,
1825 1565 1865 1591 in-

1072 1609 1139 1644 quit,
1153 1609 1184 1636 de
1196 1610 1371 1637 cemineterrte
1380 1630 1386 1641 ,
1402 1615 1424 1636 et
1437 1609 1504 1636 dedit
1517 1610 1544 1636 in
1554 1618 1642 1646 campo
1654 1611 1743 1641 sativa,
1756 1615 1782 1637 ut
1795 1611 1864 1637 acci-

1073 1660 1140 1689 peret
1154 1655 1333 1682 radicationem
1352 1663 1427 1690 super
1440 1663 1531 1690 aquom
1549 1655 1652 1682 multum
1666 1663 1675 1682 :
1688 1660 1716 1682 ut
1730 1656 1865 1690 respicere-

1074 1706 1114 1727 tur
1126 1702 1210 1737 posuit
1221 1701 1287 1728 illud
1299 1709 1308 1728 :
1318 1709 1423 1735 cumque
1433 1701 1603 1736 germinanet,
1615 1701 1690 1728 crevit
1699 1701 1726 1727 in
1740 1702 1813 1728 citem
1824 1702 1866 1727 in-

1074 1747 1174 1781 ﬁrmam
1186 1752 1208 1773 et
1222 1755 1325 1781 paruam
1340 1747 1513 1781 magnitudine
1525 1766 1533 1779 ,
1546 1752 1569 1773 et
1583 1747 1692 1773 extendit
1706 1754 1791 1772 ramos
1805 1755 1867 1773 suos

1073 1795 1107 1820 ad
1118 1795 1188 1821 illam
1199 1815 1205 1826 ,
1217 1799 1240 1820 et
1254 1794 1351 1821 radices
1364 1795 1418 1827 eius
1431 1793 1475 1820 sub
1487 1794 1532 1820 illa
1544 1798 1616 1820 erant
1629 1793 1714 1827 (Ibid.
1726 1801 1750 1819 υ.
1764 1794 1811 1828 5).
1821 1794 1865 1820 Ci-

1074 1841 1182 1867 vitatem
1193 1848 1257 1867 vero
1267 1839 1414 1867 Jerusalem
1428 1840 1508 1866 vitem
1522 1839 1565 1866 hic
1578 1839 1737 1874 appellavit;
1750 1838 1867 1866 dicendo

1074 1891 1162 1914 autem
1176 1885 1246 1920 quod
1261 1892 1349 1912 ramos
1362 1892 1425 1912 suos
1440 1884 1472 1911 ad
1488 1885 1572 1919 ipsam
1587 1884 1676 1911 emisit
1688 1884 1803 1918 aquilam
1813 1904 1822 1917 ,
1839 1888 1866 1911 et

1074 1931 1177 1958 radices
1188 1931 1246 1965 ejus
1261 1930 1310 1957 sub
1326 1930 1370 1957 illa
1385 1934 1479 1962 erant,
1497 1929 1598 1957 fmdera
1611 1929 1766 1964 significavit
1780 1933 1808 1956 et
1820 1937 1863 1956 so-

1074 1977 1196 2004 cietatem
1209 1983 1268 2003 cum
1285 1977 1342 2010 ipso
1361 1976 1452 2003 initam
1462 1995 1470 2008 ,
1484 1980 1511 2002 et
1530 1975 1599 2009 quod
1620 1975 1735 2009 seipsam
1750 1975 1776 2001 in
1791 1975 1865 2002 illum

1075 2022 1177 2057 rejecit.
1187 2021 1249 2049 Mox
1261 2021 1426 2056 iniquitatem
1442 2020 1583 2048 ostendere
1593 2021 1695 2054 volens,
1706 2021 1743 2047 ait
1756 2030 1764 2047 ι
1775 2020 1809 2047 Et
1819 2021 1867 2056 fuit

1075 2067 1160 2102 aquila
1170 2067 1260 2098 altera,
1273 2066 1307 2093 de
1316 2074 1378 2101 rege
1391 2066 1502 2100 loquens
1513 2065 1648 2101 Egyptio,
1662 2065 1765 2100 grandis
1775 2070 1799 2091 el
1813 2074 1868 2091 map

1075 2113 1132 2148 guis
1146 2113 1194 2139 alis
1208 2112 1341 2147 multisque
1353 2112 1491 2146 unguibus;
1505 2116 1528 2138 et
1540 2119 1595 2138 ecce
1611 2111 1666 2138 vitis
1679 2111 1728 2137 ista
1737 2111 1868 2146 implicata

1078 2163 1130 2185 erat
1143 2158 1177 2185 ad
1189 2166 1244 2185 eam
1256 2178 1263 2190 ,
1279 2163 1303 2184 et
1316 2158 1450 2192 pampinus
1465 2158 1519 2191 ejus
1533 2157 1560 2184 in
1574 2165 1604 2184 ea
1616 2177 1624 2190 ,
1642 2162 1665 2183 et
1679 2157 1795 2191 palmites
1808 2165 1867 2183 suos

1076 2204 1204 2236 extendit,
1220 2209 1248 2230 ut
1267 2204 1382 2239 irrigare!
1395 2211 1451 2230 eam
1462 2211 1473 2231 :
1488 2208 1619 2238 propterea
1631 2203 1683 2229 diri
1696 2223 1704 2236 ,
1727 2202 1789 2229 Ilwc
1808 2203 1869 2228 dicit

1076 2250 1145 2277 Deus
1156 2258 1167 2277 :
1181 2250 1212 2277 Si
1222 2250 1388 2285 prosper-abit,
1408 2250 1458 2276 hoc
1471 2254 1512 2276 est
1524 2270 1532 2282 ,
1547 2257 1606 2284 qua:
1618 2249 1798 2284 juramentum
1815 2256 1868 2275 nun

1077 2297 1222 2324 servaverit
1237 2301 1263 2324 et
1281 2296 1381 2324 foedera
1393 2316 1399 2328 ,
1420 2296 1441 2322 si
1461 2296 1552 2330 poterit
1567 2303 1669 2322 manere
1682 2300 1705 2321 et
1720 2294 1814 2321 saluari
1825 2315 1833 2326 ,
1847 2298 1870 2320 et

1077 2351 1128 2370 non
1147 2343 1235 2370 cadere
1248 2343 1336 2378 (Ibid.
1350 2351 1374 2370 υ.
1390 2342 1471 2377 7-9).
1491 2342 1551 2369 Mox
1564 2342 1751 2369 demonstrans
1765 2348 1820 2367 non
1835 2341 1871 2367 ita

1078 2389 1195 2416 futurum
1216 2396 1293 2421 esse,
1307 2388 1355 2416 sed
1367 2387 1476 2415 omnino
1493 2392 1601 2422 propter
1613 2387 1794 2422 juramentum
1809 2394 1868 2420 per-

1078 2435 1185 2466 ituram,
1199 2434 1232 2461 de
1245 2442 1321 2468 poena
1337 2434 1393 2468 ipsa
1406 2433 1513 2460 disserit
1523 2437 1567 2466 ,et
1581 2441 1688 2460 causam
1703 2432 1778 2468 ponit
1794 2440 1801 2458 :
1817 2432 1867 2459 Rn-

1079 2481 1145 2508 diees
1159 2481 1226 2507 enim
1242 2481 1296 2516 ejus
1309 2480 1482 2507 teneritudinis
1493 2500 1501 2513 ,
1522 2484 1545 2506 et
1565 2482 1662 2514 fructus
1683 2483 1808 2514 putrescat
1821 2499 1828 2510 ,
1848 2483 1871 2504 α

1079 2531 1189 2554 arment
1199 2534 1255 2562 qute
1268 2534 1299 2553 ea:
1310 2534 1340 2553 ea
1352 2526 1493 2561 germinant
1506 2524 1516 2560 (
1527 2524 1595 2552 Ibid.
1609 2533 1636 2552 υ.
1650 2524 1698 2560 9).
1715 2524 1749 2551 Et
1761 2523 1873 2551 demon-

1079 2578 1164 2600 strare
1178 2573 1270 2600 volens
1290 2572 1360 2606 quod
1385 2579 1437 2598 non
1458 2571 1573 2598 humana
1591 2571 1618 2597 vi
1635 2570 1807 2602 destruetur,
1824 2570 1871 2597 sed

1079 2618 1203 2654 quoniam
1218 2626 1265 2652 per
1276 2618 1320 2644 illa
1331 2617 1481 2651 juramenta
1494 2617 1576 2643 Deum
1588 2616 1637 2643 sibi
1649 2615 1711 2643 fecit
1721 2615 1872 2649 inimicum,

1080 2664 1215 2698 stlbjunxit
1231 2673 1237 2690 :
1253 2663 1313 2690 Non
1333 2664 1361 2690 in
1383 2663 1486 2690 brachio
1500 2662 1610 2698 grandi,
1632 2670 1710 2697 neque
1730 2662 1757 2688 in
1779 2665 1874 2696 popqu

1111 2721 1120 2736 ι
1137 2719 1261 2751 δίδωθι-ει.
1276 2722 1302 2744 et
1312 2719 1409 2751 quidam
1423 2722 1476 2744 Mss.
1494 2718 1564 2743 savil.
1576 2722 1602 2744 et
1616 2717 1666 2747 alii,
1686 2716 1749 2743 velut
1756 2717 1874 2747 fructum,

1079 2757 1135 2782 pro,
1143 2750 1205 2776 velut
1217 2750 1320 2783 signum.
