1983 3125
219 104 268 131 I93

210 159 305 191 multo,
320 163 350 185 ut
363 157 474 185 evelleret
483 165 538 184 eam
551 157 672 184 radicitus
683 157 793 194 (Eua/1.
807 158 850 185 17.
862 158 900 193 9).
916 158 950 185 Et
960 165 1006 192 pa-

211 203 305 230 rabole
325 203 431 238 quidem
454 203 510 230 lucc
523 211 530 236 ;
546 211 652 230 rursum
671 211 735 231 vero
747 204 864 231 declarat
876 211 934 231 eam
944 224 952 236 ,
968 204 1007 231 sic

210 248 339 283 inquiens
353 258 359 276 :
373 248 436 275 Ecce
447 249 523 275 veniet
533 257 579 276 rex
589 248 725 284 Babylonis
735 250 762 276 in
771 249 914 276 Jerusalem
923 248 1006 284 (Ibid.

209 303 232 320 ν.
251 293 320 328 12),
338 294 432 321 Postea
445 301 505 322 cum
519 294 545 320 in
560 294 647 321 medio
660 294 780 328 quaedam
801 294 853 321 alia
872 294 1005 327 dixisset,

206 339 365 373 juratnenta
384 339 447 366 dicit
466 343 494 366 et
515 338 635 366 foedera:
652 338 784 374 Ferietque
805 347 862 366 cum
882 347 909 366 eo
924 339 1006 373 {tedas

207 384 300 414 (Ibid.
315 393 341 412 υ.
358 386 412 420 £5).
424 385 486 412 Mox
499 389 527 412 et
540 385 713 412 rebellionem
726 386 817 412 dicens
829 394 835 411 :
852 385 886 412 Et
900 385 1005 417 recedet,

207 432 316 466 .uquit,
337 432 368 458 ab
387 440 416 458 ea
436 432 555 458 mittendo
574 433 676 458 nuntios
688 432 714 458 in
730 431 883 467 {Egyptunu
895 436 923 458 ut
937 432 1007 458 daret

205 477 254 504 sibi
276 486 356 511 equos
369 483 393 505 et
407 479 528 513 populum
548 478 655 504 multant
675 478 685 514 (
697 477 766 505 Ibid.
779 486 802 505 v.
821 478 854 505 15
869 479 888 511 ).
902 477 935 504 Et
948 482 1007 512 post

206 521 267 548 lure
281 522 384 555 infert,
400 522 585 550 demonstrans
600 527 708 557 propter
719 523 901 558 juramentum
915 523 1006 558 perni-

205 567 278 594 ciem
301 573 385 595 totam
405 568 544 601 accidisse,
561 568 642 596 Nisi‘
656 570 683 595 in
702 569 758 596 loco
771 570 846 603 regis,
860 570 902 604 qui
912 570 1005 596 consti-

206 613 256 638 tuit
266 621 328 639 eum
341 621 434 648 regem,
447 614 491 648 qui
504 614 596 648 sprevit
607 613 808 641 maledictionem
822 622 913 647 meum,
928 619 951 641 ct
963 615 1006 649 qui

207 663 386 693 transgressus
399 663 434 686 est
448 663 622 686 testamentum
634 667 729 692 meum,
740 660 767 686 in
779 660 861 686 medio
870 659 1006 695 Babylonis

207 704 345 737 morietur,
357 708 439 741 etnon
452 704 478 731 in
487 705 595 731 exercitu
603 704 705 739 grandi,
721 712 765 731 nec
775 705 801 731 in
814 705 907 740 populo
916 704 1004 736 multo,

206 749 269 783 quia
286 751 382 784 sprevit
402 750 573 784 juramentum
587 750 775 785 praevaricando
790 755 892 785 pactum
904 759 986 777 meum
995 759 1005 784 ;

207 795 385 829 iuramentum
398 803 479 822 nteant
489 796 548 831 quia
560 796 665 830 sprevit,
674 801 696 822 et
709 796 791 831 {tedas
802 796 871 829 quod
883 798 1006 832 pracvari-

207 845 281 868 catus
296 847 355 873 est,
371 841 435 868 dabo
451 842 478 868 in
492 846 568 875 caput
583 843 647 877 ejus,
663 847 687 869 et
701 843 844 877 expandam
862 851 939 878 super
950 852 1006 870 eum

207 891 260 913 rete
270 895 356 914 meum
371 887 451 922 (Ibid.
459 896 482 914 ν.
496 887 601 922 16-20).
611 887 692 915 Vides
702 888 835 922 quomodo
849 897 901 916 non
913 890 1005 922 semel,

207 939 259 959 ncc
279 931 325 959 bis
336 953 343 964 ,
357 940 448 959 verum
461 937 489 960 et
500 933 596 967 saepius
611 932 696 966 dixit,
716 933 789 960 illum
807 938 915 968 propter
930 934 1005 967 jura-

207 983 334 1005 mentum
350 978 407 1005 haec
419 979 507 1006 omnia
519 987 627 1014 passum
640 986 700 1006 esse
713 979 726 1006 ?
747 980 922 1014 implacabilis
934 981 1005 1007 enim

207 1028 250 1051 est
267 1025 355 1055 Deus.
369 1025 526 1059 contemptis
536 1024 705 1060 juramcntis.
720 1025 813 1060 Neque
826 1033 890 1053 vero
904 1030 1005 1053 tantum

207 1077 241 1097 ex
255 1070 361 1097 ultione
382 1071 480 1098 civitati
496 1071 566 1098 illata
586 1076 694 1106 propter
705 1071 885 1106 juramentum
901 1071 951 1099 hoc
964 1072 1005 1099 in-

208 1116 334 1151 telligere
355 1116 432 1148 licet,
448 1124 539 1143 verum
553 1120 580 1144 et
592 1124 624 1143 ex
638 1116 807 1144 cunctatione
820 1121 846 1144 et
859 1117 985 1144 dilatione
996 1137 1004 1150 ,

207 1166 341 1195 quantum
358 1162 426 1189 Deus
445 1162 561 1189 studium
576 1162 692 1194 habeat,
715 1169 749 1190 ne
766 1163 917 1196 juramenta
939 1171 1005 1190 con-

208 1207 364 1234 culcentur.
379 1207 488 1234 Factum
501 1212 537 1234 est
551 1208 638 1241 enim,
653 1208 751 1242 inquit,
766 1209 791 1235 in
807 1217 874 1235 anno
888 1217 954 1235 nono
967 1217 1007 1236 re—

208 1254 252 1288 gni
260 1253 329 1287 ejus,
339 1253 364 1279 in
374 1261 455 1279 mense
462 1253 580 1285 secundo,
591 1254 616 1279 in
626 1253 722 1280 decima
730 1254 830 1285 mensis,
843 1254 907 1280 venit
914 1253 1006 1281 Nabu-

212 1298 386 1331 chodonosor,
398 1307 441 1325 re:
451 1298 598 1333 Babylonis,
613 1302 636 1325 et
646 1299 726 1325 omnis
738 1300 860 1326 exercitus
868 1301 922 1334 ejus
931 1308 1007 1334 super

208 1342 365 1375 Jerusalem,
375 1349 398 1370 et
405 1344 563 1370 circumsedit
571 1352 636 1376 eam,
645 1345 795 1370 et-exstruait
806 1344 831 1370 in
839 1344 944 1371 circuitu
953 1346 1006 1379 ejus

209 1389 373 1420 munitiones,
383 1395 405 1415 et
413 1389 499 1417 clausa
508 1393 543 1415 est
550 1389 646 1421 civitas,
655 1394 728 1424 atque
736 1390 829 1416 vallata
841 1398 916 1423 usque
923 1389 956 1416 ad
963 1398 1006 1416 un.

208 1434 436 1460 decimumannum
444 1434 509 1468 regis
519 1433 640 1466 Sedecite,
650 1443 716 1461 nona
722 1435 763 1461 die
772 1435 873 1467 mensis,
879 1441 905 1462 et
913 1443 1006 1469 prama-

208 1479 256 1505 luit
268 1480 349 1513 [antes
358 1479 384 1506 in
394 1479 450 1514 ipsa
461 1480 568 1512 civitate,
580 1488 625 1507 nec
635 1484 689 1506 erat
704 1481 777 1514 panis
788 1481 881 1515 populo
893 1481 926 1507 ad
937 1489 1005 1508 com-

209 1525 345 1556 edendum,
361 1529 382 1551 et
394 1525 471 1552 scissa
481 1529 516 1552 est
525 1525 612 1552 civitas
621 1525 659 1560 (4.
672 1526 735 1561 Reg.
751 1526 855 1553 25.1-4
867 1527 885 1561 ).
897 1527 1005 1554 Poterat

209 1577 309 1604 nempe
318 1570 406 1597 statim
417 1578 431 1597 a
442 1571 524 1604 prima
535 1570 578 1598 die
591 1571 661 1605 ipsos
673 1571 786 1603 tradere.
796 1572 916 1600 etfacere
926 1572 1005 1599 hosti-

208 1614 258 1641 bus
274 1615 394 1641 subditos
410 1623 417 1647 ;
434 1615 479 1643 sed
498 1619 636 1650 propterea
653 1617 756 1644 interim
776 1617 853 1644 trium
875 1625 1004 1645 annorum

209 1664 317 1693 tempus
324 1662 424 1688 conteri
441 1661 569 1695 permisit,
579 1666 606 1689 et
617 1662 688 1696 ipsos
701 1663 837 1690 obsidione
848 1663 930 1697 premi
942 1671 1004 1698 gra-

208 1705 330 1737 vissima,
340 1706 569 1734 utetextriusecus
579 1707 690 1733 militum
698 1707 803 1740 timore,
811 1712 838 1735 et
846 1708 1004 1736 intrinsecus

208 1749 279 1777 l’ame
290 1751 423 1777 civitatem
439 1756 575 1784 premente
587 1752 718 1787 castigati,
732 1753 774 1780 vel
787 1754 900 1781 invitum
911 1762 1003 1789 regem

205 1793 330 1822 barbaris
341 1792 418 1821 subdi
429 1797 566 1828 cogerent,
577 1797 605 1820 et
616 1792 722 1828 aliquod
733 1796 841 1827 peccato
855 1795 1003 1820 remedium

205 1840 277 1867 ﬁeri.
293 1839 326 1866 Et
338 1839 410 1874 quod
431 1839 483 1866 hoc
502 1839 538 1866 sit
554 1846 646 1866 verum
657 1859 664 1872 ,
679 1846 767 1874 neque
788 1846 846 1867 mea
864 1839 899 1866 sit
912 1839 1004 1874 conje-

205 1889 283 1913 ctura
294 1905 301 1918 ,
318 1884 381 1912 audi
395 1884 457 1920 quid
473 1892 521 1920 per
534 1885 692 1920 prophetam
711 1884 745 1912 ad
764 1885 851 1919 ipsum
867 1885 938 1912 dicat
952 1893 959 1912 :
974 1884 1005 1912 Si

206 1931 301 1958 exieris
312 1930 346 1956 ad
360 1930 434 1957 duces
451 1930 517 1965 regis
536 1929 674 1965 Babylonis
687 1950 696 1964 ,
717 1930 780 1957 vivet
798 1930 884 1956 anima
904 1934 947 1956 tua
958 1951 966 1963 ,
981 1935 1004 1957 et

206 1977 298 2004 civitas
313 1977 366 2003 lucc
385 1985 436 2003 non
453 1976 616 2004 succendetur
631 1976 684 2011 igni
697 1997 704 2008 ,
724 1981 749 2003 et
763 1977 828 2004 vives
841 1982 867 2003 tu
879 1981 902 2003 et
915 1977 1005 2004 domus

207 2027 262 2048 tua.
277 2022 308 2049 Si
318 2027 402 2049 autent
414 2031 464 2049 non
475 2023 565 2050 exieris
577 2023 611 2049 ad
620 2023 746 2057 principes
755 2023 766 2038 ²
778 2023 843 2059 regis
854 2022 1003 2058 Babylonis,

207 2068 323 2094 tradetur
332 2068 419 2094 civitas
426 2068 480 2094 haec
488 2068 514 2095 in
520 2076 611 2095 manus
624 2068 812 2102 Chaldaeorum,
824 2074 847 2095 et
856 2070 1005 2096 succenderit

207 2121 266 2140 eam
278 2113 351 2148 igni,
372 2118 395 2140 et
413 2121 464 2140 non
483 2113 587 2149 effugies
603 2114 634 2140 de
647 2114 762 2141 manibus
776 2123 872 2142 eorum.
895 2114 927 2141 Et
940 2115 1005 2142 dixit

207 2166 255 2185 rea;
264 2157 384 2185 Sedecias
394 2159 428 2185 ad
437 2159 574 2186 Jercmiam
585 2167 595 2186 :
607 2159 742 2186 Rationem
754 2160 833 2187 habeo
842 2159 1003 2193 Iudaeorum,

207 2205 252 2240 qui
269 2206 388 2240 fugerunt
401 2205 435 2232 ad
448 2205 582 2233 Cltaldteos
593 2226 600 2236 .
619 2214 650 2232 ne
669 2207 734 2241 forte
746 2206 847 2234 tradant
862 2215 900 2233 me
911 2207 937 2233 in
952 2216 1006 2234 ma-

209 2260 257 2278 nus
271 2260 366 2283 eorum,
379 2256 403 2278 et
414 2251 524 2279 illudant
535 2252 607 2279 mihi.
621 2252 761 2287 Respondit
776 2257 860 2279 autem
870 2252 1003 2284 Jeremias.

208 2304 232 2325 et
247 2297 311 2324 dixit
325 2298 348 2324 ei
357 2319 365 2331 ,
380 2297 441 2324 Non
453 2303 477 2324 te
485 2298 585 2324 tradent
599 2304 610 2324 :
622 2298 684 2324 audi
697 2306 781 2324 vocem
795 2297 914 2331 Domitii,
930 2307 1006 2333 quant

209 2352 256 2379 ego
271 2344 360 2379 loquor
371 2343 406 2370 ad
418 2349 455 2375 te,
467 2350 491 2370 at
504 2344 595 2371 melius
605 2344 650 2371 tibi
663 2345 725 2377 erit,
739 2348 762 2370 et
774 2344 836 2371 vivet
849 2345 935 2372 anima
949 2350 1004 2371 tua.

212 2389 287 2422 Quod
303 2389 326 2416 si
343 2390 454 2416 nolueris
468 2389 572 2424 egredi,
591 2391 638 2416 iste
659 2395 694 2416 est
711 2398 791 2416 sermo
808 2398 881 2424 quem
899 2391 1005 2417 ostendit

212 2435 274 2462 mihi
287 2434 412 2462 Dominus
427 2443 436 2462 ε
452 2435 519 2462 Ecce
533 2443 617 2462 omnes
633 2435 749 2462 mulieres
762 2444 819 2471 qua:
831 2442 1005 2463 remanserunt

211 2483 237 2508 in
251 2482 326 2509 domo
339 2482 404 2517 regis
416 2481 486 2508 Juda
498 2502 506 2515 ,
526 2481 664 2508 educentur
675 2481 709 2508 ad
726 2481 852 2517 principes
873 2483 938 2517 regis
952 2481 1005 2509 Ba-

212 2528 321 2563 bylonis,
334 2533 358 2556 et
375 2528 415 2555 lue
428 2528 531 2555 dicent:
545 2527 708 2555 Seduxerunl
726 2532 765 2560 te,
783 2532 805 2554 et
819 2528 1006 2562 prazvaluernnt

212 2574 343 2601 adversum
360 2579 384 2601 te
395 2574 441 2601 viri
455 2574 555 2608 paciﬁci
570 2574 606 2600 tui
618 2594 626 2606 ,
640 2578 664 2600 et
677 2573 847 2607 praevalebunt
860 2574 887 2601 in
901 2573 1005 2601 lubricis

212 2625 299 2646 contra
314 2619 389 2654 pedes
402 2625 457 2646 tuos
473 2627 482 2646 :
495 2625 652 2646 recesserunt
668 2628 683 2645 a
699 2624 722 2646 te
735 2639 743 2652 ,
756 2625 780 2646 et
791 2619 801 2635 ³
816 2628 900 2646 onmcs
914 2628 1007 2646 uxores

212 2671 235 2692 et
248 2665 314 2700 ﬁlios
325 2670 381 2692 tuos
390 2665 494 2692 educent
503 2665 537 2691 ad
547 2663 691 2698 Chaldatos,
701 2670 724 2692 et
737 2673 787 2692 non
800 2664 904 2701 e/I‘ugies
915 2674 1004 2692 manus

245 2723 253 2737 ¹
272 2723 339 2753 Legit
349 2721 431 2751 δεινῇ..
443 2724 519 2746 Certe.
533 2725 557 2746 tn
566 2722 629 2754 Bibl.
638 2728 697 2754 vero
707 2729 715 2746 :
727 2722 793 2754 (Vivo,
799 2729 842 2754 ego
853 2722 874 2748 si
885 2729 942 2754 non.

243 2754 254 2769 ³
272 2752 345 2785 Editio
355 2756 454 2781 Veneta,
466 2759 588 2785 quacum
599 2752 658 2777 Bibl.
666 2753 778 2785 quadrat,
789 2752 858 2785 legit,
868 2753 1006 2785 principes;

244 2760 254 2769 -
272 2760 345 2777 sumo
355 2760 454 2781 veneta,
484 2760 521 2777 um
533 2760 588 2778 cum
600 2760 658 2777 HlDl.
668 2760 774 2784 quaerat.

214 2784 238 2809 in
249 2784 360 2808 munibus
368 2787 449 2808 autem
460 2760 514 2808 illis
523 2783 622 2815 legitur.
632 2784 774 2814 principem.

245 2815 256 2831 ³
272 2814 314 2840 Atii
325 2816 361 2840 sic
371 2815 480 2840 habent:
493 2819 543 2840 Non
554 2818 710 2845 revertentur.
720 2818 753 2844 et.
765 2819 814 2840 etc.

639 101 685 129 AD
703 101 863 131 POPULUM
883 99 1124 129 ANTIOCHENUM
1155 101 1270 130 HOMIL.
1290 100 1350 130 XIX

1799 104 1848 132 198

1061 166 1157 191 eorum,
1169 159 1229 194 quia
1239 159 1264 185 in
1278 167 1354 186 manu
1368 159 1434 194 regis
1446 159 1583 194 Babylonis
1595 160 1712 194 capieris,
1727 165 1750 187 et
1762 160 1850 190 civitas

1059 204 1112 231 lucc
1133 204 1290 231 comburetur
1311 205 1364 240 igni
1380 204 1486 240 (Jerem.
1498 206 1543 233 58.
1558 206 1590 232 l7
1616 205 1651 233 25
1665 206 1684 240 ).
1705 206 1759 234 Sed
1774 211 1848 242 posta

1059 258 1137 285 quam
1161 257 1213 277 non
1227 251 1358 284 persuasit
1371 250 1429 278 bare
1443 250 1533 278 dicens
1545 272 1552 284 ,
1574 251 1621 278 sed
1634 251 1731 279 mansit
1743 252 1770 279 in
1783 260 1848 287 pec-

1059 300 1118 322 cato
1130 300 1158 323 et
1172 296 1310 329 iniquitate
1323 317 1331 329 ,
1352 301 1413 331 post
1430 301 1483 324 tres
1496 304 1580 324 annos
1591 297 1726 324 civitatem
1742 298 1850 326 tradidit

1060 340 1130 368 Deus
1141 361 1149 373 ,
1162 345 1189 368 et
1203 342 1372 369 clementiam
1386 349 1461 369 suam
1476 341 1661 370 demonstrans
1675 347 1702 370 ct
1723 343 1793 371 illius
1808 344 1850 370 in-

1058 391 1161 420 gratum
1178 386 1306 413 animum.
1327 386 1360 414 Et
1379 387 1490 421 ingressi
1507 395 1567 414 cum
1590 395 1682 422 magna
1705 389 1847 422 facilitate,

1059 430 1105 457 Dei
1120 436 1146 458 et
1159 432 1227 466 regis
1240 432 1348 458 domum
1360 432 1534 460 incenderunt
1545 437 1572 460 et
1585 432 1679 460 domos
1692 433 1847 468 Jerusalem,

1059 480 1086 503 et
1098 484 1203 504 omnem
1217 485 1338 512 magnam
1351 477 1458 505 domum
1475 478 1590 505 incendit
1613 480 1735 514 princeps
1750 487 1849 516 coquo-

1058 529 1117 548 rum
1131 526 1158 550 et
1173 530 1276 550 murum
1289 523 1437 551 Jerusalem
1451 524 1601 558 subvertit,
1621 530 1647 551 et
1666 526 1763 560 ubique
1782 526 1851 560 ignis

1058 568 1229 601 grassabatur
1243 568 1408 601 barbaricus,
1419 568 1572 603 juramento
1590 570 1676 604 ignem
1697 571 1809 599 ducente
1823 577 1851 600 et

1058 611 1191 640 ﬂammam
1206 613 1302 646 passim
1316 615 1512 649 circumagente
1527 623 1533 642 :
1547 620 1573 641 et
1597 616 1722 650 populum
1743 618 1768 643 in
1787 617 1850 644 civi-

1059 662 1112 685 tate
1122 659 1243 685 relictum
1254 663 1282 685 et
1291 660 1334 694 qui
1347 660 1506 687 transierant
1516 661 1549 687 ad
1560 669 1648 696 regem
1661 663 1848 696 tranSpOI'tavil

1059 703 1180 738 princeps
1195 711 1339 739 coquormn
1354 705 1397 740 (tl.
1412 705 1473 741 Reg.
1488 705 1549 740 25).
1564 706 1598 732 Et
1612 707 1742 734 columnas
1753 716 1831 736 cereas
1841 728 1850 742 ,

1057 757 1113 784 qua:
1126 755 1197 777 erant
1211 750 1237 777 in
1250 751 1323 777 domo
1342 750 1446 778 Domini
1459 772 1466 784 ,
1486 756 1509 779 et
1526 751 1606 784 bases,
1623 757 1645 778 et
1659 761 1728 779 mare
1742 761 1850 787 teneant,

1057 796 1125 831 quod
1139 801 1192 823 erat
1202 797 1227 823 in
1239 797 1313 823 domo
1326 797 1436 830 Domini,
1448 799 1622 833 confregerunl
1638 798 1753 826 C/taldwi
1767 808 1776 827 :
1787 800 1852 827 ollas

1058 849 1154 876 quoque
1165 849 1254 875 terens,
1266 847 1287 868 ct
1300 842 1450 877 fuscinulas,
1463 847 1484 869 et
1498 842 1607 877 phialas,
1617 848 1641 870 et
1656 845 1811 877 mortariola,
1827 850 1852 872 et

1058 887 1142 913 omnia
1161 895 1220 913 vasa
1239 895 1305 914 aerea
1324 888 1450 922 inquibus
1468 888 1663 921 ministrabant,
1685 889 1794 916 tulerunt
1807 898 1816 916 :
1831 895 1853 917 et

1058 933 1195 966 tlturibula,
1206 939 1228 960 et
1241 933 1340 968 phialas
1350 942 1439 961 aureas
1454 938 1477 961 et
1487 938 1617 968 argenteas
1631 935 1741 962 tulerunt
1756 941 1798 963 :et
1808 945 1852 962 co-

1059 979 1157 1006 lumnas
1165 979 1228 1005 duas
1236 984 1258 1005 ct
1266 979 1345 1010 bases,
1353 984 1376 1006 et
1382 987 1452 1006 mure
1460 979 1527 1014 quod
1535 980 1594 1014 fecit
1607 980 1729 1008 Salomon
1739 982 1765 1008 in
1777 983 1851 1009 domo

1059 1024 1170 1056 Domini,
1186 1025 1241 1051 tulit
1257 1024 1439 1058 Nabuzardau,
1455 1025 1571 1059 princeps
1583 1034 1720 1060 cognoram
1732 1035 1741 1054 :
1754 1032 1777 1053 et
1790 1028 1850 1054 tule-

1058 1074 1116 1096 runt
1127 1078 1224 1104 quoque
1235 1069 1342 1096 Saream
1354 1070 1463 1105 primum
1475 1071 1638 1103 sacerdotem,
1654 1076 1677 1097 et
1691 1072 1796 1106 Saphan
1809 1081 1852 1099 sa-

1058 1115 1182 1142 cerdotem
1196 1115 1342 1149 secundum,
1355 1120 1376 1143 et
1390 1120 1438 1143 tres
1449 1116 1492 1151 qui
1504 1117 1675 1144 custodiebant
1688 1117 1774 1151 limen,
1786 1123 1810 1145 et
1821 1119 1853 1146 de

1059 1162 1157 1188 civitate
1168 1162 1310 1188 eunuchum
1322 1170 1410 1195 unum,
1420 1162 1462 1196 qui
1475 1166 1528 1189 erat
1545 1164 1678 1198 prwfectus
1690 1171 1765 1198 super
1774 1164 1853 1191 bella-

1058 1211 1123 1234 tores
1135 1207 1211 1239 viros,
1224 1211 1247 1233 et
1256 1207 1364 1243 quinque
1372 1207 1438 1234 viros
1449 1207 1480 1234 de
1491 1207 1530 1234 his
1538 1207 1580 1241 qui
1590 1207 1705 1234 videbant
1715 1209 1804 1244 facient
1812 1218 1853 1236 re-

1058 1252 1106 1288 gis,
1114 1257 1136 1279 et
1146 1252 1252 1287 Sophan
1261 1252 1399 1287 principem
1406 1253 1565 1284 exercitus,“
1572 1253 1714 1285 scribam,et
1723 1254 1854 1289 sexaginta

1058 1298 1123 1324 viros
1132 1318 1138 1330 ,
1150 1302 1173 1324 et
1182 1297 1238 1324 tulit
1245 1305 1297 1330 eos,
1311 1302 1334 1324 et
1345 1297 1451 1324 abduxit
1459 1297 1493 1324 ad
1503 1305 1585 1332 regem
1595 1297 1742 1332 Babylonis,
1753 1307 1852 1332 percus-

1058 1343 1138 1378 sitque
1145 1350 1186 1370 eos
1193 1350 1238 1369 rea:
1249 1342 1386 1378 Babylonis
1392 1347 1416 1369 et
1425 1343 1549 1377 interfecit
1556 1350 1598 1369 eos
1607 1341 1632 1378 (Ι
1636 1343 1688 1370 bid.
1704 1351 1717 1370 v
1722 1363 1728 1369 .
1743 1343 1825 1371 15-21
1834 1349 1852 1377 ).

1058 1388 1149 1423 Itaque
1162 1388 1303 1415 recordare
1310 1388 1372 1415 mibi
1388 1388 1463 1415 falcis
1471 1388 1583 1415 volantis
1591 1392 1616 1415 et
1625 1389 1817 1423 requiescentis
1827 1390 1852 1416 in

1059 1434 1139 1461 domo
1150 1434 1264 1469 jurantis
1274 1455 1282 1466 ,
1301 1439 1329 1461 et
1343 1433 1461 1469 parietes
1473 1433 1634 1461 destruentis
1646 1438 1674 1461 ot
1696 1434 1765 1469 ligna
1776 1441 1804 1462 et
1817 1435 1853 1461 la-

1058 1480 1134 1515 pides
1148 1489 1154 1507 :
1169 1480 1310 1507 recordare
1323 1480 1388 1507 mihi
1399 1479 1533 1515 quomodo
1543 1479 1723 1514 juramentum
1740 1481 1791 1508 hoc
1804 1489 1848 1508 nr-

1057 1526 1118 1553 bem
1133 1526 1278 1561 ingressum
1289 1547 1296 1559 ,
1319 1530 1399 1560 atque
1418 1526 1513 1553 domos
1526 1531 1554 1553 et
1564 1526 1692 1560 templum
1707 1531 1735 1554 et
1753 1527 1850 1554 mmnia

1057 1571 1221 1605 aedificiaque
1235 1570 1373 1606 splendida
1386 1571 1526 1604 destruxit,
1541 1575 1568 1598 et
1581 1571 1723 1599 maceriem
1738 1571 1801 1599 fecit
1812 1572 1851 1599 ci-

1057 1619 1175 1650 vitatem,
1186 1621 1213 1644 et
1221 1624 1307 1652 neque
1317 1620 1409 1644 sancta
1420 1621 1582 1649 sanctorum,
1595 1624 1680 1651 neque
1690 1624 1765 1644 sacra
1776 1625 1851 1650 vasa,

1057 1670 1106 1690 nec
1119 1663 1188 1689 aliud
1197 1662 1339 1698 quidquam
1351 1670 1456 1697 poenam
1468 1666 1496 1690 et
1508 1662 1635 1690 ultionem
1653 1663 1727 1690 illam
1741 1664 1852 1696 avertit,

1057 1709 1117 1743 quin
1132 1708 1256 1735 violatum
1276 1707 1362 1735 fuerat
1379 1708 1569 1742 juramentum.
1587 1708 1621 1734 Et
1632 1708 1724 1735 civitas
1739 1708 1848 1743 quidem

1056 1757 1109 1780 tam
1124 1753 1310 1780 miserabiliter
1320 1753 1481 1785 solvebatur,
1495 1760 1541 1779 rex
1554 1757 1642 1780 autem
1658 1753 1698 1779 his
1710 1753 1850 1780 miserabi-

1058 1795 1122 1820 liora
1137 1797 1162 1820 et
1177 1794 1292 1820 tristiora
1306 1792 1473 1828 patiebatur:
1488 1797 1514 1819 et
1529 1793 1597 1820 sicut
1609 1792 1719 1820 aedilicia
1735 1793 1785 1820 falx
1801 1793 1850 1820 ista

1058 1840 1150 1866 volans
1166 1838 1315 1871 destruxit.
1338 1838 1376 1866 sic
1393 1842 1420 1865 et
1441 1837 1512 1865 hunc
1531 1838 1674 1873 fugientem
1695 1838 1852 1872 absumpsit.

1057 1883 1180 1919 Egressus
1203 1883 1274 1911 enim
1296 1888 1331 1910 est
1349 1891 1394 1910 rea:
1405 1903 1412 1913 .
1435 1883 1540 1918 inquit,
1563 1888 1634 1910 nocte
1650 1883 1680 1909 de
1695 1883 1793 1910 civitate
1807 1892 1852 1918 per

1057 1930 1122 1955 vium
1144 1933 1224 1963 parua
1237 1949 1244 1960 ,
1260 1933 1283 1955 et
1304 1928 1418 1955 Clialrla'i
1439 1928 1657 1955 circumdederunt
1672 1928 1796 1954 civitatem
1807 1949 1815 1961 ,
1830 1933 1854 1955 et

1057 1980 1219 2010 persequutus
1229 1979 1265 2001 est
1277 1975 1400 2001 exercitus
1411 1973 1588 2001 Cltaldworum
1603 1979 1657 2007 post
1672 1982 1763 2009 regem,
1776 1978 1798 2001 et
1811 1983 1852 2001 ce-

1057 2026 1146 2056 perunt
1161 2029 1237 2053 eum,
1260 2025 1283 2047 ct
1302 2020 1542 2055 comprehenderunt
1565 2028 1664 2055 regem,
1685 2025 1706 2046 ct
1727 2021 1853 2047 duxerunt

1056 2068 1140 2102 ipsum
1151 2067 1186 2094 ad
1198 2075 1282 2102 regem
1295 2065 1444 2101 Babylonis.
1460 2065 1493 2092 Et
1504 2066 1622 2100 loquutus
1635 2070 1671 2092 est
1684 2074 1729 2093 rex
1744 2065 1853 2101 Babylo-

1057 2113 1096 2140 nis
1110 2121 1167 2139 cum
1181 2112 1287 2140 Sedecia
1297 2112 1435 2147 judicium,
1445 2116 1468 2138 et
1478 2111 1569 2138 occidit
1583 2111 1650 2145 ﬁlios
1662 2111 1740 2147 ipsius
1753 2112 1780 2138 in
1790 2120 1852 2138 ocu-

1058 2159 1089 2185 lis
1102 2161 1167 2194 ejus,
1181 2163 1205 2186 et
1218 2158 1303 2186 oculos
1317 2158 1429 2186 Sedeciw
1438 2158 1582 2191 adamavit,
1594 2162 1618 2184 et
1627 2158 1705 2184 vinxit
1714 2166 1772 2184 eum
1782 2166 1852 2184 com-

1058 2204 1160 2240 pedibus
1171 2225 1179 2237 ,
1194 2209 1218 2231 et
1233 2203 1337 2231 abducit
1348 2204 1374 2230 in
1389 2203 1544 2238 Babylonem
1561 2202 1608 2239 (4.
1625 2203 1689 2238 Reg.
1704 2203 1749 2230 25.
1764 2203 1814 2230 4-7
1826 2203 1847 2238 ).

1057 2250 1125 2283 Quid
1138 2254 1189 2281 est,
1201 2249 1332 2284 Loquatus
1344 2253 1380 2276 est
1393 2257 1450 2275 cum
1464 2249 1518 2284 ipso
1529 2248 1678 2283 judicium?
1688 2248 1729 2275 Ab
1743 2249 1800 2283 ipso
1811 2257 1853 2275 ra.

1059 2299 1144 2323 tiones
1157 2295 1288 2329 repetivit,
1303 2294 1431 2321 rationem
1446 2294 1534 2328 posuit
1543 2301 1603 2321 cmn
1617 2293 1685 2328 ipso,
1699 2299 1726 2321 et
1737 2293 1855 2328 primum

1059 2342 1140 2376 ipsius
1154 2341 1223 2368 ﬁlios
1236 2340 1384 2375 iugulavit,
1398 2345 1427 2367 ut
1445 2340 1559 2375 propriae
1573 2339 1731 2367 calamitatis
1745 2344 1852 2374 specta-

1059 2392 1099 2414 lor
1113 2387 1186 2413 fieret
1200 2395 1206 2412 :
1220 2391 1247 2413 et
1263 2391 1401 2420 postquam
1414 2385 1570 2418 tragoediam
1585 2385 1657 2412 illam
1671 2386 1851 2412 miserabilem

1057 2430 1132 2464 vidit,
1142 2434 1207 2457 tunc
1216 2430 1290 2458 illum
1299 2431 1453 2459 exczecavit.
1463 2430 1522 2465 Qua
1531 2431 1564 2459 de
1574 2439 1656 2460 causa
1668 2440 1776 2460 rursum
1787 2432 1847 2460 ltoo

1057 2475 1162 2511 agitur?
1175 2474 1210 2503 Ut
1220 2475 1350 2510 magister
1363 2476 1488 2503 barbaris
1502 2476 1591 2510 abeat,
1607 2482 1634 2504 et
1648 2477 1703 2504 illic
1718 2477 1841 2505 habitan-

1057 2522 1130 2549 tibus
1144 2521 1245 2550 Judatis
1255 2541 1263 2554 ,
1276 2526 1306 2549 ut
1319 2527 1463 2550 cernentes
1475 2531 1523 2557 per
1534 2528 1700 2551 excaecatum
1716 2524 1821 2551 disrant
1831 2543 1843 2556 ι

1056 2571 1188 2602 quantum
1202 2568 1265 2595 mali
1280 2568 1523 2603 sitjuramentum;
1535 2577 1585 2597 nec
1595 2569 1634 2596 illi
1646 2577 1710 2597 vero
1722 2573 1843 2601 tantum,

1057 2621 1151 2640 verum
1161 2618 1187 2640 et
1195 2621 1273 2641 secus
1280 2614 1351 2640 viam
1361 2621 1455 2642 omnes
1464 2615 1752 2646 babitantes,vinctutn
1759 2622 1786 2644 et
1793 2624 1841 2643 cte-

1057 2664 1148 2687 catum
1159 2659 1304 2692 intuentes,
1314 2667 1361 2694 per
1372 2661 1534 2688 calamitatis
1548 2662 1762 2697 magnitudinem
1777 2671 1843 2697 pec-x

1057 2706 1109 2732 cati
1118 2705 1222 2740 pondus
1229 2706 1344 2734 discant.
1351 2706 1495 2741 Propterea
1504 2708 1697 2742 prophetarum
1707 2709 1773 2736 alter
1780 2709 1840 2744 qui-

1058 2751 1120 2777 dum
1128 2753 1168 2779 sic
1177 2752 1274 2786 inquit,
1283 2751 1344 2780 Non
1352 2753 1447 2780 videbit
1456 2753 1616 2788 Babylonem
1625 2753 1779 2788 (Esca/1J2.
1786 2756 1794 2780 l
1801 2754 1839 2783 ὄις

1058 2803 1125 2830 alter
1135 2808 1208 2830 vero.
1223 2799 1253 2826 1η
1271 2799 1289 2819 ε’
1307 2800 1422 2836 bylouent
1435 2798 1572 2826 abducetur
1585 2797 1691 2833 (larem.
1706 2799 1750 2828 52.
1766 2799 1804 2832 5).
1820 2797 1852 2826 Et
