1983 3125
126 110 177 139 195

123 160 252 188 contraria
261 160 366 195 quidem
377 158 516 194 prophetia
525 166 585 186 esse
594 158 708 190 videtur,
723 158 769 185 sed
783 165 834 185 non
848 161 889 185 est
901 167 909 185 :

123 208 179 233 hmo
189 206 267 233 ambo
274 213 351 233 vera:
362 205 460 232 etenim
473 204 632 238 Babylonem
642 212 693 231 non
703 204 777 235 vidit,
785 208 812 230 et
821 204 845 230 in
858 203 911 229 Ba-

123 251 245 288 bylonem
254 252 384 278 abductus
393 255 443 277 est.
451 249 588 282 Quomodo
597 249 675 284 igitur
685 249 908 284 Babylonemyon

120 297 207 324 vidit?
219 297 349 330 Quoniam
364 296 389 322 in
399 295 490 322 .ludtea
502 300 649 322 excaecatus
661 299 711 321 est.
731 294 778 322 Ubi
793 301 907 328 namque

120 343 298 378 jttramentum
311 346 428 375 spretum
441 345 491 371 est,
501 340 535 367 ibi
551 344 577 367 et
590 339 750 366 vindicatum
765 343 814 369 cst,
825 343 852 365 et
865 338 907 364 nl-

121 389 218 414 tionem
234 387 290 421 ipse
303 386 436 413 sustinuit.
450 385 588 418 Quomodo
602 385 731 412 abductus
739 388 781 411 est
792 383 908 419 Babylo-

120 433 200 462 nem?
211 433 335 468 Captivos
348 433 442 460 factus.
456 432 584 465 Quoniam
599 432 669 458 enitn
688 431 746 458 duae
760 435 835 458 erant
850 438 908 464 po:-

120 487 177 512 nte,
193 479 336 506 excwuttio
348 484 374 506 et
388 478 526 512 captivitas
536 498 543 510 ,
559 477 750 504 distribuerunt
765 476 834 511 ipsas
849 483 909 509 pro-

121 526 221 560 phetae:
231 529 258 551 et
271 524 313 551 ltic
323 523 439 558 quidem,
451 522 510 549 Non
521 523 621 555 videbit,
636 522 728 556 inqttit,
741 521 905 556 Babylonem,

121 571 203 604 ipsius
215 571 421 597 excatcationem
436 569 526 596 dicens
540 578 546 595 :
563 569 606 595 ille
621 576 683 595 vero
693 568 738 599 ait,
753 566 785 593 In
795 566 905 601 Babylo-

120 624 177 642 nem
194 615 339 645 abducetur.
355 615 436 649 ipsius
450 614 603 649 significans
615 613 806 647 captivitatem.

154 663 180 690 4.
201 661 308 688 Muralis
326 661 474 688 exhortatio.
487 674 523 680 --
535 660 596 686 ΙΙωο
612 658 689 693 igitur
706 659 836 690 scientes,
852 657 905 683 fra-

119 713 188 740 tres,
203 712 228 734 et
243 715 312 734 tutnc
330 708 398 734 dicta
411 712 437 733 et
455 711 516 733 ante
535 705 592 732 haec
611 708 816 732 commetnorata
829 703 906 730 colli-

117 758 219 787 gentes,
230 753 263 780 ab
277 753 325 779 hac.
338 752 444 779 tandem
457 751 535 778 stulta
550 757 684 777 cessemus
697 747 905 776 consuetudine;

117 800 155 826 sic
169 806 232 833 rogo
250 804 277 826 et
289 805 337 825 oro
351 806 397 830 vos
411 804 514 824 omnes.
531 796 559 823 Si
579 796 650 823 enim
671 794 829 829 antiquitus,
845 801 905 820 cum

117 845 200 872 .ludaii
214 845 245 872 ad
260 845 402 880 perfectam
413 843 578 877 disciplinam
595 849 647 868 non
660 840 841 876 exigebantur,
858 839 905 867 sed

117 892 196 917 multa
212 894 270 918 erat
284 889 453 924 indulgentia,
467 893 537 914 tanta
553 891 661 922 propter
676 893 755 912 unum
767 885 904 919 jnramen-

117 941 170 962 Iutn
185 936 232 966 ira,
245 939 345 962 tantum
359 934 500 965 excidium,
519 936 588 959 tanta
604 931 742 965 captivitas
756 930 821 956 iuit:
838 929 900 964 quid

115 987 260 1015 congruum
269 984 310 1006 est
322 986 392 1006 nunc
404 985 528 1012 passuros
537 983 596 1004 esse
604 976 732 1010 jurantcs.
746 979 804 1009 post
819 974 902 1008 legem

116 1026 165 1052 hoc
183 1025 270 1053 facere
290 1024 471 1059 prohibentem
488 1028 514 1050 et
525 1026 626 1049 tantum
641 1021 824 1048 mandatorum
838 1028 904 1055 attg-

115 1071 252 1098 mentum?
273 1069 341 1097 Nunt
363 1069 433 1096 enitn
455 1068 506 1095 ltoc
526 1072 566 1094 cst
583 1067 653 1102 quod
671 1066 807 1101 quaa‘itur,
825 1069 852 1092 ut
871 1065 903 1092 ad

113 1117 232 1151 synaxim
248 1115 384 1141 veniamus
401 1117 429 1141 et
447 1112 585 1139 audiamus
603 1119 662 1147 qure
681 1111 825 1138 dicuntur?
848 1110 904 1137 Hoc

114 1161 219 1195 quidem
233 1165 259 1187 et
277 1159 404 1194 judicium
419 1159 503 1194 majus
515 1163 556 1186 est
565 1178 573 1190 .
587 1162 614 1185 et
627 1165 704 1192 paena
725 1156 884 1184 inevitabilis
894 1176 902 1189 ,

113 1206 217 1242 quando
231 1210 357 1241 perpetuo
371 1205 508 1232 audientes
521 1212 573 1231 non
587 1204 727 1238 implemus
740 1211 798 1237 qua:
809 1202 902 1229 dicun-

111 1257 163 1279 tur.
178 1252 262 1286 Quam
277 1252 347 1279 enim
361 1250 516 1277 habebimus
529 1248 730 1276 defensionem?
743 1255 822 1282 quain
837 1254 902 1274 vero

113 1301 214 1326 veniam
226 1319 234 1331 ,
250 1306 310 1326 cutn
323 1305 339 1325 a
352 1297 435 1332 prima
454 1304 503 1324 nos
517 1300 594 1323 aetate
608 1303 690 1330 usque
709 1295 735 1321 in
753 1298 900 1321 extremam

112 1345 234 1372 canitiem
247 1344 298 1370 huc
307 1343 495 1370 convenientes
504 1346 531 1368 et
542 1345 612 1368 tanta
623 1340 742 1367 fruentes
751 1339 900 1373 disciplina,

112 1390 211 1417 suniles
224 1390 274 1416 illis
291 1395 474 1415 remaneamus
486 1408 493 1420 ,
506 1392 534 1414 et
548 1386 647 1414 nullum
660 1385 812 1412 studeamus
826 1385 902 1412 defc-

112 1442 182 1463 ctum
195 1435 346 1470 corrigere?
363 1434 402 1462 Ne
417 1434 481 1461 mihi
494 1433 548 1468 jam
569 1433 664 1467 aliquis
683 1431 900 1459 consuetudinem

113 1480 276 1516 przetendat:
300 1485 409 1515 propter
430 1479 480 1506 hoc
503 1479 574 1506 enim
596 1478 719 1512 indignor
740 1482 766 1504 et
790 1477 898 1508 irascor,

112 1527 234 1562 quoniam
256 1526 475 1554 consuetudinem
493 1525 601 1551 vincere
620 1531 673 1550 non
695 1530 845 1558 possumus.
868 1522 902 1548 Et

111 1574 160 1600 nisi
174 1572 390 1600 consuetudinem
403 1572 550 1602 vincamus,
564 1569 696 1604 quomodo
709 1569 901 1603 concupiscen-

111 1619 174 1646 tiam
184 1619 330 1650 vincemus,
343 1618 418 1653 cujus
429 1617 503 1644 radix
515 1616 594 1643 habet
603 1623 618 1642 a
628 1620 718 1642 natura
727 1614 902 1650 principium?

109 1665 304 1700 Concupiscere
318 1664 387 1691 enitn
404 1662 522 1690 naturale
533 1683 539 1694 ,
554 1662 623 1688 male
636 1669 699 1688 vero
713 1661 902 1694 concupiscere

109 1711 162 1745 jam
175 1714 218 1737 est
232 1709 386 1737 voluntatis.
400 1708 494 1736 Jurare
513 1715 608 1741 nempe
628 1714 677 1733 nec
689 1706 758 1741 cepit
772 1713 786 1732 a
806 1705 900 1732 volun-

111 1762 163 1783 tate
177 1757 185 1772 ¹
200 1756 369 1791 principium,
382 1754 430 1782 sed
443 1761 477 1781 ex
487 1753 642 1788 negligentia
658 1752 724 1779 sola.

147 1801 221 1828 Mira;
244 1801 421 1828 circulatorum
445 1799 611 1826 artes.—-Et
624 1802 652 1825 ut
673 1798 770 1830 discas,
795 1805 846 1824 tton
867 1805 899 1824 ex

111 1848 148 1874 rei
162 1847 333 1878 difﬁcultate,
356 1845 404 1873 sed
419 1849 526 1880 propter
540 1844 688 1879 neglectum
708 1848 826 1870 nostrum
842 1847 900 1869 tan-

111 1898 164 1919 tum
179 1892 230 1919 hoc
249 1895 386 1927 peccatum
402 1890 563 1925 processisse
573 1910 579 1920 ,
593 1889 739 1924 cogitemus
753 1888 838 1915 multo
859 1887 901 1914 his

109 1937 258 1975 difficiliora
274 1936 395 1963 homines
409 1935 537 1970 exsequi,
552 1938 578 1962 et
593 1934 643 1961 hoc
662 1934 762 1961 nullam
777 1933 838 1961 inde
856 1941 900 1960 re-

110 1983 278 2010 tributionem
301 1985 503 2015 exspectantes:
526 1980 671 2014 cogitemus
693 1986 752 2013 quae
778 1978 901 2006 diabolus

110 2027 268 2061 imperavit,
284 2034 362 2061 quam
376 2025 505 2052 laboriosa
518 2045 525 2058 ,
537 2032 616 2059 quam
636 2024 744 2058 gravia:
767 2031 817 2051 nec
828 2022 901 2050 diffi-

109 2073 194 2100 cultas
209 2072 258 2100 fuit
271 2072 328 2106 ejus
341 2071 471 2098 mandatis
484 2069 711 2105 impedimentum.
728 2069 796 2103 Quid
808 2069 879 2097 enim
891 2089 899 2101 ,

110 2125 209 2153 quaeso,
233 2117 364 2144 difficilius
386 2116 430 2148 sit,
458 2122 537 2150 quam
561 2122 621 2141 cum
642 2114 772 2149 quispiam
794 2114 900 2148 juvenis

110 2163 258 2190 volentibus
266 2170 295 2189 se
303 2161 422 2188 emollire
432 2165 459 2187 et
467 2160 584 2187 membra
594 2167 639 2187 sua
650 2164 773 2194 torquere
783 2159 899 2194 scipsum

109 2210 230 2240 tradens,
245 2208 337 2235 scdulo
352 2207 495 2234 contendat
514 2211 579 2233 rot.c
599 2213 673 2233 more
694 2209 777 2232 totum
792 2205 900 2232 ﬂectere

109 2263 207 2291 corpus
219 2276 227 2288 ,
243 2259 270 2283 et
282 2255 307 2282 in
323 2255 472 2290 pavimento
486 2253 594 2285 versari,
611 2257 637 2279 ct
652 2259 697 2286 per
709 2252 800 2278 oculos
814 2257 841 2278 et
853 2259 900 2285 per

111 2309 235 2329 manuum
248 2299 498 2328 circutnductioncm
521 2303 548 2325 et
563 2297 642 2323 aliam
665 2297 855 2324 revolutionem
872 2297 897 2323 in

111 2348 254 2375 femineum
275 2352 357 2380 genus
379 2344 492 2371 transire
512 2347 633 2375 conetur,
658 2350 706 2369 nec
725 2349 817 2369 eorutn
839 2349 899 2376 qua:

112 2391 375 2423 nuutdifficultatem,
386 2397 435 2417 nec
443 2397 476 2416 ex
486 2389 518 2416 iis
526 2388 695 2423 ignominiam
708 2387 900 2414 ratiocinetur?

111 2439 137 2466 in
151 2437 286 2465 orchestra
305 2443 409 2463 rursum
424 2442 471 2462 eos
482 2455 490 2467 ,
504 2434 549 2468 qui
568 2434 757 2468 pertrahuntur
766 2454 773 2464 ,
787 2437 814 2460 et
827 2432 899 2460 velut

109 2483 160 2510 alis
173 2480 299 2509 membris
307 2484 415 2507 utuntur
425 2478 570 2512 corporeis,
581 2478 640 2512 quis
650 2477 742 2505 videns
750 2484 802 2504 non
815 2477 899 2504 admi-

110 2528 203 2556 retur?
217 2526 318 2562 gladios
332 2528 420 2552 autem
434 2524 583 2550 alternatim
599 2523 624 2550 in
636 2530 725 2550 acrem
738 2522 897 2556 iaculantes,

109 2579 136 2600 et
148 2579 241 2600 omnes
253 2578 357 2598 rursum
368 2577 415 2604 per
425 2568 591 2596 manubrium
601 2569 747 2603 capientes,
758 2575 835 2602 quem
845 2575 897 2594 non

109 2617 273 2646 confundant
285 2615 386 2642 nullum
401 2621 450 2649 pro
463 2614 560 2640 virtute
573 2613 690 2640 laborem
703 2613 837 2646 suscipere
851 2619 899 2638 vo-

110 2663 220 2690 lentium
231 2662 243 2688 ?
254 2662 294 2690 vel
308 2660 370 2696 qttid
385 2660 418 2687 de
432 2660 462 2687 iis
472 2658 576 2686 dicatur
589 2658 662 2692 viris,
675 2658 719 2693 qui
733 2658 859 2692 perticam
872 2657 897 2684 in

111 2709 198 2737 fronte
211 2711 343 2741 gestantes
354 2727 362 2739 ,
377 2705 449 2733 velut
463 2705 585 2731 arborem
600 2703 626 2730 in
642 2707 711 2730 terra
732 2703 876 2730 radicatam
890 2723 897 2734 ,

110 2755 149 2782 sic
163 2754 296 2779 immotam
313 2751 491 2779 conservant?
505 2749 562 2777 Non
585 2749 636 2776 hoc
657 2749 742 2776 solum
757 2753 798 2775 est
811 2748 896 2775 admi-

142 2810 150 2826 ⁶
168 2808 250 2834 ttorel.
264 2812 289 2834 et
301 2808 390 2840 aliquot
401 2810 464 2836 Mss"
477 2812 492 2831 α
503 2805 635 2836 roltmtate;
644 2804 693 2835 alii,
702 2811 717 2829 α
731 2808 826 2831 natura.

491 101 520 130 S.
539 101 677 130 JOANNIS
695 100 932 130 CHRYSOSTOMI
950 100 1109 129 ARCHIEP.
1129 100 1393 129 CONSTANTINOP.

1699 100 1748 130 196

963 157 1046 185 rabile
1058 179 1065 190 ,
1081 166 1171 185 verum
1185 163 1213 186 et
1227 158 1252 185 id
1266 158 1335 193 quod
1352 158 1475 192 puerulos
1488 165 1583 193 parvos
1603 158 1628 185 iu
1643 166 1749 185 summo

963 203 1034 237 ligno
1050 203 1058 218 ¹
1078 203 1148 230 inter
1160 211 1188 230 se
1210 203 1302 230 luctari
1319 203 1432 235 faciunt,
1449 208 1477 231 et
1491 211 1576 238 neque
1588 211 1682 230 tuanus
1700 212 1748 230 nec

961 249 1012 276 alia
1024 249 1143 284 corporis
1153 257 1222 283 pars,
1234 249 1281 277 sed
1297 249 1368 276 frons
1380 250 1436 277 sola
1449 250 1521 277 omni
1532 250 1636 277 vinculo
1646 249 1747 277 ﬁrmius

961 294 1032 321 illam
1043 295 1169 329 perticam
1179 295 1247 329 gerit
1261 295 1453 322 incoltcussam.
1465 295 1541 322 Alter
1549 303 1653 323 rursum
1666 303 1747 329 supra

960 339 1049 367 funem
1067 340 1282 374 angustissimum
1304 347 1363 367 cum
1379 345 1450 368 tanta
1463 340 1580 367 ambulat
1594 340 1745 372 securitate,

960 392 1020 411 cum
1035 390 1132 419 quanta
1153 385 1198 420 qui
1213 385 1304 420 planos
1323 393 1430 420 campos
1453 391 1619 420 percurrunt.
1635 385 1746 412 Verum-

960 434 1048 456 tamen
1068 430 1124 457 hzec
1136 438 1196 465 quae
1210 435 1237 458 et
1257 431 1370 465 cogitatu
1391 431 1564 458 intolerabilia
1580 438 1638 458 esse
1652 431 1745 458 viden-

961 479 1003 502 tur
1014 496 1021 507 ,
1036 475 1103 502 facta
1122 479 1183 502 sunt
1201 480 1258 502 arte
1272 475 1414 509 possibilia.
1433 475 1501 508 Quid
1522 475 1615 502 horum
1635 476 1660 502 in
1672 476 1745 509 jura-

959 522 1057 548 mentis
1070 541 1077 552 ,
1099 529 1203 556 quaeso,
1231 521 1394 556 przetcndere
1417 521 1577 556 poswmus?
1595 529 1673 556 quam
1695 521 1746 548 dif-

960 568 1125 595 ficultatem?
1152 575 1229 602 quem
1256 567 1403 595 sudorem?
1430 575 1508 602 quam
1537 567 1645 594 artem?
1673 567 1744 601 qunti

960 613 1124 648 periculum?
1138 614 1238 648 Exiguo
1257 618 1357 640 tantutn
1371 613 1458 640 stttdio
1473 613 1548 639 nobis
1564 617 1602 638 est
1617 620 1682 646 opus
1694 632 1701 644 ,
1718 616 1745 638 ct

959 659 1031 686 brcvi
1053 659 1129 686 nobis
1144 664 1226 686 lotutn
1241 659 1392 694 expeditum
1408 659 1495 685 fuerit.
1507 658 1561 685 Nec
1576 658 1638 684 tnihi
1652 658 1723 684 dicas
1736 679 1743 689 ,

957 703 1082 738 Majorem
1096 709 1196 738 partem
1211 704 1330 738 expedivi
1343 713 1349 731 :
1372 704 1419 732 sed
1435 709 1462 731 tu
1476 705 1524 731 nisi
1539 709 1621 730 tottnn
1635 704 1744 738 expedi-

957 750 1038 782 veris,
1052 750 1169 777 nondum
1185 754 1210 777 te
1227 750 1370 785 quidquam
1391 750 1486 778 fecisse
1507 755 1587 785 puta:
1612 751 1661 777 lmc
1673 750 1743 776 enim

957 796 1082 830 exiguum
1097 797 1243 831 neglectum
1263 801 1291 824 et
1310 804 1389 824 onme
1403 797 1532 831 reliquum
1548 796 1670 823 destruit.
1686 796 1743 823 Sre-

957 841 1015 875 pius
1030 849 1142 876 namque
1163 841 1256 868 domos
1271 841 1432 869 aedificantes
1447 842 1567 868 homines
1577 863 1583 872 ,
1608 846 1634 868 et
1647 847 1744 869 tectum

958 887 1122 922 itnponentes
1133 908 1141 920 ,
1157 888 1233 914 unius
1246 888 1341 922 tegulrc
1351 895 1470 915 excussae
1483 895 1573 915 curam
1589 896 1639 914 non
1650 896 1744 922 geren-

958 939 1008 966 tes,
1023 938 1104 960 totam
1117 933 1224 961 domum
1239 934 1418 969 perdiderunt.
1434 934 1468 961 Et
1480 934 1506 961 in
1520 934 1683 961 vestimentis
1695 933 1745 960 hoc

957 979 1042 1012 ipsum
1057 980 1165 1007 evenire
1185 980 1244 1014 quis
1261 987 1372 1007 cernere
1385 980 1485 1014 possit:
1499 980 1597 1007 etenim
1615 987 1694 1013 parva
1717 980 1743 1006 in

956 1024 1009 1051 illis
1022 1024 1089 1051 facta
1104 1025 1234 1057 scissura,
1248 1033 1297 1052 nec
1312 1024 1452 1055 resarcita.
1466 1032 1589 1059 magnam
1604 1024 1665 1052 fecit
1679 1025 1744 1051 scis-

955 1076 1055 1096 Suram.
1072 1069 1126 1096 Hoc
1139 1074 1165 1096 et
1178 1069 1204 1096 in
1216 1069 1375 1097 torrentibus
1386 1069 1518 1097 tuultoties
1529 1070 1616 1096 evenit
1629 1079 1634 1095 :
1647 1070 1744 1096 etenim

955 1120 982 1142 et
1005 1115 1052 1148 illi,
1076 1115 1098 1142 si
1120 1114 1163 1142 vel
1184 1115 1320 1142 minimum
1342 1115 1644 1149 ceperintingressum,
1661 1119 1743 1142 totum

956 1159 1125 1188 introducunt
1144 1159 1282 1187 fluentum.
1300 1160 1388 1194 Itaque
1408 1165 1435 1187 et
1447 1164 1475 1187 tu
1486 1181 1493 1193 ,
1508 1161 1573 1188 licet
1591 1166 1616 1188 te
1629 1160 1745 1194 undique

955 1206 1109 1239 muniveris,
1134 1206 1156 1233 si
1176 1209 1264 1233 tamen
1286 1206 1373 1240 aliqua
1395 1213 1457 1240 pars
1479 1206 1616 1233 immunita
1636 1206 1744 1232 dimissa

955 1256 1007 1284 est,
1020 1252 1100 1278 etiam
1113 1250 1183 1278 hanc
1195 1251 1300 1278 diabolo
1313 1251 1431 1283 obstrue,
1447 1255 1476 1277 ut
1488 1251 1525 1277 sis
1535 1250 1570 1277 ab
1582 1250 1654 1277 omni
1670 1256 1745 1284 parte

955 1296 1085 1324 firmatus.
1102 1297 1196 1324 Vidisti
1217 1296 1334 1324 falcem?
1349 1297 1435 1324 vidisti
1459 1301 1540 1331 caput
1553 1296 1684 1323 Joannis?
1697 1303 1744 1322 att-

955 1343 1016 1370 disti
1030 1343 1167 1372 historiam
1185 1344 1219 1371 de
1230 1344 1310 1371 Saule
1320 1344 1331 1370 ’ἒ
1344 1343 1440 1370 audisti
1454 1343 1615 1378 captivitatis
1628 1342 1744 1370 Judaica:

954 1390 1084 1417 modum?
1099 1397 1158 1417 cum
1170 1389 1212 1416 his
1224 1394 1313 1416 autem
1328 1388 1452 1416 omnibus
1466 1387 1560 1415 audisti
1572 1387 1669 1415 Christi
1684 1395 1744 1414 sen-

956 1437 1065 1465 tentiam
1076 1456 1083 1469 ,
1096 1435 1229 1462 dicentem
1242 1434 1311 1469 quod
1323 1441 1374 1460 non
1390 1434 1508 1468 pejorare
1521 1438 1638 1465 tantum,
1653 1440 1744 1460 verum

954 1488 980 1510 et
998 1483 1090 1516 jurare
1112 1481 1360 1516 quomodocumque
1384 1479 1542 1506 diabolicum
1565 1485 1616 1512 est,
1642 1484 1669 1506 et
1690 1484 1743 1506 tota

954 1528 1061 1563 maligni
1077 1527 1236 1554 machinatio
1262 1525 1367 1559 (Matth.
1384 1525 1411 1552 5.
1427 1525 1471 1552 55.
1486 1524 1552 1557 54)?
1566 1524 1662 1551 audisti
1685 1524 1745 1551 ubi~

954 1580 1005 1608 que
1015 1573 1165 1606 jnramenta
1181 1571 1254 1605 sequi
1269 1569 1406 1605 perjuria?
1419 1569 1498 1601 Haec,
1516 1569 1621 1604 inquam
1631 1590 1638 1600 ,
1655 1569 1743 1596 omnia

954 1624 1127 1652 congregans,
1152 1616 1265 1643 inscribe
1288 1615 1362 1642 cordi
1388 1620 1442 1641 ttto.
1460 1615 1517 1641 Non
1537 1614 1624 1642 cernis
1638 1619 1666 1641 ut
1686 1623 1744 1641 mu-

954 1663 1032 1690 lieres
1045 1667 1072 1689 et
1091 1662 1163 1696 parvi
1179 1661 1251 1696 pueri
1265 1668 1314 1696 pro
1331 1668 1426 1695 magna
1446 1660 1565 1688 custodia
1581 1660 1649 1687 collo
1662 1668 1743 1688 cvan-

953 1710 1020 1744 gelia
1035 1709 1210 1744 suspendunt,
1226 1713 1254 1736 et
1266 1709 1363 1743 ubique
1375 1707 1567 1735 circumferunt
1579 1715 1744 1742 quocumque

954 1755 1067 1781 abierint
1081 1755 1140 1790 (a)?
1163 1754 1203 1782 Tu
1221 1754 1350 1789 evangelii
1365 1754 1487 1780 mandata
1507 1758 1534 1780 et
1548 1754 1620 1788 leges
1630 1754 1640 1769 ¹
1655 1759 1744 1780 mente

955 1800 1089 1827 describas
1109 1808 1115 1826 :
1140 1807 1191 1826 non
1214 1807 1280 1826 auro
1297 1806 1347 1826 nec
1364 1803 1474 1834 argento
1496 1799 1540 1825 hic
1561 1802 1603 1825 est
1623 1806 1690 1833 opus
1717 1803 1745 1825 ct

954 1845 1083 1880 pecuniis,
1099 1852 1149 1872 nec
1163 1845 1258 1872 librum
1271 1851 1360 1872 emere
1372 1853 1380 1872 :
1396 1844 1532 1871 voluntate
1546 1844 1602 1871 sola
1618 1844 1693 1871 vobis
1703 1848 1744 1871 est

954 1899 1020 1925 opus
1034 1894 1062 1917 et
1075 1891 1169 1917 affectu
1190 1890 1285 1917 animae
1298 1889 1488 1925 expergefacta:
1500 1910 1508 1923 ,
1523 1894 1550 1917 et
1561 1890 1680 1916 securius
1695 1889 1743 1916 ha-

954 1937 1028 1964 bebis
1040 1937 1215 1972 evangelium,
1229 1944 1280 1964 non
1296 1936 1486 1964 circumferens
1497 1936 1661 1964 extrinsecus
1672 1957 1679 1968 ,
1696 1936 1743 1963 sed

954 1984 980 2010 in
1002 1983 1097 2010 animae
1113 1982 1294 2017 penetralibus
1313 1982 1401 2017 ipsum
1422 1989 1565 2017 reponens.
1592 1982 1744 2016 Exsurgens

954 2030 1033 2064 igitur
1043 2037 1058 2057 e
1073 2029 1153 2062 lecto,
1167 2033 1194 2056 et
1205 2029 1311 2056 domum
1326 2033 1397 2055 tuam
1410 2029 1560 2063 egrediens,
1575 2030 1643 2055 hanc
1656 2028 1742 2063 legem

954 2080 1055 2110 repete,
1075 2075 1215 2107 videlicet,
1238 2074 1293 2108 Ego
1313 2080 1395 2101 autent
1413 2075 1470 2101 dico
1491 2074 1573 2106 vobis,
1590 2083 1639 2100 non
1653 2075 1744 2109 jurare

954 2123 1055 2148 omnino
1069 2121 1175 2157 (Matth.
1190 2121 1217 2148 5.
1232 2121 1279 2155 54)
1292 2129 1298 2146 :
1322 2125 1348 2147 et
1363 2120 1413 2148 erit
1429 2120 1522 2147 idonea
1537 2120 1582 2147 tibi
1605 2119 1743 2154 disciplina

955 2168 1063 2195 verbum
1079 2167 1164 2194 illud:
1187 2175 1236 2194 nec
1251 2167 1322 2194 enim
1344 2167 1428 2193 multo
1440 2166 1531 2193 labere
1551 2174 1616 2200 opus
1630 2170 1681 2199 est,
1696 2166 1743 2192 scd

955 2214 1057 2241 modica
1071 2219 1172 2241 tantum
1194 2214 1351 2241 attentione.
1368 2213 1401 2239 Et
1413 2212 1483 2248 quod
1506 2212 1556 2239 hoc
1578 2213 1614 2239 sit
1631 2219 1741 2244 verum,

954 2260 1014 2287 inde
1028 2260 1284 2287 manifestissimum.
1297 2259 1395 2286 Filium
1409 2264 1482 2285 tuum
1496 2266 1595 2285 vocans
1609 2263 1679 2285 terre
1692 2279 1700 2291 ,
1715 2263 1743 2285 et

952 2307 1054 2334 minare
1072 2311 1097 2334 te
1117 2306 1166 2341 ipsi
1189 2306 1279 2341 plagas
1300 2304 1480 2337 inflicturum,
1496 2305 1546 2332 nisi
1566 2305 1651 2339 legem
1675 2304 1744 2331 hanc

952 2357 1111 2387 exsequatur
1123 2372 1131 2385 ,
1147 2356 1173 2379 et
1186 2351 1288 2379 videbis
1300 2350 1434 2386 quomodo
1447 2358 1463 2377 a
1476 2351 1670 2378 consuetudine
1689 2356 1742 2377 sta-

953 2399 1000 2425 tim
1012 2398 1132 2425 desistet.
1143 2398 1281 2431 Quomodo
1292 2397 1372 2432 igitur
1380 2405 1432 2424 non
1442 2397 1595 2429 absurdutn,
1606 2404 1628 2423 SI
1639 2397 1740 2430 pueruli

952 2444 1026 2478 parvi
1041 2444 1136 2470 timore
1151 2443 1234 2470 nostri
1257 2448 1382 2477 paventes
1394 2463 1402 2476 ,
1415 2442 1567 2469 mandatum
1582 2442 1739 2477 perficiant,

953 2497 1001 2516 nos
1014 2496 1077 2516 vero
1092 2496 1176 2524 neque
1188 2489 1227 2516 sic
1246 2489 1327 2515 Deum
1342 2488 1482 2515 timeamus
1493 2509 1501 2521 ,
1519 2493 1547 2515 ttt
1561 2496 1609 2515 nos
1625 2488 1671 2515 ﬁlii
1686 2495 1742 2515 me-

953 2534 1048 2561 tuunt?
1061 2534 1137 2568 Quod
1150 2538 1237 2561 autem
1253 2534 1374 2568 superius
1387 2534 1457 2566 dixi,
1474 2533 1525 2560 hoc
1539 2537 1566 2560 et
1586 2540 1657 2560 nunc
1670 2533 1740 2560 dico.

953 2580 1049 2615 Legem
1064 2581 1140 2607 nobis
1154 2580 1217 2614 ipsis
1230 2587 1357 2614 ponamus
1369 2599 1376 2611 ,
1390 2587 1443 2605 non
1457 2580 1529 2614 prius
1545 2579 1648 2613 publica
1660 2599 1668 2611 ,
1687 2585 1741 2606 non

983 2682 992 2697 ι
1011 2680 1062 2712 alii,
1073 2680 1101 2706 in
1123 2678 1202 2704 medio
1223 2678 1295 2712 (igtw.
1313 2677 1384 2703 Paulo
1395 2681 1449 2709 post
1460 2679 1542 2707 ﬁdem,
1556 2676 1623 2703 aliud
1634 2676 1742 2709 corporis

951 2711 1094 2737 membrum.
1242 2711 1246 2712 '

984 2744 994 2759 ι
1011 2741 1104 2775 aliquot
1115 2744 1178 2769 Mss,
1191 2743 1216 2765 tu
1226 2739 1446 2775 Ευωιᾳειὶὶ-(ἱιεζαδ.

983 2774 1019 2804 (a)
1036 2766 1148 2797 Mulieres
1167 2766 1193 2796 et
1209 2766 1301 2804 parvuli
1323 2770 1384 2794 collo
1404 2769 1530 2802 Evangelia
1549 2767 1743 2801 suspendebant.

952 2809 999 2831 ttae
1006 2806 1037 2830 de
1047 2811 1074 2829 re
1084 2804 1110 2828 in
1121 2803 1281 2837 sequentibus
1291 2807 1387 2833 agetur.
