1983 3125
123 98 134 139 ,ι
144 98 177 125 95

120 155 255 192 ἁμαρτίας
267 154 297 180 τὸ
318 152 442 188 μέγεθος.
469 151 517 178 Διὰ
530 151 610 178 τοῦτο
627 153 641 179 ὁ
661 152 710 187 μὲν
724 152 779 179 τῶν
801 152 951 188 προφητῶν

120 209 210 236 φησιν,
226 199 287 225 οὐκ
303 197 406 231 ὄψεται
420 195 591 223 Βαῦυλῶνιν
609 197 622 223 ὀ
637 195 665 222 δὲ
679 195 762 230 λέγει,
776 196 816 222 ὅτι
827 197 877 228 Είς
896 197 955 222 Ba-

121 242 238 271 ϐυλῶνα
256 240 474 275 ἀπαχθήσεται.
491 240 545 266 Καὶ
563 240 636 266 δοκεῖ
658 240 708 274 μὲν
723 239 833 265 ἐναντία
851 237 922 264 εἶναι
938 239 954 274 ἡ

121 279 282 324 προφητεία·
308 286 359 312 ούκ
378 284 437 311 ἐστι
458 284 503 315 δέ,
522 284 581 310 ἀλλ’
598 283 741 319 ἀμφότερα
756 283 841 310 ταῦτα
854 282 953 317 ἀληθῆ.

120 333 172 358 Καὶ
185 330 241 365 γὰρ
254 328 401 356 Βαϐυλῶνα
416 328 466 355 οὐκ
479 326 542 360 εἶδε,
552 328 598 354 καὶ
613 328 652 359 εἰς
670 327 817 354 Βαϐυλῶνα
830 326 953 361 ἀπήχθη.

120 375 180 406 Πῶς
194 373 242 400 οὖν
258 372 407 400 Βαϐυλῶνα
419 372 469 398 οὐκ
484 370 567 404 εἷδενς
590 371 650 397 ’Ότι
665 372 693 397 ἐν
712 371 745 405 τῇ
775 370 890 405 Ἰουδαίᾳ
906 369 956 404 τὴν

120 421 242 454 πήρωσιν
256 417 374 452 ύπέστη”
393 415 459 443 ἔνθα
477 415 531 452 γὰρ
547 417 561 441 ὁ
583 416 665 450 ὅρκος
680 414 811 450 ήθετήθη,
835 414 894 440 ἐκεῖ
908 412 956 440 καὶ

119 461 263 495 ἐξεδικεῖτο
284 461 334 488 καὶ
352 460 403 496 τὴν
426 459 560 495 τιμωρίαν
579 459 661 490 αὐτὸς
689 458 830 493 ὑπέμεινε.
848 457 911 488 Πῶς
927 457 956 483 δὲ

119 505 227 541 ἀπήχθη
240 506 283 537 εἰς
298 503 463 536 Βαϐυλῶνας
478 502 657 538 Αίχμάλωτος
669 502 825 537 γενόμενος.
847 499 956 535 Ἐπειδὴ

119 549 171 585 γὰρ
186 547 235 575 δύο
250 546 323 584 ἦσαν
348 548 376 574 al
406 546 547 582 τιμωρίαι,
568 547 692 581 πήρωσις
706 545 754 571 καὶ
765 544 956 579 αἰχμαλωσία,

119 593 290 628 διενείμαντο
303 591 390 622 αὐτὰς
403 591 428 618 οί
443 591 591 626 προφῆται,
603 589 650 616 καὶ
665 591 678 616 ὁ
693 589 752 624 μὲν,
765 590 826 616 Οὺκ
841 588 956 622 ὄψεται,

119 638 194 672 φησὶ,
204 635 386 666 Βαϐυλῶνα,
396 635 447 670 τὴν
462 635 585 671 πήρωσιν
593 633 677 660 αὐτοῦ
688 633 785 666 λέγων’
798 634 812 659 ὀ
822 633 850 659 δέ
863 640 955 668 φησιν’

120 683 169 713 Εἰς
182 679 354 707 Βαϐυλῶνα
369 677 575 713 ὰπαχθήσεται
585 684 592 693 ·
606 677 656 712 τὴν
670 676 858 711 αἰχμαλωσίαν
874 675 956 702 αὑτοῦ

120 724 318 758 αἰνιττόμενος.

152 768 182 795 δ’.
192 767 289 794 Ταῦτα
301 765 348 794 οὖν
357 765 594 800 είδότες,ἀδελφοὶ,
611 764 704 791 καὶτὰ
718 763 849 799 εἰρημένα
861 763 908 790 καὶ
921 763 957 790 τὰ

121 811 171 846 πρὸ
185 812 292 837 τούτων
307 810 440 846 λεχθέντα
457 809 641 844 συλλέγοντες,
651 807 819 843 παυσώμεθα
834 815 898 832 ποτε
910 806 960 841 τῆς

121 856 240 891 πονηρᾶς
260 854 366 890 ταύτης
389 853 548 889 συνηθείας,
570 853 615 879 ναὶ
639 852 734 886 δέομαι
757 851 804 877 καὶ
828 849 960 876 ἀντιϐολῶ

122 899 229 926 πάντων
246 899 337 934 ὑμῶν.
355 898 386 924 Εἰ
404 897 459 932 γὰρ
475 898 503 924 ἐν
515 898 549 932 τῇ
567 896 683 931 Παλαιᾷ,
697 896 741 922 ὅτε
754 895 783 921 ού
797 894 845 930 τὴν
857 893 959 929 ἀκριϐῆ

122 942 282 977 φιλοσοφίαν
299 941 453 978 ἀπῃτοῦντο
464 942 488 968 οἰ
501 941 633 972 Ἰουδαῖοι,
642 939 710 966 ἀλλὰ
724 939 807 974 πολλὴ
824 938 961 973 συγκατά-

122 987 196 1018 ϐασις
210 984 247 1021 ἦν
258 1006 266 1018 ,
284 986 406 1020 τοσαύτη
431 984 499 1020 ὀργὴ
518 985 613 1019 γέγονε
628 984 661 1011 δι’
676 984 757 1020 ὅρκον
771 983 830 1016 ἕνα,
843 982 961 1017 τοσαύτη

122 1032 222 1063 ἅλωσις
238 1032 288 1058 καὶ
305 1029 525 1066 αἰχμαλωσία·τί
539 1029 613 1060 εἰκὸς
626 1028 826 1064 ὑποστήσεσθαι
838 1026 885 1054 νῦν
899 1027 961 1058 τοὺς

122 1075 271 1111 ὀμνύοντας
279 1075 382 1110 μετὰνό
386 1083 435 1110 μον
445 1073 583 1100 κωλύοντα
591 1073 669 1100 τοῦτο
678 1074 763 1100 ποιεῖν
770 1072 818 1099 καί
827 1071 961 1107 τοσαύτην

123 1120 237 1147 ἐντολῶν
251 1120 428 1156 προσθήκην;
445 1119 491 1163 Μή
501 1118 555 1154 γὰρ
568 1118 647 1163 τοῦτό
664 1119 723 1144 ἐστι
737 1117 767 1163 τδ
781 1117 958 1163 ζητούμενον,

122 1165 195 1196 ὅπως
205 1165 247 1196 εἰς
257 1164 368 1197 σύναξιν
379 1160 500 1198 ἔλθωμεν
508 1163 555 1189 καὶ
563 1161 723 1197 ἀκούσωμεν
733 1161 787 1188 τῶν
795 1160 961 1196 λεγομένων;

122 1207 207 1234 Τοῦτο
221 1208 272 1243 μὲν
285 1205 332 1234 οὖν
341 1207 389 1234 καὶ
401 1208 487 1242 κρῖμα
502 1205 593 1242 μεῖζόν
606 1205 664 1232 ἐστι
682 1205 729 1232 καὶ
748 1205 859 1236 κόλασις
871 1204 962 1238 ἀπαρ-

122 1252 243 1287 αίτητος,
261 1252 326 1290 ὅταν
342 1250 624 1286 συνεχῶςίἀκούοντες
645 1249 682 1285 μὴ
698 1248 819 1283 ποιῶμεν
842 1247 876 1274 τὰ
887 1247 963 1282 λεγό-

125 1303 203 1329 μενα.
216 1295 286 1322 Τίνα
301 1295 355 1330 γὰρ
368 1295 466 1330 ἕξομεν
480 1294 640 1328 ἀπολογίαν,
662 1293 722 1319 τίνα
736 1293 765 1319 δὲ
777 1291 943 1327 συγγνώμην
954 1311 961 1323 ,

123 1339 188 1365 ὅταν
200 1339 233 1365 ἐκ
244 1337 359 1374 πρώτης
370 1337 479 1373 ἡλικίας
492 1337 573 1373 ἡμεῖς
587 1337 667 1372 ἄχρις
682 1336 801 1371 ἐσχάτης
812 1335 907 1366 πολιᾶς
921 1336 964 1361 ἐν-

122 1381 212 1408 ταῦθα
226 1381 406 1417 συναγόμενοι
421 1381 468 1408 καὶ
485 1380 620 1416 τοσαύτης
643 1379 826 1411 ἀπολαύοντες
839 1379 966 1405 διδασκα-

122 1426 196 1458 λίας,
222 1426 312 1462 ὅμοιοι
337 1426 463 1461 μένωμεν
484 1426 609 1458 ἐκείνοις,
637 1425 683 1452 καὶ
701 1425 768 1461 μηδὲ
781 1424 810 1451 ἓν
822 1424 965 1459 ἐλάττωμα

123 1469 326 1505 διορθώσασθαι
349 1469 560 1506 σπουδάζωμεν;
591 1469 636 1505 Μή
660 1469 704 1504 μοί
723 1478 765 1500 τις
785 1468 880 1495 λοιπόν
904 1477 965 1494 συν-

124 1513 221 1549 ήθειαν
237 1513 441 1550 προϐαλλέσθω·
453 1513 497 1540 διὰ
512 1513 566 1549 γὰρ
580 1513 659 1540 τοῦτο
669 1512 816 1547 ἀγανακτῶ
832 1512 879 1539 καὶ
891 1511 966 1547 ὀργί-

125 1557 221 1594 ζομαι,
233 1558 275 1584 ὅτι
288 1557 433 1593 συνηθείας
447 1556 641 1593 περιγενέσθαι
654 1556 685 1583 ού
704 1556 859 1591 δυνάμεθα,
879 1556 927 1583 καὶ
941 1556 966 1582 εί

126 1602 275 1638 συνηθείας
295 1602 333 1637 μὴ
351 1601 572 1638 περιγενώμεθα,
595 1601 656 1632 πῶς
671 1600 856 1637 περιεσόμεθα
870 1600 965 1627 ἐπιθυ-

128 1647 208 1682 μίας;
233 1646 358 1682 Ἐιιείνης
371 1647 388 1681 ἡ
405 1646 468 1680 ῥίζα
482 1645 536 1672 ἀπὸ
551 1645 602 1680 τῆς
616 1646 724 1679 φύσεως
735 1645 791 1680 ἔχει
805 1644 854 1680 τὴν
868 1645 966 1680 ἁρχήνι

126 1691 158 1717 τὺ
176 1690 291 1726 μὲνγὰρ
305 1690 460 1724 ἐπιθυμεῖν,
478 1689 603 1724 φυσικὸν·
614 1689 644 1715 τὸ
655 1689 683 1716 δὲ
699 1689 791 1720 κακῶς
806 1689 966 1724 ἐπιθυμεῖν,

127 1735 179 1770 τῆς
189 1735 381 1771 προαιρέσεως
396 1733 501 1760 λοιπόν⁶
518 1734 549 1760 τὸ
562 1734 654 1768 μέντοι
665 1733 779 1768 ὀμνύναι
789 1733 848 1759 οὐδὲ
858 1733 907 1769 τὴν
923 1733 969 1768 ἀρ-

128 1778 179 1814 χὴν
188 1778 277 1814 ἐκτῆς
286 1777 494 1814 προαιρέσεωςα
507 1777 614 1810 ἐλαϐεν,
624 1776 680 1803 ἀλλ’
689 1777 721 1802 ἐκ
728 1776 864 1812 ῥᾳθυμίας
874 1777 967 1811 μόνης.

165 1822 222 1849 Καὶ
238 1823 283 1849 ἵνα
295 1821 395 1857 μάθῃς,
409 1821 450 1848 ὅτι
459 1821 509 1847 οὐκ
517 1821 550 1847 ἐκ
559 1820 609 1855 τῆς
619 1820 762 1851 δυσκολίας
775 1820 823 1846 τοῦ
839 1821 970 1856 πράγμα-

129 1874 185 1898 ¹οος,
201 1865 272 1893 ἀλλὰ
289 1865 366 1901 παρὰ
382 1865 432 1901 τὴν
443 1865 590 1900 ὀλιγωρίαν
602 1865 658 1900 ’τὴν
675 1865 815 1901 ἡμετέραν
832 1864 912 1900 μέχρι
926 1873 970 1891 το-

131 1909 225 1936 σούτου
238 1909 270 1936 τὸ
286 1909 440 1945 ἁμάρτημα
468 1907 573 1944 προῦϐη
589 1908 680 1942 τοῦτο,
702 1909 876 1944 ἐννοήσωμεν
897 1908 970 1935 πόσα

131 1953 222 1989 πολλῷ
235 1953 339 1980 τούτων
352 1952 545 1988 δυσκολώτερα
564 1952 745 1988 κατορθοῦσιν
758 1952 909 1988 ἅνθρωποι,
923 1953 970 1979 καὶ

130 1997 218 2025 ταῦτα
246 1997 382 2033 μηδεμίαν
403 1996 520 2032 ἀμοιϐὴν
550 1996 754 2031 προσδοκῶντες
780 1997 902 2023 ἐκεῖθεν·
927 1997 970 2023 ἐν-

130 2043 274 2078 νοήσωμεν
287 2041 348 2068 τίνα
367 2041 381 2067 ὀ
394 2041 518 2072 διάϐολος
536 2041 664 2074 ἐπέταξε,
683 2041 742 2072 πῶς
761 2041 891 2073 ἐπίπονα,
911 2040 971 2072 πῶς

131 2085 279 2120 ἐπίμοχθα,
291 2084 340 2111 1a.).
356 2085 406 2111 οὐκ
419 2085 528 2118 ἐγένετο
542 2085 656 2119 κώλυμα
669 2086 685 2120 ἡ
702 2084 829 2111 δυσκολία
843 2085 898 2117 τοῖς
911 2085 972 2110 ἐπι-

131 2128 263 2164 τάγμασι.
281 2127 314 2154 Τί
326 2128 381 2163 γὰρ
398 2127 431 2154 ἂν
457 2128 563 2162 γένοιτο
586 2127 799 2163 δυσκολώτερον,
822 2128 884 2154 εἰπέ
912 2136 970 2163 μοι,

131 2172 189 2200 ἀλλ’
210 2171 307 2207 ῆᾶταν
327 2180 369 2204 τις
393 2172 452 2203 νέος
477 2173 531 2203 τοῖς
556 2171 729 2207 βουλομένοις
751 2172 971 2207 καταμαλάττειν

132 2215 212 2242 αύτδν
223 2215 272 2241 καὶ
285 2215 408 2249 λυγίζειν
419 2215 502 2242 αὑτοῦ
518 2215 551 2242 τὰ
569 2215 637 2251 μέλη
652 2216 790 2251 παραδοὺς
806 2215 911 2248 ἑαυτὸν,
928 2224 973 2250 φι-

131 2258 267 2295 λονεικοίη
294 2260 363 2294 προς
381 2259 526 2295 ἀκρίϐειαν
541 2259 639 2295 τροχοῦ
654 2259 734 2295 δίκην
753 2259 784 2286 τὸ
805 2259 884 2294 σῶμα
898 2259 971 2286 ἆπαν

135 2303 273 2338 κάμπτειν
290 2304 339 2330 καὶ
352 2303 516 2339 στρέφεσθαι
534 2304 580 2330 ἐπὶ
600 2303 649 2330 τοῦ
663 2303 789 2338 ἐδάφους,
802 2303 851 2330 καὶ
864 2302 908 2330 διὰ
918 2303 972 2329 τῶν

134 2347 281 2383 ὀφθαλμῶν
297 2347 344 2373 καὶ
353 2346 398 2373 διὰ
406 2347 458 2382 τῆς
472 2347 525 2374 τῶν
539 2347 638 2383 χειρῶν
649 2348 827 2383 περιαγωγῆς
839 2346 916 2383 [197]
925 2347 973 2374 καὶ

133 2391 182 2426 τῆς
198 2390 282 2426 ἄλλης
292 2390 427 2426 δινήσεως
439 2391 480 2422 εἰς
490 2391 520 2418 τὸ
528 2391 595 2427 θῆλυ
612 2392 690 2426 γένος
702 2391 816 2426 ἐκϐῆναι
833 2391 970 2427 βιάζηται,

134 2437 181 2462 καὶ
208 2436 278 2471 μήτε
303 2435 354 2470 τὴν
379 2435 523 2463 δυσκολίαν
552 2436 607 2463 τῶν
635 2436 801 2471 γινομένων,
829 2436 898 2471 μήτε
922 2435 971 2471 τὴν

134 2478 266 2514 αἰσχύνην
278 2478 330 2512 τὴν
347 2478 401 2504 ἀπὸ
427 2477 529 2505 τούτων
552 2478 712 2514 λογίζηται;
728 2478 792 2509 τοὺς
818 2478 846 2504 δὲ
861 2477 909 2503 ἐπὶ
922 2478 972 2512 τῆς

134 2519 289 2554 ὀρχήστρας
304 2519 386 2546 πάλιν
401 2519 627 2555 ἐπισυρομένους,
642 2520 690 2546 καί¹
717 2518 844 2554 καθάπερ
863 2520 972 2554 πτεροῖς

134 2562 189 2592 τοῖς
203 2561 302 2593 κώλοις
317 2561 505 2597 κεχρημένους
518 2561 565 2588 τοῦ
580 2561 716 2596 σώματος,
729 2560 771 2593 τίς
788 2561 837 2587 οὐκ
852 2560 884 2587 ἂν
901 2561 972 2596 ὀρῶν

136 2602 284 2638 ἐκπλαγείη
294 2612 302 2635 ;
313 2604 338 2630 οἰ
348 2603 378 2629 δὲ
393 2603 530 2638 μαχαίρας
543 2603 658 2635 ἐναλλὰξ
668 2604 708 2634 εἰς
718 2603 764 2630 τὸν
778 2603 847 2639 ἀέρα
863 2603 972 2629 ἀκοντί-

136 2643 236 2676 ζοντες,
250 2645 299 2671 καὶ
313 2645 405 2676 πάσας
419 2645 475 2671 ἀπὸ
483 2645 533 2680 τῆς
543 2645 631 2680 λαϐῆς
644 2645 785 2680 δεχόμενοι
799 2644 890 2677 πάλιν,
911 2644 971 2671 τίνα

136 2686 185 2713 οὐκ
196 2686 228 2713 ἂν
240 2686 449 2721 καταισχύνοιεν
465 2687 519 2713 τῶν
535 2687 604 2723 ὑπὲρ
620 2687 672 2722 τῆς
685 2687 785 2722 ἀρετῆς
799 2686 893 2713 οὐδένα
911 2686 973 2721 βου-

136 2726 254 2762 λομένων
268 2727 452 2761 ἀναδέξασθαι
465 2729 544 2755 πόνον
554 2738 561 2762 ;
571 2729 587 2764 ἢ
597 2729 624 2756 τί
638 2729 671 2756 ἄν
681 2737 725 2760 τις
739 2729 811 2755 εῖποι
827 2729 890 2764 περὶ
902 2728 974 2755 ἐκεί-

167 2781 180 2797 ⁶
193 2780 279 2806 Morel.
294 2784 323 2805 et.
332 2782 428 2812 aliquot
436 2788 494 2806 mu.
513 2783 541 2806 ἐκ
551 2785 592 2812 τῆς
607 2791 677 2814 προαι
693 2782 775 2810 έσεως,
786 2782 828 2806 alii
840 2782 867 2806 ἐκ
879 2785 920 2810 τῆς
930 2781 974 2813 φύ-

167 2821 204 2837 ωε.
229 2811 295 2836 Infra
309 2811 424 2836 Savil.et
443 2813 535 2837 aliauol.
555 2820 612 2837 mss.
633 2789 715 2837 πολλῶ
737 2813 827 2836 τούτων
849 2813 973 2836 δυσκολώ-

136 2818 209 2846 πως..
229 2811 386 2846 Ιιιῐτιιβονξιξ
398 2815 424 2836 ει
443 2813 535 2846 aliquot
551 2811 715 2846 _mss.'1r0nq)
737 2813 827 2836 τούτων
849 2811 973 2846 δυσκολώ-

137 2849 190 2877 ξιγι
201 2842 209 2871 ί
217 2852 227 2862 ιι
241 2842 307 2873 quod
324 2842 395 2877 nobis
410 2842 516 2877 fecipérc
533 2843 609 2877 visum
624 2842 771 2877 estfpropte;
789 2850 869 2877 paceni
884 2843 972 2877 δυσκρ-

137 2872 185 2908 ᾉῖοιε
197 2872 253 2902 quaé
269 2880 347 2909 sypra
366 2872 464 2909 {egifur‘
475 2874 499 2909 in
512 2875 614 2909 ρνοιαεὶ.
629 2883 638 2900 ›
654 2872 722 2901 Ευιτῖ
731 2874 738 2904 )
759 2872 822 2900 Infra
836 2874 909 2899 iidem
922 2875 972 2902 πῶς

138 2905 244 2934 inmani,
254 2905 306 2932 πῶς
317 2905 433 2936 μοχθηρὰ,
445 2906 483 2929 καί
494 2906 544 2930 οὐκ.

603 96 649 121 Δί)
668 95 830 124 POPULUM
849 94 1100 125 ANTIOCHENUM
1134 97 1248 128 HOMIL.
1265 99 1336 127 XIX.

1787 93 1842 122 1θῦ

1005 162 1058 181 νων
1070 155 1124 181 τῶν
1141 156 1255 192 ἀνδρῶν,
1269 157 1293 184 0!
1310 156 1403 184 κοντὸν
1420 157 1465 183 ἐπὶ
1481 157 1526 184 τοῦ
1543 155 1668 192 μετώπου
1686 156 1837 192 βαστάζον-

1004 206 1060 229 τες,
1077 198 1202 234 καθάπερ
1217 200 1323 236 δένδρον
1346 199 1529 236 ἐρριζωμένον
1542 200 1587 227 ἐπὶ
1601 200 1651 235 τῆς
1668 201 1731 235 γῆς,
1750 201 1837 232 οὕτως

1005 241 1133 276 ἀκίνητον
1143 243 1316 279 διατηροῦσι;
1333 243 1387 271 Καὶ
1397 244 1427 270 ού
1444 243 1522 270 τοῦτο
1535 244 1614 279 μόνον
1625 243 1684 270 ἐστὶ
1694 245 1724 270 τὸ
1735 244 1839 279 θαυμα-

1006 284 1078 317 στὸν,
1094 285 1150 312 ἀλλ’
1166 287 1206 313 ὄτι
1222 287 1269 314 κα¹ι
1282 287 1375 314 παιδία
1394 287 1480 323 μικρὰ
1495 288 1539 314 ἐπ’
1556 288 1641 323 ἄκρου
1659 287 1705 314 τοῦ
1724 287 1803 319 ξύλου
1821 288 1834 307 ιι

1006 328 1133 355 παλαίειν
1157 330 1281 365 ἀλλήλοις
1312 330 1569 365 παρασκευάζουσι,
1594 331 1641 358 καὶ
1657 330 1720 357 οὔτε
1747 332 1838 366 χεῖρες

1005 371 1067 398 οὔτε
1077 373 1140 400 ἄλλο
1153 382 1179 400 τι
1191 374 1237 400 τοῦ
1253 374 1376 410 σώματος
1391 374 1482 410 μέρος,
1495 375 1563 401 ἀλλὰ
1573 375 1602 401 τὸ
1614 375 1738 410 μέτωπον
1758 374 1838 408 μόνον

1006 415 1105 450 δεσμοῦ
1126 417 1226 448 παντὸς
1250 417 1452 452 ἀσφαλέστερον
1473 418 1552 452 φέρει
1567 418 1612 443 τὸν
1628 417 1722 443 κοντὸν
1735 417 1839 442 ἐκεῖνον

1007 458 1142 486 ἄσειστον.
1158 461 1271 496 Ἕτερος
1289 460 1370 487 πάλιν
1391 461 1437 487 ἐπὶ
1455 461 1560 495 σχοίνου
1585 460 1753 495 στενωτάτης
1770 459 1839 493 μετὰ

1006 503 1140 539 τοσαύτης
1154 504 1246 536 ἀδείας
1263 504 1375 539 βαδίζει,
1396 505 1454 540 μεθ’
1467 505 1533 540 ὅσης
1559 505 1584 531 οἱ
1605 504 1638 530 τὰ
1661 503 1744 530 ὕπτια
1761 502 1840 529 πεδία

1007 548 1231 583 κατατρέχοντες.
1252 548 1320 574 Ἀλλ’
1331 549 1406 584 ὅμως
1418 548 1503 575 ταῦτα
1518 548 1553 575 τὰ
1575 548 1622 574 καὶ
1642 548 1701 579 ταῖς
1725 547 1840 577 ἐννοίαις

1007 589 1133 625 ἀφόρητα
1149 589 1218 617 εἶναι
1235 591 1380 624 δοκοῦντα,
1406 593 1439 626 τῇ
1458 591 1540 626 τέχνη
1561 591 1657 625 γέγονε
1682 589 1792 616 δυνατά.
1808 589 1841 614 Τί

1007 633 1110 660 τούτων
1124 634 1221 669 ἔχομεν
1235 635 1321 661 εἰπεῖν
1346 635 1392 661 ἐπ)⁴
1406 635 1460 661 τῶν
1483 636 1582 670 ὅρκων,
1604 633 1665 660 εἰπέ
1683 641 1745 668 μοι;
1761 632 1841 658 ποίαν

1007 676 1165 711 δυσκολίαν,
1182 680 1258 705 ποῖον
1275 679 1388 714 ἰδρῶτα;
1401 679 1481 705 ποίαν
1496 679 1594 713 τέχνην
1605 687 1611 711 ;
1623 678 1698 703 ποῖον
1711 676 1842 706 κίνδυνον;

1015 721 1124 757 Ὀλίγης
1138 723 1218 757 χρεία
1233 723 1350 758 σπουδῆς
1368 723 1447 758 μόνον
1462 723 1538 758 ἡμῖν,
1560 722 1607 749 καὶ
1623 722 1727 756 ταχέως
1740 720 1771 746 τὸ
1790 719 1843 745 πᾶν

1008 768 1073 802 ἡμῖν
1086 768 1275 803 ἀνυσθήσεται.
1295 769 1349 795 Καὶ
1369 769 1406 803 μή
1426 776 1470 803 μοι
1488 767 1561 801 λέγε,
1580 767 1620 793 ὅτι
1639 766 1669 792 τὺ
1681 765 1761 791 πλέον
1778 772 1845 790 κατ-

1008 810 1136 845 ώρθωσα,
1147 812 1203 838 ἀλλ’
1222 813 1246 838 εί
1258 812 1296 846 μὴ
1310 812 1340 838 τὸ
1354 813 1407 838 πᾶν
1420 811 1615 846 κατώρθωσας,
1634 809 1718 844 μηδὲν
1732 808 1845 844 μηδέπω

1011 857 1188 892 πεποιηκέναι
1201 855 1305 892 νόμιζε·
1321 857 1352 883 τὸ
1367 856 1421 892 γὰρ
1444 856 1534 889 ὀλίγον
1551 854 1633 882 τοῦτο
1649 853 1784 889 ἀμεληθὲν
1797 852 1847 879 καὶ

1010 901 1040 927 τὸ
1054 901 1146 928 λοιπὸν
1158 901 1230 928 ἅπαν
1247 901 1383 936 καθαιρεῖ.
1405 900 1540 932 Πολλάκις
1557 899 1623 933 γοῦν
1635 898 1723 929 οἰκίας
1743 897 1846 923 οἰκοδο-

1013 945 1149 980 μήσαντες
1169 945 1317 980 ἅνθρωποι,
1348 945 1397 971 καὶ
1422 944 1468 971 τὸν
1491 944 1589 980 ὄροφον
1607 942 1761 974 ἐπιθέντες,
1782 941 1847 975 μιᾶς

1011 989 1157 1023 κεραμίδος
1173 989 1416 1023 ἁποτιναχθείσης,
1445 988 1482 1023 μὴ
1509 987 1688 1022 ποιησάμενοι
1710 984 1847 1020 σπουδὴν,

1012 1032 1158 1068 ὀλόκληρον
1177 1033 1222 1058 τὸν
1241 1030 1314 1058 οἷκον
1329 1032 1485 1058 ἀπώλεσαν.
1509 1032 1564 1058 Καὶ
1585 1031 1631 1057 ἐπὶ
1647 1029 1763 1065 ἱματίων
1775 1029 1802 1055 δὲ
1818 1027 1848 1054 τὸ

1012 1076 1077 1103 αὐτὸ
1087 1076 1165 1102 τοῦτο
1183 1075 1330 1111 συμϐαῖνον
1348 1075 1397 1102 ἴδοι
1413 1084 1456 1107 τις
1477 1075 1519 1101 ἄν·
1536 1076 1583 1100 καὶ
1602 1073 1656 1108 γὰρ
1668 1073 1716 1100 καὶ
1730 1073 1789 1099 ἐκεῖ
1805 1080 1849 1106 μι-

1013 1121 1078 1156 κρὸν
1093 1120 1186 1155 ρἧμα
1196 1120 1341 1155 γενόμενον
1357 1120 1404 1146 καὶ
1429 1119 1466 1154 μὴ
1485 1118 1586 1153 ραφέν,
1606 1117 1672 1143 πολὺ
1695 1116 1726 1142 τὸ
1745 1116 1849 1150 σχίσμα

1013 1164 1134 1199 ἐποίησε.
1152 1162 1239 1190 Τοῦτο
1254 1163 1301 1190 καὶ
1316 1163 1363 1189 ἐπὶ
1383 1162 1438 1189 τῶν
1455 1161 1612 1197 χειμάρρων
1628 1159 1773 1195 συμϐαίνει
1785 1157 1850 1184 πολ-

1013 1207 1161 1239 λάκιςοκαὶ
1175 1207 1230 1242 γὰρ
1255 1207 1354 1233 ἐκεῖνοι
1378 1207 1480 1242 μικρᾶς
1507 1205 1539 1232 ἂν
1569 1204 1752 1231 ἐπιλάϐωνται
1769 1202 1850 1237 μόνον

1014 1252 1128 1283 εἰσόδου,
1145 1251 1292 1286 ὁλόκληρον
1308 1250 1339 1277 τὺ
1362 1250 1451 1286 ῥεῦμα
1468 1250 1619 1284 εἰσάγουσι.
1637 1248 1690 1275 Καὶ
1707 1248 1740 1274 σὺ
1759 1246 1849 1273 τοίνυν

1014 1298 1039 1324 εί
1055 1297 1102 1324 καὶ
1114 1295 1247 1331 πάντοθεν
1261 1294 1359 1321 σαυτὸν
1372 1295 1519 1329 ἐτείχισας,
1531 1293 1628 1329 μικρὸν
1636 1292 1665 1319 δὲ
1677 1290 1851 1318 ὑπολείπεται

1017 1341 1099 1376 μέρος
1108 1340 1266 1372 λοιπὸν,καὶ
1273 1339 1353 1366 τοῦτο
1363 1338 1519 1374 ἀπόφραξον
1530 1337 1568 1373 τῷ
1584 1337 1709 1372 διαϐόλῳ,
1721 1336 1765 1362 ῖνα
1776 1336 1852 1369 ἐστη-

1017 1384 1145 1421 ριγμένος
1162 1382 1195 1420 ᾗς
1208 1383 1351 1410 πάντοθεν.
1372 1381 1448 1414 Εἶδες
1468 1382 1517 1417 τὴν
1538 1381 1694 1417 δρεπάνην;
1715 1377 1785 1410 εἶδες
1802 1377 1852 1413 τὴν

1016 1428 1136 1464 κεφαλὴν
1156 1428 1295 1460 Ἰωάννου;
1313 1427 1434 1462 ἤκουσας
1452 1426 1502 1461 τῆς
1521 1425 1641 1460 ἱστορίας
1655 1424 1705 1458 τῆς
1720 1422 1790 1449 κατὰ
1808 1421 1853 1448 τὸν

1016 1472 1120 1505 Σαούλ;
1140 1472 1260 1508 ἤκουσας
1283 1471 1333 1506 τῆς
1354 1470 1543 1505 αἰχμαλωσίας
1567 1470 1617 1504 τῆς
1640 1467 1789 1502 Ἰουδαϊκῆς
1807 1466 1853 1492 τὸν

1017 1515 1131 1551 τρόπον;
1145 1514 1214 1550 μετὰ
1224 1514 1252 1540 δὲ
1263 1514 1366 1540 τούτων
1376 1513 1485 1540 πάντων
1494 1513 1614 1548 ἤκουσας
1625 1511 1675 1546 τῆς
1689 1510 1854 1544 ἀποφάσεως

1016 1559 1064 1585 τοῦ
1078 1557 1199 1594 Χριστοῦ
1209 1557 1352 1593 λεγούσης,
1367 1557 1408 1583 ὅτι
1423 1557 1454 1583 ού
1474 1557 1504 1582 τὸ
1524 1556 1663 1591 ἐπιορκεῖν
1680 1555 1769 1590 μόνον,
1787 1552 1855 1580 ἀλλὰ

1018 1604 1066 1630 καὶ
1081 1602 1112 1629 τὸ
1129 1601 1240 1638 ὀμνύειν
1265 1601 1389 1628 ὁπωσοῦν
1406 1600 1557 1627 διαϐολικόν
1582 1600 1650 1630 ἐστι,
1669 1599 1716 1625 καὶ
1730 1598 1790 1624 ὅλον
1807 1596 1854 1622 τοῦ

1019 1646 1139 1683 πονηροῦ
1155 1647 1187 1673 τὺ
1209 1645 1446 1680 κατασκεύασμα;
1468 1643 1570 1680 ἔμαθες
1586 1644 1628 1670 ὅτι
1646 1640 1787 1677 πανταχοῦ
1800 1641 1856 1671 τοῖς

1019 1691 1111 1726 ὅρκοις
1127 1690 1238 1717 ἕπονται
1252 1688 1406 1724 ἐπιορκίαι;
1428 1687 1522 1714 Ταῦτα
1536 1687 1568 1722 δὴ
1590 1686 1679 1713 πάντα
1694 1683 1856 1718 συναγαγὼν

1020 1733 1158 1769 ἔγγραψον
1177 1734 1210 1769 τῇ
1231 1733 1335 1768 διανοίᾳ
1351 1741 1408 1759 σου.
1435 1733 1490 1767 Οὐχ
1505 1732 1580 1767 ὁρᾷς,
1597 1730 1656 1761 πῶς
1677 1730 1705 1756 αἱ
1729 1730 1858 1763 γυναῖκες

1020 1778 1068 1804 καὶ
1092 1777 1127 1804 τὰ
1151 1776 1237 1812 μικρὰ
1267 1777 1360 1803 παιδία
1385 1777 1445 1803 ἀντὶ
1474 1774 1599 1810 φυλακῆς
1626 1773 1747 1809 μεγάλης
1767 1772 1856 1804 Εὐαγ-

1021 1822 1100 1857 γέλια
1114 1822 1248 1858 ἐξαρτῶσι
1269 1821 1316 1848 τοῦ
1331 1821 1487 1857 τραχήλου,
1512 1819 1559 1847 καὶ
1581 1817 1722 1853 πανταχοῦ
1746 1816 1860 1852 περιφέ-

1023 1876 1133 1904 ρουσιν,
1158 1868 1281 1902 ὅπουπερ
1303 1866 1335 1894 ἂν
1361 1866 1496 1899 ἀπίωσιν;
1527 1865 1563 1891 Σὺ
1587 1864 1622 1890 τὰ
1641 1862 1860 1898 παραγγέλματα

1020 1911 1067 1938 τοῦ
1086 1916 1097 1931 ε
1124 1911 1292 1946 Εὑαγγελίου
1318 1910 1365 1937 καὶ
1391 1910 1455 1940 τοὺς
1477 1908 1577 1944 νόμους
1599 1906 1738 1942 ἔγγραψον
1764 1914 1810 1932 σου
1825 1905 1859 1939 τῇ

1019 1954 1134 1990 διανοίᾳ.
1148 1955 1185 1981 Οὐ
1203 1954 1282 1990 χρεία
1295 1953 1409 1990 χρυσίου
1427 1953 1474 1979 καὶ
1488 1951 1636 1987 κτημάτων
1651 1949 1781 1979 ἐνταῦθα,
1795 1947 1858 1974 οὕτε

1023 1998 1124 2034 βιϐλίον
1137 1992 1281 2034 πρίασθαι,
1295 1997 1483 2033 προαιρέσεως
1495 1996 1524 2022 δέ
1541 1995 1625 2030 μόνης
1645 1994 1693 2021 καὶ
1708 1992 1858 2022 διαθέσεως

1022 2043 1112 2079 ψυχῆς
1128 2041 1354 2077 διεγηγερμένης,
1369 2041 1416 2067 καὶ
1430 2039 1632 2074 ἀσφαλέστερον
1642 2038 1714 2070 ἕξεις
1725 2037 1756 2063 τὺ
1768 2036 1860 2068 Εὐαγ-

1022 2087 1123 2122 γέλιον,
1140 2086 1215 2122 [198]
1230 2086 1280 2112 οὑκ
1303 2084 1404 2118 ἔξωθεν
1426 2084 1595 2119 περιφέρων,
1619 2082 1676 2109 ἀλλ’
1695 2081 1769 2108 ἔνδον
1795 2079 1861 2107 αὐτὸ

1023 2133 1079 2163 τοῖς
1100 2131 1150 2166 τῆς
1179 2130 1269 2165 ψυχῆς
1288 2128 1485 2164 ἀποτιθέμενος
1511 2127 1644 2163 ταμείοις.
1670 2125 1862 2159 Ἀνιστάμενος

1022 2176 1112 2202 τοίνυν
1133 2175 1187 2202 ἀπὸ
1211 2174 1261 2209 τῆς
1290 2173 1396 2208 κλίνης,
1419 2172 1466 2199 καὶ
1483 2171 1532 2207 τὴν
1551 2170 1640 2198 οἰκίαν
1660 2169 1795 2196 ἐκϐαίνων
1812 2167 1861 2201 τὴν

1024 2218 1148 2250 σεαυτοῦ,
1163 2218 1209 2245 τὸν
1223 2217 1304 2252 νόμον
1315 2217 1424 2251 ἐπίλεγε
1439 2215 1544 2248 τοῦτον,
1560 2214 1630 2249 Ἐγὼ
1644 2213 1678 2240 δὲ
1692 2212 1769 2248 λέγω
1779 2211 1860 2246 ὑμῖν,

1021 2263 1064 2299 μὴ
1085 2263 1194 2298 ὀμόσαι
1212 2261 1300 2294 ὅλως,
1315 2261 1362 2287 καί
1376 2261 1454 2287 ἔσται
1474 2269 1515 2286 σοι
1537 2257 1696 2286 διδασκαλία
1717 2257 1748 2283 τὸ
1769 2257 1859 2292 ῥῆμα·

1022 2308 1084 2335 οὐδὲ
1099 2307 1154 2341 γὰρ
1167 2305 1266 2332 πολλοῦ
1281 2305 1322 2331 δεῖ
1333 2305 1425 2337 πόνου,
1442 2304 1511 2331 ἀλλά
1532 2303 1633 2339 μικρᾶς
1649 2300 1788 2337 προσοχῆς
1808 2299 1856 2335 μό-

1022 2361 1077 2379 νον.
1093 2351 1145 2378 Καὶ
1165 2351 1205 2377 ὅτι
1223 2349 1303 2376 τοῦτό
1321 2350 1395 2376 ἐστιν
1414 2348 1524 2384 ἀληθὲς,
1540 2347 1651 2382 εύδηλον
1669 2345 1774 2372 ἐκεῖθεν
1785 2353 1792 2359 ·
1811 2344 1861 2370 Τὸν

1023 2397 1081 2424 υἰόν
1096 2404 1142 2422 σου
1158 2394 1277 2425 καλέσας
1292 2394 1422 2428 φόϐησον,
1441 2393 1489 2419 καὶ
1505 2392 1652 2427 ὰπείλησον
1674 2389 1747 2424 αὐτῷ
1766 2388 1860 2423 ὲπιθή·

1024 2449 1080 2467 σειν
1095 2438 1201 2474 πληγὰς
1219 2438 1323 2472 ὀλίγας,
1341 2438 1365 2463 εί
1386 2437 1425 2473 μὴ
1439 2435 1624 2472 κατορθώσειε
1645 2434 1690 2461 τὸν
1707 2434 1789 2469 νόμον
1803 2432 1863 2458 τοῦ·

1022 2493 1078 2516 τον,
1099 2484 1146 2510 καὶ
1166 2483 1226 2518 ὄψει
1246 2482 1284 2513 ὡς
1304 2481 1406 2512 εὐθέως
1424 2483 1609 2516 ἀποστήσεται
1631 2479 1682 2514 τῆς
1705 2477 1861 2513 συνηθείας.

1025 2529 1087 2560 Πῶς
1102 2526 1148 2555 οὖν
1162 2528 1212 2554 οὐκ
1229 2526 1340 2558 ἄτοπον,
1355 2526 1380 2552 εἱ
1401 2525 1436 2552 τὰ
1460 2524 1509 2560 μὲν
1529 2523 1615 2559 μικρὰ
1630 2522 1724 2549 παιδία
1737 2521 1782 2548 τὸν
1799 2523 1863 2556 παρ’

1023 2572 1102 2608 ἡμῶν
1117 2571 1255 2598 δεδοικότα
1279 2569 1363 2604 φόϐον
1381 2569 1552 2605 περιγένοιτο
1577 2567 1627 2602 τῆς
1651 2565 1772 2601 ἐντολῆς,
1784 2565 1866 2601 ἡμεῖς

1022 2617 1051 2643 δὲ
1065 2616 1133 2652 μηδὲ
1150 2615 1221 2642 οὕτω
1233 2614 1394 2649 φοϐούμεθα
1410 2613 1457 2640 τὸν
1472 2612 1549 2644 Θεὸν,
1565 2612 1602 2643 ὡς
1615 2612 1690 2646 ἡμᾶς
1702 2611 1726 2637 οί
1747 2610 1800 2636 υἰοὶ
1819 2609 1863 2635 δε-

1023 2661 1164 2692 δοίκασιν;
1180 2660 1269 2694 Ὅπερ
1293 2657 1342 2686 οὖν
1365 2658 1412 2684 καὶ
1434 2656 1530 2692 πρώην
1555 2653 1644 2686 εἷπον,
1660 2654 1740 2682 τοῦτο
1752 2654 1801 2680 καὶ
1816 2653 1864 2680 νῦν

1023 2705 1107 2739 λέγω.
1125 2703 1217 2738 Νόμον
1229 2703 1334 2734 ἑαυτοῖς
1352 2702 1454 2737 θῶμεν,
1470 2701 1507 2736 μὴ
1520 2699 1652 2734 πρότερον
1665 2698 1703 2734 μὴ
1715 2697 1862 2733 δημοσίων,

1027 2749 1066 2785 μὴ
1087 2747 1231 2775 ἰδιωτικῶν
1246 2746 1370 2782 ἅψασθαι
1394 2745 1576 2780 πραγμάτων,
1594 2743 1646 2774 ἕως
1666 2742 1699 2769 ἂν
1714 2741 1808 2768 τοῦτον
1818 2742 1864 2767 ἐκ·

1059 2814 1073 2834 11
1083 2812 1226 2868 Αιίὶλῖαιδία
1237 2816 1313 2844 μικρά
1325 2813 1348 2836 ἐν
1359 2812 1426 2843 μέσῳ
1437 2809 1480 2835 τοῦ
1489 2811 1566 2839 ξύλου.
1578 2809 1655 2834 Paulo
1667 2810 1723 2840 post
1733 2809 1806 2832 iidem
1812 2807 1856 2832 mir

1059 2854 1097 2868 τοι
1109 2853 1137 2868 με
1152 2853 1185 2868 οε.

1024 2854 1098 2877 ματος
1106 2853 1185 2877 μελος.

1058 2877 1069 2892 ε
1083 2869 1183 2905 Ᾱίίίιυοὶ
1192 2880 1249 2898 mss.
1263 2878 1296 2900 σίυ
1307 2872 1467 2905 τὰγρπίμματα
1478 2870 1598 2905 τοῦκΜοκ
1610 2870 1654 2905 filii
1668 2870 1716 2905 τῶν
1725 2869 1862 2905 κτημάτων,

1027 2907 1068 2932 alii
1077 2907 1124 2931 τῶν
1134 2901 1274 2938 χρημάτων.
1291 2901 1433 2930 ίιιὶᾱὸὶιιειίιί
1442 2902 1601 2940 προαιρέσεως
1608 2901 1642 2926 δεῖ
1654 2901 1735 2932 μόνης,
1751 2903 1799 2924 etc.
