1983 3125
191 204 238 231 ΗΠ

190 260 257 295 prius
270 258 372 294 privata
387 261 502 285 tractare
515 255 617 290 negotia
630 274 638 287 ,
653 253 738 280 donec
749 253 816 280 hanc
830 252 912 287 legem
928 253 979 278 im-

189 305 314 339 pleamus.
328 307 356 330 et
369 302 479 329 omnino
492 299 649 328 necessitate
662 298 801 332 compulsi,
814 298 888 324 faeite
901 304 979 331 supc-

190 349 323 380 rabimus,
339 353 368 375 et
380 347 535 374 ornabimus
554 352 603 372 nos
622 345 693 379 ipsos
705 364 713 376 ,
728 343 881 370 ornabimus
894 346 981 369 autem

188 400 214 423 et
225 402 331 422 omnem
344 394 490 422 civitatem.
503 391 594 427 Cogita
608 397 721 425 namque
731 390 810 424 quale
820 393 871 422 est,
884 388 982 423 ubique

191 447 321 469 terrarum
338 440 396 468 haec
408 439 500 466 audire
510 459 517 472 ,
534 436 681 466 Antiochiae
694 435 865 471 praavaluisse
879 442 982 462 morem

188 486 345 513 Christianis
365 489 555 520 congruentem
573 491 580 511 :
605 486 633 510 et
653 482 689 510 ibi
715 481 851 509 neminem
880 480 982 513 audies,

190 531 250 558 licet
263 531 383 558 maxima
395 529 540 557 necessitas
551 529 631 556 instet
642 549 649 560 ,
662 528 842 561 juramentum
851 526 983 553 emittere.

190 578 303 605 Prorsus
324 576 384 603 hinc
397 576 505 603 audient
524 575 618 602 vicina:
638 574 776 602 civitates:
792 572 911 608 quinimo
932 579 984 599 non

191 629 290 650 tantum
307 623 402 650 vicinae
414 622 545 654 civitates,
560 628 651 648 verum
664 624 691 647 et
701 620 734 647 ad
747 619 819 655 ipsos
832 623 910 646 terra
919 619 986 646 ﬁnes

190 670 301 697 verbum
316 669 454 705 perveniet
474 668 596 696 :etenim
613 666 760 694 verisimile
780 670 821 693 est
841 665 916 692 vobis
938 664 985 691 ad-

191 717 286 743 mixtos
309 719 487 747 mercatores,
503 718 531 741 et
551 713 613 741 hinc
625 713 678 740 alio
697 711 912 747 proﬁciscentes.
929 710 988 737 aliis

192 769 299 796 quoque
315 761 374 788 lucc
388 761 476 787 omnia
490 759 656 786 nuntiaturos
669 765 737 785 esse.
752 757 817 784 Cum
831 756 910 791 igitur
923 756 988 782 alias

193 808 315 835 civitates
325 807 464 835 laudantes
475 806 561 838 multi,
576 809 668 839 portus
681 807 839 835 memorant,
851 807 878 829 et
890 802 987 834 forutn,

193 858 218 881 et
233 854 368 881 venalium
384 852 503 886 copiam,
520 851 582 878 hinc
603 849 831 885 proﬁciscentibus
848 846 989 875 dicendum

195 899 313 928 tradite.
340 898 411 932 quod
434 901 474 924 est
498 895 665 928 Antiochire,
692 894 717 921 id
743 894 769 921 in
795 893 855 920 aliis
881 891 990 919 urbibus

196 952 326 979 nusquam
346 950 456 971 cernere
475 943 555 969 licere
572 951 579 969 :
602 941 711 968 mallent
729 940 800 967 enim
823 938 895 966 urbis
919 937 991 964 illius

196 991 361 1018 habitatores
375 990 448 1024 prius
460 989 576 1023 linguam
590 987 719 1019 abscindi,
729 993 806 1021 quam
814 992 846 1013 ex
859 991 906 1012 ore
916 983 992 1019 jura-

602 197 648 224 AD
668 195 826 223 POPULUM
846 192 1087 221 ANTIOCIIENUM
1120 191 1232 220 HOMIL.
1254 191 1313 219 XX.

1772 190 1825 218 I98

1030 255 1151 279 mentum
1165 250 1298 277 emittere.
1311 250 1366 277 lloc
1376 249 1481 284 quidem
1492 249 1568 278 vobis
1578 249 1823 277 eritornamentum

1034 300 1061 323 et
1083 296 1240 328 munimen;
1259 302 1310 322 nec
1328 295 1355 321 id
1378 298 1490 327 tantum,
1506 302 1599 321 verum
1620 299 1647 321 et
1672 293 1824 321 mercedem

1035 340 1128 368 aﬁ'cret
1142 348 1263 376 magnam
1278 341 1286 356 ι
1300 349 1307 367 :
1321 340 1419 367 etenim
1434 347 1528 367 omnes
1550 347 1598 367 vos
1617 339 1661 366 alii
1675 339 1824 366 :emulaturi

1035 391 1098 414 sunt
1115 391 1194 422 atque
1211 386 1348 413 imitaturi.
1371 385 1398 413 Si
1422 385 1481 420 quis
1504 385 1573 412 enim
1595 393 1675 412 unum
1695 385 1736 412 vel
1759 385 1827 412 duos

1036 432 1163 464 lucratus,
1188 439 1203 459 a
1225 431 1281 459 Deo
1304 430 1435 458 mercedis
1455 435 1555 458 tantum
1583 430 1690 465 capiet:
1718 437 1826 457 onmem

1040 478 1167 506 mundum
1184 478 1335 505 erudientes
1346 498 1354 511 ,
1368 482 1479 512 quantas
1493 477 1604 512 capietis
1618 476 1829 504 retributiones?

1037 523 1148 558 Oportet
1169 524 1250 559 igitur
1272 523 1379 551 studere
1402 527 1430 550 et
1449 522 1558 557 vigilare
1581 526 1608 549 et
1629 523 1732 550 sobrios
1755 530 1826 554 esse,

1037 569 1151 597 scientes
1166 576 1218 596 non
1240 569 1406 604 propriorum
1426 572 1526 595 tantum
1549 568 1828 602 profectuum,veruin

1037 619 1065 642 et
1076 615 1224 642 alienorum
1236 615 1379 642 maximam
1394 615 1550 641 meritorum
1566 613 1766 640 retributionem
1785 621 1830 639 ac-

1038 665 1162 695 cepturos
1175 668 1224 687 nos
1238 668 1308 692 esse,
1323 664 1349 687 et
1363 659 1473 687 multam
1486 659 1555 694 apud
1571 659 1653 686 Deum
1669 659 1829 686 benevolen-

1041 706 1104 733 tiam
1114 710 1312 741 assequuturos.
1324 706 1408 740 Quam
1419 705 1495 732 nobis
1504 704 1626 732 omnibus
1637 705 1662 731 in
1674 708 1830 739 perpetuum

1040 753 1142 788 adeptis
1161 753 1239 780 detur
1261 753 1310 779 frui
1331 760 1412 786 regno
1433 752 1557 778 czclornm
1570 771 1577 783 ,
1592 751 1618 777 in
1636 750 1742 777 Christo
1768 749 1831 777 Jesu

1041 798 1153 826 Domino
1166 802 1257 825 nostro
1267 819 1274 830 ,
1290 798 1332 825 cui
1346 798 1428 833 gloria
1444 802 1471 824 ct
1486 797 1623 831 imperium
1639 804 1698 823 cum
1715 796 1792 823 Patre
1806 799 1834 822 et

1041 848 1133 871 sancto
1146 844 1256 878 Spiritu,
1272 851 1342 871 nunc
1359 849 1385 871 et
1397 850 1503 877 semper
1513 863 1520 874 ,
1533 847 1561 870 et
1572 842 1598 869 in
1612 842 1707 869 saecula
1721 842 1832 869 saeculo-

1043 898 1111 917 rum.
1124 891 1220 917 Amen.

1076 958 1084 973 ³
1103 961 1153 981 Hoc
1167 955 1229 981 vobis
1245 956 1377 981 mmsolum
1388 954 1434 980 erit
1444 957 1608 979 ornamentum
1617 957 1640 979 et
1651 953 1781 983 munimen,
1795 959 1832 978 vi'~

1044 993 1099 1012 rum
1110 987 1182 1012 etiam
1192 987 1365 1017 mei'redeuem,
1379 988 1426 1010 etc.

202 1047 1313 1061 Μ

202 1101 288 1128 ουοῐ)
310 1099 386 1122 δοιο
421 1097 697 1126 QUADRAGESIMALI
731 1095 861 1118 JEJUNIO

895 1095 958 1117 NON
980 1094 1065 1116 SATIS
1088 1094 1311 1116 PREPAREMUR
1331 1094 1373 1114 ΔΙ)
1394 1092 1642 1120 COMMUNIONEM,
1670 1092 1728 1114 SE!)
1758 1091 1838 1114 OI’US

236 1151 288 1172 SIT
310 1150 400 1172 ANIMI
421 1149 583 1175 VIRTUTE;
606 1148 646 1169 ET
667 1147 722 1173 QUI
742 1146 829 1168 FIEIII
856 1145 973 1172 POSSII‘,
992 1144 1035 1166 UT
1056 1143 1251 1165 INJURIARUM
1273 1143 1444 1165 MEMORIAM
1466 1142 1666 1168 DEPONAMUS,
1687 1141 1837 1168 QUODQL‘E

242 1201 324 1222 DEUS
346 1200 444 1221 IIUJUS
465 1198 553 1220 LEGIS
583 1197 719 1219 MAGNAM
748 1195 875 1217 HABEAT
904 1194 1069 1216 RATIONEM
1091 1194 1099 1213 :

241 1252 343 1274 ETIAM
366 1251 448 1272 ANTE
468 1248 644 1271 GEHENNAM
665 1247 801 1269 CIIUCIET
824 1247 832 1267 Ζ

1123 1193 1163 1214 ET
1184 1192 1268 1219 QUOD
1293 1192 1490 1213 INJURIARUM
1519 1191 1670 1214 MEMORIA
1698 1191 1838 1213 HOMINES

854 1243 1019 1267 POSTREMO
1040 1244 1081 1264 DE
1102 1243 1249 1265 VITA‘NDIS
1273 1242 1479 1270 JUIHMENTIS,
1495 1242 1535 1264 ET
1556 1242 1598 1263 DE
1620 1241 1672 1267 IIS,
1687 1241 1741 1268 QUI
1754 1241 1839 1263 NOI—

242 1303 313 1325 DUM
334 1303 370 1324 SE
393 1302 444 1323 ΙΤΔ
467 1298 702 1325 COBREXEBINT,
725 1297 767 1318 UT
786 1295 850 1318 NON
871 1294 1007 1317 AMPLIUB
1031 1293 1164 1315 JUIIENT.

965 1364 1095 1390 8(οοῦῒὼ

486 1436 595 1457 ποιιιυι
614 1436 651 1455 xx
665 1426 715 1463 (α).

242 1481 268 1507 Ι.
288 1478 329 1506 Ad
345 1476 530 1512 linemjejunii
541 1476 594 1511 jam
609 1479 714 1509 tempus
726 1472 904 1508 deproperat:
916 1476 1000 1505 quare

207 1531 233 1555 et
245 1533 295 1553 nos
308 1524 403 1559 majori
416 1523 505 1551 studio
515 1521 608 1550 virtuti
621 1526 731 1556 operam
743 1519 837 1546 demus
851 1519 876 1551 ’ς
888 1522 918 1544 ut
927 1516 999 1545 enim

208 1571 376 1600 currentibus
396 1569 480 1597 multa
502 1567 586 1595 stadia
607 1565 724 1594 emensis
748 1563 814 1592 nihil
838 1563 916 1596 lucri,
938 1562 962 1590 si
985 1569 999 1589 a

209 1617 318 1652 praemio
333 1614 458 1643 excidant
473 1623 481 1640 :
503 1613 538 1640 ita
552 1611 617 1640 nihil
631 1611 709 1638 nobis
720 1609 787 1637 lucri
800 1607 851 1637 erit
864 1616 896 1636 ex
912 1607 1002 1635 multis

211 1662 345 1690 laboribus
365 1658 555 1698 etsudoribus
575 1656 678 1692 jejunio
695 1654 846 1689 insumptis,
867 1653 918 1680 nisi
941 1660 1001 1679 cum

211 1714 275 1742 pura
286 1704 452 1734 conscientia
474 1710 549 1730 sacra
564 1709 657 1729 mensa
671 1700 722 1728 frui
735 1700 877 1735 possimus.
893 1697 933 1725 0b
953 1697 1004 1724 hoc

213 1752 281 1780 enim
293 1751 423 1787 jejunium
431 1746 668 1783 etQuadragesima
679 1750 707 1773 et
717 1749 756 1773 tot
764 1744 866 1772 dierum
878 1749 1002 1779 synaxes,

213 1797 370 1830 auditiones,
385 1802 479 1831 preces
492 1798 519 1821 et
531 1792 660 1820 doctrinae
673 1794 807 1825 suscepta:
821 1794 893 1822 sunt,
903 1793 931 1815 ut
942 1788 1004 1815 abs-

216 1842 293 1870 tersis
311 1840 457 1869 sceleribus
476 1846 523 1873 per
535 1836 682 1865 istiusmodi
695 1836 809 1863 studium
822 1836 832 1851 ‘
841 1855 849 1868 ,
860 1841 918 1869 qua:
929 1834 1006 1860 nobis

217 1889 265 1915 hoc
286 1894 357 1914 anno
372 1892 539 1921 quocumque
554 1883 634 1910 modo
660 1882 732 1909 allita
750 1881 913 1908 inhaeserant
923 1877 934 1911 ,“
945 1886 1006 1906 cum

217 1932 347 1968 spirituali
369 1931 464 1958 ﬁducia
484 1930 554 1957 illius
576 1927 705 1955 incruenti
728 1925 849 1953 sacriﬁcii
864 1924 1008 1960 participes

218 1978 395 2006 efﬁceremur.
409 1976 475 2009 Quia
489 1974 538 2002 nisi
551 1973 577 2000 id
591 1979 773 2007 assequamur,
788 1976 887 1997 temere
899 1969 1009 1997 frustra—

219 2031 268 2058 que
289 2028 316 2050 et
329 2029 390 2049 cum
405 2021 477 2048 nulla
490 2020 601 2046 utilitate
617 2018 683 2044 tanti
700 2017 806 2044 labores
820 2015 924 2042 tolerati
937 2018 1008 2042 sunt.

220 2070 335 2104 Quisque
352 2068 432 2103 igitur
450 2073 541 2093 secum
561 2067 676 2099 reputet,
698 2070 776 2097 quem
798 2060 930 2088 defectum
949 2067 1011 2087 cor-

223 2115 307 2146 rexit.
323 2120 404 2148 quam
416 2112 540 2138 virtutem
555 2108 712 2144 acquisivit,
728 2106 797 2142 quod
812 2110 948 2141 peccatum
963 2105 1013 2132 de-

225 2160 326 2195 posuit,
350 2165 429 2194 quem
447 2163 553 2184 noavutn
573 2153 655 2187 eluit,
680 2152 826 2180 secundum
841 2151 904 2187 quid
921 2151 1015 2178 melior

226 2206 306 2233 factus
318 2205 355 2232 sit
366 2213 373 2231 :
388 2203 457 2239 quod
469 2203 490 2230 si
503 2201 632 2229 invenerit
645 2199 767 2235 pulchras
778 2199 840 2226 istas
851 2205 954 2225 merces
966 2197 1016 2224 sibi

226 2260 255 2278 ex
266 2251 368 2287 jejunio
387 2249 512 2277 adauctas
525 2255 595 2279 esse,
615 2250 756 2280 certusque
777 2245 812 2271 sit
834 2243 972 2278 plurimam
985 2249 1016 2269 se

228 2297 379 2325 vulneribus
391 2295 545 2323 adhibuisse
557 2300 664 2326 curam,
678 2290 798 2319 accedat.
813 2289 889 2322 Quod
902 2289 924 2316 si
939 2286 1018 2316 isthic

229 2345 372 2379 negligens,
383 2342 467 2370 solum
475 2340 605 2376 jejunium
613 2342 746 2366 ostentare
755 2337 861 2372 poterit,
868 2343 917 2363 nec
925 2336 951 2362 in
958 2335 1018 2362 ullis

229 2392 285 2418 aliis
297 2390 378 2418 rebus
396 2396 426 2416 se
445 2386 640 2422 castigatiorem
664 2384 762 2411 factum
784 2382 896 2417 probare
911 2381 1018 2416 poterit.

232 2437 292 2464 loris
302 2439 416 2467 maneat,
427 2442 460 2462 ac
470 2439 524 2461 tum
536 2433 659 2464 introeat,
670 2438 730 2458 cum
743 2437 772 2457 se
782 2430 814 2456 ab
827 2429 949 2456 omnibus
960 2433 1024 2461 pec-

233 2483 299 2510 catis
309 2481 472 2516 expurgarit.
488 2478 601 2514 (Nullus
615 2477 640 2504 in
655 2477 712 2503 solo
724 2475 824 2510 jejunio
839 2473 960 2500 ﬁduciam
974 2472 1021 2499 ha-

236 2527 311 2560 beat,
325 2526 371 2562 qni
386 2525 459 2553 vitiis
480 2524 537 2551 sine
557 2521 745 2551 emendatione
769 2517 906 2553 inhaesit.)
921 2519 957 2553 (li)
971 2517 1023 2544 Fas

237 2573 305 2600 enim
318 2561 360 2600 est.
370 2579 448 2604 eum,
459 2570 504 2605 qui
523 2576 575 2596 non
586 2567 757 2603 jejunaverit,
779 2565 882 2592 veniam
896 2561 1023 2597 consequi

268 2662 276 2677 ¹
293 2665 344 2686 sav.
358 2660 381 2684 in
393 2659 503 2689 margine
517 2659 542 2681 et
553 2655 644 2689 aliquot
655 2657 718 2682 Mss.
732 2651 901 2683 compellamus
911 2656 962 2678 nos,
976 2647 1026 2678 vel,

241 2691 379 2717 cantilenam
388 2690 421 2714 ad
430 2686 547 2719 niajorem
559 2686 683 2719 virtutem.
715 2714 730 2719 __
795 2712 810 2719 ν

270 2709 379 2746 rimi?
387 2709 601 2751 Et",
607 2722 650 2747 per
662 2714 772 2741 studium
784 2712 921 2738 divinorum
929 2709 1030 2736 manda-

243 2755 325 2778 tantm.

247 2784 308 2828 ...99
389 2778 587 2828 ΨΜ.οέψὲ
600 2771 1029 2828 Si?1ii.$il$$ii.“§§i‘ﬁa§§i§i

247 2804 309 2843 res:
320 2804 471 2842 eiEi—itas.
479 2810 553 2843 a054,
564 2813 590 2834 et
600 2814 655 2833 cum
665 2806 803 2832 Colbertino
811 2805 866 2834 an,
885 2804 971 2828 additis
979 2807 1030 2827 sav.

248 2850 272 2870 et
281 2844 367 2870 Metelli
379 2842 534 2868 lectionibus.
656 2868 662 2870 ν
702 2867 709 2870 _
854 2865 868 2870 __
918 2868 922 2870 ἓ
958 2863 972 2870 ν

275 2863 870 2907 ἶῆἶιῖἷιῖρἔὲὴὼεδιιηὀξψςξρῃξὲιᾉξανίι
901 2868 926 2890 et
944 2863 1034 2897 aliquot

251 2897 443 2938 ιξὲᾊᾶξιῆιίυήι
454 2897 480 2928 iii
490 2908 567 2932 marg.
580 2908 587 2931 ;
599 2900 643 2925 sed
654 2899 735 2924 omisit
743 2897 825 2922 Morel.

1054 1425 1178 1450 excusata
1189 1421 1313 1449 nimirum
1329 1421 1451 1457 corporis
1466 1419 1647 1448 imbecillitate
1658 1429 1665 1447 :
1676 1420 1698 1448 is
1710 1427 1783 1452 vero,
1797 1420 1841 1454 qui

1056 1475 1108 1494 non
1126 1467 1295 1503 castigaverit
1314 1467 1412 1495 delicta
1425 1488 1432 1501 ,
1459 1466 1623 1502 impossibile
1636 1471 1697 1500 est,
1719 1471 1748 1493 ut
1763 1467 1842 1493 ullam

1055 1513 1253 1541 excusationem
1267 1513 1394 1540 instituat.

1091 1559 1113 1586 Α
1130 1560 1218 1593 quibus
1231 1559 1363 1595 praeceptis
1385 1558 1516 1585 meandi:
1528 1562 1630 1585 excusat
1646 1557 1758 1593 corporis
1770 1558 1846 1591 iit/ir-

1056 1605 1178 1632 mitas.—
1186 1604 1243 1632 Non
1250 1604 1375 1639 jejunasti
1387 1604 1421 1631 ob
1430 1604 1550 1639 corporis
1563 1603 1743 1631 inﬁrmitatem
1757 1604 1765 1620 ¹
1775 1611 1784 1637 ;
1797 1603 1843 1630 scd

1056 1651 1099 1678 dic
1112 1651 1194 1683 mihi,
1207 1658 1254 1678 cur
1269 1650 1383 1678 inimicis
1401 1650 1454 1677 tuis
1475 1650 1662 1677 reconciliatus
1676 1657 1729 1676 non
1742 1649 1793 1676 es?
1813 1657 1846 1687 an

1057 1696 1102 1724 hic
1126 1696 1209 1724 habes
1234 1696 1305 1724 unde
1329 1696 1479 1732 praetendas
1500 1696 1620 1731 corporis
1647 1695 1847 1723 inﬁrmitatem?

1058 1742 1174 1770 Rursum
1188 1743 1210 1770 si
1231 1742 1322 1770 odium
1345 1742 1523 1777 invidiamque
1537 1742 1652 1769 retineas
1664 1763 1672 1774 ,
1686 1742 1748 1777 quid
1764 1743 1848 1776 possis

1057 1789 1235 1817 excusationis
1260 1789 1394 1824 allegare?
1420 1795 1550 1823 nusquam
1564 1788 1635 1815 enim
1650 1788 1676 1815 in
1700 1788 1848 1815 istiusmodi

1059 1835 1177 1867 delictis,
1191 1835 1225 1862 ad
1241 1835 1361 1869 corporis
1382 1834 1589 1862 imbecillitatem
1610 1835 1753 1869 confugere
1773 1835 1844 1862 licet.

1061 1883 1148 1918 Atque
1158 1882 1184 1909 id
1195 1881 1295 1909 Christi
1310 1881 1483 1908 humanitatis
1495 1889 1562 1916 opus
1571 1885 1623 1913 est,
1638 1881 1708 1916 quod
1719 1882 1851 1915 praecipua

1061 1933 1089 1956 et
1101 1929 1181 1955 vitam
1197 1932 1317 1955 nostram
1341 1927 1504 1954 continentia
1527 1931 1660 1961 praecepta
1684 1926 1748 1953 nihil
1762 1933 1776 1952 a
1790 1933 1852 1952 cor-

1065 1974 1138 2010 poris
1150 1973 1305 2001 inﬁrmitate
1327 1972 1466 2000 ltedantur.
1486 1971 1618 1999 Caeterum
1634 1972 1758 2006 quoniam
1778 1978 1853 2006 teque

1064 2019 1190 2047 omnibus
1202 2019 1286 2046 sacris
1301 2018 1404 2053 legibus
1423 2017 1588 2052 indigemus,
1602 2024 1633 2044 ac
1647 2017 1672 2043 in
1686 2016 1778 2051 primis
1789 2016 1832 2043 illa
1844 2036 1852 2047 .

1064 2074 1125 2101 qua:
1148 2065 1285 2093 interdicit
1299 2065 1451 2092 inimicitias
1465 2064 1616 2098 irarumque
1629 2063 1834 2098 perpetuitatem
1846 2083 1853 2094 ,

1066 2111 1112 2138 sed
1128 2110 1373 2138 reconciliationem
1395 2110 1483 2136 statim
1500 2109 1557 2136 ﬁeri
1569 2108 1656 2143 jubet,
1671 2116 1735 2144 age,
1752 2109 1786 2136 de
1805 2109 1855 2136 ltoc

1070 2162 1203 2192 prtecepto
1220 2163 1290 2184 nunc
1312 2155 1502 2192 in_pra:sentia
1529 2155 1703 2189 disputemus.
1726 2154 1762 2182 Ut
1780 2155 1854 2181 enim

1071 2202 1243 2230 fornicantem
1257 2188 1535 2237 hlaspliemantemque
1548 2200 1710 2235 impossibile
1723 2205 1764 2228 est
1773 2208 1857 2227 sacrae

1072 2257 1172 2278 mensae
1186 2249 1341 2284 participem
1356 2248 1424 2278 ﬁeri.
1438 2247 1474 2274 ita
1487 2254 1591 2281 quoque
1604 2246 1648 2281 qui
1661 2246 1811 2273 inimicitias
1820 2246 1859 2273 fo-

1067 2300 1122 2328 vet,
1142 2299 1191 2323 aut
1206 2295 1234 2322 itt
1253 2295 1294 2322 ira
1310 2293 1436 2329 pertinax
1449 2297 1502 2324 est.
1514 2299 1570 2319 non
1592 2295 1683 2327 potest
1698 2290 1752 2318 frui
1767 2295 1862 2318 sancta

1068 2342 1279 2374 communione;
1298 2348 1388 2376 neque
1405 2340 1431 2367 id
1452 2338 1599 2367 immerito.
1613 2337 1665 2371 Qui
1686 2337 1759 2364 enim
1777 2344 1863 2364 merc-

1068 2389 1183 2416 tricatus
1198 2391 1254 2419 est,
1267 2391 1313 2415 aut
1325 2386 1491 2414 adulterium
1502 2385 1652 2418 commisit,
1664 2384 1746 2412 simul
1760 2389 1789 2411 ut
1804 2383 1865 2410 atti-

1069 2443 1147 2463 mum
1159 2434 1288 2469 explevit,
1297 2433 1378 2460 ﬁnem
1393 2436 1505 2467 peccato
1520 2431 1650 2467 impasuit
1662 2439 1669 2458 :
1683 2430 1755 2465 quod
1765 2430 1788 2458 si
1798 2430 1865 2457 resi-

1070 2483 1179 2518 piscens
1188 2489 1217 2509 se
1226 2489 1241 2508 a
1248 2481 1326 2516 lapsu
1336 2480 1455 2508 excitare
1461 2478 1576 2506 voluerit
1584 2484 1765 2513 magnamque
1774 2481 1867 2504 osten-

1071 2529 1142 2556 derit
1160 2527 1360 2563 paenitentiam,
1376 2530 1541 2561 assequetur
1554 2524 1673 2560 aliquam
1695 2522 1866 2551 consolatio-

1072 2581 1134 2601 nem
1145 2573 1208 2609 ;qui
1222 2577 1313 2600 autem
1324 2571 1473 2600 simultatis
1483 2575 1565 2598 tenax
1578 2574 1630 2600 cst.
1644 2569 1760 2604 singulis
1769 2567 1866 2595 diebus

1072 2623 1213 2654 peccatum
1223 2618 1298 2649 facit,
1308 2625 1358 2644 nec
1366 2623 1495 2652 umquam
1505 2615 1571 2643 illud
1579 2615 1705 2643 absolvit.
1715 2614 1775 2642 Illic
1785 2614 1868 2641 simul

1080 2667 1140 2687 cum
1164 2658 1263 2694 ﬂagitio
1277 2657 1412 2693 expletum
1435 2660 1477 2683 est
1502 2661 1639 2690 peccatum
1650 2657 1672 2687 ',
1685 2658 1730 2682 hic
1748 2655 1868 2689 quotidie

1083 2707 1152 2734 idem
1168 2705 1255 2732 scelus
1278 2708 1395 2731 tentatur
1411 2711 1418 2729 :
1434 2709 1512 2737 quam
1533 2702 1611 2736 igitur
1630 2701 1734 2728 veniam
1751 2700 1863 2735 sperabi-

1086 2759 1155 2785 mus,
1169 2751 1213 2787 qui
1229 2758 1277 2778 nos
1298 2749 1344 2777 tali
1357 2749 1450 2776 bellum
1470 2747 1541 2774 ultro
1563 2747 1709 2774 dedimus?
1732 2745 1870 2780 Quomodo

1118 2831 1127 2846 ι
1144 2828 1213 2854 savil.
1227 2831 1252 2853 et
1260 2827 1351 2858 aliquot
1357 2825 1438 2853 codd.,
1448 2824 1479 2858 ob_
1486 2823 1593 2858 corporis
1605 2822 1770 2858 initiaturam.

1120 2861 1130 2876 ¹
1144 2852 1215 2884 sit-ii.
1228 2852 1252 2882 in
1263 2852 1371 2888 margine
1384 2863 1390 2881 :
1404 2852 1534 2888 Et'quidejri
1546 2855 1570 2879 in
1581 2853 1708 2888 adulterio,
1720 2860 1773 2888 cunt
1784 2852 1875 2883 [Inqi'ﬁo

1090 2891 1210 2923 expletum
1216 2893 1252 2915 est
1265 2884 1395 2920 peccatum.
1409 2890 1435 2912 Et
1445 2884 1480 2911 sic
1491 2885 1585 2910 videtur
1597 2884 1690 2916 legisse
1701 2884 1804 2908 Nannius
