1983 3125
124 192 173 220 199

127 248 272 284 postullbis
287 247 370 276 Deum
385 247 432 275 tibi
443 252 611 276 mansuetum
626 252 654 276 et
666 248 758 275 mitem
770 247 838 279 ﬁeri,
854 254 914 274 cum

127 300 155 322 tu
170 301 301 322 conservo
315 298 361 321 tuo
374 297 427 321 tam
438 293 527 328 gravis
544 293 581 321 sis
596 297 624 321 et
636 292 827 321 inexorabilis?
839 292 915 326 Esto,

127 340 288 369 contumelia
306 345 331 367 te
346 339 434 367 affecit
453 347 599 367 conservus
613 348 620 367 :
635 346 724 366 nonne
738 343 764 366 tu
777 346 849 372 saepe
861 338 917 365 Deo

125 387 301 415 contumelias
315 386 466 420 facisiQuid
473 386 574 421 :equale
584 386 654 413 inter
666 385 804 412 dominutn
816 388 844 411 et
857 391 916 411 ser-

100 451 109 455 -
125 433 201 461 tum?
210 433 289 468 Atqui
301 432 344 460 hic
354 432 486 460 interdum
500 432 692 459 contumeliose
705 431 917 464 ltabitus,eonlu-

126 480 232 507 meliam
249 479 318 506 forte
332 478 460 513 reposuit,
475 481 682 512 etexasperatus
690 485 735 509 es;
750 482 776 504 tu
790 477 917 504 adversus

129 526 268 553 Dominum
282 525 474 553 contumeliose
488 524 555 560 agis,
566 525 630 552 nihil
642 524 747 559 quidem
762 524 797 551 ab
812 524 857 551 illo
873 524 918 551 lte-

125 581 172 600 sus
183 594 190 605 ,
206 572 252 600 sed
268 572 401 607 perpetuis
412 571 531 606 quotidie
545 570 680 599 beneficiis
695 570 815 598 allectus.
827 570 918 605 Cogita

125 626 190 653 ergo
197 617 266 653 quod
278 618 299 645 si
308 617 388 645 vellet
395 617 465 644 Deus
473 617 601 644 adversus
609 623 639 644 se
651 616 793 643 commissa
804 616 901 650 diligen
908 631 918 638 -

129 668 169 690 ter
183 664 323 698 exquirere
335 683 343 696 ,
358 670 391 690 ne
405 662 437 689 ad
447 670 527 689 unum
543 661 649 697 quidem
663 662 733 688 diem
757 663 918 689 viveremus.

129 709 244 742 Peccata,
260 709 342 741 enim,
354 709 447 743 inquit,
455 710 477 735 si
491 707 791 741 observaveris,Domine,
802 708 918 739 Domine,

128 757 184 792 quis
209 755 339 783 sustinebit
362 755 371 791 (
392 754 539 783 Psal.129.
554 754 611 790 5)?
632 755 665 782 Et
683 760 711 782 ut
733 755 854 782 omittam
869 754 919 780 alia

128 802 218 830 omnia
242 806 367 838 peccata,
383 809 444 836 quae
466 801 523 829 sola
544 801 673 836 cujusque
697 800 844 836 peccatoris
857 807 920 827 con-

129 848 239 875 scientia
254 847 359 882 cognita
376 847 471 877 habet.
487 852 514 874 et
528 846 572 874 ubi
596 851 695 881 praeter
718 846 800 874 Deum
819 846 919 873 nullum

127 899 223 921 testem
238 892 406 925 reformidat,
419 892 441 919 si
455 892 488 920 de
501 892 632 920 confessis
654 892 712 919 istis
725 896 751 918 et
766 891 866 926 apertis
878 899 922 918 ra—

130 941 231 967 tionem
245 946 459 974 reposcerentur,
469 946 548 973 quam
560 938 664 965 veniam
677 958 685 970 ,
696 945 797 973 quaeso,
812 944 922 972 sperare

128 985 304 1020 possemus,si
314 984 464 1011 nostramin
473 984 596 1018 precibus
610 983 730 1010 inertiam
745 987 771 1010 et
785 983 918 1017 negligen-

131 1032 192 1059 tiam
207 1029 463 1065 expenderetzquod
476 1037 565 1056 coram
580 1036 613 1056 eo
628 1029 806 1056 consistentes
819 1028 921 1062 ipsum-

130 1086 181 1113 que
195 1078 358 1109 invocantes,
366 1083 401 1103 ne
413 1080 514 1102 tanlttm
523 1075 630 1110 quidem
638 1074 746 1110 pudoris
761 1078 788 1101 et
797 1081 923 1101 reveren-

130 1123 173 1149 tia:
183 1122 348 1154 exhibemus,
360 1125 486 1156 quantum
494 1121 563 1148 servi
572 1120 686 1147 dominis
693 1121 759 1153 suis,
770 1124 816 1147 aut
825 1119 923 1147 milites

130 1169 251 1201 ducibus,
259 1173 305 1195 aut
315 1168 392 1194 amici
401 1167 510 1193 amicis?
519 1174 578 1193 cum
585 1166 671 1193 amico
677 1166 748 1193 enim
756 1165 922 1199 colloquens,

131 1222 191 1241 cum
205 1213 351 1241 attentione
364 1212 426 1239 illud
438 1211 514 1244 facis;
525 1219 585 1238 cum
596 1211 651 1238 Deo
665 1216 753 1238 autem
761 1210 796 1238 de
806 1210 924 1245 peccatis

132 1260 183 1286 tuis
190 1266 280 1294 agt-ns,
286 1258 539 1286 etcondonationem
547 1257 682 1292 postulans
690 1257 825 1284 etveniam
833 1263 922 1290 orans,

132 1304 246 1331 subinde
261 1303 574 1338 torpeseis,genibusque
588 1302 660 1330 humi
676 1303 778 1338 positis,
793 1310 864 1337 smpe
877 1310 925 1336 per

135 1350 232 1382 forum,
249 1355 321 1382 smpe
336 1356 382 1383 per
396 1347 468 1375 aedes
482 1352 598 1375 mentem
614 1352 686 1375 tuam
705 1347 822 1382 divagari
837 1347 903 1374 sinis
915 1367 923 1379 ,

133 1404 181 1422 ore
196 1401 241 1422 tuo
256 1395 361 1422 interim
377 1399 478 1422 temere
493 1394 660 1429 inauiterque
677 1395 811 1429 garriente
824 1403 831 1421 :
846 1394 925 1428 idque

132 1450 186 1469 non
199 1443 279 1469 semel
292 1446 337 1468 aut
350 1442 400 1473 bis,
415 1441 462 1469 sed
477 1441 628 1476 frequenter
638 1442 716 1469 nobis
726 1442 823 1470 accidit
833 1450 840 1469 :
850 1444 922 1477 quod

133 1489 156 1515 si
178 1489 219 1516 vel
247 1488 308 1515 illud
332 1487 418 1514 solum
437 1488 585 1523 ponderare
601 1487 667 1515 velit
679 1487 764 1521 Deus,
777 1495 810 1515 an
821 1488 925 1515 veniam

134 1540 211 1570 putas
223 1534 426 1561 obtinebimus‘!
450 1541 483 1560 an
505 1535 688 1569 purgationem
710 1534 826 1570 aliquam
848 1535 927 1562 ador-

134 1588 199 1611 nare
210 1579 446 1615 poterimusib‘lihi
457 1584 530 1607 certe
539 1580 564 1607 id
580 1579 636 1607 fieri
653 1587 704 1607 non
719 1587 796 1614 posse
810 1580 925 1608 videtur.

172 1626 201 1653 2.
216 1625 283 1659 Quid
308 1626 329 1652 si
345 1625 400 1660 jam
415 1626 534 1653 convicia
555 1626 651 1660 quibus
669 1625 785 1660 quotidie
800 1625 845 1653 alii
861 1626 927 1654 alios

124 1672 303 1702 “incessimus,
320 1671 346 1698 in
362 1671 479 1698 medium
500 1670 667 1705 produxerit,
680 1671 832 1707 judiciaque
847 1671 926 1706 iuop-

135 1721 245 1752 portuna
262 1737 269 1748 ,
297 1716 392 1751 quibus
422 1716 573 1750 proximum
597 1716 825 1750 condemuamus,
848 1716 927 1752 idque

135 1762 208 1790 nulla
222 1761 272 1789 alia
283 1761 317 1789 de
330 1769 420 1795 causa,
431 1769 509 1796 quam
522 1762 592 1797 quod
607 1762 729 1789 maledici
742 1769 852 1796 sumus;
864 1762 927 1797 quid

136 1808 282 1843 poterimus
295 1827 303 1840 ,
318 1815 425 1842 qumso,
449 1815 497 1842 pro
520 1807 677 1835 defensione
698 1812 789 1835 nostra
810 1807 928 1836 aﬂ'erre?

136 1853 251 1880 Rursum
278 1853 300 1879 si
325 1853 460 1880 examinet
492 1852 612 1880 curiosos
638 1858 744 1881 nostros
769 1853 880 1881 intuitus
901 1858 929 1881 et

135 1898 216 1925 animi
231 1905 328 1933 pravas
339 1898 506 1932 cupiditates,
519 1898 630 1926 subinde
644 1899 764 1933 turpibus
776 1905 802 1927 et
814 1899 928 1926 immun-

136 1945 178 1973 dis
192 1945 394 1980 cogitationibus
408 1944 522 1971 intbutas
534 1965 541 1978 ,
555 1944 617 1972 dum
633 1945 726 1972 oculos
738 1945 856 1980 quolibet
869 1946 928 1973 sine

136 1992 188 2019 ulla
211 1991 398 2019 observatiOne
424 1992 551 2019 oberrare
575 1992 706 2026 sinimus,
720 2000 799 2028 quam
823 2000 928 2027 poenam

138 2038 254 2065 iuemus?
264 2037 338 2072 Quod
349 2038 372 2065 si
388 2038 492 2065 ineatur
504 2038 572 2065 ratio
582 2043 733 2066 nostrorum
744 2039 927 2066 conviciorum

137 2084 216 2119 (nam
235 2082 284 2117 Qui
298 2083 370 2118 fratri
379 2092 425 2110 suo
438 2084 529 2111 diserit
541 2104 550 2116 ,
566 2083 660 2114 Fatue,
672 2092 730 2111 reus
742 2085 790 2111 erit
809 2084 930 2120 gehennae

137 2130 203 2165 ignis
214 2128 318 2166 [Matt/t.
333 2130 359 2157 5.
375 2129 446 2166 22]),
459 2138 521 2157 num
536 2130 577 2157 vel
588 2138 618 2157 os
632 2130 758 2158 diducere
771 2131 812 2158 vel
826 2131 929 2158 hiscere

139 2175 236 2206 licebit,
251 2179 297 2201 aut
320 2182 432 2209 parvum
457 2180 502 2202 aut
525 2183 649 2211 magnum
674 2176 858 2211 respondere?
870 2177 928 2204 Jam

141 2220 233 2246 inanes
243 2225 347 2246 nostras
359 2220 530 2254 gloriationes
540 2221 574 2248 de
587 2221 709 2256 precibus
718 2222 758 2249 vel
767 2221 876 2257 jejuniis
887 2223 929 2250 vel

139 2265 319 2300 cleemosynis
334 2266 443 2299 nostris,
458 2266 480 2293 si
496 2267 521 2293 in
535 2266 745 2302 disquisitionem
761 2273 927 2299 revocentur,

140 2319 192 2338 non
207 2318 222 2337 a
237 2310 302 2343 Deo,
318 2311 364 2338 sed
379 2319 393 2338 a
411 2313 486 2339 nobis
503 2312 567 2348 ipsis
579 2314 622 2348 qui
636 2315 805 2346 peccavimus
820 2323 827 2341 :
840 2322 872 2342 an
883 2323 930 2342 au-

140 2357 262 2383 debimus
276 2357 318 2383 vel
331 2357 423 2383 είιιιιιηι
440 2359 591 2391 respicere?
607 2359 690 2386 Porro
700 2360 721 2386 si
733 2359 767 2387 de
779 2360 848 2387 dolis
860 2360 930 2395 judi-

139 2403 209 2430 cium
225 2402 279 2436 fiat,
295 2410 363 2437 quos
379 2403 423 2430 alii
449 2404 475 2430 in
490 2404 557 2431 alios
571 2405 742 2438 eonsnimus,
768 2414 838 2433 nunc
859 2414 928 2441 pra:-

140 2456 242 2476 setucm
257 2449 393 2476 laudantes
401 2449 559 2482 fratrem,ac
567 2459 627 2478 cum
639 2460 671 2479 eo
685 2453 760 2487 quasi
773 2461 833 2480 cum
844 2454 930 2480 amico

140 2495 272 2530 colloquia
289 2495 444 2529 miscentes,
456 2504 527 2523 nunc
541 2497 678 2525 absentem
694 2499 883 2527 criminantes:
895 2507 929 2527 an

141 2548 218 2575 pares
231 2540 332 2568 erimus
346 2540 497 2569 istiusmodi
514 2543 619 2577 pcentei
631 2544 699 2578 Quid
713 2544 799 2572 dicam
812 2545 845 2573 de
855 2545 929 2580 jura—

141 2585 250 2618 tuentis,
267 2586 423 2619 mendaciis,
439 2587 564 2623 perjuriis
575 2611 582 2623 ,
598 2590 697 2624 iujnsto
711 2592 810 2624 furore,
827 2592 909 2620 livore
920 2613 927 2623 .

138 2642 193 2668 quo
209 2641 280 2669 sche
300 2634 455 2662 invidemus
475 2635 541 2662 viris
560 2635 719 2670 conspicuis
735 2644 788 2663 non
811 2636 933 2664 inimicis

139 2681 231 2712 ntodo,
248 2681 295 2708 sed
308 2680 422 2708 amicis?
432 2680 498 2715 quid
506 2681 578 2716 quod
592 2681 933 2710 oblectamuralienisma-

138 2727 184 2760 lis,
196 2726 419 2762 arbitramurque
431 2727 549 2755 alienam
559 2728 743 2756 infelicitatem
754 2730 839 2757 nostri
850 2730 934 2757 infor-

140 2773 211 2799 tunii
224 2773 351 2800 solatium
362 2774 442 2801 esse?

175 2817 411 2850 Confubulatt’ones
428 2821 455 2846 in
466 2820 578 2848 ecclesia
598 2821 747 2855 prohibitor.
764 2837 799 2842 —
810 2822 888 2856 Quod
908 2823 932 2850 si

139 2865 259 2898 tot-poris
272 2865 358 2892 nostri
374 2866 401 2892 in
416 2874 494 2894 sacra
507 2867 618 2894 collecta
633 2868 702 2894 ratio
710 2868 844 2903 exigatur,
855 2870 934 2904 quid-

139 2917 200 2936 nam
211 2910 364 2945 patiemur?
378 2910 444 2938 illud
457 2912 558 2947 quippe
570 2920 624 2940 non
634 2913 775 2948 ignoratis,
788 2915 861 2948 quod
873 2915 932 2950 ipso

496 188 526 217 8.
545 189 684 218 JOANNIS
703 188 938 217 CIIRYSOSTOMI
958 188 1118 217 ARCHIEP.
1137 188 1404 218 CONSTANTINOP.

1711 192 1763 220 (100

970 247 1026 274 Deo
1038 254 1110 282 saepe
1123 255 1172 283 per
1186 247 1342 283 prophetam
1355 256 1415 276 cum
1436 248 1559 277 omnibus
1581 249 1660 279 nobis
1679 251 1764 279 collo-

969 297 1076 327 quente,
1092 293 1190 320 multas
1202 301 1367 329 magnasque
1379 293 1555 322 fabulationes
1562 302 1622 323 cum
1634 297 1763 330 proximis

970 337 1126 370 habeamus,
1148 338 1182 366 de
1201 339 1280 367 rebus
1302 339 1335 367 ad
1355 347 1404 367 nos
1427 340 1538 368 minime
1557 341 1762 376 pertinentibus.

969 383 1046 418 Quod
1069 385 1091 412 si
1111 384 1202 420 igitur,
1224 385 1330 413 omissis
1350 386 1454 413 exteris
1477 386 1620 419 omnibus,
1646 395 1694 422 par
1721 388 1765 415 isti

970 430 1067 457 delicto
1090 430 1248 465 supplicium
1268 432 1418 466 postuletur
1435 452 1442 464 ,
1460 431 1523 466 quid
1548 432 1680 467 reliquum
1702 433 1764 463 erit,

971 475 1041 510 quod
1062 475 1096 503 de
1115 476 1201 503 salute
1224 477 1363 511 speretur?
1382 476 1421 504 Ne
1445 477 1584 504 existimes
1607 477 1633 505 id
1655 485 1765 512 parvum

971 521 1071 548 crimen
1086 528 1146 549 esse
1160 531 1165 548 :
1180 522 1237 557 ejus
1255 522 1326 550 enint
1350 524 1558 558 magnitudinem
1572 525 1595 551 si
1611 524 1765 561 perspicere

971 567 1106 602 cupias,in
1118 567 1198 595 rebus
1214 568 1335 596 humanis
1348 569 1561 604 perspiciendum
1574 574 1625 597 est.
1641 570 1716 597 Aude
1729 570 1767 597 sis

972 618 1086 647 praetore
1096 618 1182 641 tecum
1194 613 1273 641 verba
1284 614 1409 646 habente,
1420 614 1473 642 into
1484 615 1618 642 velamico
1629 616 1766 651 aliquanto

973 658 1136 692 honestiore,
1159 666 1192 686 eo
1213 660 1314 687 omisso
1333 667 1484 687 sermonem
1507 664 1580 688 tuum
1604 660 1638 688 ad
1659 668 1765 688 servum

973 705 1126 737 transferre,
1143 712 1174 732 ac
1192 709 1249 732 tum
1272 705 1375 732 videbis
1394 710 1522 740 quantum
1544 706 1631 733 scelus
1653 707 1765 739 audeas,
1806 740 1811 745 '

972 760 1031 780 cum
1055 752 1168 788 idipsum
1184 752 1210 779 in
1223 752 1306 779 Deum
1328 751 1403 779 facis.
1428 752 1503 786 Quod
1519 753 1540 780 si
1556 753 1695 780 honestior
1717 753 1767 780 ali-

972 798 1031 833 quis
1038 797 1189 832 hujusmodi
1197 797 1384 825 contumeliam
1393 798 1562 832 neglecturus
1575 806 1627 825 non
1636 803 1687 832 est,
1697 799 1767 826 Deus

974 848 1062 870 tamen
1089 843 1183 870 iisdem
1210 843 1406 878 majoribusque
1431 843 1534 878 injuriis
1559 844 1680 879 pulsatus
1702 851 1767 878 quo.

975 890 1048 922 tidie,
1062 897 1112 917 nec
1126 889 1160 916 ab
1174 896 1228 916 uno
1241 894 1286 916 aut
1300 890 1384 916 altero
1392 889 1432 916 vel
1442 897 1457 916 a
1472 889 1557 917 tribus
1575 890 1673 923 solum,
1690 890 1737 917 sed
1752 898 1766 916 a

974 935 1051 962 nobis
1063 934 1148 962 ferme
1158 934 1293 968 omnibus,
1301 934 1326 961 in
1338 934 1541 962 mansuetudine
1553 943 1599 961 sua
1612 940 1639 962 et
1652 935 1767 962 toleran-

974 981 1009 1008 tia
1024 984 1192 1015 perseverat,
1206 988 1285 1015 quam
1301 988 1354 1008 non
1367 981 1454 1008 solum
1467 981 1595 1008 adversus
1608 981 1767 1014 istiusmodi,

974 1028 1022 1055 sed
1037 1032 1064 1055 et
1077 1027 1126 1054 alia
1142 1027 1225 1054 multo
1241 1027 1364 1062 graviora
1378 1032 1530 1058 conservat.
1544 1026 1607 1054 ιιι-α
1621 1027 1691 1055 enim
1705 1035 1768 1054 con-

975 1074 1045 1102 fessa
1059 1078 1086 1101 et
1098 1073 1242 1101 manifesta
1256 1078 1318 1101 sunt
1331 1074 1428 1102 delicta
1450 1082 1509 1109 qua:
1529 1075 1722 1109 propemodum
1736 1075 1769 1102 al:

975 1120 1100 1148 omnibus
1119 1120 1306 1155 designantur;
1321 1124 1384 1147 suttt
1404 1125 1494 1147 autent
1517 1125 1544 1148 et
1569 1121 1632 1154 alia,
1655 1129 1768 1155 quorum

975 1167 1103 1202 cujusque
1115 1167 1263 1202 peccatoris
1276 1167 1380 1194 animus
1392 1171 1433 1194 est
1444 1167 1577 1194 conscius.
1589 1167 1665 1201 Quod
1678 1168 1700 1195 si
1712 1168 1769 1195 inec

975 1214 1064 1241 onmia
1077 1218 1167 1241 mente
1177 1213 1381 1246 revolverimus,
1390 1213 1494 1240 etiamsi
1504 1214 1621 1240 omnium
1641 1213 1770 1241 crudelis-

977 1261 1039 1288 simi
1052 1267 1084 1288 ac
1097 1260 1281 1287 immanissimi
1295 1260 1389 1294 simus,
1403 1260 1483 1287 tnodo
1497 1260 1695 1287 multitudinem
1710 1268 1770 1294 pec-

975 1311 1094 1333 catorum
1106 1309 1258 1332 nostrorum
1269 1305 1477 1337 consideremus,
1494 1312 1548 1340 pra:
1559 1310 1630 1332 metu
1642 1309 1669 1332 ct
1679 1305 1771 1332 anxie-

978 1355 1032 1378 tate
1045 1358 1078 1378 ne
1091 1350 1245 1378 meminisse
1257 1350 1365 1385 quidem
1380 1350 1485 1377 vacabit
1503 1354 1676 1384 acceptarum
1698 1349 1770 1384 inju-

976 1397 1087 1424 riarum.
1097 1395 1250 1423 Recordare
1268 1396 1338 1431 ignei
1350 1395 1434 1429 ﬂuvii,
1445 1396 1543 1423 vermis
1558 1396 1693 1426 venenati,
1709 1395 1772 1422 hor-

978 1442 1053 1470 rendi
1075 1442 1177 1477 judicii,
1195 1442 1222 1469 in
1245 1449 1299 1477 quo
1318 1442 1405 1469 omnia
1419 1442 1488 1469 nuda
1513 1446 1540 1469 et
1553 1445 1644 1476 aperta
1668 1446 1770 1469 erunt:

979 1489 1065 1524 cogita
1078 1488 1149 1524 quod
1162 1496 1221 1522 quze
1233 1496 1303 1515 nunc
1316 1489 1343 1515 in
1358 1488 1447 1515 abdito
1462 1488 1554 1521 latent,
1568 1492 1630 1515 tunc
1643 1488 1668 1515 in
1682 1488 1770 1515 lucem

978 1534 1157 1570 proferentur.
1180 1534 1256 1568 Quod
1270 1534 1293 1561 si
1306 1535 1426 1568 proximo
1447 1534 1581 1561 remiseris
1605 1538 1724 1569 peccata,
1739 1542 1770 1561 ea

978 1588 1037 1614 qua:
1051 1583 1106 1607 tum
1121 1579 1264 1615 retegenda
1276 1583 1365 1611 erunt,
1379 1586 1449 1606 nunc
1464 1579 1490 1606 in
1506 1579 1558 1606 hoc
1572 1579 1669 1606 smculo
1681 1579 1772 1606 abole-

977 1625 1089 1657 buntur,
1104 1624 1243 1659 exibisque
1258 1624 1324 1651 nihil
1339 1629 1425 1651 tecum
1442 1624 1552 1652 trahens
1564 1632 1597 1652 ex
1614 1625 1666 1652 tuis
1678 1633 1772 1660 pecca-

979 1672 1022 1703 tis,
1038 1671 1105 1699 adeo
1121 1675 1151 1697 ut
1164 1670 1248 1697 multo
1263 1670 1321 1705 plus
1335 1670 1460 1705 recipias,
1476 1678 1554 1705 qUam
1568 1670 1674 1697 dedisti.
1689 1670 1770 1698 Multa

979 1724 1051 1751 srepe
1063 1716 1213 1744 istiusmodi
1230 1715 1401 1751 deliquimus,
1417 1724 1529 1751 quorum
1551 1718 1684 1744 neminem
1705 1723 1771 1743 con-

979 1763 1064 1790 scium
1087 1762 1219 1790 habemus
1234 1771 1241 1789 :
1256 1762 1354 1790 deinde
1365 1770 1425 1789 cum
1439 1763 1586 1797 cogitamus
1598 1763 1667 1798 quod
1683 1770 1716 1790 eo
1728 1763 1772 1790 die

979 1812 1041 1835 ante
1062 1808 1155 1835 oculos
1181 1807 1300 1834 ontnium
1321 1812 1430 1842 peccaui
1454 1813 1545 1835 nostra
1567 1813 1733 1842 exponentur
1746 1809 1772 1835 in

980 1854 1085 1888 publico
1095 1853 1168 1881 orbis
1180 1857 1311 1881 terrarum
1323 1853 1439 1887 theatro,
1452 1855 1552 1881 tristius
1561 1854 1585 1881 id
1593 1862 1672 1889 quant
1686 1855 1772 1889 ipsum

980 1900 1267 1935 supplicium,augente
1282 1907 1331 1927 nos
1343 1904 1372 1928 et
1383 1901 1500 1928 elidente
1513 1901 1689 1935 conscientia,
1699 1901 1772 1928 arbi-

982 1945 1212 1973 tramur.Tantunt
1235 1946 1356 1981 pudoris,
1370 1951 1410 1973 tot
1424 1950 1544 1981 peccata,
1559 1950 1630 1973 tanta
1645 1947 1773 1980 supplicia

981 1993 1075 2020 eluere
1089 1992 1152 2019 licet
1167 1999 1215 2027 per
1237 1992 1459 2019 condonationem
1480 1991 1588 2018 otiensa:
1605 1999 1612 2017 :
1627 1991 1693 2018 nihil
1703 1992 1774 2019 enim

980 2044 1022 2066 est
1036 2039 1097 2066 huic
1109 2039 1200 2066 virtuti
1215 2038 1327 2073 aequale.
1345 2038 1389 2065 Vis
1403 2045 1565 2073 cognoscere
1584 2038 1662 2072 hujus
1683 2038 1775 2066 vires?

981 2085 1012 2113 Si
1027 2086 1120 2112 steterit
1134 2085 1245 2120 Moyses,
1259 2089 1283 2112 et
1294 2084 1399 2112 Samuel
1413 2089 1470 2111 ante
1480 2084 1570 2120 faciem
1581 2085 1773 2120 meam,inquit,

981 2139 1032 2158 non
1042 2137 1077 2158 est
1086 2131 1172 2158 anima
1183 2139 1239 2158 mea
1251 2130 1285 2157 ad
1298 2139 1340 2158 eos
1354 2129 1693 2166 (Jerent.15.i).Attamen
1709 2138 1776 2165 quos

982 2185 1034 2204 non
1050 2181 1191 2212 potuerunt
1203 2177 1308 2213 Moyses
1320 2182 1347 2204 et
1363 2176 1470 2205 Samuel
1489 2177 1595 2212 eripere
1607 2177 1641 2204 ab
1655 2177 1694 2204 ira
1710 2178 1773 2209 Dei,

984 2223 1061 2258 hujus
1074 2224 1200 2259 praecepti
1213 2223 1364 2251 observatio
1378 2224 1482 2258 eripere
1502 2223 1586 2258 potuit
1599 2232 1607 2251 :
1620 2230 1652 2250 ac
1664 2223 1776 2258 proinde

983 2270 1038 2296 illis
1060 2269 1156 2304 quibus
1179 2269 1228 2296 ista
1248 2269 1332 2301 dixit,
1353 2269 1460 2296 assidue
1483 2269 1610 2304 praecepit
1630 2269 1752 2304 inquiens
1769 2277 1775 2296 :

984 2315 1110 2351 Nequitite
1130 2315 1217 2350 fratris
1236 2315 1310 2342 vestri
1322 2315 1416 2350 singuli
1429 2323 1460 2342 ne
1470 2315 1635 2342 recordamini
1649 2315 1675 2342 in
1690 2316 1776 2342 cordi—

983 2362 1028 2388 bus
1038 2362 1124 2388 vestris
1139 2361 1230 2398 (Zach.
1241 2361 1265 2388 7.
1282 2361 1342 2396 i0):
1356 2360 1396 2388 De
1409 2362 1550 2397 malefactis
1563 2362 1672 2396 proximi
1684 2362 1777 2398 singuli

984 2415 1014 2434 ne
1035 2407 1200 2442 cogitaveritis
1215 2406 1269 2442 (Id.
1286 2406 1312 2434 8.
1326 2406 1382 2442 17).
1399 2406 1457 2434 Non
1467 2407 1533 2434 dixit
1544 2407 1641 2441 solum,
1651 2408 1777 2440 Remitte,

983 2452 1040 2484 sed,
1056 2452 1094 2480 Ne
1107 2452 1148 2480 vel
1163 2453 1190 2479 in
1206 2457 1296 2480 mente
1312 2452 1424 2485 habeas,
1439 2460 1473 2480 ne
1483 2454 1594 2488 cogites,
1609 2454 1703 2480 omitte
1718 2454 1778 2481 uni-

985 2506 1089 2526 versam
1103 2499 1181 2531 iram,
1193 2499 1271 2527 ulcus
1286 2500 1349 2527 tolle
1364 2509 1370 2527 :
1385 2500 1450 2528 dum
1462 2500 1532 2527 enim
1542 2500 1686 2528 vindictam
1701 2501 1778 2527 ador-

985 2552 1044 2578 nas,
1058 2545 1173 2579 primunt
1185 2545 1299 2581 teipsum
1324 2550 1457 2574 torntento
1478 2546 1573 2580 amcis,
1588 2547 1671 2573 veluti
1685 2547 1708 2574 si
1721 2554 1777 2574 car-

984 2590 1089 2618 nificem
1112 2591 1179 2618 iram
1203 2592 1250 2619 tibi
1274 2593 1458 2628 apposuisses,
1473 2593 1605 2621 dilanians
1627 2598 1672 2621 tua
1695 2594 1778 2629 ipsius

984 2643 1097 2663 vtscera.

1021 2681 1071 2714 Qui
1093 2682 1156 2708 iram
1179 2691 1230 2710 non
1252 2685 1374 2720 refrenat,
1387 2684 1414 2711 in
1436 2684 1550 2711 cruciatu
1570 2685 1640 2712 vivit.
1657 2700 1694 2705 —
1710 2685 1778 2719 Quid

984 2727 1054 2754 enim
1070 2727 1193 2755 miserius
1206 2728 1314 2756 homine
1328 2730 1434 2757 assidue
1445 2730 1532 2757 irato?
1544 2730 1778 2764 Quemadmodum

985 2772 1077 2800 furiosi
1091 2781 1234 2808 numquam
1255 2775 1379 2802 fruuntur
1399 2776 1589 2811 tranquillitate
1604 2785 1611 2804 :
1627 2777 1663 2804 ita
1680 2777 1726 2812 qui
1739 2778 1778 2805 si-

985 2819 1123 2845 multatem
1136 2820 1248 2854 εει-ὴ,οι
1262 2820 1396 2848 inimicum
1409 2821 1499 2855 habet,
1513 2829 1658 2857 numquam
1678 2822 1775 2850 fruitur

985 2864 1037 2890 ulla
1051 2871 1125 2898 pace,
1143 2869 1270 2899 perpetuo
1291 2870 1407 2894 aestuans
1419 2867 1440 2902 ⁸,
1458 2871 1694 2903 tempestatemque
1708 2869 1776 2902 cogi-

1018 2918 1029 2935 ⁸
1045 2918 1100 2950 Alii,
1110 2920 1229 2948 incensus.
