1983 3125
179 199 224 227 I90
645 203 690 230 AD
710 203 876 232 POPULUM
896 203 1149 232 ANTIOCHENUM
1181 206 1301 236 HOMIL.
1322 209 1382 238 XX.

176 259 212 286 λει
232 258 277 286 τὸν
298 260 442 296 Δεσπότην
460 261 564 297 ἥμερόν
588 269 628 287 σοι
647 262 774 296 γενέσθαι
789 263 837 290 καὶ
850 264 948 297 πρᾶον.
969 262 1007 297 τῷ

176 302 305 338 συνδούλῳ
320 305 470 340 γενόμενος
491 305 574 337 αὐτὸς
589 305 709 341 χαλεπὸς
731 306 779 333 καὶ
795 307 1007 342 ἀσύγγνωστος;

180 346 247 373 Ἀλλ’
261 347 356 383 ὕϐρισέ
375 357 407 375 σε
422 350 435 376 ό
449 349 606 382 σύνδουλος;
621 350 668 376 καὶ
687 351 719 378 σὺ
737 351 783 377 τον
807 351 873 378 Θεὸν
887 351 1008 387 ὑϐρίζεις

175 391 306 423 πολλάκις.
325 392 383 419 Ποῦ
396 393 424 419 δὲ
440 393 497 420 ἴσον
511 394 651 426 σύνδουλος
664 395 710 421 καὶ
726 395 876 430 δεσπότης;
890 396 946 422 Καὶ
957 396 1008 422 αὺ-

173 434 215 466 τδς
241 435 290 469 μὲν
308 435 369 462 ἐνια
389 437 439 472 μέν
463 446 514 464 που
540 438 727 474 ὴδικημένοςα
746 440 811 470 ῐσως
835 439 941 475 ὕϐρισε,
961 439 1008 466 καὶ

173 479 349 516 παρωξύνθης
359 489 366 495 ·
390 481 422 507 σὺ
437 482 466 508 δὲ
481 483 526 509 τὸν
539 483 677 518 Δεσπότην
697 482 829 519 ὑϐρίζεις,
846 480 896 510 οὐκ
908 484 1007 519 ἠδικη-

173 523 248 556 μένος
268 523 329 550 οὐδὲ
351 525 585 561 ἐπηρεαζόμενος,
614 526 671 553 ἀλλ’
689 528 920 563 εὐεργετούμενος
944 527 1005 554 καθ’

171 566 284 602 ἑκάστην
299 567 347 594 ὑπ’
362 569 448 596 αὐτοῦ
472 570 520 605 τὴν
544 570 662 606 ἡμέραν.
685 572 830 607 Ἐννόησον
851 572 1005 603 τοίνυν,ὅτι

169 613 191 637 εί
208 611 350 648 βουληθείη
370 614 442 648 μετὰ
457 615 601 650 ἀκριϐείας
622 615 657 642 τά
676 617 716 648 είς
742 616 823 642 αὑτὸν
845 616 976 652 γινόμενα
990 617 1005 643 ό

168 656 228 687 Θεὸς
238 656 390 689 ἐξετάζειν,
404 658 464 685 οὺδέ
475 658 538 694 μίαν
549 659 705 695 βιωσόμεθα
717 660 890 696 τὴνήμέραν,
907 660 1005 695 Ἀμαρ-

167 700 227 732 τιάς
247 701 312 736 γὰρ,
327 703 414 737 φησὶν
427 703 440 729 ό
455 704 607 738 προφήτης,
626 704 682 730 ἐὰν
702 704 928 739 παρατηρήσῃς,
944 705 1004 731 Κύ-

164 753 216 778 ριε,
231 745 275 778 τίς
289 746 516 780 ὐποστήσεται;
531 748 586 774 Καὶ
606 748 649 775 ἵνα
665 749 745 784 παρῶ
762 748 796 775 τὰ
815 748 883 776 ἄλλα
900 749 1002 781 πάντα,

165 788 181 815 ἃ
192 789 221 814 τὸ
239 790 362 821 συνειδὸς
386 791 502 818 ἑκάστου
522 791 575 818 τῶν
596 792 832 828 ἀμαρτανόντωνδ
846 793 1001 826 ἐπίσταται,

165 832 209 859 καὶ
229 829 266 859 ὢν
281 834 332 860 οὐκ
349 833 410 870 ἔχει
429 836 570 871 μάρτυρας
591 835 763 872 ἀνθρώπους,
785 836 853 863 ἀλλά
868 836 915 863 τὸν
935 837 1002 864 Θεὸν

166 877 251 911 μόνον,
272 878 329 904 τῶν
358 880 487 915 φανερῶν
508 881 611 908 τούτων
643 881 689 907 καὶ
721 881 941 917 ὡμολογημένων
967 881 1002 909 ἂν

164 921 362 958 ἀπαιτηθῶμεν
377 923 467 958 λόγον,
485 924 564 952 ποίαν
580 926 609 952 ἐν
635 925 742 956 τούτοις
764 925 862 961 ἕξομεν
879 925 1002 960 συγγνώ-

163 975 228 1002 μην;
248 968 297 993 “Av
313 967 434 1004 ἐξετάσῃ
450 969 498 1004 τὴν
514 968 649 1005 ρᾳθυμίαν
671 969 750 1005 ἡμῶν
765 969 814 1005 τὴν
830 969 859 996 ἐν
882 970 942 1001 ταῖς
957 969 1003 996 εύ-

160 1011 226 1045 χαίς,
243 1011 290 1037 καὶ
303 1011 360 1047 τὴν
374 1012 531 1048 ὀλιγωρίαν,
545 1013 592 1040 καὶ
611 1013 652 1040 ὄτι
663 1012 817 1048 ἔμπροσθεν
830 1013 898 1040 Θεοῦ
915 1014 1002 1040 ἑστῶ-

159 1063 200 1086 τες
210 1055 255 1081 καὶ
270 1056 502 1091 παρακαλοῦντες
517 1057 608 1090 αὐτὸν,
621 1058 681 1084 οὐδέ
692 1057 825 1093 τοσαύτην
838 1057 913 1094 αὺτῷ
928 1067 1000 1094 παρ-

160 1098 251 1133 έχομεν
275 1099 349 1126 αἰδῶ
364 1100 411 1126 καὶ
426 1100 524 1136 τιμὴν,
547 1101 613 1137 ὅσην
630 1103 685 1132 τοῖς
699 1101 843 1133 δεσπόταις
856 1102 881 1128 οἱ
899 1101 998 1134 δοῦλοι,

159 1143 220 1178 ὅσην
243 1145 301 1174 τοῖς
327 1144 458 1180 ἄρχουσιν
481 1146 506 1171 οἱ
534 1146 711 1181 στρατιῶται,
729 1146 858 1181 ὅσηντοῖς
871 1145 958 1180 φίλοις
974 1146 999 1172 οἱ

159 1187 225 1221 φίλοι
236 1197 242 1221 ;
255 1188 334 1224 Φίλῳ
349 1189 398 1224 μὲν
418 1189 472 1224 γὰρ
485 1189 677 1225 διαλεγόμενος
693 1190 762 1223 μετὰ
785 1190 833 1216 τοῦ
855 1190 998 1226 προσέχειν

159 1231 231 1258 τοῦτο
246 1234 350 1265 ποιεῖς,
363 1233 423 1269 Θεῷ
443 1234 472 1260 δὲ
497 1234 670 1269 ἐντυγχάνων
687 1234 757 1269 ὑπὲρ
778 1234 997 1270 ἁμαρτημάτων,

159 1276 223 1311 ὑπὲρ
235 1276 490 1313 πλημμελημάτων
500 1277 636 1304 τοσούτων
650 1277 825 1313 συγχώρησιν
837 1277 933 1309 αἰτῶν,
951 1278 999 1304 καὶ

159 1320 324 1357 συγγνώμην
333 1321 418 1354 ἀξιῶν
434 1331 475 1349 σοι
488 1322 626 1356 γενέσθαι,
643 1321 774 1358 ῥᾳθυμεῖς
795 1322 935 1355 πολλάκις,
951 1323 998 1349 καὶ

157 1363 206 1389 τῶν
217 1364 346 1397 γονάτων
361 1373 408 1391 σου
426 1365 514 1400 χαμαὶ
530 1365 676 1400 κειμένων,
690 1365 823 1400 πολλαχοῦ
836 1365 886 1400 τῆς
894 1366 997 1400 ἀγορᾶς

156 1407 199 1434 καὶ
212 1408 261 1443 τῆς
282 1409 374 1440 οίκίας
385 1408 537 1436 πλανᾶσθαί
548 1417 594 1435 σου
609 1409 658 1444 τὴν
669 1408 788 1435 διάνοιαν
799 1409 857 1440 ὲᾱς,
872 1409 918 1436 τοῦ
937 1409 998 1436 στό-

157 1451 235 1485 ματός
267 1461 314 1479 σου
331 1451 482 1489 ληροῦντος
507 1452 569 1488 εικῆ
592 1453 640 1479 καὶ
662 1453 768 1488 μάτην·
785 1453 925 1480 καὶτοῦτο
948 1453 997 1488 οὐχ

155 1495 224 1528 ἅπαξ
233 1497 300 1523 οὐδὲ
314 1497 366 1529 δὶς,
381 1497 449 1524 ἀλλά
464 1498 512 1523 καὶ
522 1497 653 1528 πολλάκις
669 1497 822 1532 πάσχομεν.
845 1498 894 1524 Ἂν
905 1498 996 1524 τοίνυν

155 1537 227 1565 τοῦτο
238 1539 324 1574 μόνον
333 1539 459 1573 ἐξετάσαι
470 1539 571 1576 θελήσῃ
585 1540 599 1566 ό
608 1539 684 1572 Θεὸς,
697 1537 751 1575 ἄρα
766 1539 864 1573 ἕξομεν
874 1539 996 1574 συγγνώ-

156 1590 215 1617 μην;
224 1581 243 1609 ἆ
249 1591 284 1618 ρα
291 1584 465 1619 δυνησόμεθα
472 1584 621 1618 ἀπολογίας
628 1584 729 1619 τυχεῖν;
742 1583 799 1610 Οὐκ
810 1583 897 1618 ἔγωγε
906 1581 993 1619 οἶμαι.

188 1626 219 1661 β’.
228 1627 266 1653 Τί
278 1627 317 1659 δὲ,
327 1627 361 1654 ἂν
373 1627 423 1660 τὰς
438 1628 620 1663 κακηγορίας,
630 1628 664 1660 ἃς
676 1628 737 1655 καθ’
755 1629 873 1664 ἑκάστην
886 1628 994 1665 ἡμέραν

155 1670 286 1707 ἀλλήλους
308 1671 425 1707 λέγομεν
442 1672 547 1705 κακῶς,
562 1673 602 1704 είς
612 1672 694 1708 μέσον
709 1673 870 1708 παραγάγῃ,
888 1673 935 1700 καὶ
945 1673 994 1706 τὰς

154 1715 259 1749 κρίσεις
283 1715 334 1748 τὰς
348 1716 491 1751 ἀκαίρους,
506 1717 535 1743 ἐν
545 1713 590 1748 αἷς
603 1717 805 1752 κατακρίνομεν
817 1717 864 1744 τὸν
880 1717 993 1752 πλησίον

152 1759 226 1785 οὐδὲν
242 1759 353 1794 ἔχοντες
367 1760 496 1795 πρᾶγμα,
511 1759 580 1786 ἀλλά
593 1760 723 1794 φιλαίτιοί
736 1760 811 1797 [201]
833 1769 907 1793 τινες
918 1761 995 1794 ὄντες

154 1804 197 1829 καὶ
224 1803 418 1838 μεμψίμοιροι,
437 1803 462 1830 τί
497 1804 670 1839 δυνησόμεθα
695 1805 919 1839 ἀπολογήσασθαι
945 1806 993 1833 καὶ

154 1848 255 1880 εἰπείν;
276 1848 326 1874 Ἂν
342 1848 371 1874 δέ
384 1848 434 1880 τὰς
449 1848 612 1884 περιέργους
627 1849 706 1884 ἡμῶν
717 1849 793 1884 δψεις
805 1850 932 1885 ἐξετάσῃ,
945 1850 994 1877 καὶ

154 1891 201 1924 τὰς
219 1892 343 1928 πονηρὰς
361 1893 520 1927 ἐπιθυμίας,
532 1892 565 1924 ἃς
579 1893 678 1928 ἔχομεν
695 1894 723 1920 ἐν
734 1893 849 1930 διανοίᾳ,
864 1894 993 1927 πολλάκις

153 1937 281 1972 αίσχροὺς
302 1937 350 1963 καὶ
369 1936 543 1972 ἀκαθάρτους
566 1937 759 1972 ἀναδεχόμενοι
776 1937 924 1974 λογισμοὺς
939 1938 993 1966 ἀπὸ

152 1979 200 2014 τῆς
215 1980 395 2013 ἀνεξετάστου
407 1980 461 2007 τῶν
477 1980 624 2016 ὀφθαλμῶν
640 1981 755 2017 πλάνης,
771 1982 859 2018 πόσην
875 1982 993 2018 ὑποστη-

154 2023 255 2059 σόμεθα
280 2024 377 2059 δίκην;
395 2025 451 2060 Τῆς
467 2025 496 2051 δὲ
511 2025 645 2060 λοιδορίας
659 2026 733 2061 ἡμᾶς
746 2026 780 2053 ἂν
790 2026 930 2062 ἀπαιτήσῃ
946 2027 991 2053 λό-

153 2076 199 2101 γον
214 2068 282 2102 (“Oc
296 2068 350 2103 γὰρ
357 2068 396 2095 ἂν
406 2069 487 2103 εἴπῃ,
505 2070 583 2104 φησὶ,
592 2068 631 2102 τῷ
640 2070 768 2104 ,ἀδελφῷ
783 2071 991 2106 αὑτοῦ,Μωρὲ,

153 2112 259 2147 ἔνοχος
274 2113 361 2140 ἔσται
373 2114 416 2146 είς
430 2113 487 2147 τὴν
499 2113 627 2148 γέενναν
639 2114 693 2141 τοῦ
709 2114 826 2149 πυρὸς),
844 2113 898 2151 ἆρα
912 2115 992 2151 δυνη-

155 2156 256 2192 σόμεθα
274 2157 368 2193 διᾶραι
380 2158 412 2184 τὸ
429 2158 534 2193 στόμα;
550 2159 567 2194 ἢ
583 2159 664 2193 χᾶναι
678 2159 727 2194 μὲν
738 2159 844 2195 ὅλως,ἢ
862 2160 989 2196 μικρὸνῆ

155 2200 224 2235 μέγα
234 2210 261 2228 τι
273 2202 341 2237 πρὸς
356 2201 435 2229 τοῦτο
450 2203 538 2228 εἰπεῖν
548 2211 556 2236 ;
567 2203 622 2234 Τὰς
635 2203 663 2229 δὲ
671 2203 834 2237 κενοδοξίας,
843 2204 876 2236 ἃς
888 2205 991 2240 ὑπομέ-

153 2254 232 2281 νομεν
251 2245 298 2272 καὶ
327 2246 470 2281 εὐχόμενοι
487 2247 533 2273 καὶ
550 2246 725 2282 νηστεύοντες
741 2248 788 2274 καὶ
804 2248 990 2284 ἐλεημοσύνην

154 2290 304 2323 ποιοῦντες,
326 2290 359 2317 ἃν
372 2290 556 2325 ἐξετάσωμεν,
577 2291 608 2316 ού
629 2289 639 2317 ἰ
655 2299 703 2317 πίω
716 2292 730 2317 ό
745 2291 820 2323 Θεὸς,
837 2292 894 2319 ἀλλ’
907 2293 990 2328 ἡμεῖς

153 2334 227 2361 αὐτοὶ
238 2334 262 2361 οἱ
277 2333 480 2370 ἡμαρτηκότες,
495 2332 549 2370 ἆρα
572 2333 744 2370 δυνησόμεθα
756 2335 796 2366 είς
810 2334 856 2362 τὸν
873 2336 989 2371 οὐρανὸν

153 2378 318 2413 ἀναδλέψαις
334 2379 405 2410 Τοὺς
416 2378 444 2405 δὲ
452 2378 555 2410 δόλους,
567 2377 614 2410 οὒς
628 2379 690 2405 κατ’
703 2378 826 2414 ἀλλήλων
837 2380 987 2415 ῥάπτομεν,

152 2422 198 2449 νῦν
212 2423 262 2458 μὲν
277 2423 399 2459 παρόντα
415 2422 590 2454 ἐπαινοῦντες
602 2422 649 2449 τὸν
665 2422 790 2457 ἀδελφὺν.
805 2423 852 2450 καὶ
869 2423 907 2455 ὼς
919 2423 989 2459 φίλῳ

152 2466 349 2502 διαλεγόμενοι,
366 2467 470 2494 ἀπόντα
483 2467 512 2494 δὲ
532 2466 778 2503 κατηγοροῦντεςο,
800 2464 854 2503 ἆρα
869 2467 990 2504 ὑποστη-

153 2510 255 2546 «mea
269 2510 320 2542 τὰς
336 2511 406 2546 ὑπὲρ
422 2510 524 2537 τούτων
545 2510 686 2544 κολάσεις;
702 2510 734 2537 Τί
748 2510 777 2537 δὲ
792 2511 857 2543 τοὺς
872 2511 988 2546 ὄρκους;

152 2554 215 2581 τίδὲ
234 2555 265 2581 τὸ
284 2554 399 2590 ψεῦδοςς
424 2554 451 2580 τί
464 2554 552 2587 δὲτὰς
571 2554 722 2589 ἐπιορκίας,
737 2555 802 2586 τοὺς
816 2554 926 2586 ἀδίκους
940 2556 988 2582 θυ-

154 2599 230 2633 μοὺς,
247 2598 297 2635 τὴν
318 2598 478 2634 βασκανίαν,
493 2598 527 2633 ἢν
544 2597 728 2634 βασκαίνομεν
737 2597 869 2630 πολλάκις
882 2599 988 2626 εὐδοκι-

155 2640 258 2675 μοῦσιν,
272 2641 324 2667 οὐκ
335 2641 442 2677 ἐχθροῖς
454 2641 544 2676 μόνον,
561 2639 630 2667 ἀλλά
643 2641 691 2667 καὶ
705 2639 807 2675 φίλοις;
819 2641 867 2667 καὶ
879 2641 919 2668 ὃτι
929 2641 990 2676 ἠδό-

156 2685 222 2719 μεθα
235 2685 395 2720 πασχόντων
406 2685 507 2721 ἐτέρων
524 2684 626 2717 κακῶς,
639 2685 686 2711 καὶ
698 2685 844 2720 νομίζομεν
859 2694 989 2721 παραμυ-

154 2729 212 2756 θίαν
224 2729 275 2764 τῆς
289 2729 394 2761 οἰκείας
415 2730 556 2765 συμφορᾶς
575 2729 625 2761 τὰς
638 2729 782 2764 ἀλλοτρίας
799 2729 985 2765 δυσημερίας;

187 2773 242 2808 Τῆς
258 2774 285 2800 δὲ
303 2775 333 2800 ἐν
353 2774 415 2805 ταῖς
437 2772 563 2806 συνάξεσι
586 2773 723 2809 ῥᾳθυμίας
739 2773 771 2800 ἂν
785 2773 925 2810 ἀπαιτήσῃ
939 2774 988 2806 τὰς

154 2817 275 2850 εὐθύνας,
285 2818 312 2845 τί
325 2818 358 2845 ἂν
370 2818 518 2854 πάθοιμεν;
530 2817 602 2845 Ἰστε
612 2817 668 2853 γάρ
677 2817 763 2853 δήπου
771 2817 860 2850 τοῦτο,
872 2819 913 2845 ὃτι
925 2818 989 2845 πολ-

153 2860 228 2895 λάκις
244 2863 328 2890 αὐτοῦ
346 2863 394 2890 τοῦ
414 2863 481 2890 Θεοῦ
499 2863 693 2898 διαλεγομένου
709 2863 778 2898 πρὸς
791 2863 896 2894 πάντας
913 2863 988 2898 ἡμᾶς

183 2925 196 2939 ⁸
208 2925 281 2950 Savil.
292 2925 334 2950 καὶ
347 2924 416 2954 οὗτος
436 2934 477 2956 μιν
490 2925 565 2950 ἐνίοτε
575 2926 616 2949 καὶ
635 2926 699 2954 ἦδικ.
722 2925 799 2950 Paulo
817 2927 872 2955 post
888 2924 931 2949 alii
943 2925 987 2949 οὐκ

156 2956 365 2993 λόειῃ-ιιίνοςηούδὲ
375 2957 587 2993 -ιιιεριεργοιζὸμενοςἶ

182 2988 195 3022 θ
206 2988 279 3022 ξανὶλι.
289 2988 401 3022 ἑκάστου
409 2989 454 3011 τῶν
466 2988 648 3022 ἁμαρτημάτων.

184 3020 194 3034 ⁸
204 3019 275 3044 Savil.
287 3021 312 3045 in
324 3024 404 3048 marg.
417 3019 612 3049 κακηγοροῦντες.

1061 263 1104 312 διὰ
1115 264 1163 290 τοῦ
1177 267 1330 312 προφήτου,
1356 268 1471 301 πολλοὺς
1487 270 1532 297 καὶ
1550 274 1670 308 μακροὺς
1690 274 1754 310 πρὸς
1770 276 1815 303 τὸν
1828 277 1898 312 πλη-

1061 307 1117 334 σίον
1132 308 1282 344 ποιούμεθα
1296 310 1392 344 λόγους
1412 313 1475 348 περὶ
1491 314 1546 341 τῶν
1565 307 1641 343 οὐδὲν
1658 318 1724 353 ἡμῖν
1743 307 1898 355 προσηκόν-

1058 358 1123 378 των.
1138 351 1187 378 Ἂν
1201 352 1292 379 τοίνυν
1306 354 1395 382 πάντα
1406 358 1503 392 παρεὶς
1516 359 1549 385 τὰ
1558 359 1624 387 ἄλλα
1635 351 1737 397 ταύτης
1746 351 1796 397 τῆς
1806 351 1898 401 ἁμαρ--

1058 394 1118 443 τίας
1133 394 1234 443 θελήσῃ
1242 397 1320 443 δίκην
1332 399 1483 443 ἀπαιτῆσαι
1497 403 1581 437 ἡμᾶς,
1598 405 1662 432 ποία
1672 394 1809 443 σωτηρίας
1820 394 1897 437 ἐσται

1059 437 1125 488 ἡμῖν
1139 438 1230 488 ἐλπίς,
1240 440 1408 488 γέὰρνδὴ
1432 445 1530 480 μικρὸν
1548 445 1617 474 εῖναι
1632 437 1789 485 νομίοῃξτὸ
1800 437 1896 488 πλημ-

1060 481 1186 529 μέλημαθ
1205 484 1263 529 ἀλλ’
1277 487 1301 512 εἰ
1320 486 1410 521 βούλει
1426 489 1455 514 τὸ
1477 490 1592 524 μέγεθος
1608 493 1691 520 αὐτοῦ
1708 481 1837 529 κατιδεῖν,
1851 481 1895 524 ἐπ’

1057 525 1235 576 ἀνθρώπωνῖ1
1254 529 1320 556 αὐτὸ
1336 531 1415 557 τοῦτο
1442 532 1577 567 ἐξέτασον,
1606 536 1653 562 καὶ
1680 538 1740 564 τότε
1766 525 1895 576 ὅψειιτῆς

1057 569 1194 617 ἁμαρτίας
1208 571 1238 598 τὸ
1254 573 1377 607 μέγεθος.
1394 576 1535 612 Τόλμησον
1548 578 1678 614 ἄρχοντος
1691 581 1759 616 πρὸς
1771 569 1801 608 σέ
1809 569 1894 617 (ρθεγἐ

1056 614 1183 662 γομένου,
1201 616 1301 662 μᾶλλον
1317 618 1345 644 δὲ
1363 619 1440 652 φίλου
1455 621 1527 653 τινος
1543 622 1597 649 τῶν
1611 623 1692 660 ὀλίγῳ
1709 614 1889 662 σεμνοτέρων,

1057 657 1235 704 ἀιρεὶςῠαύτὺν
1255 661 1323 696 πρὸς
1343 662 1387 689 τὸν
1404 665 1512 700 οἰκέτην
1529 657 1700 701 διαλέγεσθαι
1721 657 1766 696 τδν
1783 657 1892 704 σαύτοῦ,

1055 701 1102 727 καὶ
1118 702 1178 728 τότε
1190 703 1249 738 ὕψει
1266 705 1360 740 ἡλίκον
1375 707 1478 743 τολμᾷς
1494 710 1540 735 ἐπὶ
1554 710 1601 737 τοῦ
1620 711 1687 738 Θεοῦ
1703 713 1781 740 τοῦτο
1796 715 1891 742 ποιῶν.

1061 745 1123 794 Ἐὰν
1135 746 1215 784 γάρῇ
1228 756 1270 780 τις
1289 749 1343 776 τῶν
1360 753 1600 788 περιφανεστέρων
1620 754 1733 788 ἐκεῖνος,
1755 757 1801 784 καὶ
1815 758 1893 794 δίκην

1055 797 1084 814 σε
1110 790 1250 827 ἀπαιτήσῃ
1277 793 1328 828 τῆς
1355 794 1478 830 ὕϐρεως·
1501 797 1559 823 ἀλλ’
1584 797 1598 823 ό
1621 798 1688 830 Θεὸς
1710 801 1829 828 τοσαῦτα
1846 790 1892 829 καὶ

1054 832 1166 881 Ιπλείονα,
1177 835 1281 881 τούτων
1303 838 1362 864 καθ’
1374 839 1494 876 ἑκάστην
1515 841 1693 877 ὑϐριζόμενος
1707 844 1756 880 τὴν
1771 846 1888 881 ἡμέραν,

1052 876 1088 926 οὐ¹
1101 878 1167 914 παρ’
1186 879 1256 911 ἐνὸς,
1268 881 1382 914 καὶδύο,
1399 884 1446 926 καὶ
1456 884 1540 919 τριῶν
1555 885 1717 921 ἀνθρώπων,
1814 876 1891 926 παρά

1052 921 1163 967 πάντων
1180 924 1370 960 σχεδὸνήμῶν,
1380 925 1503 961 ἀνέχεται
1516 930 1563 956 καὶ
1581 931 1753 967 μακροθυμεῖ
1779 934 1827 960 καὶ
1841 921 1891 961 οῦκ

1051 965 1098 1011 ἐπὶ
1107 965 1220 1011 τούτοις
1227 968 1318 1003 μόνον,
1334 969 1403 996 ἀλλά
1414 971 1461 997 καὶ
1476 972 1518 1006 ἐφ’
1532 965 1644 1008 ἑτέροις
1660 965 1751 1010 πολλῷ
1767 977 1891 1011 χαλεπω-

1050 1008 1149 1053 τέροις.
1169 1009 1262 1037 Ταῦτα
1277 1011 1326 1046 μὲν
1338 1012 1393 1048 γάρ
1409 1013 1468 1040 ἐστι
1487 1015 1522 1042 τά
1536 1008 1741 1053 ὡμολογημένα·
1758 1008 1806 1046 καὶ
1822 1021 1890 1047 πᾶσι

1049 1052 1128 1088 δῆλα,
1144 1054 1192 1080 καὶ
1207 1054 1260 1081 ὑπὸ
1278 1056 1386 1083 πάντων
1410 1058 1504 1092 σχεδὸν
1527 1052 1690 1096 τολμώμενα
1701 1071 1708 1078 ·
1720 1062 1778 1090 ἐστι
1796 1064 1825 1090 δὲ
1843 1066 1889 1092 καὶ

1049 1095 1143 1132 ἕτερα,
1158 1098 1230 1133 άπερ
1247 1099 1278 1125 τὸ
1292 1099 1346 1127 τῶν
1365 1101 1578 1137 ἁμαρτανόντων
1596 1095 1716 1138 συνειδὸς
1738 1105 1824 1134 οἶδεν·
1839 1109 1888 1135 ἐὰν

1050 1140 1158 1168 ἅπαντα
1177 1142 1264 1169 ταῦτα
1277 1143 1449 1180 ἐννοήσωμεν
1460 1151 1472 1164 θ
1487 1147 1535 1173 καὶ
1552 1148 1621 1183 πρὸς
1635 1150 1749 1182 ἑαυτοὺς
1760 1151 1886 1186 ἀναλογι-

1051 1184 1172 1219 σώμεθα,
1188 1185 1240 1212 κᾶν
1254 1187 1382 1214 ἁπάντων
1396 1185 1472 1224 ὦμεν
1487 1190 1620 1227 ὠμότεροι
1635 1194 1680 1220 καὶ¹
1695 1195 1887 1231 ὰπηνέστεροι,

1048 1228 1078 1254 τὸ
1090 1227 1190 1263 πλῆθος
1196 1229 1250 1256 τῶν
1256 1230 1396 1267 ἁμαρτιῶν
1402 1234 1417 1270 ἡ
1421 1233 1479 1269 μῶν
1485 1235 1572 1270 σκοπή
1576 1244 1680 1268 σαντες,
1685 1236 1739 1264 ἀπὸ
1746 1237 1792 1264 τοῦ
1803 1227 1887 1273 φόϐου

1048 1272 1096 1317 καὶ
1117 1273 1167 1308 τῆς
1183 1274 1304 1307 ἀγωνίας
1322 1275 1382 1302 οὐδὲ
1400 1276 1554 1312 μνησθῆναι
1576 1279 1626 1314 τῆς
1650 1281 1714 1316 παρ’
1729 1282 1831 1317 ἐτέρων
1846 1284 1887 1315 είς

1048 1316 1121 1364 ἡμᾶς
1142 1317 1331 1364 γεγενημένης
1357 1319 1463 1364 ῦῦρεως
1477 1321 1659 1357 δυνησόμεθα.
1685 1316 1888 1364 Ἀναμνήσοητι

1047 1360 1094 1386 τοῦ
1110 1360 1233 1395 ποταμοῦ
1244 1361 1291 1387 τοῦ
1309 1362 1405 1398 πυρὸς,
1425 1364 1470 1390 τοῦ
1484 1365 1627 1401 σκώληκος
1638 1367 1685 1394 τοῦ
1707 1360 1821 1401 ἰοϐόλον,
1835 1360 1886 1406 τῆς

1048 1403 1169 1439 φοϐερᾶς
1192 1404 1320 1440 κρίσεως,
1340 1406 1402 1433 καθ’
1416 1408 1449 1443 ἣν
1467 1408 1576 1436 ἅπαντα
1590 1411 1683 1445 γυμνά
1699 1413 1744 1439 καὶ
1760 1403 1887 1450 τετραχη-

1047 1447 1175 1482 λισμένα·
1193 1448 1329 1484 ἐννόησον,
1345 1451 1386 1477 ὅτι
1409 1451 1443 1478 τὰ
1464 1453 1641 1488 κρυπτόμενα
1653 1455 1701 1482 νῦν
1718 1447 1884 1484 ἐκκαλύπτεξ

1046 1500 1090 1518 ται
1103 1492 1175 1520 τότε.
1191 1493 1240 1519 Ἂν
1253 1493 1343 1520 τοίνυν
1358 1495 1431 1530 ἀφῇς
1446 1496 1485 1531 τῷ
1498 1497 1611 1533 πλησίον
1625 1499 1660 1525 τὰ
1683 1500 1883 1537 ἁμαρτήματα,

1047 1535 1123 1572 [202]
1138 1537 1210 1573 ἅπερ
1225 1538 1447 1566 ἐκκαλύπτεσθαι
1464 1540 1556 1575 μέλλει
1579 1543 1649 1575 τότε,
1664 1535 1750 1570 ταῦτα
1767 1535 1886 1573 ἐνταῦθα

1046 1580 1212 1624 ἀφανίζεται
1229 1582 1330 1614 πάντα,
1357 1583 1404 1609 καὶ
1427 1584 1565 1621 ἀπελεύσῃ
1583 1586 1668 1622 μηδὲν
1689 1588 1886 1624 ἐπισυρόμενος

1045 1621 1082 1651 ὧν
1099 1625 1326 1661 ἐπλημμέλησας,
1347 1627 1418 1654 ὥστε
1448 1628 1560 1663 μείζονα
1587 1629 1748 1665 λαμϐάνεις,

1046 1668 1100 1696 Καὶ
1118 1669 1173 1705 γὰρ
1188 1670 1275 1713 πολλὰ
1292 1671 1422 1703 πολλάκις
1439 1673 1641 1708 ἡμαρτήκαμεν
1658 1675 1779 1709 τοιαῦτα,
1798 1676 1815 1703 ἃ.
1832 1686 1886 1713 μηο

1044 1714 1100 1745 δεὶς
1114 1714 1207 1750 ἐτερος
1223 1712 1310 1741 οἶδεν·
1330 1713 1389 1742 εἶτα
1406 1716 1561 1749 ἐννοοῦντες
1573 1719 1612 1745 ὃτι
1629 1720 1699 1747 κατὰ
1716 1720 1766 1755 τὴν
1779 1721 1886 1757 ἡμέραν

1044 1757 1154 1793 ἐκείνην
1169 1758 1222 1794 πρὸ
1244 1758 1297 1785 τῶν
1315 1759 1464 1795 ὀφθαλμῶν
1481 1761 1609 1789 ἁπάντων
1622 1766 1744 1791 κείσεται
1754 1766 1835 1801 ἡμῶν
1849 1767 1885 1793 τὰ

1044 1803 1232 1839 ἁμαρτήματα
1253 1804 1282 1830 ἐν
1295 1803 1336 1840 τῷ
1355 1805 1437 1840 κοινῷ
1457 1806 1508 1841 τῆς
1526 1807 1691 1844 οίκουμένης
1705 1809 1822 1846 θεάτρῳ,
1835 1811 1886 1846 τῆς

1044 1847 1182 1879 κολάσεως
1194 1848 1384 1884 χαλεπώτερον
1404 1850 1552 1885 ἀλγοῦμεν,
1569 1853 1726 1887 πνιγόμενοι
1740 1855 1787 1881 καὶ
1801 1856 1883 1890 ἀγχό-

1046 1901 1121 1928 μενοι
1138 1892 1177 1928 τῷ
1195 1893 1336 1920 συνειδότι.
1361 1893 1442 1921 Ἀλλὰ
1467 1894 1516 1930 τὴν
1543 1896 1679 1933 τοσαύτην
1694 1898 1836 1934 αἰσχύνην,
1850 1900 1885 1926 τὰ

1042 1937 1162 1964 τοσαῦτα
1177 1937 1375 1973 ἁμαρτήματα,
1386 1937 1436 1974 τὴν
1449 1939 1586 1975 τοσαύτην
1601 1941 1713 1968 κόλασιν
1729 1942 1802 1969 ἐστιν
1816 1944 1885 1970 dm-

1042 1980 1172 2016 νίψασθαι
1199 1981 1243 2007 διὰ
1268 1982 1318 2017 τῆς
1341 1982 1381 2013 είς
1400 1982 1445 2008 τὸν
1460 1982 1575 2018 πλησίον
1597 1986 1811 2021 συγχωρήσεως⁸
1835 1989 1884 2014 καὶ

1041 2025 1096 2061 γὰρ
1110 2025 1186 2052 οὐδὲν
1203 2025 1306 2061 ταῦτης
1324 2025 1380 2052 ἴσον
1405 2026 1463 2052 ἐστὶ
1487 2027 1538 2061 τῆς
1552 2028 1659 2064 ἀρετῆς.
1679 2029 1773 2056 Βούλει
1788 2031 1885 2065 μαθεῖν

1044 2070 1148 2105 ταύτης
1174 2070 1224 2105 τῆς
1248 2070 1350 2105 ἀρετῆς
1365 2069 1415 2105 τὴν
1440 2070 1570 2105 δύναμιν;
1596 2072 1663 2099 Ἐὰν
1676 2072 1736 2107 στῇ
1751 2074 1883 2109 Μωϋσῆς

1041 2115 1091 2142 καί
1105 2115 1257 2149 Σαμουὴλ.
1275 2115 1352 2150 φησὶ,
1368 2115 1425 2148 πρὸ
1437 2115 1600 2149 προσώπου
1610 2125 1680 2150 μου,
1696 2118 1751 2144 οὐκ
1764 2119 1850 2145 ἔστιν
1862 2119 1881 2153 ἡ

1041 2158 1126 2193 ψυχή
1151 2167 1211 2193 μου
1227 2158 1302 2191 πρὸς
1317 2159 1441 2191 αὐτούς.
1467 2159 1536 2185 Ἀλλ’
1551 2160 1626 2194 ὅμως
1641 2159 1685 2192 οὒς
1700 2161 1750 2187 ούκ
1767 2162 1883 2196 ἠδύνατο

1043 2202 1165 2237 Μωῡσῆς
1180 2202 1228 2229 καὶ
1248 2202 1375 2238 Σαμουὴλ
1389 2202 1545 2237 ἐξαρπάσαι
1565 2204 1614 2238 τῆς
1634 2204 1720 2239 ὀργῆς
1735 2206 1782 2231 τοῦ
1802 2206 1881 2238 Θεοῦ,

1040 2245 1110 2282 αὕτη
1127 2245 1244 2281 ἠδύνατο
1263 2245 1416 2280 ἐξαρπάσαι
1430 2247 1446 2281 ὴ
1462 2246 1554 2282 ἐντολή
1568 2256 1575 2262 ·
1597 2247 1641 2274 διὰ
1659 2248 1738 2274 τοῦτο
1756 2249 1880 2282 ἐκείνοις,

1041 2287 1082 2321 οἷς
1097 2289 1183 2316 ταῦτα
1200 2286 1271 2321 εἷπε,
1290 2289 1410 2325 συνεχῶς
1425 2290 1622 2325 παρεκελεύετο
1639 2291 1740 2325 λέγων·
1767 2294 1881 2320 Κακίαν

1039 2333 1168 2366 ἕκαστος
1180 2333 1220 2367 τῷ
1234 2333 1355 2368 ἀδελφῷ
1367 2334 1461 2361 αὑτοῦ
1470 2335 1514 2368 μὴ
1524 2336 1748 2369 μνησικιικείτω
1764 2337 1799 2363 ἐν
1816 2338 1881 2371 ταῖς

1039 2377 1175 2412 καρδίαις
1189 2377 1272 2412 ὑμῶν
1282 2385 1288 2392 ·
1306 2377 1364 2409 καὶ,
1380 2377 1439 2412 Τὴν·
1448 2378 1557 2405 κακίαν
1567 2378 1620 2405 τοῦ
1636 2379 1772 2413 πλησίον
1786 2380 1879 2408 αὑτοῦ

1039 2421 1217 2456 ἕκαστοςμὴ
1232 2420 1404 2456 λογιζέσθω.
1417 2421 1474 2448 Οὐκ
1486 2419 1574 2453 εἶπεν,
1583 2422 1679 2457 Ἄφες.
1693 2422 1784 2458 μόνον,
1800 2423 1878 2456 ἀλλὰ,

1039 2465 1114 2500 Μηδὲ
1129 2465 1174 2500 ἐχε
1185 2466 1213 2491 ἐν
1228 2464 1343 2500 διανοίᾳ,
1362 2464 1428 2500 μηδὲ
1437 2465 1555 2499 λογίζου·
1573 2465 1640 2500 ἄφες
1651 2466 1700 2501 τὴν
1713 2466 1798 2503 ὀργὴν
1809 2468 1879 2495 ἃπα-

1040 2518 1100 2542 σαν,
1118 2509 1249 2543 ἀφάνισον
1263 2509 1294 2535 τὸ
1309 2509 1397 2540 ἐλκος.
1417 2510 1512 2540 Δοκεῖς
1537 2509 1588 2543 μὲν
1610 2509 1663 2545 γὰρ
1684 2510 1788 2537 ἐκεῖνον
1809 2512 1879 2546 ἀμύ-

1039 2553 1143 2585 νεσθαι,
1160 2553 1293 2588 πρότερον
1314 2552 1343 2578 δὲ
1370 2553 1483 2580 σεαυτὸν
1506 2553 1675 2588 βασανίζεις,
1691 2554 1817 2589 καθάπερ
1832 2555 1879 2590 δή-

1041 2606 1102 2633 μιον
1115 2596 1220 2623 ἔνδοθεν
1233 2597 1402 2632 περιστήσας
1416 2605 1462 2623 σου
1478 2597 1646 2632 πανταχόθεν
1659 2597 1704 2624 τὸν
1717 2597 1812 2633 θυμὸν,
1831 2599 1878 2626 καὶ

1039 2640 1209 2674 καταξαίνων
1229 2640 1329 2667 σαυτοῦ
1342 2640 1376 2667 τὰ
1393 2640 1545 2676 σπλάγχνα.

1074 2685 1106 2711 Τί
1123 2684 1177 2720 γὰρ
1201 2683 1299 2718 γένοιτ’
1325 2683 1358 2710 ἂν
1385 2683 1550 2719 ἀθλιώτερον
1574 2683 1718 2719 ἀνθρώπου
1747 2684 1877 2721 διηνεκῶς

1038 2727 1233 2765 όργιζομένου;
1250 2727 1306 2754 Καὶ
1317 2726 1443 2763 καθάπερ
1456 2728 1479 2754 οἱ
1500 2728 1651 2763 μεμηνότες
1669 2728 1795 2755 οὐδέποτε
1807 2730 1861 2756 ἀπο
1874 2746 1879 2749 -

1039 2772 1151 2799 λαύουσι
1165 2772 1297 2807 γαλήνης,
1311 2771 1418 2803 οὕτωςό
1435 2772 1613 2807 μνησικακῶν
1625 2772 1671 2799 καὶ
1681 2772 1777 2807 ἐχθρὸν
1795 2773 1876 2807 ἔχων,

1039 2816 1166 2844 οὐδέποτε
1179 2815 1361 2843 ἀπολαύσεται
1378 2823 1451 2846 τινος
1467 2816 1588 2851 εἰρήνης,
1598 2816 1728 2852 διηνεκῶς
1743 2816 1877 2851 φλεγμαίο

1039 2869 1092 2887 νων
1101 2860 1124 2893 ί,
1141 2860 1188 2887 καὶ
1209 2860 1256 2886 τὸν
1284 2858 1408 2894 χειμῶνα
1431 2858 1488 2885 τῶν
1510 2859 1647 2894 λογισμῶν
1679 2860 1737 2886 καθ’
1756 2859 1877 2891 ἑκάστην

1072 2954 1084 2974 d
1097 2954 1170 2978 Savil.
1184 2954 1208 2977 in
1221 2959 1298 2983 marg.
1312 2954 1338 2977 et
1350 2958 1412 2976 unus
1424 2952 1500 2976 codex
1515 2951 1551 2975 ἐπ’
1565 2951 1687 2982 ἀνθρώπῳ.

1075 2987 1086 2999 ε
1099 2985 1172 3008 Szn'il.
1185 2987 1207 3007 (ιι
1222 2991 1234 3007 :I
1247 2985 1261 3007 ii
1273 2983 1341 3007 rodd.
1356 2983 1509 3013 ἐκνοηυὼμεν.

1076 3015 1086 3035 ί
1098 3016 1144 3041 Alii
1158 3016 1181 3046 φὶ
1188 3015 1304 3045 εγομενος.
