1983 3125
78 177 129 204 8M

81 240 212 262 talionum
235 235 262 261 io
287 234 348 262 dies
371 240 514 271 aggravat.
542 237 622 264 verba
644 238 764 273 factaque
789 247 878 268 secum

81 285 198 314 reputat.
214 280 301 313 ipsius
314 288 424 315 quoque
443 282 542 308 nomini
562 282 682 316 infestus,
694 285 737 319 qui
759 286 881 319 injurituu

83 327 168 354 dedit.
188 327 216 354 Si
229 326 321 354 audiat
334 327 408 354 illum
421 333 521 355 tantum
533 329 674 362 nominari,
683 331 809 358 eil'eratur
818 340 882 359 con-

85 373 170 405 tinuo,
185 381 282 407 magno
302 381 364 400 cum
380 374 461 401 animi
476 374 603 407 cruciatu,
620 380 647 402 et
656 376 690 403 ad
702 377 788 404 solum
811 378 880 406 illius

83 424 257 453 conspectum
274 420 390 454 trepidat
400 425 427 447 et
435 420 534 453 horret,
549 426 681 456 tamquam
694 423 715 449 si
727 423 818 450 ultima
836 432 881 459 pa-

85 466 176 492 tiatur.
188 465 264 499 Quod
277 466 300 493 si
311 467 376 500 quid
392 467 471 500 illius,
482 467 522 494 vel
534 473 645 499 vestem,
659 469 699 496 vel
709 469 827 502 domum,
840 472 880 498 vel

84 511 254 546 angiportum
272 512 371 544 videat.
387 513 505 540 omnium
529 514 639 541 istorum
659 515 756 542 intuitu
773 520 880 551 torque-

85 562 127 583 tur
142 566 149 583 :
161 565 194 583 ac
208 558 434 591 quemadmodum
449 559 607 587 dilectorum
618 567 649 587 ac
658 568 779 588 carorum
791 561 879 590 homi-

84 610 149 629 num
164 609 263 635 vestes,
279 603 375 636 vultus,
392 604 579 637 calceamenta,
595 605 700 639 domus,
716 607 777 634 item
793 613 818 635 et
833 616 880 634 an-

82 649 214 682 giportus,
239 657 300 676 mox
316 654 345 675 ut
358 651 415 676 visa
441 650 547 682 fuerint,
561 652 677 679 excitare
701 660 749 679 nos
772 653 877 681 solent:

83 695 118 720 ita
129 702 237 729 quoque
247 695 417 723 inimicorum
429 701 454 723 et
465 696 616 724 odiosormn
628 698 764 727 hominum
773 707 876 732 servus,

83 741 196 772 amicus,
210 741 318 773 domus,
332 742 488 776 angiportus
502 743 527 769 in
542 749 715 778 conspectum
734 745 819 777 datus,
833 752 879 774 aut

82 787 271 822 quodcumque
284 788 368 819 aliud,
380 789 484 816 animos
499 790 608 822 arrodit,
623 795 702 825 atque
715 791 780 818 alias
799 800 879 827 super

82 833 159 863 alias,
170 838 198 859 ut
210 834 334 868 quodque
346 835 432 861 visum
447 834 535 868 fuerit,
549 836 639 870 plagas
649 837 726 864 nobis
738 837 840 866 incutit.

119 889 146 915 5.
159 888 291 922 Quorsum
304 896 373 923 opus
388 890 467 925 igitur
480 895 521 917 est
536 891 684 919 istiusmodi
707 893 787 920 animi
807 894 878 921 obsi-

81 933 172 966 dione,
186 935 266 961 tantis
288 937 428 962 tormentis
441 943 473 963 ac
486 936 531 962 tali
546 937 694 971 supplicio?
706 937 780 972 Quod
793 939 814 966 si
828 948 877 967 nec

80 980 201 1014 gebenna
213 981 364 1009 immineret
375 982 437 1008 odio
448 982 638 1015 laborantibus,
648 985 739 1011 saltem
751 985 785 1012 ob
795 986 877 1020 ipsius

81 1024 134 1051 odii
149 1026 296 1052 cruciatum
313 1032 421 1061 peccata
435 1028 615 1062 proximorum
638 1030 810 1058 condonanda
835 1040 877 1059 es-

80 1076 156 1101 sent;
172 1079 232 1098 cum
244 1076 333 1099 autem
348 1077 446 1100 acterna
462 1074 588 1108 supplicia
607 1082 654 1101 nos
670 1081 804 1110 maneant,
813 1078 876 1112 quid

81 1116 185 1143 stultius
194 1124 274 1152 quam
285 1123 311 1144 et
322 1118 365 1145 hic
375 1123 402 1145 et
419 1119 473 1145 illic
482 1120 652 1154 semetipsum
665 1121 801 1155 mulctare,
814 1123 876 1150 dum

80 1161 113 1188 de
124 1162 209 1189 altero
223 1170 253 1189 se
266 1163 350 1190 credit
365 1164 492 1192 ultionem
509 1166 632 1192 sumere?
647 1165 675 1193 Si
688 1167 758 1194 enim
775 1168 875 1195 ﬂoren-

81 1214 131 1236 tem
154 1209 231 1236 illum
250 1210 398 1241 videamus,
408 1219 523 1238 mazrore
537 1212 668 1246 perimus;
683 1213 722 1239 sin
739 1213 874 1248 afﬂictum,

80 1263 203 1282 veremur
214 1264 248 1283 ne
262 1255 365 1283 fortuna
377 1265 407 1284 se
418 1257 444 1284 in
459 1258 551 1284 melius
564 1263 726 1285 commutet:
739 1260 875 1295 utriusque

80 1301 162 1335 culpxe
185 1302 265 1328 nobis
288 1310 366 1337 paena
391 1303 593 1337 indeprecabilis
616 1304 758 1331 constituta
774 1310 824 1332 est.
839 1305 874 1332 1η

78 1346 286 1380 supplantatione
307 1348 402 1374 inimici
423 1353 486 1375 nete
498 1347 587 1381 eﬂ'eras
598 1348 690 1383 (Prov.
702 1349 746 1376 24.
761 1350 818 1385 l7),
835 1351 872 1377 iu-

77 1392 134 1426 quit
146 1392 296 1427 Scriptura.
307 1393 346 1421 Nc
357 1393 421 1420 mihi
431 1393 688 1429 allegesinjuriarum
702 1401 872 1431 acceptarum

77 1438 160 1466 moles
176 1447 184 1464 :
201 1447 255 1466 non
270 1440 340 1466 enim
352 1439 416 1466 illud
430 1440 456 1467 in
468 1445 494 1467 te
505 1439 567 1467 facit
577 1441 750 1474 pertinaciam
762 1442 871 1474 irarum,

77 1483 122 1510 sed
136 1483 209 1518 quod
223 1492 315 1519 parum
331 1492 435 1512 memor
446 1493 475 1512 es
486 1491 590 1513 tuorum
603 1486 772 1520 delictorum,
787 1495 873 1522 neque

77 1529 226 1563 gehennam
248 1534 311 1557 ante
331 1530 424 1558 oculos
447 1531 528 1559 habes
551 1536 597 1558 aut
621 1532 667 1559 Dei
692 1532 823 1560 timorem.
838 1533 873 1561 Ut

77 1582 164 1605 autem
189 1579 329 1606 eondiscas
353 1579 380 1606 id
400 1587 492 1607 verum
514 1587 590 1612 esse,
614 1588 646 1607 ex
669 1581 774 1609 casibus
795 1582 872 1609 istius

77 1626 149 1653 urbis
161 1625 324 1653 documenta
339 1634 468 1660 promam.
484 1626 551 1653 Cum
566 1627 638 1654 enim
651 1627 689 1654 rei
703 1628 816 1656 istorum
830 1627 871 1655 fa-

77 1671 196 1698 cinorum
216 1671 250 1698 ad
270 1671 399 1706 judicium
420 1671 608 1704 trahebantur,
624 1680 656 1700 ac
670 1672 777 1700 flamma
800 1674 871 1702 intus

77 1716 280 1750 incendebatur,
303 1717 536 1745 circumstantibus
559 1719 730 1746 carnificibus
743 1727 774 1747 ac
785 1720 869 1747 latera

76 1762 299 1797 discerpentibus,
315 1765 336 1790 si
351 1764 411 1798 quis
425 1763 458 1790 ibi
473 1764 617 1798 assistens,
629 1765 665 1791 ita
678 1772 724 1792 eos
736 1773 767 1792 ex
783 1770 869 1793 trans-

77 1816 153 1835 verso
177 1809 329 1844 alloquntus
342 1809 444 1842 fuisset,
459 1809 485 1837 Si
501 1809 604 1838 habetis
626 1810 757 1842 inimicos,
774 1812 870 1839 mittite

77 1854 249 1887 simultatem,
264 1859 291 1882 et
303 1863 334 1882 ex
349 1855 400 1882 isto
415 1855 544 1890 supplicio
565 1863 613 1883 vos
635 1856 749 1884 liberare
768 1858 868 1892 poteri-

77 1907 133 1926 mus
147 1908 154 1926 :
169 1908 203 1926 an
218 1908 271 1927 non
285 1908 344 1927 cum
360 1901 457 1928 osculis
471 1901 504 1928 ad
518 1901 587 1928 illius
600 1901 681 1936 pedes
692 1909 722 1930 se
736 1902 868 1931 devolvis-

77 1946 149 1972 sent?
161 1945 217 1972 lmo
229 1946 292 1981 quid
305 1946 339 1973 de
353 1946 463 1981 pedibus
477 1947 588 1981 loquor?
601 1947 622 1974 si
638 1948 696 1982 quis
715 1949 867 1976 servitutem

77 1991 126 2018 illis
147 1992 351 2026 proposuisset,
375 2000 428 2019 non
450 2000 508 2019 eam
532 1993 711 2021 conditionem
735 1995 867 2028 aspernati

77 2037 196 2064 fuissent.
212 2037 288 2070 Quod
303 2038 325 2064 si
341 2037 453 2064 humana
469 2046 560 2073 ptena,
574 2047 634 2074 qua:
654 2041 796 2067 terminum
818 2041 867 2067 ha-

77 2082 128 2114 bet,
141 2082 275 2117 quaslibet
287 2083 339 2110 iras
353 2088 473 2118 superat,
487 2084 570 2111 multo
583 2085 667 2119 magis
677 2085 793 2112 futurum
804 2094 868 2121 sup‘

76 2127 192 2161 plicium,
213 2129 236 2154 si
257 2129 385 2155 memoria
407 2129 465 2163 ejus
484 2133 612 2163 perpetuo
636 2135 740 2158 nostras
764 2137 867 2159 mentes

76 2176 187 2205 teneret,
204 2181 256 2200 non
268 2174 354 2201 solum
369 2174 539 2207 simultatem,
555 2175 601 2202 sed
616 2181 642 2202 et
657 2184 750 2204 omnes
772 2185 866 2211 pravas

73 2218 248 2252 cogitationes
262 2219 296 2246 ab
310 2219 398 2247 animo
411 2219 573 2247 excluderet.
586 2220 653 2254 Quid
669 2222 738 2249 enim
752 2222 864 2255 facilius,

73 2264 126 2294 dic.
140 2271 242 2299 quarso,
257 2272 336 2300 quam
351 2265 462 2297 homini,
477 2266 521 2300 qui
538 2271 563 2292 te
576 2266 685 2298 laeserit,
695 2267 760 2294 iram
772 2269 865 2295 remit-

72 2309 154 2335 tere‘.
169 2308 228 2336 Non
252 2309 324 2336 enim
346 2309 432 2344 longis
444 2309 477 2336 ad
490 2309 516 2337 id
531 2311 785 2345 peregrinationibus
797 2319 865 2346 Opus

72 2358 125 2385 est,
142 2361 195 2380 non
209 2355 381 2389 pecuniarum
401 2355 545 2389 insumptu,
560 2363 613 2382 non
636 2356 747 2383 aliorum
770 2365 863 2385 exora-

73 2399 207 2431 Iionibus;
222 2399 320 2426 sufficit
333 2405 361 2426 ut
376 2404 476 2426 tantum
502 2401 582 2433 velis,
595 2408 626 2428 ac
637 2401 691 2435 jam
716 2402 799 2429 virtus
820 2403 863 2431 illa

72 2451 149 2471 suum
160 2452 227 2479 opus
242 2445 368 2479 explevit.
382 2445 438 2479 Qua
452 2445 530 2480 igitur
543 2453 619 2480 pcena
634 2446 704 2482 digni
717 2455 770 2474 non
783 2447 865 2476 fueri-

72 2498 143 2522 mus,
157 2491 179 2517 si
195 2491 361 2518 saecularium
382 2499 470 2518 rerum
490 2499 568 2519 causa
581 2497 607 2520 et
622 2493 727 2521 servilia
748 2495 864 2522 sustine-

73 2544 132 2562 mus
145 2536 301 2567 ministeria,
315 2540 343 2563 et
357 2541 452 2570 przeter
464 2536 616 2571 dignitatem
630 2537 799 2571 inservimus,
816 2547 861 2574 pe-

75 2582 164 2608 cunias
173 2581 359 2615 expendimus,
376 2589 435 2608 cum
448 2582 605 2616 janitoribus
614 2583 824 2615 confabulamur,
835 2590 863 2612 ut

74 2626 190 2653 scelestis
201 2626 354 2653 hominibus
363 2626 511 2659 adulemur,
533 2628 620 2654 omnia
629 2628 744 2663 denique
757 2634 784 2657 et
798 2630 861 2657 diei-

45 2682 53 2692 -
75 2678 131 2698 mus
141 2676 169 2698 et
182 2672 303 2703 facimus,
312 2676 340 2698 ut
348 2672 481 2707 proposita
493 2673 651 2707 efﬁciamus;
662 2682 710 2709 pro
721 2675 809 2703 divina
819 2685 863 2705 au-

76 2721 124 2743 tem
133 2716 190 2751 lege
202 2716 312 2744 fratrem
325 2717 370 2751 qui
383 2717 519 2750 laesit,non
531 2718 617 2745 solum
632 2727 684 2746 non
699 2721 861 2750 sustinemus

75 2769 193 2795 exorare,
208 2761 257 2789 sed
280 2766 309 2789 et
332 2763 402 2790 inter
421 2763 516 2797 probra
530 2763 652 2792 ducimus
673 2773 734 2793 eum
759 2767 862 2802 priores

106 2839 198 2879 ἠεινῖιι
212 2840 331 2875 in.m.ars=
339 2845 456 2879 sese.
469 2842 718 2879 semetsemet.
731 2850 738 2867 ε
751 2843 813 2879 Quid
826 2848 861 2879 es

76 2869 174 2899 facibus,
184 2870 277 2895 homini
288 2869 331 2901 qui
338 2873 361 2895 ιε
369 2870 465 2901 torserit,
473 2869 536 2896 inim
542 2872 671 2904 remittere,
678 2876 719 2899 aut
727 2869 862 2901 οηὶηἰηιοᾱὸ

76 2899 152 2925 ulcisci
162 2903 233 2926 ΞΝοη
244 2901 319 2926 enim.

228 2944 366 2972 l'ATBOL.
389 2942 445 2972 Gtt.
469 2943 579 2976 XLIX.

538 180 584 206 AD
604 179 763 207 POPULUM
784 179 1030 209 ANTIOCIIENUM
1062 182 1175 210 HOMIL.
1198 183 1256 212 XX.

1672 191 1726 219 292

935 239 1026 266 adire?
1039 241 1079 266 An
1092 248 1155 267 vero
1172 241 1215 268 libi
1231 241 1328 276 probro
1341 250 1400 270 esse
1413 249 1508 279 putas.
1525 246 1585 274 situ
1600 248 1672 282 prior
1685 250 1725 276 lu-

935 291 1008 311 crum
1023 289 1160 319 reportes“!
1174 287 1228 314 lmo
1252 295 1316 315 vero
1338 291 1503 319 verecundia:
1524 300 1584 320 esse
1595 294 1684 329 debet,
1700 297 1724 324 si

935 329 960 356 in
973 337 1006 356 eo
1018 329 1112 357 aliectu
1121 331 1258 365 persislas,
1270 339 1460 370 exspectesque
1471 336 1555 365 donec
1569 339 1671 374 injuritc
1681 349 1726 368 au-

934 379 991 402 ctor
1013 383 1062 410 pro
1085 378 1301 406 reconciliatione
1325 384 1350 407 te
1371 380 1468 408 adeat:
1486 382 1516 411 id
1535 384 1658 418 probrum
1672 406 1681 417 .
1697 387 1723 414 id

935 421 1037 454 vitium,
1054 421 1079 449 id
1093 422 1185 457 ingens
1206 423 1342 451 damnum.
1355 425 1404 459 Qui
1419 427 1489 453 enim
1512 429 1585 462 prior
1606 430 1724 463 venit,‘is

935 470 1016 493 totum
1042 466 1143 494 lucrum
1167 469 1303 503 anticipat.
1318 470 1345 498 Si
1366 471 1437 498 enim
1457 473 1491 500 ab
1511 473 1565 501 alio
1588 481 1722 509 exoratus,

934 513 999 539 iram
1015 513 1152 547 relinquis,
1164 514 1201 541 illi
1214 515 1313 543 bonum
1327 524 1395 551 opus
1411 518 1554 552 imputatur
1567 529 1575 547 :
1589 528 1641 547 non
1653 522 1724 549 cnim

933 557 988 584 Deo
1009 558 1206 593 obtemperans,
1222 561 1267 588 sed
1290 561 1328 588 illi
1351 562 1513 597 gratificans,
1528 565 1613 600 legem
1636 567 1723 594 adim-

934 603 1054 637 plevisti;
1065 604 1136 638 quod
1150 605 1172 632 si
1187 607 1293 634 nemine
1306 607 1496 642 intercedente,
1517 619 1605 646 neque
1618 611 1662 639 illo
1677 614 1721 648 qui

933 649 1000 676 liesit
1009 655 1033 677 te
1044 650 1157 678 adeunte
1167 657 1194 679 et
1205 660 1296 686 preces
1308 654 1459 687 adhibente,
1474 656 1529 690 ipse
1539 656 1640 692 rc'jecto
1649 659 1721 686 omni

932 694 1033 727 pudore
1046 695 1111 722 nihil
1126 701 1274 730 cunctatus,
1287 697 1321 725 ad
1336 698 1438 733 injuria:
1452 706 1585 728 auctorem
1600 710 1721 731 accurre-

932 740 978 771 ris,
989 739 1066 774 eique
1076 741 1130 768 iras
1144 746 1201 770 tuas
1219 743 1369 776 resolveris,
1390 749 1463 772 tuum
1484 754 1517 774 ex
1537 752 1591 775 toto
1609 748 1637 775 fit
1657 749 1721 776 illud

931 785 1058 818 officium,
1068 787 1272 822 universamque
1281 790 1432 817 mercedem
1446 791 1502 825 ipse
1514 791 1635 827 recipies.
1647 793 1674 821 Si
1684 786 1731 821 di»

932 839 1005 862 ιρι-ο,
1015 832 1120 864 Jejuna,
1128 834 1247 868 corporis
1256 835 1460 864 imbecillitatem
1470 838 1532 865 mihi
1548 839 1663 867 subinde
1679 842 1722 868 ob-

932 877 1056 904 tendiszsi
1063 878 1164 911 dixero,
1172 880 1224 907 Des
1232 881 1451 917 pauperi,allegas
1459 889 1550 911 contra
1560 883 1630 912 tuam
1640 888 1722 913 tenui-

931 927 1022 954 tatem,
1030 930 1057 950 et
1068 931 1134 952 onus
1142 924 1340 954 educaudorum
1349 928 1490 955 liberorum
1507 938 1513 956 :
1527 931 1549 957 si
1557 931 1659 964 dixero,
1670 933 1721 960 Des

930 975 1037 1002 operam
1052 977 1135 997 sacras
1145 972 1249 1006 synaxi,
1259 974 1400 1002 saecularcs
1417 982 1494 1003 curas
1506 985 1512 1003 :
1522 976 1544 1004 si
1559 977 1719 1010 dixero,At-

931 1015 1010 1042 tende
1023 1017 1194 1045 concionibus
1208 1026 1239 1046 ac
1251 1019 1378 1048 doctrina:
1391 1022 1443 1048 vim
1466 1023 1594 1060 intelligo,
1611 1025 1718 1061 imperi—

931 1062 992 1088 tiam
1010 1071 1016 1088 :
1032 1063 1054 1089 si
1067 1063 1170 1096 dixero,
1185 1065 1238 1092 Fac
1260 1071 1289 1093 ut
1311 1067 1391 1094 alium
1413 1070 1550 1104 emendes,
1574 1073 1720 1107 respondes

929 1107 1003 1136 illum
1012 1110 1063 1137 tuis
1071 1111 1178 1138 monitis
1194 1120 1245 1139 non
1261 1114 1521 1148 obtemperaturum;
1537 1125 1607 1153 stepe
1618 1125 1678 1146 eum
1691 1124 1716 1147 te

928 1153 998 1181 inter
1009 1154 1149 1182 dicendum
1171 1162 1340 1190 aspernatum
1365 1158 1455 1187 fuisse.
1476 1160 1589 1197 Frigida:
1606 1163 1716 1198 quidem

929 1199 986 1226 ista:
998 1204 1061 1227 sunt
1080 1201 1301 1236 causificationes,
1317 1204 1362 1231 sed
1383 1199 1594 1235 causificationes
1618 1213 1717 1237 tamen.
1747 1226 1750 1229 τ

927 1245 1002 1277 Quod
1015 1246 1036 1272 si
1049 1246 1152 1279 dixero,
1166 1247 1234 1276 lram
1259 1248 1373 1282 dimitte,
1387 1252 1449 1286 quid
1474 1253 1582 1280 istorum
1605 1255 1718 1290 allegare

928 1291 1115 1325 poteris?Non
1129 1295 1249 1328 corporis
1264 1295 1482 1330 imbecillitatem,
1506 1306 1557 1326 non
1579 1305 1719 1335 pauperta-

927 1340 990 1369 tem,
1017 1344 1069 1364 non
1093 1337 1262 1373 imperitiam,
1287 1348 1339 1367 non
1364 1343 1560 1376 occupationes,
1585 1345 1621 1372 nil
1645 1351 1718 1374 certe

927 1381 1036 1408 istorum
1050 1383 1156 1410 obtendi
1168 1388 1255 1418 potest
1272 1385 1292 1412 ':
1307 1392 1468 1422 quapropter
1479 1389 1586 1417 minime
1598 1391 1716 1419 omnium

926 1426 977 1453 hoc
987 1432 1123 1460 peccatum
1139 1429 1243 1456 veniam
1255 1435 1383 1458 meretur.

965 1461 1033 1489 Deus
1056 1471 1106 1490 non
1119 1465 1223 1491 remittit
1236 1465 1316 1498 nobis,
1332 1467 1353 1493 si
1368 1475 1418 1494 non
1433 1469 1587 1496 remittamus
1601 1471 1668 1498 aliis.
1681 1487 1716 1493 —

926 1507 1065 1541 Quomodo
1080 1511 1180 1543 poteris
1193 1517 1286 1538 manus
1295 1511 1320 1538 in
1332 1512 1424 1539 cadum
1433 1515 1576 1543 extendere
1585 1535 1593 1549 ,
1609 1521 1656 1544 aut
1665 1517 1716 1544 lin-

923 1559 1001 1586 guam
1013 1560 1132 1588 movere,
1146 1559 1192 1582 aut
1200 1556 1304 1583 veniam
1317 1557 1468 1591 postulare?
1480 1559 1506 1587 Si
1518 1561 1587 1587 enim
1603 1562 1716 1591 voluerit

925 1598 971 1625 tibi
985 1598 1055 1626 Deus
1070 1604 1177 1634 peccata
1190 1601 1355 1636 condonare,
1381 1608 1408 1631 tu
1422 1605 1448 1632 id
1471 1613 1522 1632 non
1541 1608 1673 1640 permittis
1684 1610 1713 1642 ',

923 1650 983 1670 cum
996 1643 1124 1672 adversus
1134 1652 1292 1674 conservum
1303 1647 1434 1677 offensum
1449 1651 1566 1678 animum
1587 1653 1712 1681 retineas.

924 1688 976 1716 Sed
986 1690 1101 1718 crudelis
1113 1696 1164 1725 est,
1178 1692 1275 1727 inquis,
1284 1698 1310 1720 et
1321 1694 1430 1728 efferus,
1441 1703 1528 1731 poenre
1540 1697 1714 1734 vindictaeque

923 1735 1026 1763 avidus.
1047 1737 1115 1769 Quin
1128 1738 1163 1765 ob
1176 1737 1289 1772 idipsum
1301 1745 1408 1775 peccata
1424 1742 1539 1769 remitte.
1556 1743 1658 1771 Multas-
1671 1746 1712 1772 in-

921 1780 1006 1814 jurias
1021 1782 1114 1815 tulisti,
1131 1783 1221 1811 multis
1233 1785 1361 1818 spoliatus
1375 1794 1420 1820 es,
1436 1795 1508 1822 saepe
1524 1790 1641 1817 convicia
1664 1799 1711 1818 au-

923 1825 996 1858 disti,
1009 1826 1034 1854 in
1045 1828 1166 1855 maximis
1180 1829 1258 1856 rebus
1269 1830 1394 1858 damnum
1408 1839 1501 1866 passus
1509 1841 1548 1866 es,
1562 1843 1592 1862 ac
1601 1836 1712 1870 proinde

921 1871 1057 1900 desideras
1070 1881 1174 1907 poenam
1184 1875 1377 1911 inimici.Atqni
1387 1877 1413 1904 in
1426 1877 1571 1914 hocipsum
1583 1881 1653 1908 utilis
1663 1882 1709 1909 tibi

922 1917 1081 1944 condonatio
1094 1919 1266 1949 offensarum.
1283 1921 1310 1948 Si
1325 1922 1396 1950 enim
1410 1924 1467 1958 ipse
1480 1925 1601 1953 vindictae
1612 1926 1711 1954 incum-

920 1961 968 1989 bas
977 1963 1157 1999 ultionemque
1167 1972 1266 1999 sumas,
1279 1967 1334 1994 sive
1341 1976 1388 2002 per
1398 1969 1489 2003 verba,
1504 1971 1560 1999 sive
1570 1979 1617 2006 per
1629 1972 1706 2006 facta,

919 2008 975 2035 sive
993 2015 1041 2042 per
1053 2009 1280 2044 imprecationem,
1289 2013 1360 2041 Deus
1371 2014 1428 2049 ipse
1439 2022 1454 2042 a
1467 2017 1596 2044 sumenda
1609 2018 1709 2046 ultione

921 2054 1115 2089 supersedebit,
1133 2061 1222 2091 utpote
1237 2062 1262 2085 te
1277 2063 1414 2094 satagente
1424 2061 1492 2088 circa
1508 2063 1544 2089 tui
1555 2063 1637 2097 ipsius
1649 2066 1708 2091 vin-

919 2097 1016 2125 dictam
1033 2108 1040 2126 :
1055 2099 1110 2127 imo
1124 2108 1176 2127 non
1188 2101 1273 2129 solum
1287 2111 1344 2133 non
1352 2110 1523 2140 persequetur
1535 2115 1627 2142 ptenas
1639 2109 1708 2146 inju-

919 2142 1018 2170 riarum
1040 2144 1085 2171 tibi
1099 2145 1242 2181 illatarum,
1255 2148 1302 2175 sed
1313 2155 1328 2175 a
1339 2150 1423 2184 teipse
1432 2151 1557 2179 mulctam
1569 2142 1708 2188 exiges-ut

919 2187 1045 2222 injuriose
1068 2197 1083 2216 a
1099 2195 1124 2218 te
1133 2190 1247 2219 habitus.

953 2233 980 2260 4.
1001 2233 1076 2266 Quod
1089 2235 1111 2262 si
1127 2236 1152 2262 in
1169 2236 1319 2266 hominibus
1331 2239 1356 2266 id
1371 2240 1410 2273 tit,
1426 2246 1455 2268 ut
1468 2243 1608 2272 verberato
1626 2253 1641 2272 a
1655 2255 1704 2274 no-

917 2277 958 2305 bis
972 2278 1060 2306 alieno
1074 2288 1160 2314 servo,
1173 2282 1295 2310 dominus
1309 2284 1380 2312 illius
1390 2286 1548 2322 indignetur,
1559 2294 1587 2316 et
1600 2289 1651 2318 hoc
1663 2291 1703 2318 in-

915 2322 1011 2357 juriam
1023 2332 1083 2353 esse
1097 2326 1183 2360 dicat;
1205 2329 1256 2363 ipsi
1268 2338 1375 2365 quoque
1390 2332 1412 2359 si
1431 2332 1535 2368 injuriis
1555 2336 1700 2366 afliciamur

917 2369 988 2396 vela
1003 2372 1098 2404 servis,
1111 2373 1152 2400 vel
1165 2381 1180 2400 a
1196 2374 1296 2408 liberis,
1311 2374 1440 2405 sententia
1451 2379 1568 2413 judicum
1581 2387 1608 2410 et
1621 2383 1701 2411 domi-

917 2421 1012 2442 norum
1036 2419 1212 2452 exspectanda
1228 2425 1288 2447 est:
1303 2421 1326 2448 si
1345 2422 1425 2457 igitur
1438 2424 1463 2450 in
1487 2426 1566 2454 rebus
1580 2427 1704 2456 humanis

916 2467 995 2487 nemo
1005 2461 1054 2488 sibi
1068 2466 1124 2490 tuto
1135 2464 1261 2492 ultionem
1272 2467 1362 2499 sumit,
1374 2475 1471 2502 quanto
1481 2472 1565 2506 magis
1574 2473 1600 2500 id
1612 2474 1703 2502 obser—

915 2506 1029 2533 vandum
1040 2508 1065 2534 in
1078 2508 1156 2535 rebus
1167 2509 1227 2541 illis,
1238 2511 1281 2537 ubi
1291 2511 1362 2539 Deus
1372 2513 1428 2548 ipse
1438 2515 1533 2543 vindex
1542 2519 1702 2548 constitutus

915 2551 968 2577 est?
977 2551 1014 2579 Te
1021 2560 1083 2579 vero
1090 2554 1186 2588 injuria
1197 2555 1318 2584 al'fecitet
1328 2558 1404 2591 laesit,
1414 2567 1445 2587 ac
1453 2561 1590 2590 innumera
1605 2565 1651 2592 tibi
1660 2565 1702 2593 fe-

911 2592 947 2618 cit
958 2593 1099 2627 proximus
1109 2596 1179 2621 maia
1190 2603 1196 2619 :
1212 2602 1278 2624 cave
1285 2605 1395 2632 poenam
1405 2605 1479 2629 tuam
1489 2612 1703 2642 persequar-eme

909 2638 1051 2666 dominum
1062 2646 1138 2667 tuum
1148 2643 1346 2675 contumeliose
1357 2649 1456 2676 tractes
1467 2658 1473 2679 ;
1485 2651 1550 2679 cede
1561 2638 1631 2686 Deo;
1642 2656 1700 2691 ipse

909 2685 1048 2734 negotium
1081 2688 1168 2716 multo
1191 2689 1291 2719 melius
1317 2693 1537 2731 administrabit,
1560 2685 1696 2734 quam-tu

910 2735 993 2762 cupis.
1151 2751 1153 2753 .

945 2774 981 2799 De
988 2780 1040 2798 non
1048 2773 1176 2806 faciendis
1185 2779 1278 2800 contra
1286 2783 1405 2804 mimicas
1415 2784 1696 2815 trnprt'cationibus.—-

945 2847 958 2881 ι,
970 2850 1021 2889 sar.
1034 2846 1243 2889 (prfidiis-gerit);
1248 2857 1263 2889 At
1276 2854 1338 2889 Imm
1351 2850 1452 2882 dimitte,
1461 2861 1472 2876 ι
1486 2860 1533 2879 non
1541 2855 1647 2889 allegare
1652 2864 1696 2889 po-

913 2878 970 2910 teris
981 2878 1088 2907 corporis
1097 2878 1290 2910 imbecillitatem,
1303 2885 1350 2906 etc.

946 2909 956 2923 ³
973 2912 1034 2937 δίη,
1048 2911 1072 2932 tu
1080 2914 1125 2933 non
1136 2914 1259 2934 consertus.

1507 2948 1544 2979 13
