1983 3125
80 125 128 152 21‘5

79 179 218 208 invadente
240 180 294 207 ista
318 181 439 208 simultas
452 201 459 212 ,
474 180 520 207 sed
545 188 577 208 ex
599 180 718 214 malitia,
732 189 763 208 ac
787 187 875 209 mente

78 227 214 257 Scelerata,
229 230 258 252 et
270 226 404 253 scelerum
419 225 584 254 meditatrice
599 227 727 254 exoritur.
741 226 798 254 Non
812 227 875 254 illud

78 273 158 298 solum
171 278 255 306 grave
270 276 330 302 est,
346 271 416 306 quod
430 276 456 298 te
471 272 545 299 \enia
559 272 667 306 Spolias,
683 273 730 300 sed
744 273 813 307 quod
826 273 877 300 dif-

78 318 211 345 ficiliorem
233 317 282 344 tibi
308 317 399 344 reddis
419 325 494 345 usum
520 318 668 345 istiusmodi
682 319 786 346 virtutis
799 327 875 346 exer-

75 363 164 390 cenda:
176 372 182 389 :
195 369 258 389 nam
270 371 326 390 una
335 363 379 390 die
389 364 477 399 elapsa
490 363 641 398 grandescit
652 365 753 398 vilium,
765 371 876 400 augetur

75 416 108 435 ex
128 407 246 435 secunda
273 408 427 443 die:quod
448 409 471 436 si
492 409 568 436 tertia
589 414 615 436 et
629 414 722 444 quarta
735 411 877 438 accesserit

76 456 115 481 lux
129 474 136 486 ,
151 453 269 481 adtletur
291 455 396 489 quinta.
414 455 516 482 Rursus
539 455 655 490 quinque
677 456 743 483 fiunt
761 455 854 484 decem
867 478 874 489 ,

75 502 162 528 decem
175 505 268 528 autent
287 501 393 536 viginti,
410 502 500 536 viginti
515 506 638 535 centum,
652 509 683 529 ac
699 502 724 529 in
740 508 875 537 posterum

76 548 164 574 vulnus
177 547 295 574 omnino
312 547 506 575 immedicabile
517 552 558 575 est
569 556 575 574 :
587 552 616 576 et
626 553 726 583 quanto
741 549 799 583 plus
810 553 877 576 tem-

79 594 144 626 puris
155 592 327 627 adjungitur,
346 598 419 620 tanto
434 594 516 628 magis
530 593 705 629 disiungimur
717 594 873 621 intervallis.

75 641 140 666 Have
160 639 227 670 tibi,
245 638 352 671 homo,
369 639 404 666 ab
423 639 480 666 istis
499 639 696 666 irrationalibus
717 639 874 671 affectibus,

77 693 155 720 neque
169 685 311 720 pudetias,
327 693 418 720 neque
431 685 583 719 erubescas,
595 693 682 721 neque
696 686 730 713 ita
743 686 852 721 loquare
867 695 874 712 :

78 732 148 758 ilodo
166 731 236 758 inter
263 738 317 758 nos
338 731 418 758 rixati
439 738 531 758 sumus
543 751 551 764 ,
569 731 645 758 fanda
670 736 749 766 atque
768 731 875 758 infanda

79 777 188 804 diximus
215 777 366 809 innumera
382 786 388 804 :
403 785 435 805 ac
459 777 549 805 statim
572 777 606 804 ad
633 777 874 805 reconciliationem

78 823 226 851 accurrunt?
240 824 306 857 quis
331 831 387 851 non
406 824 567 859 vituperabit
589 831 676 852 meam
703 824 874 852 facilitatem?

79 870 154 897 Nemo
176 869 310 898 cordatus
338 870 474 898 damnabit
497 874 569 897 tuam
590 869 763 903 facilitatem,
781 871 826 898 sed
854 872 875 898 si

80 916 200 943 manseris
210 915 406 950 implacabilis,
422 921 475 943 tum
489 920 515 943 te
528 923 621 944 omnes
636 917 783 944 irridebunt
794 937 801 950 ,
819 921 874 943 tum

80 969 194 996 unignum
219 961 302 988 dabis
324 961 433 990 diabolo
452 962 566 996 spatium
582 971 589 988 :
604 970 656 989 non
672 962 743 990 enim
760 970 792 990 ex
807 967 875 990 tem-

81 1016 137 1042 pore
150 1008 236 1034 solum
260 1006 402 1035 difficilior
416 1008 461 1036 fiet
475 1009 657 1036 reconciliatio
668 1030 675 1042 ,
687 1009 735 1037 sed
749 1017 782 1037 ex
796 1010 875 1036 rebus

82 1057 170 1082 interea
195 1054 398 1082 oborientibus.
415 1055 449 1083 Ut
461 1054 560 1082 Caritas
581 1057 662 1090 aperit
688 1055 876 1083 multitudinem

83 1107 233 1135 peccatorum
249 1101 291 1136 (1.
311 1101 372 1129 Pet.
385 1102 412 1128 4.
429 1103 473 1136 8),
489 1102 524 1129 ita
539 1102 676 1129 inimicitia
690 1110 721 1130 ea
731 1123 739 1136 ,
754 1110 812 1137 qua:
827 1102 874 1130 de-

83 1149 129 1175 licti
143 1152 265 1174 naturam
280 1155 340 1174 non
353 1147 470 1181 habent,
486 1147 583 1176 delicta
599 1147 679 1175 facit:
692 1148 760 1176 adeo
774 1153 804 1176 ut
818 1156 876 1176 om-

82 1202 124 1221 nes
136 1193 230 1220 deinde
244 1194 450 1227 criminatores,
464 1194 509 1229 qui
521 1193 555 1222 de
565 1193 660 1222 alienis
673 1194 749 1221 malis
760 1194 876 1229 gaudent

81 1246 103 1266 ct
114 1240 222 1266 aliorum
237 1240 306 1267 vitia
323 1240 479 1273 traducunt,
495 1239 574 1267 ﬁdem
588 1240 658 1274 apud
673 1240 821 1267 istiusmodi
836 1240 877 1267 in-

83 1286 188 1312 veniant.
201 1285 262 1313 lstis
273 1286 359 1321 igitur
367 1285 488 1320 cognitis,
500 1293 658 1320 przeoccupa
671 1285 791 1318 fratrem,
800 1293 874 1313 cum-

82 1338 127 1364 que
138 1330 226 1358 detine
237 1351 246 1362 ,
262 1331 423 1365 priusquam
438 1331 542 1365 penitus
555 1331 667 1364 resiliat,
681 1331 760 1359 etiam
774 1331 797 1358 si
810 1338 876 1365 opus

82 1382 122 1408 sit,
135 1383 160 1404 ut
171 1385 203 1404 eo
216 1377 261 1405 die
275 1379 434 1405 universam
448 1378 582 1406 civitatem
594 1385 744 1413 percurras,
759 1378 838 1405 etiam
853 1378 876 1405 si

82 1427 147 1449 extra
162 1423 261 1450 mcenia
273 1424 454 1459 pergendum,
465 1424 546 1451 etiam
555 1424 578 1451 si
586 1424 693 1459 longum
706 1423 756 1451 iter
765 1431 876 1458 carpen-

83 1469 149 1500 titlm;
162 1468 263 1496 relictis
275 1469 407 1496 omnibus
421 1477 480 1504 qua:
493 1469 520 1496 in
531 1469 654 1497 manibus
667 1474 739 1503 sunt,
755 1470 779 1496 id
795 1477 876 1497 unum

82 1522 149 1545 cura,
161 1519 189 1541 ut
201 1522 262 1542 eum
278 1515 367 1542 fratre
379 1515 571 1543 reconcilieris.
588 1515 665 1549 Quod
679 1516 700 1543 si
716 1515 828 1544 arduum
843 1517 878 1543 sit

84 1562 330 1597 mgotiumfcogita
343 1563 415 1598 quod
427 1563 462 1590 ob
477 1563 562 1591 Deum
577 1564 638 1591 talia
653 1565 762 1599 pateris,
778 1568 806 1592 et
819 1565 876 1599 ple-

86 1615 138 1634 nam
161 1609 299 1643 percipies
313 1609 524 1636 consolationem
537 1618 543 1636 :
557 1609 727 1644 animamque
740 1610 876 1638 subterfu—

85 1653 201 1687 gicntem,
218 1654 456 1687 reformidantem,
472 1655 674 1683 erubescentem
689 1657 785 1688 excita,
799 1657 876 1691 eique

85 1700 198 1726 continuo
218 1701 269 1728 ista
288 1701 382 1728 accine
397 1710 402 1728 :
418 1701 487 1734 Quid
499 1702 608 1729 cessas?
621 1701 685 1736 quid
698 1701 876 1737 subterfugis?

86 1746 139 1780 quid
146 1746 300 1774 detrectas?
310 1755 362 1774 non
371 1748 405 1774 de
413 1748 590 1782 pecunia,non
596 1748 629 1776 de
636 1748 694 1775 aliis
700 1747 777 1776 fluxis
784 1749 875 1782 rebus,

86 1793 126 1819 sed
133 1794 163 1821 de
173 1798 263 1820 nostra
278 1794 399 1829 ipsorum
410 1794 496 1822 salute
508 1795 604 1830 agitur.
616 1795 686 1822 Deus
696 1795 745 1823 ista
757 1795 877 1823 facienda

87 1840 305 1875 pr:ccipit.omnia
313 1841 393 1876 igitur
401 1841 472 1869 illius
479 1841 609 1869 mandatis
618 1846 820 1877 postponantur.
831 1842 878 1870 Est

88 1887 123 1913 hic
137 1887 240 1921 quidam
253 1888 405 1922 Spiritualis
425 1893 559 1915 mercatus
575 1897 580 1915 :
597 1895 631 1915 ne
646 1892 827 1922 cunctatores,
844 1897 878 1917 ne

87 1932 144 1959 lenti
156 1934 248 1967 simus;
257 1934 392 1970 intelligat
405 1935 527 1962 inimicus
535 1942 658 1970 magnam
671 1943 687 1962 a
698 1935 775 1963 nobis
786 1942 877 1962 curam

87 1980 234 2014 adhibitam,
249 1986 282 2008 ut
293 1981 390 2009 divinis
403 1981 507 2016 placitis
519 1989 567 2010 nos
581 1986 789 2017 attemperemus
801 1990 808 2009 :
821 1982 878 2009 sive

86 2025 165 2053 denuo
178 2028 359 2055 contumelias
373 2027 471 2055 inferat
482 2048 490 2061 ,
505 2027 561 2056 sive
576 2028 719 2061 verberet,
736 2028 793 2055 sive
814 2027 878 2062 quid

88 2072 150 2099 aliud
161 2073 287 2100 acerbius
301 2073 390 2105 faciat,
401 2074 491 2100 omnia
506 2074 620 2101 feramus
633 2081 772 2109 generose,
788 2077 878 2108 utpote

88 2119 126 2152 qui
139 2126 188 2146 non
202 2124 310 2147 tantum
327 2121 376 2153 illi,
392 2126 519 2155 quantum
534 2120 734 2156 nobismetipsis
746 2121 879 2156 gratiﬁce-

89 2173 158 2198 mur;
172 2174 226 2201 pra:
239 2167 369 2195 omnibus
381 2168 523 2195 virtutibus
538 2168 564 2195 id
579 2168 612 2195 ad
625 2168 754 2203 majorem
773 2175 878 2196 merce-

89 2212 142 2239 dem
157 2214 232 2241 nobis
247 2214 425 2248 imputabitur
440 2214 467 2241 in
481 2214 528 2241 illo
540 2214 593 2242 die.
610 2213 689 2241 Multa
701 2214 860 2249 deliquimus
870 2234 877 2246 ,

91 2257 113 2283 in
127 2259 225 2293 magnis
235 2258 401 2286 oﬂ‘endimus
411 2279 418 2292 ,
433 2263 460 2286 ct
475 2259 615 2287 Dominum
628 2264 749 2287 nostrum
765 2259 880 2286 irritavi-

91 2311 157 2335 mus;
170 2304 242 2332 dedit
253 2313 289 2332 ex
304 2313 352 2332 sua
368 2305 531 2333 humanitate
552 2306 620 2333 hanc
635 2305 706 2333 viam
720 2306 878 2333 reconcilia-

93 2349 165 2377 tionis
179 2359 185 2376 :
200 2358 233 2378 ne
248 2351 330 2386 igitur
343 2351 498 2378 deseramus
519 2351 591 2379 hunc
606 2351 745 2387 pulchrum
768 2352 878 2379 thesau-

93 2402 155 2422 rum.
170 2395 303 2431 Numquid
319 2404 372 2424 non
388 2397 414 2423 in
429 2397 501 2424 illius
513 2401 646 2432 potestate
659 2397 717 2430 fuit,
734 2397 879 2432 praecipere

94 2443 331 2470 reconciliationem
351 2443 409 2470 sine
428 2444 479 2470 ulla
506 2444 639 2478 proposita
661 2443 806 2472 mercede?
820 2443 878 2470 Non

94 2487 157 2513 enim
170 2492 211 2514 est
223 2488 267 2522 qui
281 2488 331 2523 ipsi
347 2488 528 2522 contradicat,
545 2493 590 2516 aut
608 2489 653 2524 qui
672 2489 729 2523 ejus
748 2493 879 2524 prmcepta

96 2532 214 2567 corrigat;
227 2537 345 2561 attamen
356 2541 389 2561 ex
403 2534 484 2560 multa
495 2542 542 2561 sua
556 2534 715 2570 benignitate
729 2535 879 2562 mercedem

97 2578 166 2605 nobis
179 2580 320 2615 spopondit
341 2585 368 2607 et
380 2588 501 2615 magnam
516 2586 543 2608 et
555 2581 717 2608 ineffabilem
730 2602 737 2614 ,
749 2586 777 2609 et
801 2589 880 2616 quam

98 2625 202 2652 maxime
209 2626 403 2659 desideramus,
412 2627 534 2654 nimirum
541 2627 643 2655 veniam
655 2633 805 2655 nostrorum
817 2635 880 2662 pec-

99 2674 217 2704 catorum,
229 2677 253 2699 et
263 2672 334 2699 hanc
347 2673 546 2707 obsequentium
558 2673 635 2701 nobis
643 2673 796 2701 facillimam
807 2674 878 2702 fecit.

131 2715 154 2743 6.
169 2716 249 2750 Quam
269 2719 352 2754 igitur
363 2718 466 2746 veniam
479 2719 633 2747 habebimus
645 2740 652 2752 ,
664 2728 724 2747 cum
740 2725 767 2747 ct
780 2724 880 2747 tantum

104 2762 192 2793 pncmii
202 2764 336 2798 accepturi
349 2785 357 2797 ,
373 2771 406 2791 ne
417 2765 455 2792 sic
469 2765 577 2800 quidem
590 2765 763 2800 obscquimur
778 2766 881 2800 legislu~

104 2807 147 2832 tori
157 2827 164 2839 ,
175 2808 218 2835 sed
233 2809 410 2844 pcrduranms
424 2809 449 2836 in
467 2818 498 2837 eo
513 2812 687 2846 contemptu?
703 2811 777 2844 Quod
793 2817 880 2838 autem

107 2856 257 2888 contemptus
269 2856 305 2882 sit
320 2875 326 2887 ,
342 2855 402 2882 hinc
423 2859 501 2890 patet.
518 2857 543 2883 Si
564 2857 647 2892 legem
669 2857 814 2891 imperator
830 2862 882 2884 sta-

526 124 572 152 AD
591 124 753 154 POPULUM
773 124 1016 154 ANTIOCHENUM
1049 126 1164 155 llOMlL-
1186 129 1243 156 XX.

1671 131 1724 159 206

932 183 1036 216 tuissel,
1053 189 1083 212 ut
1095 192 1188 213 omnes
1204 185 1304 213 inimici
1318 187 1344 213 in
1355 186 1466 221 gratiam
1481 187 1607 220 redirent,
1623 193 1667 215 aut
1677 197 1723 216 ca-

925 230 985 269 pite
999 229 1177 264 plecterentur
1192 240 1198 257 :
1215 239 1248 258 an
1263 239 1315 259 non
1329 239 1424 259 omnes
1440 232 1597 261 festinarent
1615 234 1647 260 ad
1663 243 1721 261 ιιιιι.

932 280 991 301 tuas
1005 276 1236 304 reconciliationes
1244 277 1256 304 ἲ
1265 277 1320 312 Ego
1333 277 1439 312 quidem
1451 279 1489 305 sic
1501 279 1626 306 arbitror.
1638 280 1721 313 Quam

930 321 1034 348 veniam
1060 322 1139 356 igitur
1159 322 1329 355 habebimus,
1343 331 1402 350 eutn
1417 330 1451 351 ne
1466 324 1629 351 tantumdem
1645 333 1722 352 rcvc-

930 367 1024 394 rentia:
1037 368 1184 395 tribuamus
1199 368 1320 402 Domino,
1335 373 1462 404 quantum
1476 370 1612 397 conservis
1623 372 1722 398 nostris

930 413 1086 440 tribuimus?
1100 413 1140 441 0b
1151 413 1201 441 hoc
1217 415 1302 449 ipsum
1315 415 1382 449 jussi
1394 423 1486 442 sumus
1499 415 1588 443 dicere
1601 425 1607 442 :
1619 416 1723 444 Dimitte

930 458 1000 486 nobis
1018 459 1099 486 debita
1113 464 1199 486 nostra
1210 481 1217 492 ,
1233 462 1296 487 sicut
1311 465 1333 486 et
1350 469 1396 488 nos
1410 461 1558 488 dimittimus
1571 461 1723 489 debitoribus
1765 475 1769 480 ο

930 505 1020 531 nostris
1033 504 1136 541 (Matth.
1152 505 1177 532 6.
1196 506 1251 541 1‘2).

966 550 1186 579 Reconciliationis
1212 552 1312 580 modus.
1327 568 1362 572 —
1377 553 1445 587 Quid
1475 561 1507 580 eo
1535 554 1624 580 mitius
1638 574 1646 586 ,
1660 554 1721 589 quid

930 599 1094 626 mansuetius
1108 600 1258 634 praecepto?
1268 599 1306 627 Te
1311 599 1428 634 judicem
1443 599 1538 628 fecitin
1551 601 1723 628 eondouatiu-

929 653 962 671 ne
977 650 1080 672 tuorum
1091 646 1243 678 criminum;
1258 647 1280 673 si
1296 654 1379 681 pauca
1394 647 1517 681 dimittis,
1533 655 1617 684 pauca
1633 648 1722 675 dimit-

930 695 1020 717 tuntur
1035 699 1041 717 :
1059 691 1081 718 si
1105 691 1178 726 plura
1204 692 1316 720 dimittis
1326 713 1333 724 ,
1347 692 1422 728 plura
1445 693 1614 721 dimittuntur
1628 702 1635 720 ε
1652 694 1674 721 si
1689 702 1721 721 ex

929 735 1009 764 corde
1032 736 1143 763 dimittis
1168 741 1195 764 et
1217 738 1341 771 sincere,
1358 738 1453 766 eodem
1481 744 1557 773 pacto
1581 739 1626 766 tibi
1653 739 1722 766 Deus

928 782 1041 808 remittit
1055 791 1061 809 :
1073 783 1096 810 si
1111 787 1206 816 praeter
1216 783 1321 810 veniam
1334 784 1423 812 datam
1434 785 1514 812 etiam
1525 793 1585 812 eum
1598 793 1647 820 pro
1656 786 1723 812 ami-

929 835 960 855 co
973 828 1082 862 habeas,
1092 829 1185 857 eodem
1197 830 1276 857 tnodo
1291 838 1353 866 erga
1369 836 1394 858 te
1407 831 1477 858 Deus
1491 831 1622 859 afficietur
1635 841 1641 858 :
1655 832 1722 859 adeo

929 879 958 901 ut
977 880 1077 909 quanto
1102 875 1185 910 magis
1201 876 1260 909 quis
1274 875 1401 904 adversus
1416 881 1442 904 te
1466 878 1631 912 peccaverit,
1649 882 1722 905 tanto

929 921 1012 955 magis
1022 920 1067 948 tibi
1078 921 1111 948 ad
1123 922 1365 950 reconciliationem
1379 923 1574 958 properandum
1586 924 1629 956 sit,
1639 931 1723 959 quan-

929 965 1071 1000 doquidem
1088 967 1144 1002 ipse
1160 967 1211 995 hoc
1226 972 1304 1002 pacto
1323 968 1348 995 in
1363 976 1443 996 causa
1456 974 1497 996 est
1508 988 1517 1001 ,
1532 974 1560 996 ut
1576 969 1651 997 nobis
1665 977 1722 996 ma-

926 1012 984 1046 jora
995 1013 1106 1040 crimina
1118 1014 1311 1042 condonentur.
1326 1014 1371 1042 Vis
1380 1022 1542 1050 cognoscere
1553 1015 1651 1043 nullam
1662 1022 1722 1043 esse

928 1057 1032 1086 veniant
1045 1059 1132 1091 nobis,
1148 1060 1170 1086 si
1182 1067 1315 1088 memores
1329 1061 1412 1088 simus
1427 1060 1536 1093 irarum,
1549 1068 1636 1096 neque
1650 1068 1720 1095 esse,

928 1107 972 1140 qui
984 1113 1042 1138 nos,
1056 1106 1078 1134 si
1093 1107 1159 1134 talcs
1171 1107 1265 1140 simus,
1274 1107 1467 1142 eripiat?Quod
1480 1107 1540 1135 dico
1552 1107 1723 1135 manifestum

929 1153 1033 1180 faciam.
1048 1152 1129 1180 Lresit
1142 1157 1168 1180 te
1180 1154 1318 1188 proximus
1332 1174 1339 1185 ,
1353 1153 1422 1181 bona
1438 1154 1545 1188 rapuit,
1558 1153 1721 1188 publicavit,

929 1197 1076 1231 fraudavit;
1092 1206 1145 1225 non
1160 1198 1225 1226 illud
1241 1198 1326 1226 solum
1342 1198 1421 1232 dico,
1434 1199 1482 1226 sed
1495 1203 1522 1226 et
1533 1199 1584 1226 alia
1604 1198 1646 1226 his
1665 1206 1722 1226 ma-

926 1243 986 1278 jora
1000 1244 1129 1279 adjungo,
1144 1249 1170 1272 et
1185 1249 1396 1280 quantacumque
1410 1245 1516 1272 tandem
1532 1245 1572 1272 vis
1583 1253 1589 1271 :
1600 1244 1722 1272 occidere

930 1296 956 1318 te
971 1291 1072 1324 voluit,
1089 1297 1215 1319 sexcenta
1232 1292 1347 1326 pericula
1363 1292 1411 1319 tibi
1423 1292 1519 1319 obtulit
1531 1313 1538 1325 ,
1551 1292 1623 1319 omni
1642 1297 1667 1320 te
1681 1292 1721 1319 in-

927 1338 996 1372 juria
1009 1338 1087 1372 laesit,
1102 1342 1130 1365 et
1144 1337 1210 1365 nihil
1224 1338 1334 1365 omnino
1349 1338 1526 1373 improbitatis
1546 1339 1667 1365 humana:
1680 1338 1722 1365 in-

930 1387 1058 1411 tentatttm
1070 1383 1178 1419 reliquit
1192 1384 1210 1410 '.
1227 1383 1266 1411 Ne
1279 1385 1349 1411 enim
1365 1384 1453 1411 omnia
1467 1384 1600 1419 sigillatim
1616 1391 1722 1419 percur-

929 1437 1030 1462 ramus,
1047 1436 1115 1464 pone
1128 1434 1202 1457 tanta
1214 1429 1300 1464 ipsum
1317 1434 1342 1456 te
1359 1429 1481 1457 affecisse
1493 1429 1588 1464 injuria
1600 1450 1608 1462 ,
1624 1433 1722 1464 quanta

930 1475 1018 1503 nullus
1033 1483 1157 1511 umquam
1171 1483 1330 1511 quemquam
1343 1475 1432 1503 affecit
1447 1484 1453 1501 :
1468 1483 1502 1503 ne
1517 1476 1553 1503 ita
1566 1476 1684 1511 quidem,
1699 1475 1722 1502 si

930 1522 996 1549 iram
1011 1521 1127 1549 retineas
1137 1543 1144 1554 ,
1159 1521 1236 1549 venia
1250 1522 1344 1557 dignus
1359 1522 1422 1549 eris.
1436 1522 1494 1556 Quo
1509 1526 1585 1556 pacto
1604 1522 1630 1549 id
1651 1521 1698 1549 fiat
1711 1543 1718 1555 ,

929 1575 979 1602 ego
993 1567 1089 1596 dicam.
1112 1567 1140 1595 Si
1156 1575 1249 1596 servus
1263 1572 1323 1595 tuus
1335 1567 1382 1596 tibi
1391 1568 1425 1595 ad
1437 1572 1545 1595 centum
1558 1575 1653 1595 aureos
1669 1567 1719 1595 ουτ

929 1619 1027 1641 atratus
1035 1619 1115 1648 esset,
1125 1614 1168 1642 cui
1178 1615 1245 1642 alius
1259 1621 1357 1650 paucos
1364 1619 1504 1650 argenteos
1518 1615 1636 1647 deberet,
1646 1614 1722 1650 isque

929 1660 1011 1688 debiti
1023 1660 1244 1688 condonationem
1259 1661 1403 1696 flagitasset
1413 1670 1420 1688 :
1432 1661 1454 1688 si
1466 1664 1493 1688 tu
1508 1660 1602 1688 deinde
1615 1668 1722 1688 servum

926 1706 1052 1741 iussisses
1067 1706 1213 1734 debitorem
1226 1715 1304 1735 suum
1320 1707 1482 1742 obligatione
1497 1707 1628 1740 liberare,
1643 1711 1723 1742 teque

930 1752 967 1780 illi
982 1752 1098 1780 vicissim
1113 1752 1195 1780 debiti
1214 1752 1276 1785 sui,
1290 1753 1361 1788 quod
1382 1757 1424 1781 est
1442 1757 1548 1781 centum
1562 1760 1704 1780 aureorum
1715 1773 1722 1785 ,

929 1798 1041 1832 gratiam
1063 1797 1150 1825 facere
1162 1818 1170 1830 ,
1187 1798 1262 1833 isque
1283 1797 1381 1826 deinde
1393 1819 1401 1832 ,
1419 1803 1448 1825 ut
1468 1799 1607 1833 impudens
1625 1803 1652 1826 et
1673 1798 1723 1825 im-

930 1842 1031 1877 probus
1042 1863 1051 1876 ,
1065 1842 1213 1870 debitorem
1234 1850 1311 1870 suum
1326 1843 1520 1878 strangularet,
1537 1851 1570 1870 an
1592 1843 1722 1878 quispiam

930 1888 1005 1916 illum
1017 1897 1032 1916 e
1045 1889 1096 1916 tuis
1107 1889 1228 1917 manibus
1239 1890 1382 1917 eximeret?
1393 1897 1481 1916 annon
1496 1890 1624 1924 plurimas
1634 1891 1723 1925 plagas

930 1935 968 1962 illi
980 1935 1126 1969 incuteres,
1136 1936 1211 1971 quasi
1225 1941 1347 1964 extrema
1359 1936 1455 1972 injuria
1464 1936 1497 1964 ab
1507 1944 1540 1963 eo
1550 1936 1680 1964 affectus?
1692 1943 1723 1963 ac

931 1981 1026 2009 merito
1039 1981 1156 2016 quidem.

968 2026 1070 2059 Quanta
1091 2035 1186 2055 merces
1205 2026 1552 2055 reconciliationis.—Deus
1577 2027 1657 2054 etiam
1685 2027 1724 2054 id-

931 2074 1017 2108 ipsum
1028 2073 1106 2102 faciet
1118 2083 1125 2101 :
1137 2074 1207 2101 dicet
1216 2074 1287 2101 enim
1299 2074 1346 2101 tibi
1361 2075 1386 2101 in
1399 2074 1442 2102 illa
1451 2074 1505 2107 die,
1514 2074 1636 2109 improbe
1647 2081 1723 2102 servo

931 2125 959 2147 et
973 2127 1099 2154 perquam
1118 2120 1264 2153 scelerate,
1280 2128 1332 2147 non
1348 2119 1382 2147 de
1396 2125 1442 2147 tuo
1454 2120 1492 2147 illi
1505 2120 1665 2153 remisisses;
1676 2120 1723 2147 sed

932 2165 965 2193 de
978 2173 1048 2198 meo,
1060 2165 1129 2200 quod
1145 2170 1173 2193 tu
1184 2165 1250 2192 mihi
1264 2165 1380 2193 debebas
1390 2185 1398 2198 ,
1411 2165 1502 2200 jussus
1514 2174 1542 2192 es
1556 2165 1594 2192 illi
1607 2173 1645 2192 aes
1657 2166 1723 2192 alie-

932 2219 995 2238 nttm
1011 2211 1130 2239 relaxare
1145 2220 1151 2239 :
1167 2211 1274 2239 Ditnitte
1284 2211 1372 2244 enim,
1388 2211 1492 2246 inquit,
1504 2215 1531 2238 et
1546 2211 1651 2238 dimitto
1665 2211 1722 2238 tibi.

932 2257 1012 2292 Atqui
1022 2257 1045 2284 si
1059 2265 1145 2292 nequc
1155 2257 1220 2284 illud
1235 2257 1406 2289 addidissem,
1419 2257 1553 2285 dimittere
1563 2257 1722 2291 oportebat,

933 2307 961 2329 ut
973 2302 1158 2337 obsequereris
1171 2303 1289 2335 domino;
1307 2310 1378 2330 nunc
1391 2307 1480 2329 autem
1495 2309 1548 2329 non
1560 2306 1589 2329 ut
1600 2301 1723 2329 dominus

932 2348 1070 2383 imperavi,
1082 2347 1128 2376 sed
1142 2352 1172 2376 ut
1183 2348 1217 2375 ab
1226 2349 1312 2375 amico
1323 2347 1480 2376 beneficium
1495 2347 1635 2383 postulavi,
1646 2347 1725 2382 idque

933 2404 965 2424 ex
979 2404 1050 2428 meo,
1065 2401 1093 2424 et
1104 2396 1204 2431 majora
1219 2403 1261 2424 me
1276 2396 1466 2424 redonaturum
1481 2395 1610 2430 spopondi
1624 2403 1630 2420 :
1645 2400 1725 2421 caete-

932 2450 990 2470 rum
1002 2450 1036 2469 ne
1051 2442 1086 2469 ita
1099 2442 1205 2476 quidem
1219 2442 1314 2470 melior
1324 2443 1408 2470 factus
1422 2446 1472 2469 est.
1496 2441 1622 2469 Homines
1635 2445 1724 2468 autem

933 2488 1074 2516 cum‘talia
1089 2488 1208 2522 faciunt,
1225 2493 1326 2516 tantum
1352 2489 1439 2516 servis
1458 2489 1515 2516 suis
1527 2493 1666 2524 acceptum
1690 2489 1725 2515 fe-

933 2538 996 2562 runt
1009 2555 1016 2568 ,
1029 2539 1157 2570 quantum
1172 2535 1258 2569 ipsum
1272 2534 1390 2562 debitum
1406 2534 1456 2562 fuit
1471 2544 1477 2562 :
1491 2535 1606 2569 exempli
1622 2541 1701 2561 causa
1718 2555 1724 2565 ,

933 2580 1026 2608 debuit
1040 2581 1104 2607 hero
1118 2587 1212 2607 servus
1226 2584 1332 2607 centum
1347 2587 1440 2607 aureos
1450 2601 1458 2613 ,
1475 2580 1535 2607 huic
1548 2579 1664 2607 vicissim
1679 2579 1725 2606 de-

934 2627 1004 2653 bitor
1017 2626 1111 2654 decem
1124 2633 1266 2654 aureorum
1278 2625 1327 2653 fuit
1341 2635 1347 2652 :
1365 2626 1386 2652 si
1403 2625 1451 2660 ipsi
1464 2625 1582 2653 debitum
1597 2625 1724 2657 remittat,

936 2681 986 2699 non
998 2677 1104 2699 centum
1112 2679 1207 2700 aureos
1220 2672 1330 2700 remittit
1343 2672 1432 2704 herus,
1444 2671 1492 2698 sed
1504 2671 1596 2699 decem
1611 2675 1724 2702 tantum,

934 2723 1099 2753 creterosque
1117 2726 1211 2746 omnes
1232 2719 1338 2753 repetit.
1353 2718 1423 2746 Deus
1436 2725 1499 2745 vero
1514 2725 1567 2744 non
1578 2718 1642 2745 item
1655 2725 1662 2749 ;
1679 2718 1725 2744 sed

936 2765 957 2791 si
983 2772 1065 2799 pauca
1087 2764 1223 2792 condones
1242 2769 1288 2791 tuo
1308 2771 1438 2791 conservo
1450 2784 1457 2797 ,
1474 2763 1563 2790 omnia
1584 2763 1629 2790 tibi
1648 2763 1674 2789 in
1691 2768 1726 2789 to-

968 2832 975 2846 ι
993 2831 1063 2855 savii.
1077 2836 1102 2855 et
1113 2831 1203 2862 aliquot
1214 2832 1295 2859 Codth
1304 2835 1326 2856 ct
1334 2831 1393 2856 nihil
1402 2830 1545 2862 tibireliqttit
1553 2831 1647 2855 omnino
1660 2828 1727 2855 mai?

939 2862 964 2888 fit
976 2862 1081 2891 ltunusni,
1095 2870 1145 2893 ιιι),
1156 2861 1218 2887 nihil
1229 2863 1322 2888 cumino
1335 2861 1520 2894 improbitatis...
1534 2861 1637 2893 rein/nit.
