1983 3125
239 122 291 151 207

239 184 305 208 ιιιηι.
321 181 397 210 Unde
420 182 445 210 id
466 183 565 218 liquet?
577 183 617 211 Ex
636 185 691 219 ipsa
713 193 874 220 precatione.
901 187 930 213 Si
951 185 1027 219 enim,

239 226 334 262 inquit,
347 227 492 256 rmiseritis
513 229 655 257 hominibus
676 239 724 258 sua
747 231 829 258 debita
841 251 848 264 ,
864 232 939 258 etiam
953 230 1033 258 Pater

239 276 320 300 uester
329 273 434 300 micatis
444 275 552 302 remittet
559 275 628 302 vobis
638 276 720 303 debita
728 281 808 304 vestra
821 276 924 311 (Matth.
937 275 962 304 6.
975 275 1031 312 14).

239 318 372 353 Quantum
384 325 472 348 autem
484 321 653 350 intervallum
670 323 739 350 inter
750 328 856 351 centum
868 323 993 350 denarios
1007 327 1034 350 ct

240 365 330 394 decies
343 367 416 395 mille
431 367 530 395 talenta
543 389 550 401 ,
566 372 667 396 tantum
680 376 786 404 quoque
799 369 868 396 inter
885 369 928 396 illa
943 372 971 396 et
984 369 1033 395 ista

239 411 339 439 debita.
354 412 411 445 Qua
425 413 504 448 igitur
518 421 594 449 poena
608 414 703 449 dignus
714 422 766 442 non
781 414 874 446 fueris,
886 414 930 449 qui
944 414 1034 441 decies

240 457 315 486 mille
327 459 425 486 talenta
446 467 495 494 pro
515 465 623 488 centum
642 465 811 496 accepturus,
824 468 858 488 ne
875 461 914 488 sic
925 460 1032 496 quidem

240 502 291 530 ista
305 504 434 532 minutula
449 505 563 533 remittis
573 527 581 540 ,
596 506 643 534 sed
657 511 729 534 tuam
751 507 930 542 precationem
946 506 973 533 in
996 511 1034 534 te-

241 550 383 585 metipsum
392 552 543 579 convertis?
553 552 620 580 Cum
631 553 702 580 enim
715 552 826 586 dixeris,
836 552 942 580 Dimitte
951 552 1032 585 nobis,

241 596 303 622 sicut
315 601 339 623 et
351 606 398 624 nos
411 597 559 625 dimittimus
573 597 680 633 (Matth.
695 598 722 626 6.
737 598 793 635 ιε),
808 598 830 626 si
842 603 869 626 tu
881 606 934 626 non
944 598 1034 625 dimit-

242 646 297 676 tas,
309 643 374 670 nihil
389 643 460 671 aliud
476 652 490 671 a
506 644 561 672 Deo
573 645 692 680 postulas
703 665 711 679 ,
723 652 802 680 quam
816 649 845 672 ut
858 649 886 672 te
904 644 976 672 omni
988 651 1035 672 ex-

241 690 388 724 cusatione,
400 691 472 718 omni
485 691 561 719 venia
574 691 707 719 excludat.
719 690 862 725 Caeterum,
871 691 969 726 inquis,
980 698 1033 718 non

240 735 326 763 ausim
339 736 438 769 dicere,
451 737 557 765 Dimitte
567 737 644 770 mihi,
655 737 724 765 sicut
733 737 839 764 dimitto
848 746 854 763 :
864 737 910 765 sed
920 741 1031 769 tantum,

241 781 350 809 Dimitte
370 782 444 809 mihi.
458 782 526 817 Quid
550 787 605 810 tum
624 783 694 811 hoc?
707 783 787 811 etiam
807 783 872 811 situ
890 783 947 818 ipse
967 782 1033 810 illud

241 835 295 855 non
309 828 383 856 dicas
395 850 402 860 .
419 829 489 857 Deus
504 835 592 858 tamen
615 830 650 857 ita
667 829 747 863 facit,
763 835 790 858 et
807 830 1032 865 quemadmodum

239 873 368 908 dimittis,
381 875 415 902 ita
437 875 555 903 dimittit.
577 876 642 904 Nam
662 876 726 904 illud
740 884 773 904 ex
786 877 960 912 sequentibus
974 884 1034 912 quas

241 926 333 956 postea
355 921 472 954 inducit,
487 923 590 950 clarum
614 923 675 950 facit
690 932 697 950 :
713 923 744 950 Si
766 924 832 950 enim
843 945 850 957 ,
868 923 971 959 inquit.
983 932 1034 951 non

239 968 385 995 rentiteritis
405 968 549 996 hominibus
559 989 567 1002 ,
581 977 661 1004 neque
675 969 754 997 Pater
773 975 853 997 vester
870 970 977 997 cwlestis
994 979 1035 998 re-

239 1014 319 1041 mittet
332 1015 400 1042 vobis
415 1015 424 1048 (
438 1013 508 1042 Ibid.
524 1022 549 1042 υ.
565 1015 600 1043 l5
611 1015 631 1050 ).
645 1015 684 1043 Ne
698 1016 778 1051 igitur
791 1016 922 1043 cautelam
937 1019 1014 1051 putes
1024 1037 1031 1048 ,

239 1060 262 1087 si
277 1067 331 1087 non
345 1064 428 1087 totam
441 1060 590 1088 orationem
605 1060 726 1096 proferas
736 1082 744 1094 ,
759 1069 846 1096 neque
866 1061 1033 1089 dimidiatam

240 1106 421 1140 precationem
435 1106 516 1135 facias
526 1128 533 1139 ,
547 1107 595 1134 sed
613 1112 691 1142 prout
702 1107 816 1135 instituit
828 1128 836 1141 ,
852 1108 888 1135 ita
903 1115 1013 1143 precare
1023 1128 1032 1141 ,

240 1156 270 1179 ut
290 1153 437 1180 necessitas
459 1153 584 1181 dictionis
596 1154 716 1189 quotidie
728 1158 866 1182 exterrens
887 1153 1034 1189 compellat

239 1201 266 1225 te
281 1197 314 1225 ad
328 1199 452 1233 proximo
466 1200 569 1226 veniam
583 1199 798 1227 condonandam.
813 1199 853 1227 Ne
868 1199 933 1226 mihi
946 1199 1031 1234 dicas,

239 1243 401 1278 Compellavi
410 1265 418 1278 ,
432 1252 504 1279 saepe
518 1245 620 1280 rogavi,
634 1245 780 1280 supplicavi
790 1266 797 1278 ,
813 1245 863 1273 sed
874 1246 1033 1273 reconcilia-

240 1289 340 1317 tionem
351 1290 495 1324 impetrare
514 1297 569 1317 non
581 1291 668 1325 potui;
683 1298 716 1317 ne
727 1291 801 1325 prius
813 1291 936 1325 absistas,
952 1298 1031 1327 quam

240 1335 432 1363 reconcilieris.
452 1335 510 1363 Non
525 1336 596 1363 enim
610 1336 694 1369 dixit,
710 1336 819 1364 Dimitte
839 1336 891 1365 hoc
911 1337 1010 1364 donum
1023 1357 1031 1371 ,

239 1387 269 1409 et
282 1382 325 1409 abi
340 1382 517 1416 supplicatum
532 1382 606 1409 fratri
619 1387 684 1415 tuo,
696 1382 744 1410 sed
754 1403 761 1415 ,
780 1382 861 1417 Vade,
871 1384 1033 1410 reconciliare

241 1426 347 1461 (Matth.
363 1427 390 1455 5.
404 1427 449 1463 24)
466 1436 472 1455 :
487 1428 662 1463 quamobrem
678 1428 728 1456 etsi
738 1429 849 1456 multam
863 1428 1033 1463 supplicatio-

241 1481 302 1501 nem
315 1473 478 1506 adhibueris,
491 1482 525 1501 ne
538 1474 612 1509 prius
622 1474 741 1507 desinas,
754 1482 833 1510 quam
848 1475 1025 1509 persuaseris.

241 1520 311 1548 Deus
324 1527 372 1556 per
384 1520 501 1556 singulos
515 1520 572 1548 dies
586 1528 601 1547 a
615 1520 691 1548 nobis
706 1520 820 1556 flagitat,
834 1526 861 1549 et
884 1529 937 1549 non
956 1521 1033 1549 audi-

241 1574 312 1599 mus,
325 1574 376 1594 nec
388 1572 474 1594 tamen
488 1575 503 1595 a
513 1567 676 1603 ﬂagitatione
688 1567 807 1601 desistit,
817 1573 845 1596 et
855 1572 882 1596 tu
895 1575 910 1596 a
921 1575 1032 1596 conser-

239 1620 274 1640 vo
295 1613 449 1648 dedignaris
467 1613 609 1648 ﬂagitare?
622 1614 671 1646 Qui
683 1634 691 1647 ,
703 1621 794 1649 quaeso
805 1634 813 1648 ,
824 1615 928 1649 poteris
942 1614 1032 1642 salvus

240 1658 321 1685 esse?
335 1658 415 1693 Atqui
429 1665 500 1694 sa-pe
518 1659 636 1694 rogasti,
651 1664 678 1687 et
694 1667 766 1694 saepe
779 1659 902 1695 repulsus
919 1667 948 1688 es
961 1669 968 1694 ;
983 1660 1031 1688 sed

240 1708 316 1731 tanto
331 1703 459 1738 majorem
480 1704 629 1732 mercedem
643 1705 767 1740 accipies.
786 1705 853 1733 Nam
867 1711 966 1741 quanto
989 1707 1032 1734 ille

240 1749 415 1784 pervicacior,
427 1754 454 1777 et
467 1754 494 1776 tu
505 1750 530 1776 in
543 1750 710 1778 sollicitando
720 1752 943 1785 perseverantior,
957 1756 1031 1779 tanto

240 1795 267 1822 in
290 1795 377 1830 majus
400 1801 443 1823 tua
467 1796 608 1824 retributio
633 1797 780 1830 accrescit;
802 1805 909 1824 rursum
931 1804 1031 1833 quanto

239 1848 300 1868 cum
314 1840 418 1875 majore
430 1840 587 1869 difﬁcultate
599 1842 650 1869 hoc
661 1849 729 1877 opus
738 1842 843 1870 virtutis
855 1843 957 1878 exples,
969 1851 1031 1878 gra-

241 1886 352 1922 viusque
365 1887 548 1915 reconciliatio
561 1887 734 1921 instauratur,
750 1892 823 1916 tanto
834 1893 862 1916 et
872 1889 942 1916 illius
960 1889 1031 1924 judi-

239 1932 310 1959 cium
329 1932 415 1967 majus
430 1933 491 1965 erit,
502 1938 530 1960 et
542 1933 739 1968 splendidiores
753 1939 804 1962 tua:
825 1935 972 1963 tolerantia;
985 1943 1031 1963 co-

233 1977 325 2006 ronat.
339 1978 396 2006 Non
413 1978 543 2006 laudanda
557 1979 607 2006 ista
628 1979 715 2007 solum
726 2001 734 2013 ,
746 1980 793 2008 sed
811 1980 887 2008 factis
902 1980 1031 2009 exhiben-

238 2024 274 2051 da
285 2044 292 2056 ,
306 2031 355 2051 nec
370 2024 443 2059 prius
456 2023 650 2059 abscedamus,
664 2033 744 2060 quam
760 2026 795 2053 ad
806 2031 923 2054 veterem
937 2027 1031 2054 amici-

240 2071 303 2098 tiam
322 2071 425 2099 reversi
446 2071 583 2099 fuerimus.
597 2071 655 2099 Non
669 2072 739 2099 enim
753 2072 871 2107 sufficit,
882 2073 953 2109 quod
975 2082 1029 2101 non

238 2117 323 2150 laedis,
334 2117 406 2153 quod
417 2117 487 2145 nulla
504 2117 599 2153 injuria
610 2118 694 2146 afficis
703 2119 850 2153 inimicum,
859 2121 964 2156 etquod
975 2128 1028 2149 non

239 2162 384 2198 malignum
407 2163 525 2190 animum
539 2163 667 2191 adversus
684 2171 745 2191 eum
760 2165 831 2199 geris
843 2185 850 2197 ,
864 2165 912 2193 sed
925 2166 1029 2194 eniten-

238 2209 301 2236 dum
314 2213 356 2237 est
370 2214 398 2237 ut
411 2209 468 2244 ipse
482 2217 588 2245 quoque
600 2217 662 2245 erga
676 2217 725 2237 nos
739 2210 898 2239 benevolum
910 2212 1027 2240 animum

238 2254 342 2282 induat.

273 2301 302 2330 7.
320 2300 416 2328 Multos
430 2301 501 2328 enim
514 2301 592 2329 audio
604 2301 722 2329 dicentes
735 2310 743 2329 :
759 2302 816 2338 Ego
829 2303 895 2330 nihil
911 2303 1029 2333 infensus

238 2355 308 2378 sum,
325 2347 387 2374 nihil
403 2347 490 2380 doleo,
507 2356 594 2383 neque
605 2348 749 2384 quidquam
761 2357 902 2378 commune
912 2358 972 2379 cum
984 2352 1029 2380 illo

238 2392 334 2421 habeo.
347 2391 445 2420 Verum
461 2401 513 2421 non
534 2394 560 2420 id
581 2401 597 2421 a
619 2394 674 2422 Deo
689 2400 847 2429 praeceptum
861 2401 902 2423 est
915 2401 943 2423 ut
964 2397 1029 2425 nihil

237 2445 298 2465 cum
318 2445 352 2466 eo
372 2438 469 2465 habeas
483 2446 634 2472 commune,
646 2440 692 2467 sed
706 2445 736 2468 ut
748 2441 830 2469 multa
845 2441 943 2470 habeas
955 2450 1030 2469 com-

238 2484 337 2511 munia.
354 2483 409 2511 Hac
429 2485 498 2511 enim
512 2485 546 2512 de
560 2494 639 2514 causa
661 2486 743 2514 frater
754 2492 796 2514 est
810 2492 870 2515 tuus
891 2497 898 2515 :
924 2489 975 2516 hac
996 2490 1030 2517 de

238 2537 315 2557 causa
337 2530 487 2557 nondixit:
510 2531 624 2559 Remitte
647 2533 721 2561 fratri
741 2539 805 2566 tuo,
830 2542 889 2568 quae
903 2534 1029 2563 adversus

236 2585 298 2604 cum
320 2576 417 2608 babes;
441 2577 497 2613 sed,
512 2577 574 2610 Abi,
597 2584 621 2606 et
643 2588 701 2607 cum
721 2588 749 2607 eo
771 2581 842 2616 prius
862 2582 1030 2610 reconcilieris

237 2621 343 2654 (Matth.
357 2622 384 2650 5.
394 2623 431 2651 24
442 2622 470 2659 );
484 2628 510 2650 et
522 2625 543 2651 si
557 2625 600 2652 ille
615 2626 714 2660 aliquid
729 2626 808 2654 habet
820 2627 961 2656 adversum
981 2633 1008 2656 te
1019 2649 1027 2661 ,

236 2675 271 2695 ne
295 2669 367 2702 prius
383 2668 517 2703 inceptum
544 2671 661 2703 omittas,
683 2679 761 2706 quam
785 2673 934 2701 membrum
963 2675 1028 2702 illud

235 2713 378 2741 concordia
396 2715 518 2749 junctum
531 2716 673 2744 coalescat.
689 2717 728 2744 Tu
742 2724 830 2746 autem
846 2724 873 2746 ut
887 2719 954 2754 frugi
969 2728 1029 2748 ser-

235 2767 298 2786 vum
312 2767 462 2795 compares,
477 2766 505 2789 et
515 2769 608 2790 aurum
621 2769 775 2796 enumeras,
789 2770 815 2792 et
827 2772 888 2792 cum
898 2773 1029 2794 mercato-

236 2805 311 2834 ribus
322 2806 412 2834 mullis
427 2807 507 2834 verba
521 2807 596 2840 facis,
607 2813 634 2836 et
645 2809 751 2844 longam
765 2810 896 2838 interdum
907 2817 1028 2847 peregri-

235 2853 369 2880 nationem
380 2853 507 2889 suscipis;
518 2858 547 2881 ut
559 2858 648 2883 autem
662 2854 797 2884 inimicum
810 2857 923 2886 amicum
934 2858 1023 2894 facias,

592 129 623 156 S.
642 127 779 156 JOANNlS
797 127 1035 157 CHRYSOSTOMI
1055 128 1215 157 ARClllEP.
1234 130 1504 160 CONSTANTINOP.

1828 132 1884 160 ξοδ

1086 193 1140 214 non
1151 187 1239 214 omnia
1256 195 1347 216 moves
1359 193 1385 216 et
1396 190 1463 225 agis,
1478 188 1609 225 responde
1624 189 1709 217 mihi?
1723 189 1757 216 At
1770 196 1886 224 quomo-

1086 231 1120 259 do
1135 235 1233 267 poteris
1249 233 1332 261 Deum
1347 234 1373 262 in
1395 235 1520 270 precibus
1533 236 1672 268 invocare,
1693 243 1754 263 cum
1768 235 1828 270 ejus
1843 235 1886 262 le-

1085 285 1144 312 gem
1161 282 1299 314 tantopere
1314 280 1561 316 negligas?Servuli
1571 281 1704 315 possessio
1719 288 1772 308 non
1786 287 1886 315 magna

1086 324 1261 352 emolumenta
1281 325 1377 353 atl‘erre
1396 331 1499 362 potest;
1519 326 1643 354 inimicus
1663 331 1756 354 contra
1779 326 1887 354 amicus

1086 368 1181 402 factus,
1196 373 1225 397 et
1236 370 1319 398 Deum
1336 371 1414 399 nobis
1430 372 1572 407 propitium
1585 376 1614 400 et
1626 372 1830 400 benevolentem
1846 372 1886 398 ia-

1086 414 1149 448 ciet,
1161 420 1189 443 et
1203 415 1280 444 facile
1293 421 1382 445 nostra
1397 422 1505 453 peccata
1519 418 1651 452 resolvet,
1669 423 1697 446 et
1710 418 1780 446 inter
1793 417 1886 445 homi-

1087 467 1134 487 nes
1144 460 1261 496 laudem,
1272 467 1299 489 et
1312 463 1372 490 vita:
1385 468 1482 491 nostra:
1495 471 1616 499 magnam
1634 464 1803 492 securitatem
1815 471 1888 491 con-

1085 507 1202 535 eiliabit‘
1214 516 1222 534 :
1236 508 1301 536 nihil
1316 510 1386 536 enim
1400 510 1574 545 periculosius
1588 518 1666 545 quam
1680 510 1720 537 vel
1732 517 1814 537 unum
1830 509 1885 536 ha-

1087 551 1150 580 bere
1161 553 1307 582 inimicum.
1317 554 1384 582 Nam
1393 560 1420 583 et
1432 555 1502 583 fama
1513 555 1573 583 vita:
1586 559 1684 583 nostra;
1692 555 1806 589 laeditur,
1819 562 1885 582 cum

1086 596 1132 625 ille
1147 599 1243 626 millies
1256 606 1306 627 nos
1323 600 1392 635 apud
1407 608 1500 628 omnes
1513 601 1678 633 criminatur,
1692 605 1721 628 et
1733 608 1810 628 mens
1831 607 1886 627 no—

1085 648 1139 670 stra
1148 644 1269 672 turbatur
1278 650 1305 672 et
1314 646 1486 678 conscientia,
1498 643 1525 674 'et
1536 651 1718 681 tempestatem
1727 646 1885 674 continuam

1086 688 1114 716 in
1126 689 1222 717 animis
1234 691 1404 719 sustinemus.
1416 692 1482 725 Quae
1491 692 1579 720 omnia
1590 700 1651 719 cum
1661 692 1766 727 cognita
1782 691 1888 719 habea-

1085 743 1154 768 mus,
1167 736 1309 764 liberemus
1324 745 1372 766 nos
1385 738 1457 772 ipsos
1469 745 1483 765 a
1496 746 1573 773 poena
1582 744 1609 766 et
1621 738 1760 774 supplicio,
1774 743 1801 766 et
1811 745 1885 773 prae-

1085 788 1148 809 sens
1163 781 1258 809 festum
1273 783 1310 818 (a)
1323 791 1383 811 cum
1398 784 1521 812 omnibus
1533 785 1588 820 jam
1607 783 1684 812 dictis
1695 792 1885 816 revereanmr,

1085 831 1112 855 et
1126 828 1197 862 quod
1211 828 1282 856 illius
1296 830 1378 864 gratia
1394 829 1428 857 ab
1441 830 1602 865 lmperatore
1618 834 1741 865 optamus
1756 829 1884 865 adipisci,

1086 873 1111 900 id
1125 874 1205 901 etiam
1221 874 1280 902 aliis
1294 875 1482 903 concedamus.
1495 875 1560 903 Nam
1571 883 1604 903 ex
1619 876 1708 904 multis
1722 876 1813 908 audio,
1831 875 1886 902 lm—

1086 924 1234 954 peratorem
1260 920 1385 954 paschale
1407 921 1503 949 festum
1526 921 1689 956 reveritum,
1704 921 1840 949 civitatem
1854 922 1885 949 in

1084 966 1196 1000 gratiam
1210 972 1390 1002 recepturum,
1405 975 1553 1003 omnesque
1561 967 1678 995 offensas
1692 968 1884 995 remissurum.

1084 1011 1145 1046 Qui,
1159 1019 1261 1048 quaeso,
1283 1013 1362 1048 igitur
1377 1020 1429 1041 non
1450 1014 1584 1049 iniquum,
1604 1018 1634 1041 ut
1646 1014 1680 1041 ab
1693 1013 1751 1042 aliis
1765 1014 1884 1041 salutem

1085 1064 1249 1092 consequare
1260 1079 1269 1092 ,
1283 1059 1461 1087 reverentiam
1482 1060 1551 1087 velle
1570 1067 1629 1087 esse
1654 1059 1722 1088 festo
1735 1060 1855 1096 paschali
1872 1070 1882 1086 τ

1085 1104 1129 1132 ubi
1143 1109 1231 1132 autem
1251 1106 1310 1134 aliis
1329 1106 1454 1140 jubemur
1474 1106 1658 1140 reconciliari,
1680 1107 1788 1134 easdem
1800 1107 1884 1135 ferias

1085 1151 1150 1178 nihil
1164 1159 1268 1184 curare,
1282 1157 1310 1180 et
1323 1152 1396 1180 nullo
1408 1153 1435 1180 in
1451 1152 1554 1180 honore
1573 1153 1689 1180 habere?
1703 1153 1795 1181 Nullus
1807 1153 1883 1181 enim

1085 1202 1223 1232 tantopere
1241 1198 1405 1225 contaminat
1421 1205 1526 1226 sacrum
1541 1198 1620 1226 istum
1636 1198 1787 1233 paschalem
1815 1206 1884 1226 con-

1085 1248 1208 1274 ventum,
1221 1250 1300 1278 quam
1321 1243 1365 1270 ille
1384 1244 1428 1278 qui
1442 1251 1503 1271 eum
1517 1251 1577 1271 cum
1590 1243 1727 1271 simultate
1744 1243 1882 1275 celebrat,

1084 1288 1138 1316 imo
1152 1296 1186 1316 ne
1196 1289 1331 1316 celebrare
1342 1289 1448 1328 quidem
1462 1293 1559 1324 potest,
1574 1290 1695 1325 quamvis
1709 1289 1803 1317 decem
1816 1297 1884 1317 con-

1085 1334 1173 1361 tinuos
1186 1334 1243 1362 dies
1257 1334 1292 1362 ab
1302 1335 1375 1362 omni
1386 1334 1446 1362 cibo
1458 1335 1598 1363 abstineat.
1617 1334 1684 1362 Nam
1707 1335 1750 1362 ubi
1767 1335 1883 1362 inimici-

1084 1381 1129 1408 tize
1143 1386 1170 1408 et
1184 1381 1273 1408 odium
1283 1402 1290 1414 ,
1310 1381 1346 1408 ibi
1361 1389 1447 1417 neque
1463 1381 1593 1417 jejunium
1608 1389 1694 1416 neque
1707 1381 1806 1408 festum
1819 1389 1884 1410 esse

1084 1431 1181 1462 potest.
1195 1426 1252 1454 Non
1264 1427 1346 1455 audes
1359 1427 1439 1455 illotis
1449 1427 1570 1454 manibus
1579 1435 1682 1455 sacram
1695 1427 1830 1455 victimant
1841 1432 1884 1454 at-

1085 1477 1215 1506 trectare,
1233 1473 1314 1501 etiam
1334 1474 1355 1500 si
1369 1474 1442 1501 mille
1455 1473 1656 1501 necessitatibus
1676 1473 1806 1508 premaris
1822 1480 1830 1500 :
1846 1480 1884 1500 ne

1084 1518 1164 1554 igitur
1176 1519 1250 1546 illota
1259 1518 1372 1547 accedas
1385 1519 1473 1546 anima
1489 1527 1496 1545 :
1514 1518 1564 1546 hoc
1575 1518 1646 1546 enim
1657 1519 1740 1545 multo
1749 1526 1831 1553 quam
1846 1518 1882 1544 il-

1084 1564 1128 1591 lud
1142 1568 1184 1591 est
1195 1564 1310 1599 gravius,
1333 1568 1361 1592 et
1380 1564 1503 1591 acerbius
1515 1563 1671 1599 supplicium
1687 1564 1823 1598 importat.
1836 1563 1884 1591 Ni-

1084 1609 1120 1636 hil
1133 1609 1204 1637 enim
1216 1609 1250 1636 ita
1264 1608 1356 1644 implet
1369 1613 1486 1636 mentem
1493 1608 1626 1641 sordibus,
1638 1614 1666 1636 ut
1679 1609 1717 1636 ira
1733 1609 1805 1635 intus
1817 1616 1884 1643 per-

1083 1659 1164 1689 petuo
1174 1655 1333 1682 consistens.
1348 1653 1399 1682 Ubi
1411 1655 1482 1681 enim
1497 1653 1570 1681 furor
1582 1659 1623 1681 est
1639 1658 1666 1681 et
1680 1654 1717 1681 ira
1729 1674 1737 1688 ,
1752 1661 1786 1681 eo
1801 1654 1883 1689 spiri-

1084 1705 1126 1728 tus
1141 1699 1350 1728 mansuctudinis
1364 1707 1416 1728 non
1429 1699 1543 1727 advolat.
1557 1700 1641 1727 Homo
1653 1704 1742 1727 autent
1756 1699 1882 1727 desertus

1083 1753 1098 1773 a
1111 1746 1210 1781 Spiritu
1222 1750 1326 1779 sancto,
1342 1753 1421 1781 quem
1437 1753 1512 1780 spem
1528 1746 1620 1773 salutis
1633 1745 1711 1772 habet
1725 1745 1881 1780 reliquam?

1082 1791 1190 1827 quando
1202 1796 1275 1819 recte
1289 1790 1412 1818 incedet?
1427 1790 1466 1818 Ne
1481 1790 1570 1826 igitur,
1587 1790 1689 1822 dilecte,
1707 1790 1772 1817 dum
1786 1790 1880 1817 ulcisci

1083 1836 1219 1864 inimicum
1238 1837 1297 1870 vis,
1312 1836 1427 1870 teipsum
1447 1836 1596 1871 praecipites
1607 1856 1616 1868 ,
1631 1840 1677 1862 aut
1691 1835 1738 1862 Dei
1753 1835 1881 1870 praesidio

1082 1883 1191 1918 spolies.
1206 1883 1320 1910 Maxime
1333 1890 1397 1910 vero
1407 1882 1478 1917 quia,
1493 1882 1598 1910 etiamsi
1611 1880 1726 1909 difﬁcilis
1739 1889 1783 1908 res
1795 1886 1879 1914 esset,

1082 1929 1216 1965 supplicii,
1229 1929 1300 1964 quod
1314 1937 1347 1956 ex
1360 1929 1559 1964 inobsequentia
1579 1928 1704 1960 nascitur,
1721 1928 1881 1963 magnitudo

1081 1976 1146 2003 satis
1159 1980 1210 2008 est,
1222 1979 1250 2002 ut
1260 1975 1300 2002 vel
1313 1974 1457 2002 admodum
1476 1974 1599 2008 supinum
1614 1977 1641 2001 et
1655 1974 1778 2009 ignavum
1793 1974 1880 2008 erigat

1081 2021 1232 2056 excitetque
1240 2020 1272 2047 ad
1283 2020 1404 2056 quemvis
1413 2019 1609 2055 suscipiendum
1620 2019 1737 2046 laborem
1748 2027 1758 2052 ;
1768 2024 1796 2046 at
1807 2027 1879 2046 nunc

1082 2067 1138 2102 ipsa
1152 2066 1238 2093 oratio
1250 2073 1372 2101 magnam
1383 2065 1461 2100 hujus
1471 2065 1568 2100 negotii
1579 2064 1696 2092 ostendit
1706 2064 1878 2098 facilitatem,

1081 2113 1103 2140 si
1123 2112 1203 2139 modo
1215 2111 1337 2139 velimus.
1351 2110 1391 2138 Ne
1404 2111 1484 2145 igitur
1496 2110 1658 2145 negligamus
1670 2114 1790 2137 nostram
1804 2110 1878 2145 ipso-

1081 2166 1140 2186 rum
1153 2158 1276 2191 salutem,
1292 2157 1338 2185 sed
1352 2164 1460 2191 operam
1474 2156 1567 2183 demus
1580 2163 1611 2183 ac
1623 2155 1711 2182 omnia
1725 2154 1858 2182 faciamus
1867 2176 1877 2188 ,

1080 2208 1110 2231 ut
1125 2204 1182 2230 sine
1195 2202 1309 2230 inimicis
1322 2210 1404 2229 sacra:
1419 2209 1520 2229 mensa:
1540 2201 1704 2228 assistamus.
1719 2200 1792 2227 Nihil
1806 2201 1878 2228 enim

1081 2255 1273 2284 praeceptorum
1289 2247 1334 2275 Dei
1346 2247 1454 2274 difficile
1465 2247 1524 2279 erit,
1537 2247 1558 2274 si
1573 2251 1644 2274 recte
1656 2246 1876 2278 consideremus;

1081 2295 1160 2330 idque
1170 2299 1242 2330 patet
1255 2301 1288 2321 ex
1298 2293 1330 2321 iis
1342 2294 1386 2328 qui
1400 2293 1510 2320 feliciter
1520 2300 1549 2320 se
1556 2292 1610 2328 jam
1624 2292 1650 2319 in
1661 2292 1713 2319 illis
1723 2298 1876 2327 gesserunt.

1081 2342 1150 2376 Quot
1167 2341 1238 2368 enim
1255 2339 1362 2375 jurandi
1380 2339 1570 2367 consuetudine
1583 2338 1793 2373 abripiebantur,
1809 2343 1837 2366 et
1848 2347 1877 2367 se

1082 2388 1107 2415 id
1122 2387 1177 2415 vitii
1192 2387 1336 2415 emendare
1354 2386 1396 2413 vix
1412 2393 1492 2421 posse
1509 2385 1670 2414 censebant?
1689 2385 1815 2412 Attamen
1831 2393 1876 2420 per

1082 2435 1127 2462 Dei
1138 2434 1262 2469 gratiam,
1278 2433 1321 2460 ubi
1333 2440 1413 2468 parva
1425 2440 1440 2459 ιι
1454 2432 1528 2459 vobis
1541 2431 1659 2458 adhibita
1674 2436 1716 2458 est
1724 2439 1802 2464 cura,
1818 2439 1876 2458 ma-

1079 2480 1164 2515 jorem
1186 2485 1286 2513 partem
1305 2479 1363 2513 ejus
1388 2478 1527 2512 pravitatis
1544 2477 1662 2504 abluistis
1678 2485 1686 2504 :
1700 2477 1877 2512 quamobrem

1081 2534 1129 2553 vos
1146 2525 1283 2557 adhortor,
1299 2529 1327 2551 ut
1340 2524 1464 2559 reliquias
1477 2531 1583 2558 quoque
1595 2522 1734 2557 deportatis
1744 2543 1751 2555 ,
1764 2523 1875 2557 aliisque

1081 2573 1222 2607 magistros
1232 2579 1279 2598 vos
1293 2570 1451 2598 exhibeatis.
1466 2570 1500 2601 lis
1513 2577 1588 2603 vero,
1598 2569 1642 2604 qui
1656 2569 1775 2596 nondum
1792 2569 1818 2596 id
1831 2577 1873 2596 as-

1082 2618 1184 2651 scquuti
1206 2622 1284 2648 sunt,
1307 2616 1353 2643 sed
1374 2616 1479 2649 longum
1500 2615 1575 2642 nobis
1591 2619 1693 2649 tempus
1713 2620 1874 2649 praetexunt,

1081 2671 1134 2699 quo
1147 2667 1224 2690 antea
1239 2663 1310 2690 soliti
1320 2667 1396 2689 erant
1407 2662 1555 2696 juramcnta
1567 2668 1703 2694 usurpare,
1716 2660 1873 2695 dicuntque,

1081 2709 1245 2744 impossibile
1255 2715 1315 2736 esse
1330 2709 1396 2735 intra
1408 2707 1488 2734 breve
1504 2712 1607 2741 tempus
1623 2706 1647 2733 id
1662 2707 1791 2739 avellere,
1804 2706 1873 2742 quod

1081 2765 1129 2792 per
1141 2756 1239 2784 multos
1251 2763 1334 2783 annos
1349 2755 1452 2785 radices
1469 2754 1533 2789 egit,
1555 2753 1737 2788 responderim
1751 2761 1812 2788 ego,
1829 2753 1874 2783 ubi

1114 2834 1121 2848 ί
1140 2836 1192 2856 sav.
1205 2832 1230 2856 in
1241 2838 1328 2862 marg,
1340 2836 1452 2862 magnam
1462 2829 1591 2862 utilitath
1604 2828 1747 2862 conciliabit.

1115 2839 1121 2848 '
1140 2839 1192 2856 sav.
1205 2839 1230 2856 Ill
1241 2839 1292 2856 mar
1312 2850 1328 2859 .,
1340 2839 1452 2862 magnam
1462 2839 1587 2855 utttuuwm
1604 2839 1747 2854 communit.

1114 2863 1149 2894 (α)
1167 2867 1222 2888 Haec
1228 2839 1327 2888 bomiiia
1334 2866 1390 2890 ante
1403 2862 1488 2887 Pascha
1499 2862 1554 2888 anni
1565 2860 1610 2886 387
1622 2861 1703 2885 habita
1714 2865 1763 2885 est.
