1983 3125
79 135 116 165 201
564 137 609 163 AD
627 135 791 163 POPULUM
811 131 1063 162 ANTIOCHENUM
1094 133 1212 162 HOMIL.
1231 134 1290 162 XX.

79 195 224 228 ἀνθρώποις
240 193 276 220 τὰ
290 194 484 230 ὀφειλήματα
499 193 608 226 αὐτῶν,
621 194 672 232 καὶ
682 195 698 221 ό
708 192 808 227 Πατὴρ
820 192 904 227 ὑμῶν·

78 240 92 265 n'
103 237 235 272 οὐράνιος
251 237 370 271 ἀφήσει
383 238 458 273 ὑμῖν
474 237 511 265 τὰ
527 237 711 272 ὀφειλήματα
723 235 798 273 [209]
811 235 905 270 ὑμῶν.

78 282 148 309 Ὀσον
163 281 192 307 δέ
209 281 308 308 ἑκατὸν
325 281 464 318 δηναρίων
479 282 526 308 καὶ
542 281 646 317 μυρίων
660 281 799 308 ταλάντων
813 280 844 307 τὺ
857 279 907 316 μέ-

78 334 124 355 σον,
144 323 272 350 τοσοῦτον
297 324 415 352 ἐκείνων
441 325 487 352 καὶ
506 325 608 352 τούτων
629 324 684 351 τῶν
707 323 907 359 ὀφειλημάτων.

75 369 150 400 Ποίας
159 366 208 396 οὖν
221 369 274 395 οὐκ
296 369 331 396 ἂν
354 370 416 405 εῑης
431 369 566 401 κολάσεως
587 368 661 401 ἄξιος
681 369 695 395 ό
708 368 743 395 τά
766 368 850 404 μύρια
863 367 909 395 τά-

73 415 150 440 λιντα
173 414 236 440 ἀντὶ
262 414 363 440 ἑκατὸν
390 414 526 449 δηναρίων
547 413 698 449 λαμϐάνειν
717 413 838 448 μέλλων,
863 412 911 439 καὶ

72 458 128 484 οὐδὲ
142 457 216 484 οὕτω
231 457 268 484 τὰ
282 458 373 494 μικρὰ
387 457 474 485 ταῦτα
488 458 578 492 ἀφεὶς,
591 457 661 484 ἀλλά
679 457 740 484 καθ’
753 456 849 483 ἑαυτοῦ
860 456 911 492 τὴν

71 502 151 536 εὐχὴν
176 501 283 537 ταύτην
314 501 494 537 ποιούμενος;
519 502 602 528 Ὅταν
627 501 682 538 γὰρ
706 500 807 537 εἴπῃς,
826 501 912 535 Ἀςιες

70 546 150 581 ἡμῖν,
165 546 209 579 ὡς
232 546 283 573 καὶ
300 546 387 581 ἡμεῖς
400 547 535 581 ἀφίεμεν,
552 545 612 573 εἶτα
629 546 661 573 σὺ
680 545 718 581 μὴ
733 545 816 580 ἀφῇς,
834 544 912 571 οὐδὲν

69 591 163 625 ἕτερον
185 590 234 616 τδν
261 590 328 617 Θεὸν
351 591 531 626 παρακαλεῖς,
547 589 636 626 ἀλλ’ἢ
653 590 742 626 πάσης
766 588 914 623 ἀπολογίας

68 635 233 669 ἀποστερεῖν
254 643 286 661 σε
309 635 358 661 καὶ
377 635 554 670 συγγνώμης.
563 634 632 661 Ἀλλ’
647 635 678 661 οὐ
701 633 803 669 τολμῶ,
820 633 914 668 φησὶν,

67 679 264 712 εἰπεῖν.Ἀφες
279 687 335 713 μοι,
349 678 441 711 καθὼς
456 679 567 714 ἀφίημι,
580 678 740 713 ἀλλ’,Ἀφες
756 686 811 713 μοι,
823 677 913 712 μόνον.

68 723 126 750 Καὶ
148 723 176 748 τί
199 723 297 756 τοῦτο;
315 723 366 749 κᾶν
381 722 436 758 γὰρ
457 723 538 754 αὐτὸς
563 722 601 758 μὴ
626 722 717 758 εἴπῃς,
732 723 746 748 ὁ
763 720 828 753 Θεὸς
845 720 916 747 οὓτω

68 768 160 793 ποιεῖ·
184 766 280 798 καθὼς
295 767 393 802 ἀφίης,
411 766 498 799 οὕτως
517 766 625 802 ἀφίησι.
650 766 706 793 Καὶ
721 765 801 792 τοῦτο
821 765 853 792 ἐκ
867 765 916 800 τῆς

68 811 223 846 ἐπαγωγῆς
236 810 348 847 εὔδηλον
360 811 497 846 ἐποίησεν.
510 811 581 838 Ἐὰν
594 810 649 847 γὰρ
661 810 704 845 μὴ
719 809 825 845 ἀφῆτε,
839 809 916 844 φησι,

69 855 134 888 τοῖς
154 855 341 889 ἀνθρώποις,
364 855 436 882 οὐδὲ
460 856 477 882 ὁ
498 855 601 890 Πατὴρ
628 855 712 890 ὑμῶν
739 856 755 882 ό
779 853 918 888 οὐράνιος

68 901 205 935 ἀφίησιν
216 900 300 935 ὑμῖν.
317 900 364 935 Μὴ
388 900 480 926 τοίνυν
501 899 644 927 εὐλάϐειαν
667 898 736 926 εἶναι
758 898 873 934 νομίσῃς
888 897 919 924 τὸ

70 946 110 980 μὴ
128 944 223 978 λέγειν
237 943 386 980 ὁλόκληρον
400 943 450 979 τὴν
466 945 554 980 ῥῆσιν,
572 944 640 980 μηδὲ
653 944 683 977 ἐξ
697 943 827 979 ἡμισείας
839 941 918 968 ποιοῦ

68 990 122 1024 τὴν
136 989 235 1025 εὐχήν,
253 988 362 1021 ἀλλ’ὡς
386 988 481 1021 ἔταξεν
490 995 515 1021 ι,
536 989 624 1020 οὕτως
647 988 740 1024 εὔχου,
759 987 803 1014 ἵνα
827 986 880 1014 κᾶν
901 987 918 1022 ὴ

70 1034 186 1069 ἀνάγκη
202 1034 255 1068 τῆς
272 1033 373 1066 λέξεως
393 1033 515 1068 φοὸοὖσα
528 1033 589 1060 καθ’
605 1033 713 1068 ἡμέραν
731 1031 875 1067 συνωθήσῃ
889 1039 920 1058 σε

71 1078 143 1114 12.6%;
157 1078 210 1113 τὴν
225 1077 281 1104 τῶν
294 1077 408 1112 πλησίον
422 1077 605 1113 συγχώρησιν.
617 1077 663 1111 Μή
680 1084 726 1113 μοι
741 1076 804 1110 λέγε
813 1084 821 1091 ·
846 1076 922 1111 Παρ-

71 1122 196 1149 εκάλεσα
219 1121 315 1154 πολλὰ,
335 1121 472 1153 ἱκέτευσα,
487 1121 611 1157 ἐδεήθην,
625 1121 672 1148 καὶ
691 1121 721 1147 οὐ
742 1119 899 1156 κατηλλάγη
911 1128 919 1135 ·

71 1166 213 1202 πρότερον
237 1166 274 1201 μὴ
297 1166 430 1201 ἀποστῇς,
446 1165 496 1196 ἕως
511 1165 543 1192 ἂν
560 1164 741 1200 καταλλάξῃς.
758 1165 796 1192 Οὐ
814 1164 869 1201 γὰρ
883 1159 922 1191 εἵ-

73 1211 232 1244 πεν,¹Δφες
249 1209 280 1236 τὸ
292 1209 377 1245 δῶρόν
396 1217 455 1242 σου,
467 1209 513 1236 καὶ
526 1208 626 1243 ὕπαγε,
639 1208 776 1236 ἱκέτευσον
793 1208 839 1235 τὸν
849 1207 923 1235 ἁδελ-

72 1255 126 1288 φόν
143 1262 206 1286 σου,
224 1253 295 1285 ἀλλ’,
313 1253 435 1288 Ὕπαγε,
457 1253 649 1288 διαλλάγηθν
677 1252 749 1279 ὥστε
773 1253 824 1280 κᾶν
837 1252 924 1280 πολλά

74 1298 238 1334 ἱκετεύσῃς,
263 1298 302 1333 μὴ
330 1298 463 1333 πρότερον
487 1299 620 1334 ἀποστῇς,
642 1297 695 1328 ἐως
718 1297 751 1324 ἂν
777 1297 923 1332 πείσῃς,ὐ

73 1343 143 1374 Θεὸς
170 1342 235 1369 καθ’
249 1342 370 1377 ἑκάστην
395 1342 502 1378 ἡμέραν
523 1343 599 1378 ἡμᾶς
619 1341 783 1377 παρακαλεῖ,
799 1341 847 1368 καὶ
873 1341 925 1368 οὐκ

75 1386 228 1421 ἀκούομεν,
244 1386 292 1413 καὶ
304 1386 380 1421 ὅμως
401 1386 432 1413 οὺ
454 1385 570 1412 παύεται
585 1385 753 1421 παρακαλῶν
763 1394 770 1401 ·
790 1385 821 1412 σὺ
835 1385 864 1411 δὲ
877 1384 924 1412 τὸν

81 1430 228 1457 σύνδουλόν
246 1439 295 1457 σου
308 1429 436 1462 ἀπαξιοῖς
449 1430 653 1466 παρακαλέσαι;
671 1430 727 1457 Kal
744 1429 808 1456 πότε
823 1429 924 1466 δυνήσῃ

79 1474 221 1509 σωθῆναι;
241 1474 324 1502 Ἀλλά
345 1474 478 1507 πολλάκις
497 1474 700 1510 παρεκάλεσάς,
723 1474 772 1500 καὶ
794 1473 924 1505 πολλάκις

78 1518 294 1555 ἀπεκρούσθης*
318 1519 388 1546 ἀλλά
411 1518 522 1546 πλείονα
543 1518 588 1545 διὰ
611 1518 691 1545 τοῦτο
714 1518 788 1555 λήψῃ
816 1517 922 1553 μισθόν.

80 1564 158 1598 ὀσῳ
173 1563 230 1598 γὰρ
246 1563 281 1590 ἂν
295 1563 401 1595 ἐκεῖνος
423 1563 572 1598 φιλοκεινῇ,
586 1562 634 1589 καὶ
647 1562 679 1589 σὺ
698 1561 783 1598 μένῃς
797 1570 925 1598 παρακα-

80 1607 146 1639 λῶν,
161 1607 286 1643 τοσούτῳ
304 1616 348 1634 σοι
369 1607 404 1634 τὰ
423 1608 472 1643 τῆς
490 1607 608 1643 ἀμοιὸῆς
630 1607 757 1640 αὕξεται-
783 1607 837 1642 ὅσῳ
857 1606 927 1642 μετὰ.

82 1652 208 1684 πλείονος
230 1651 376 1683 δυσκολίας
397 1651 428 1678 τὸ
451 1650 616 1687 κατόρθωμα
631 1650 747 1685 γίνεται,
765 1650 811 1677 καὶ
829 1648 925 1676 πολλοῦ

82 1695 129 1722 τοῦ
144 1696 229 1722 πόνου
244 1696 261 1731 ή
276 1694 445 1730 καταλλαγὴ,
465 1695 585 1730 τοσούτῳ
603 1695 722 1730 κάκείνῳ
742 1694 834 1730 μεῖζον
849 1694 926 1720 ἔσται

83 1740 114 1767 τὸ
127 1732 228 1775 κρῖμα,
243 1740 294 1767 καὶ
307 1739 349 1766 σοὶ
363 1738 549 1774 λαμπρότεροι
562 1739 613 1774 τῆς
626 1738 774 1774 καρτερίας
789 1738 814 1764 οἱ
828 1737 927 1772 στέφα-

84 1793 133 1811 νοι.
151 1784 248 1811 Ταῦτα
267 1783 306 1819 μὴ
322 1783 402 1819 μόνον
417 1783 584 1819 ἐπαινῶμεν,
602 1782 670 1810 ἀλλὰ
689 1783 737 1809 καὶ
758 1781 802 1808 διὰ
815 1782 870 1808 τῶν
883 1780 927 1817 ἐρ-

85 1837 142 1862 γων
167 1827 383 1863 ἐπιδειξώμεθα,
408 1827 455 1854 καὶ
481 1827 520 1864 μὴ
544 1827 677 1863 πρότερον
693 1825 927 1863 ἀναχωρήσωμεν,

84 1873 137 1905 ἕως
160 1871 194 1899 ἂν
217 1873 258 1904 είς
275 1870 326 1907 τὴν
341 1871 477 1908 προτέραν
491 1871 684 1907 ἐπανέλθωμεν
701 1870 803 1906 φιλίαν,
818 1870 855 1897 Οὺ
873 1869 929 1905 γὰρ

85 1917 166 1951 ἀρκεῖ
175 1915 208 1942 τδ
224 1915 263 1951 μὴ
275 1915 373 1942 λυπεῖν
388 1915 455 1951 μηδέ
470 1915 572 1942 ἀδικεῖν
585 1914 630 1942 τὸν
642 1914 748 1950 ἐχθρὸν,
761 1914 828 1950 μηδέ
839 1913 930 1950 ἀηδῶς

84 1961 159 1995 ἔχειν
176 1959 247 1994 πρὸς
261 1959 346 1986 αὐτὸν
359 1959 431 1986 κατά
446 1960 577 1992 διάνοιαν,
592 1958 662 1986 ἀλλά
670 1958 724 1995 χρὴ
737 1959 864 1986 κάκεῖνον
875 1966 930 1984 πα-

86 2003 270 2039 ρασκευάζειν
282 2003 369 2039 ἡδέως
383 2003 452 2040 πρὸς
467 2004 541 2039 ἡμᾶς
553 2003 637 2039 ἐχειν.

121 2064 154 2098 ζ’.
185 2066 244 2093 Καὶ
267 2065 323 2101 γὰρ
346 2065 438 2093 ἀκούω
465 2065 570 2092 πολλῶν
595 2065 742 2099 λεγόντων·
782 2063 854 2098 Ἐγὼ
879 2064 929 2090 οὐκ

86 2110 236 2146 ἐχθραίνω,
245 2110 309 2137 οὐδὲ
317 2110 467 2145 λυποῦμαι,
480 2109 539 2136 οὐδὲ
554 2109 609 2145 ἔχω
622 2118 648 2136 τι
662 2108 752 2136 κοινὸν
759 2108 828 2144 πρὸς
836 2107 927 2134 αὐτόν.

93 2154 163 2181 Ἀλλ’
176 2155 209 2181 οὐ
225 2154 308 2182 τοῦτο
325 2154 468 2181 ἐκέλευσεν
482 2155 496 2180 ὁ
506 2153 583 2186 Θεὸς,
601 2153 646 2180 ἴνα
664 2153 749 2189 μηδὲν
759 2153 849 2181 κοινὸν
864 2152 931 2189 ἔχῃς

87 2200 157 2235 πῴς
170 2199 265 2230 αὑτὸν,
281 2198 339 2226 ἀλλ’
351 2199 395 2225 ἴνα
409 2199 478 2234 πρὸς
497 2199 580 2225 αὐτὸν
596 2198 673 2225 κοινὰ
692 2198 758 2236 ἔχῃς
774 2197 868 2224 πολλά.
882 2197 932 2224 Διά

86 2244 166 2270 τοῦτο
179 2243 236 2279 γάρ
251 2242 299 2269 σού
313 2243 388 2270 ἐστιν
400 2242 522 2277 ἀδελφὸς,
535 2242 580 2269 διὰ
593 2242 672 2269 τοῦτο
683 2242 733 2269 οὐκ
743 2239 830 2268 εἶπεν·
845 2241 931 2276 Ἀφες

87 2287 127 2322 τῷ
146 2287 258 2322 ἀδελφῷ
269 2295 328 2318 σου,
340 2286 358 2314 ἃ
372 2286 444 2322 ἔχεις
457 2287 516 2313 κατ’
531 2286 630 2313 αὑτοῦ·
655 2285 724 2313 ἀλλά
746 2286 793 2319 τί;
810 2286 930 2320 Ὕπαγε,

90 2330 209 2366 πρῶτον
232 2329 413 2365 διαλλάγηθι
435 2329 525 2363 αὐτῷ,
547 2329 599 2357 κᾶν
624 2330 726 2362 ἐκεῖνος
752 2329 800 2365 ἔχῃ
819 2337 845 2355 τι
862 2329 933 2355 κατὰ

91 2375 149 2406 σοῦ,
164 2375 212 2401 καὶ
229 2374 268 2410 μὴ
278 2374 412 2410 πρότερον
429 2374 563 2410 ἀποστῇς,
576 2374 628 2405 ἓως
643 2373 676 2401 ἂν
689 2373 794 2409 ἐνώσῃς
807 2373 837 2400 τὸ
851 2373 932 2409 μέλος

91 2421 130 2451 εἰς
144 2419 283 2454 ὁμόνοιαν.
301 2418 338 2445 Σὺ
352 2418 392 2450 δέ,
416 2417 461 2445 ἵνα
486 2418 596 2453 οἰκέτην
612 2419 700 2454 κτήσῃ
723 2418 868 2454 χρήσιμον,
885 2417 934 2445 καὶ

92 2463 205 2498 χρυσίον
220 2462 414 2496 καταϐάλλεις,
425 2462 474 2490 καὶ
490 2463 621 2498 ἐμπόροις
631 2462 744 2498 διαλέγῃ
757 2462 875 2496 πολλοῖς,
885 2463 934 2489 καὶ

92 2507 248 2543 ἀποδημίαν
282 2507 415 2539 πολλάκις
439 2507 590 2543 ἀποδημεῖς
617 2507 743 2543 μακράν·
767 2507 812 2535 ἵνα
836 2507 865 2534 δὲ
887 2507 933 2534 τὸν

93 2552 190 2587 ἐχθρὸν
206 2551 281 2589 [210]
296 2552 416 2587 ποιήσῃς
434 2551 521 2586 φίλον,
536 2552 567 2578 οὑ
582 2551 671 2578 πάντα
685 2553 770 2583 κινεῖς
781 2552 829 2579 καὶ
847 2551 935 2587 πράτ-

94 2603 160 2629 τεις,
173 2595 233 2622 είπέ
251 2604 314 2632 μοις
333 2595 391 2622 Kal
405 2595 465 2627 πῶς
481 2595 582 2632 δυνήσῃ
594 2596 639 2623 τὸν
651 2596 717 2622 Θεὸν
731 2596 934 2631 παρακαλέσαι,

95 2639 148 2666 τῶν
161 2640 251 2676 νόμων
264 2639 351 2667 αὑτοῦ
371 2639 443 2666 οὓτω
459 2639 621 2675 καταμελῶν
632 2648 640 2673 ς
656 2640 754 2667 Καίτοι
767 2640 873 2667 οἰκέτου
886 2640 935 2676 μὲν

96 2692 112 2719 η
125 2685 217 2721 κτῆσις
229 2686 310 2713 οὐδὲν
329 2685 404 2721 μέγα
418 2686 490 2721 ἡμᾶς
503 2685 598 2721 ὀνῆσαι
610 2686 765 2721 δυνήσεται,
774 2686 788 2712 ὁ
798 2685 827 2712 δὲ
838 2685 935 2721 ἐχθρὸς

95 2731 228 2767 γινόμενος
243 2731 336 2766 φίλος,
351 2729 402 2757 καὶ
415 2730 461 2756 τὸν
478 2730 543 2757 Θεὸν
557 2730 623 2766 ἡμῖν
636 2731 701 2758 ἵλεω
714 2731 822 2767 ποιήσει
836 2731 882 2757 καὶ
891 2730 936 2757 εὑ-

128 2888 140 2902 ·
152 2885 221 2913 Savil
235 2883 262 2909 in
278 2889 362 2914 marg.
375 2885 403 2908 cl
416 2889 479 2908 unus
490 2884 563 2908 codex
572 2884 687 2911 ἐπέταξεν.

1746 135 1798 164 208

961 192 1041 228 μενῆ.
1056 193 1104 220 καὶ
1126 192 1161 219 τὰ
1184 193 1372 228 ἁμαρτήματα
1395 193 1461 228 ἡμῖν
1483 191 1603 219 διαλύσει
1624 191 1732 228 ῥᾳδίως,
1755 195 1802 221 xal

960 239 1036 276 παρὰ
1051 240 1205 277 ἀνθρώποις
1220 239 1332 267 ἔπαινον
1346 240 1393 266 καὶ
1407 239 1509 275 πολλὴν
1521 240 1587 275 ἡμῖν
1602 240 1673 268 κατὰ
1686 241 1731 267 τὸν
1743 241 1800 277 βίον

960 287 1122 323 προξενήσει
1139 287 1190 323 τὴν
1207 286 1358 322 ἀσφάλειαν
1370 287 1395 306 δ’
1409 287 1486 314 οὐδὲν
1501 287 1555 323 γὰρ
1569 288 1801 324 ἐπισφαλέστερον

960 331 1009 358 τοῦ
1026 332 1073 359 καὶ
1087 333 1135 361 ἕνα
1157 333 1237 368 μόνον
1250 332 1348 368 ἐχθρὸν
1363 333 1544 368 κεκτημένου.
1560 334 1616 360 Καὶ
1637 334 1690 370 γὰρ
1705 336 1722 371 ἠ
1737 335 1800 368 δόξα

962 378 1013 413 τῆς
1028 379 1102 414 ζωῆς
1119 379 1198 415 ⁴ἡμῶν
1214 379 1445 411 καταϐλάπτεται,
1472 379 1556 415 μυρία
1579 380 1673 412 κακῶς
1695 382 1800 414 ἐκείνου

963 425 1089 460 λέγοντος
1102 425 1172 461 πρὸς
1185 426 1290 457 πάντας
1303 426 1387 461 ἡμᾶς,
1400 425 1448 452 καὶ
1465 426 1481 461 ἡ
1500 425 1603 453 διάνοια
1619 427 1696 462 ἡμῶν
1711 427 1803 454 θολοῦ-

963 479 1020 503 ται,
1036 471 1084 498 καὶ
1107 471 1138 498 τὸ
1162 471 1280 503 συνειδὸς
1295 471 1461 507 θορυϐεῖται,
1477 471 1525 498 καὶ
1547 472 1669 507 χειμῶνα
1691 473 1803 509 διηνεκῆ

965 515 1103 552 λογισμῶν
1113 516 1389 552 ὑφιστάμεθα.”Ᾱπερ
1403 516 1510 543 ἅπαντα
1523 517 1671 550 συνειδότες
1683 519 1803 546 ἀπαλλά-

966 560 1057 597 ξωμεν
1071 562 1184 593 ἑαυτοὺς
1195 561 1332 594 κολάσεως
1340 561 1391 588 καὶ
1404 562 1550 597 τιμωρίας,
1570 563 1618 589 καὶ
1631 563 1681 598 τὴν
1699 563 1804 600 παροῦ-

968 617 1017 635 σαν
1043 607 1140 644 ἑορτὴν
1164 607 1233 643 μετά
1255 607 1309 634 τῶν
1331 608 1486 644 εἰρημένων
1500 609 1670 644 αίδεσθῶμεν
1684 610 1805 642 πάντων,

968 655 1016 681 καὶ
1029 650 1066 681 ὧν
1082 654 1158 690 παρὰ
1174 654 1222 681 τοῦ
1240 654 1373 690 βασιλέως
1386 655 1420 681 δι’
1435 654 1543 690 ἐκείνην
1556 655 1685 691 ἀξιοῦμεν
1704 658 1806 692 τυχεῖν,

968 700 1070 727 τούτων
1097 700 1145 728 καὶ
1166 702 1247 736 ἡμεῖς
1269 700 1424 728 ἀπολαῦσαι
1444 700 1534 736 δῶμεν
1551 701 1666 737 ἑτέροις.
1683 702 1737 729 Καὶ
1752 703 1807 738 γὰρ

969 747 1074 774 πολλῶν
1089 747 1181 774 ἀκούω
1198 748 1342 782 λεγόντων,
1356 749 1398 775 ὅτι
1413 748 1521 780 πάντως
1537 749 1551 775 ὁ
1567 748 1694 783 βασιλεὺς
1706 749 1737 776 τὸ
1749 750 1806 777 Πά-

971 803 1023 829 σχα
1042 793 1072 820 τδ
1087 794 1159 829 ἱερὸν
1172 794 1307 825 αἰδεσθεὶς
1320 795 1354 830 τῇ
1370 794 1446 822 πόλει
1462 796 1701 831 καταλλαγήσεται
1718 797 1809 824 καὶτὰ

971 841 1158 877 ἁμαρτήματα
1173 841 1273 876 ἀφήσει
1292 842 1391 869 πάντα.
1405 843 1468 874 Πῶς
1482 840 1529 870 οὖν
1546 843 1596 870 οὐκ
1608 843 1719 876 ἄτοπον,
1728 844 1809 879 ήνίκα

973 887 1023 922 μὲν
1037 888 1102 921 παρ’
1114 887 1215 922 ἐτέρων
1228 887 1362 920 σώζεσθαι
1376 888 1434 925 δέῃ,
1446 888 1496 925 τὴν
1511 889 1607 925 ἑορτὴν
1619 889 1667 916 καὶ
1681 889 1729 925 τὴν
1745 889 1809 917 ταύ-

971 940 1022 966 της
1038 931 1117 964 ἀξίαν
1130 931 1346 969 προβάλλεσθαι·
1361 932 1444 968 ἡνίκα
1456 932 1484 959 δὲ
1498 933 1531 959 ἂν
1543 933 1648 969 ἑτέροις
1659 934 1810 962 καταλλάτ-

972 977 1066 1004 τεσθαι
1081 977 1268 1014 κελευώμεοα,
1286 978 1430 1014 ἀτιμάζειν
1446 978 1550 1015 ταύτην
1573 980 1620 1007 καὶ
1644 980 1726 1016 μηδὲν
1741 979 1812 1009 εἶναι

973 1024 1115 1060 νομίζειν;
1136 1025 1230 1057 Οὐδεὶς
1247 1025 1301 1061 γὰρ
1321 1025 1418 1059 οὕτως,
1438 1026 1526 1059 οὐδεὶς
1548 1027 1597 1063 τὴν
1619 1029 1695 1064 ίεράν
1709 1029 1811 1065 ταύτην

974 1069 1150 1105 καταισχύνει
1166 1071 1329 1106 πανήγυριν,
1347 1070 1385 1102 ὡς
1400 1072 1413 1098 ό
1426 1071 1496 1107 μετὰ
1509 1072 1556 1099 τοῦ
1570 1077 1749 1109 μνησικακεῖν
1763 1076 1812 1102 αὐ·-

974 1117 1024 1153 τὴν
1033 1122 1044 1136 ε
1062 1116 1195 1144 ἐπιτελῶν
1208 1124 1215 1131 ·
1230 1116 1331 1152 μᾶλλον
1342 1117 1371 1144 δὲ
1383 1117 1442 1144 οὐδὲ
1456 1117 1590 1144 ἐπιτελεῖν
1602 1119 1688 1155 αὐτὴν
1701 1120 1813 1148 δύναται

975 1165 990 1191 ὁ
1005 1163 1134 1196 τοιοῦτος,
1149 1163 1200 1190 κᾶν
1208 1163 1275 1191 δέκα
1286 1164 1395 1200 ὴμέρας
1412 1164 1512 1200 ἐφεξῆς
1528 1165 1620 1198 ἄσιτος
1633 1166 1703 1204 μένῃ
1713 1175 1719 1181 ·
1746 1168 1812 1194 ὃπου

976 1210 1030 1246 γὰρ
1045 1209 1131 1245 ἔχθρα
1146 1209 1194 1236 καὶ
1211 1209 1354 1245 ἀπέχθεια,
1370 1210 1431 1237 οὺδέ
1447 1211 1559 1246 νηστεία
1581 1212 1643 1239 οὐδὲ
1663 1213 1744 1249 ἑορτὴ
1766 1214 1813 1248 γέ-

976 1258 1042 1284 νοιτ’
1054 1257 1098 1284 ἀν.
1115 1257 1160 1292 Μὴ
1175 1257 1277 1292 τολμᾷς
1292 1256 1416 1289 ἀνίπτοις
1433 1258 1512 1292 χερσὶ
1528 1257 1578 1293 τῆς
1603 1259 1680 1294 ἱερᾶς
1694 1259 1815 1294 ἅψασθαι

977 1303 1084 1335 θυσίας,
1095 1303 1147 1330 κᾶν
1158 1303 1242 1338 πολλὴ
1257 1303 1365 1338 ἀνάγκη
1376 1304 1538 1339 ἐπικέηται;
1553 1305 1598 1341 Μὴ
1609 1305 1699 1333 τοίνυν
1710 1305 1816 1343 ἀνίπτῳ

977 1349 1131 1384 προσέρχου
1145 1348 1234 1385 ψυχῇ’
1251 1348 1341 1384 πολλῷ
1365 1349 1420 1386 γὰρ
1445 1350 1549 1377 ἐκείνου
1564 1351 1644 1378 τοῦτο
1659 1352 1816 1387 χαλεπώτε-

978 1404 1036 1432 ρον,
1051 1395 1100 1423 καὶ
1116 1395 1227 1432 μείζονα
1246 1395 1325 1432 φέρει
1341 1396 1392 1432 τὴν
1414 1397 1535 1424 κόλασιν.
1552 1398 1634 1425 Οὐδὲν
1652 1398 1708 1434 γὰρ
1729 1398 1816 1430 οὕτως

977 1442 1149 1478 ἀκαθαρσίας
1163 1442 1264 1478 πληροῖ
1277 1443 1326 1479 τὴν
1342 1443 1473 1476 διάνοιαν,
1486 1444 1524 1476 ὡς
1537 1445 1607 1481 ὀργὴ
1624 1445 1756 1481 διηνεκῶς
1775 1447 1818 1473 έν-

977 1490 1022 1517 δον
1048 1490 1270 1526 μένουσα.”Ενθα
1291 1491 1346 1526 γάρ
1372 1491 1431 1518 ἐστι
1457 1490 1542 1527 θυμὸς
1566 1492 1582 1528 ἢ
1605 1492 1686 1528 ὀργὴ,
1709 1492 1818 1528 πνεῦμα

980 1537 1132 1573 πραότητος
1146 1538 1197 1565 οὐκ
1210 1537 1371 1573 ἐφίπταται·
1393 1537 1553 1573 Πνεύματος
1571 1539 1599 1566 δὲ
1614 1539 1692 1574 ἁγίου
1711 1540 1817 1576 ἀνθρω-

979 1594 1030 1617 πος
1043 1584 1146 1620 ἔρημος
1157 1582 1195 1610 ῶν
1208 1583 1287 1610 ποίαν
1298 1583 1354 1616 ἔξει
1368 1584 1505 1619 σωτηρίας
1517 1584 1627 1617 ἐλπίδα;
1638 1585 1702 1612 πότε
1714 1586 1742 1612 δὲ
1750 1586 1819 1622 ὀρθά

981 1632 1125 1668 βαδιεῖται;
1144 1630 1189 1666 Μὴ
1212 1630 1314 1662 τοίνυν,
1330 1630 1466 1664 ἀγαπητέ,
1482 1630 1528 1657 τὸν
1546 1630 1643 1666 ἐχθρὸν
1661 1631 1819 1667 ἀμύνασθαι

981 1677 1153 1713 βουλόμενος,
1171 1675 1268 1702 σαυτὸν
1289 1675 1504 1711 κατακρήμνιζε,
1526 1675 1594 1711 μηδέ
1620 1676 1723 1712 ἔρημον
1747 1678 1819 1704 ποίει

980 1725 1030 1759 τῆς
1044 1723 1091 1750 τοῦ
1101 1722 1169 1750 Θεοῦ
1185 1722 1364 1758 προστασίας.
1373 1722 1499 1749 Μάλιστα
1515 1723 1565 1758 μὲν
1581 1722 1646 1758 γὰρ,
1660 1723 1685 1750 εἰ
1698 1724 1745 1750 καὶ
1756 1723 1820 1751 δύσ-

981 1770 1060 1798 κολον
1080 1767 1116 1806 ἦν
1131 1769 1161 1796 τὺ
1177 1769 1296 1805 πρᾶγμα
1304 1768 1330 1802 ἀ,
1353 1769 1446 1796 ἱκανδν
1463 1769 1513 1804 τῆς
1535 1770 1670 1806 τιμωρίας
1691 1770 1722 1797 τὸ
1737 1771 1820 1807 μέγε-

981 1819 1038 1852 θος,
1055 1819 1123 1855 ὅπερ
1146 1819 1179 1845 ὲκ
1192 1817 1239 1845 τοῦ
1258 1817 1295 1854 μὴ
1309 1817 1453 1845 πείθεσθαι
1467 1818 1584 1853 γίνεται,
1600 1818 1703 1846 καὶτὸν
1719 1819 1821 1856 σφόδρα

982 1867 1078 1895 ὕπτιον
1095 1867 1143 1895 καὶ
1155 1866 1325 1894 νωθέστατον
1337 1866 1411 1906 ἐστιν
1427 1866 1590 1902 ἀναστῆσαι,
1600 1867 1649 1894 καὶ
1661 1867 1750 1895 πάντα
1760 1870 1820 1895 πεῖ-

983 1923 1028 1942 σαι
1043 1914 1123 1941 πόνον
1139 1913 1302 1947 ὑπενεγκεῖν
1315 1921 1322 1928 ·
1340 1912 1399 1939 νυνὶ
1411 1912 1440 1939 δὲ
1455 1913 1502 1939 καὶ
1516 1912 1617 1948 πολλὴν
1634 1912 1734 1946 ἔδειξεν
1746 1914 1761 1940 ὸ
1775 1914 1822 1941 λό-

982 1969 1031 1996 γος
1046 1960 1096 1996 τὴν
1111 1959 1237 1987 εὐκολίαν
1253 1956 1348 1991 οὖσαν,
1363 1958 1398 1986 ἂν
1411 1958 1558 1994 ἐθέλωμεν.
1575 1958 1621 1995 Μὴ
1636 1959 1726 1987 τοίνυν
1740 1969 1821 1988 κατα-

985 2007 1147 2042 μελήσωμεν
1162 2005 1214 2041 τῆς
1235 2004 1340 2032 ἑαυτῶν
1363 2003 1447 2039 ζωῆς,
1469 2003 1538 2032 ἀλλά
1554 2005 1749 2041 σπουδάσωμεν
1773 2007 1822 2034 καὶ

984 2052 1075 2079 πάντα
1085 2051 1218 2087 ποιῶμεν,
1230 2050 1301 2078 ὥστε
1314 2051 1399 2086 χωρὶς
1413 2050 1519 2086 ἐχθρῶν
1529 2051 1703 2087 παραστῆναι
1714 2053 1747 2088 τῇ
1763 2053 1822 2089 ἱερᾷ

983 2098 1118 2134 τραπέζῃ.
1136 2098 1219 2125 Οὐδὲν
1240 2097 1306 2134 γὰρ,
1321 2097 1398 2124 οὐδὲν
1417 2097 1472 2124 τῶν
1487 2097 1536 2124 τοῦ
1557 2097 1625 2125 Θεοῦ
1644 2100 1823 2135 προσταγμάρ

983 2154 1038 2172 των
1054 2144 1131 2171 ἔσται
1143 2143 1282 2177 δύσκολον,
1297 2143 1345 2169 ἐὰν
1360 2142 1552 2178 προσέχωμεν
1569 2144 1616 2170 καὶ
1629 2143 1709 2171 τοῦτο
1723 2145 1754 2171 ἐκ
1768 2145 1823 2172 τῶν

985 2191 1035 2227 ἢδη
1051 2189 1274 2226 κατωρθωκότων
1287 2188 1377 2224 δῆλον.
1399 2188 1481 2215 Πόσοι
1501 2189 1553 2216 ὑπὸ
1578 2189 1627 2225 τῆς
1653 2189 1707 2216 τῶν
1733 2190 1824 2226 ὅρκων

985 2237 1150 2264 ἐκλέπτοντο
1173 2235 1328 2271 συνηθείας,
1345 2235 1394 2262 καὶ
1409 2235 1441 2262 τὺ
1460 2236 1576 2271 πρᾶγμα
1600 2235 1823 2272 δυσκατόρθωτον

985 2282 1056 2312 εἶναι
1079 2282 1220 2318 ἐνόμιζονί
1244 2282 1303 2309 ἀλλ’
1324 2282 1398 2318 ὅμως
1421 2281 1464 2309 διὰ
1489 2282 1539 2318 τὴν
1562 2282 1610 2309 τοῦ
1635 2282 1704 2309 Θεοῦ
1731 2283 1822 2320 χάριν,

986 2330 1080 2365 ἐπειδὴ
1098 2328 1200 2365 μικρὰν
1215 2327 1389 2361 ἐπεδείξασθε
1405 2328 1532 2364 σπουδὴν,
1547 2329 1578 2356 τὸ
1591 2329 1673 2357 πλέον
1689 2330 1823 2366 ἀπενίψα-

988 2375 1047 2403 σθε.
1061 2375 1111 2403 Διά
1124 2375 1204 2402 τοῦτο
1218 2374 1251 2411 δὴ
1266 2374 1418 2411 παρακαλῶ
1433 2375 1481 2402 καὶ
1505 2375 1535 2402 τὸ
1552 2375 1627 2413 [211]
1648 2376 1741 2403 λεῖπον
1757 2378 1824 2405 ἀπο-

987 2423 1092 2456 θέσθαι,
1103 2422 1152 2450 καὶ
1164 2422 1267 2458 ἑτέροις
1278 2422 1404 2457 γενέσθαι
1415 2421 1602 2455 διδασκάλους.
1616 2423 1685 2455 Τοὺς
1695 2423 1724 2450 δὲ
1740 2425 1824 2460 μήπω

987 2469 1224 2506 κατορθώσαντας,
1239 2469 1307 2496 ἀλλὰ
1327 2468 1373 2496 τὸν
1393 2469 1498 2505 μακρὸν
1515 2469 1611 2504 χρόνον
1626 2469 1691 2505 ἡμῖν
1706 2471 1825 2506 προϐαλ-

987 2516 1128 2552 λομένους,
1145 2515 1208 2543 καθ’
1225 2515 1254 2542 ὃν
1268 2514 1375 2550 ὤμνυον
1391 2513 1556 2550 ἔμπροσθεν,
1574 2515 1621 2541 καὶ
1635 2515 1773 2549 λέγοντας,
1786 2516 1824 2548 ὡς

988 2563 1118 2590 ἀδύνατον
1125 2563 1155 2589 ἐν
1168 2562 1265 2598 βραχεῖ
1279 2560 1368 2597 καιρῷ
1380 2560 1410 2588 τὸ
1429 2560 1537 2593 πολλοῖς
1551 2560 1621 2588 ἔτεσι
1635 2561 1748 2597 ῥιζωθὲν
1758 2562 1826 2590 ἁνα-

990 2610 1103 2643 σπάσαι,
1126 2610 1214 2636 ἐκεῖνο
1227 2608 1260 2635 ἂν
1275 2607 1391 2643 εἴποιμι,
1408 2607 1435 2634 εί
1444 2616 1472 2634 τι
1485 2607 1548 2634 ἔνθα
1562 2607 1595 2634 ἂν
1610 2607 1665 2635 δέοι
1685 2608 1824 2644 κατορθῶ-

990 2667 1035 2687 σαι
1050 2658 1104 2686 τῶν
1122 2657 1174 2684 ὑπὸ
1190 2656 1258 2684 Θεοῦ
1279 2656 1476 2692 κελευομένων,
1493 2655 1523 2683 οὑ
1539 2656 1636 2692 χρόνου
1661 2656 1750 2692 χρεία,
1767 2655 1828 2685 οὐδὲ*⁴

1021 2819 1034 2839 ll
1047 2820 1122 2845 Savil.
1133 2821 1160 2844 in
1171 2826 1246 2850 marg.
1257 2821 1299 2852 τήν
1310 2819 1432 2852 ὠφέλειαν.

1024 2854 1034 2867 τ
1048 2852 1122 2876 ςειγὶι.
1135 2854 1161 2875 el
1172 2858 1235 2875 unus
1245 2851 1341 2880 ταύτην.

1021 2881 1035 2903 ἀ
1052 2881 1126 2908 Savil.
1141 2882 1167 2906 τὸ
1178 2882 1302 2912 ἐπίταγμα.
