1983 3125
157 147 207 174 ‘10!)

156 201 216 236 quid
231 205 302 228 recte
311 201 486 229 efficiendum
500 206 549 234 est,
563 202 632 238 quod
644 211 659 229 ει
671 203 725 230 Deo
739 202 901 237 praecipitur,
913 203 949 229 ibi

156 255 206 274 non
220 254 286 282 opus
306 254 368 274 esse
382 249 427 275 vel
442 249 567 284 temporis
580 249 623 275 vel
645 249 747 276 dierum
768 256 890 281 numero,
906 253 951 275 aut

156 293 246 326 spatiis
261 300 405 325 annorum,
420 294 467 321 sed
484 295 577 321 timore
590 294 648 321 solo
660 299 688 321 et
698 294 836 329 religione,
853 299 880 321 et
893 302 952 320 om-

156 340 225 366 nium
240 345 381 372 cutnpotes
395 340 554 372 efliciemur,
568 340 647 375 idque
660 340 729 367 itttra
741 341 866 376 exiguum
884 345 947 368 tem-

157 393 212 419 pus.

188 430 214 458 8.
235 429 331 457 Contra
345 431 440 458 malum
450 431 558 466 jurandt'
575 433 788 459 consuetudinem.
803 447 840 452 —
853 432 949 459 Verum

155 484 187 503 ne
200 476 361 504 existimetis
376 484 419 504 me
435 477 460 504 id
474 483 574 505 temere
587 477 686 510 dicere,
698 478 831 505 hominem
846 477 879 504 ad
892 478 949 512 jus-

152 523 292 557 jurandum
317 524 546 558 promptissimum
569 529 596 552 et
618 533 696 560 quem
720 533 767 552 vos
785 525 950 552 arbitramini

154 568 235 595 multo
249 569 324 603 plura
340 569 488 603 iuramenta
501 571 618 606 proferre
631 579 709 606 quam
722 571 814 604 Verba,
824 579 885 598 eum
899 571 950 597 mi-

154 614 178 641 hi
190 615 255 642 date
269 618 302 642 ad
318 615 412 643 decem
427 617 500 650 dies,
523 622 549 644 et
564 617 612 644 nisi
635 617 672 644 illi
683 619 756 644 intra
771 625 869 652 paucos
886 617 951 644 istos

153 660 208 688 dies
221 662 447 690 consuetudittem
461 663 566 697 jurandi
580 663 732 696 abstulero,
748 669 867 691 extremo
886 671 951 697 sup—

154 708 232 742 plicio
243 716 288 736 me
302 709 479 736 condemnato
494 719 500 736 :
515 715 541 737 et
553 710 623 745 quod
638 710 687 737 ista
701 710 780 737 verba
793 718 846 737 non
856 717 951 736 vanam

153 755 325 788 jactationem
342 755 474 788 habeant,
498 764 529 782 ex
545 757 625 783 rebus
639 761 701 783 ante
715 756 780 783 actis
795 757 895 782 clarutn
911 755 952 782 fa-

153 800 233 827 ciam.
248 800 317 834 Quid
331 801 456 828 Ninivitis
467 801 683 834 irrationabilius,
700 801 762 836 quid
773 801 897 828 stultius?
910 805 952 827 at—

154 851 241 873 tamen
257 847 364 874 barbari
390 847 434 874 isti
459 852 484 874 et
504 847 588 879 stulti,
613 847 657 882 qui
680 847 812 874 neminem
827 854 951 880 umquam

155 893 344 928 philosophum
366 894 514 924 audierant.
529 895 625 928 quibus
639 902 783 928 nutuquam
799 894 860 921 talia
881 901 951 928 prtu-

153 939 342 973 ccpta.tradita
356 945 442 971 erant,
462 940 560 966 auditis
573 940 614 967 bis
627 939 763 974 propheta:
782 939 880 971 verbis,
897 939 951 965 Ad-

153 985 200 1010 huc
216 990 267 1011 tres
280 985 344 1017 dies,
360 989 383 1012 et
394 984 488 1012 Niniue
501 986 657 1012 subvertetur
676 985 756 1021 (Jan.
770 986 796 1013 5.
810 986 847 1020 4)
861 992 867 1012 :
883 986 952 1012 intra

154 1034 207 1057 tres
221 1030 279 1056 dies
293 1030 475 1065 deposuerunt
489 1031 585 1057 malam
596 1031 815 1059 consuetudinem
830 1040 836 1058 :
850 1037 952 1058 scorta-

153 1082 193 1102 tur
208 1082 316 1108 castus,
341 1076 417 1104 ferox
433 1083 604 1110 mansuetus,
625 1077 796 1105 defraudator
817 1082 844 1105 et
863 1083 954 1113 raptor

153 1122 292 1150 modestus
304 1127 332 1150 et
345 1123 475 1158 benignus
485 1143 494 1156 ,
508 1123 619 1158 ignavus
639 1123 783 1151 industrius
795 1122 882 1151 factus
900 1128 951 1150 est.

152 1170 243 1204 Neque
258 1176 350 1202 unum,
363 1174 409 1197 aut
420 1170 543 1202 alterum,
555 1174 601 1197 aut
622 1170 738 1201 tertium,
753 1174 799 1196 attt
809 1174 931 1204 quartum
941 1189 951 1203 ,

152 1218 199 1244 sed
215 1217 306 1244 omnia
322 1217 384 1244 vitia
398 1217 478 1244 simul
492 1221 676 1244 correxerunt.
689 1216 717 1243 ld
728 1215 798 1243 unde
809 1215 899 1251 patet?
912 1216 952 1242 Ex

152 1264 241 1291 verbis
266 1263 416 1298 prophetae,
442 1263 499 1298 ipse
525 1263 595 1290 enim
621 1267 761 1290 accusator
784 1270 887 1294 eorum,
907 1262 952 1297 qui

151 1309 256 1336 dixerat
271 1312 426 1337 ascendisse
438 1310 470 1336 ad
482 1310 562 1337 caelos
575 1310 720 1336 clamorem
736 1309 844 1336 malitia:
858 1317 951 1336 eorunt

153 1355 226 1390 (Jan.
244 1356 270 1382 Ι.
285 1355 303 1382 2
315 1356 336 1390 ),
353 1356 410 1390 ipse
421 1376 428 1388 ,
446 1355 564 1390 inquam,
581 1355 606 1382 in
620 1356 784 1382 contrarium
799 1355 832 1382 de
847 1355 898 1382 illis
913 1360 952 1382 te-

151 1407 237 1428 status
248 1406 300 1434 est,
313 1401 417 1433 dicens,
433 1400 579 1428 Viditbeus
591 1401 723 1436 quemlibet
734 1401 858 1427 obstitisse
867 1409 882 1427 a
893 1410 953 1435 pra-

151 1447 188 1473 vis
200 1447 246 1473 viis
255 1447 309 1473 suis
323 1445 379 1476 (Id.
396 1447 422 1474 5.
441 1446 496 1481 10.)
508 1467 515 1478 ,
531 1454 583 1473 non
603 1446 755 1480 singulatim
770 1445 836 1472 dixit
849 1454 862 1472 a
876 1453 950 1473 scor-

153 1493 263 1524 tatiene,
279 1492 413 1519 adulterio
426 1496 472 1519 aut
485 1492 565 1523 furto,
579 1491 635 1523 sed,
653 1492 674 1517 Α
689 1491 734 1518 viis
742 1491 795 1518 suis
808 1491 900 1526 prauis.
917 1491 952 1518 At

152 1538 287 1573 quomodo
302 1539 480 1566 abstiterunt?
496 1538 529 1565 Ut
553 1538 623 1565 Deus
645 1537 734 1570 novit,
754 1545 806 1564 non
821 1541 850 1563 ιιι
871 1536 951 1564 homo

152 1586 265 1612 censuit.
289 1585 374 1612 Porro
396 1593 484 1612 annon
506 1584 657 1619 pudendum
677 1583 804 1611 barbaros
819 1583 886 1610 intra
904 1584 951 1610 tri-

153 1631 233 1657 duum
246 1639 293 1658 sua
308 1631 369 1658 vitia
381 1639 496 1663 exuere,
515 1638 564 1657 nos
577 1638 611 1658 ne
624 1638 703 1657 unam
717 1630 822 1664 quidem
836 1638 948 1657 consue-

154 1676 269 1703 tudinem
281 1677 379 1704 malam
394 1684 519 1711 superare.
534 1683 621 1711 posse,
635 1677 680 1711 qui
693 1684 739 1710 per
754 1681 792 1704 tot
804 1676 861 1703 dies
874 1676 950 1703 insti-

155 1722 251 1748 tuimnr
261 1727 340 1756 atque
354 1722 498 1750 docemur?
508 1722 588 1756 Atqui
598 1722 633 1748 illi
644 1721 677 1748 ad
688 1726 805 1749 extrema
818 1722 879 1748 vitia
889 1729 951 1749 eve-

155 1769 189 1795 cti
206 1772 285 1795 erant
302 1777 308 1795 :
325 1776 387 1795 cum
407 1768 480 1794 cnim
502 1767 590 1799 audis.
606 1767 713 1795 Clamor
728 1767 838 1794 malitia:
853 1776 943 1794 eorum

156 1814 269 1840 ascendit
285 1814 322 1840 ad
340 1822 380 1840 me
396 1814 413 1845 ',
430 1821 464 1840 ne
479 1813 546 1840 mihi
559 1814 631 1840 aliud
647 1813 780 1849 intelligas
794 1821 875 1848 quatit
891 1814 943 1840 im-

156 1868 276 1886 mensam
292 1859 437 1891 malitiam;
450 1863 568 1886 attamen
579 1863 727 1894 potuerunt
741 1859 810 1886 intra
823 1859 943 1886 triduum

155 1904 186 1929 ad
198 1904 330 1939 integram
341 1906 467 1933 virtutem
475 1914 534 1934 sese
543 1907 700 1934 transferre.
713 1906 763 1934 Ubi
772 1908 844 1934 enim
855 1908 937 1935 timor

156 1947 266 1980 llei,non
277 1958 346 1984 opus
353 1955 395 1978 est
403 1951 498 1979 diebus
507 1952 647 1986 autspatio
657 1953 796 1986 temporis;
805 1958 936 1981 utcontra

153 1994 196 2022 ubi
210 2000 299 2023 metus
315 2003 369 2022 non
383 1999 435 2028 est,
451 1995 515 2022 nihil
528 1995 660 2022 commodi
682 2003 713 2022 ex
728 1995 823 2022 diebus
843 2003 948 2023 euasu-

153 2046 202 2068 tur.
219 2041 253 2069 Ut
268 2042 340 2068 enim
357 2049 420 2068 vasa
433 2042 580 2077 :eruginosa
590 2062 598 2075 ,
612 2042 633 2068 si
644 2049 711 2076 aqtta
725 2042 809 2069 solum
820 2041 946 2075 ablueris,

152 2087 199 2114 etsi
213 2088 326 2114 tnultttm
342 2087 470 2122 temporis
480 2088 607 2120 insumas,
623 2095 788 2122 nequaquam
802 2087 874 2114 omni
885 2088 947 2114 vitio

151 2134 325 2169 expurgabis;
348 2134 392 2168 qui
407 2140 495 2161 autem
511 2142 541 2161 ea
562 2135 587 2161 in
611 2134 795 2161 conflatorinnt
812 2135 946 2167 immittit,

152 2180 224 2207 brevi
235 2181 364 2215 temporis
378 2187 515 2208 momento
530 2181 710 2216 splendidiora
724 2181 766 2208 illa
780 2181 852 2214 facit,
868 2189 946 2216 quam

152 2235 209 2261 qua:
223 2235 290 2254 nova
304 2232 367 2254 sunt
381 2237 387 2254 :
403 2228 438 2254 ita
453 2229 532 2256 etiam
547 2228 634 2255 anima
650 2229 749 2262 peccati
763 2236 864 2256 veneno
879 2229 947 2256 infe—

152 2278 202 2304 cta,
217 2273 238 2300 si
261 2273 356 2301 leviter
369 2278 396 2301 et
411 2279 553 2309 utcumque
569 2275 684 2308 seipsam
697 2275 847 2306 exterserit.
859 2280 886 2302 et
902 2283 954 2309 peri

151 2319 267 2353 singulos
283 2320 342 2347 dies
356 2321 538 2354 paenitentiam
553 2321 737 2355 assumpserit.
752 2321 819 2347 nihil
833 2321 948 2355 amplius

151 2367 413 2401 n:tnciscctur:qnod
427 2367 449 2393 si
463 2367 542 2394 veluti
558 2367 584 2394 in
596 2366 730 2394 fornacem
749 2367 797 2394 Dei
820 2366 944 2394 timorem

150 2419 178 2438 se
188 2413 320 2446 iniecerit,
329 2413 402 2440 brevi
417 2413 544 2447 temporis
555 2417 689 2439 momento
702 2411 826 2446 quidquid
837 2412 892 2438 vitii
907 2417 944 2438 est

151 2460 248 2486 abluet.
271 2458 311 2485 Ne
328 2459 407 2493 igitur
421 2459 447 2485 itt
464 2458 610 2493 proximum
622 2457 692 2484 diem
703 2457 927 2491 procrasdnetnur
938 2466 953 2483 ιι

151 2505 283 2532 Nescimus
298 2505 365 2531 enim
378 2505 438 2539 quid
449 2512 554 2539 sequens
567 2504 620 2530 dies
635 2503 714 2538 pariet
735 2502 826 2537 (Prov.
843 2503 888 2530 27,
907 2503 944 2538 1);

149 2559 233 2587 neque
255 2551 386 2581 dicamus.
412 2550 577 2577 Pedetentitn
602 2550 700 2576 malam
726 2549 945 2576 consuetudinem

148 2598 302 2624 evinccmus
318 2606 325 2622 :
346 2596 412 2623 illud
431 2596 502 2623 enim
515 2596 675 2630 pedetentim
694 2603 835 2630 numquam
849 2595 944 2622 deerit.

149 2642 327 2675 Quamobrem
344 2641 403 2668 istis
416 2641 524 2668 omissis
541 2641 605 2668 illud
621 2641 741 2668 dicamus
764 2649 771 2666 :
792 2640 844 2667 Nisi
868 2640 947 2668 hodie

148 2687 457 2722 correxerimusjurandi
466 2694 578 2718 morem,
586 2694 729 2721 numquam
738 2685 864 2718 futurum,
876 2690 905 2713 ut
912 2686 946 2714 ab

148 2742 178 2762 eo
191 2735 362 2766 absistamus,
375 2733 481 2760 etiamsi
494 2733 566 2760 mille
582 2738 702 2767 premant
717 2733 833 2767 negotia,
847 2733 945 2760 etiarn-

149 2781 168 2807 si
182 2781 349 2808 moriendum
362 2780 407 2812 sit,
422 2779 550 2814 supplicia
562 2779 696 2806 subettnda
709 2779 770 2811 sint,
785 2780 872 2806 omnia
885 2787 951 2813 per»

182 2830 189 2844 ³
208 2829 265 2853 Haec
276 2831 336 2851 sunt
346 2827 439 2851 tiones.
455 2834 522 2856 xvut,
533 2827 572 2855 20,
582 2834 637 2857 quze
647 2826 943 2857 protulitCltrysostontus

153 2866 194 2889 pro
213 2867 244 2883 eo
266 2861 332 2890 quul
355 2861 395 2883 cst
417 2859 486 2882 Jonze
501 2865 515 2888 ι,
537 2859 559 2886 2,
573 2856 632 2887 Quid
649 2856 764 2883 ascendit
779 2856 871 2890 inutilia
892 2856 944 2887 ejus

154 2888 232 2915 corum
254 2888 300 2916 nte.
817 2888 882 2911 lirt-r.

650 146 695 174 AD
716 145 874 174 PUl‘ULUDt
895 144 1138 174 ANTIOCHENUM
1169 143 1284 172 HOMIL.
1307 143 1366 172 XX.

1743 140 1795 168 ΞΗ)

1003 200 1090 228 denda
1105 201 1157 227 sint
1173 209 1180 226 ε
1196 207 1248 228 non
1259 199 1382 228 dabimus
1392 199 1498 227 diabolo
1513 198 1626 234 ignaviae
1639 202 1797 233 potestatem

1004 253 1090 281 neque
1106 244 1394 280 compcrettdinationis
1406 244 1584 272 occasionem.
1599 244 1626 272 Si
1642 244 1712 272 Deus
1723 245 1797 272 vide-

1003 292 1037 318 rit
1047 297 1118 318 tuam
1133 291 1248 318 animam
1263 291 1372 326 ignitam
1388 295 1416 318 et
1430 291 1572 318 excitatum
1590 291 1724 320 studium.
1740 291 1799 326 ipso

1003 344 1107 371 quoque
1121 336 1249 372 profectui
1268 342 1312 363 tuo
1325 343 1432 371 operam
1445 336 1561 363 navabit.
1574 335 1692 364 Obsecro
1705 341 1733 364 et
1746 337 1797 364 ob-

1005 388 1097 415 testor,
1110 383 1250 418 diligentes
1264 383 1358 416 simus,
1370 390 1404 410 ne
1413 387 1441 410 et
1452 390 1499 410 nos
1509 382 1657 414 audiamus,
1675 382 1798 410 Homines

1004 428 1125 456 Ninivita:
1136 433 1248 463 surgent,
1267 433 1291 455 et
1306 427 1506 455 condemnabam
1522 429 1706 463 generationem
1722 429 1797 454 istam

1004 475 1079 511 (Luc.
1094 476 1136 503 ll.
1149 475 1201 508 δὲ)
1214 495 1221 507 ,
1239 482 1271 502 eo
1286 474 1358 510 quod
1376 475 1414 501 illi
1429 474 1512 501 semel
1525 474 1652 501 admoniti
1665 482 1724 502 sese
1736 482 1798 502 cor-

1004 521 1130 554 rexerint,
1145 529 1193 548 nos
1207 528 1278 556 smpe
1289 520 1417 548 admoniti
1431 527 1484 547 non
1497 526 1702 547 convertamur:
1719 521 1755 548 illi
1771 521 1796 547 iu

1003 567 1074 593 omni
1090 567 1186 593 virtute
1198 566 1377 600 profecerunt,
1397 573 1446 593 nos
1458 573 1491 592 ne
1504 570 1604 600 partem
1622 565 1728 598 quidem
1743 566 1797 592 \ir-

1004 612 1066 638 ttnis
1077 612 1152 639 uoltis
1164 618 1289 647 paramus
1301 621 1308 638 :
1323 611 1360 638 illi
1369 611 1447 638 minis
1460 611 1608 638 eversionis
1625 615 1798 644 expaveruut,

1005 665 1053 684 nos
1067 657 1267 684 denuntiatione
1281 656 1411 691 gehennae
1425 664 1478 683 non
1489 661 1671 683 exterreamur
1687 664 1694 682 :
1710 655 1747 683 illi
1761 660 1800 683 et-

1003 702 1025 729 si
1037 702 1224 737 propbetarnm
1238 701 1380 737 participes
1398 709 1452 729 non
1465 701 1579 735 fuerint,
1592 709 1653 728 cum
1667 709 1716 728 nos
1736 709 1800 736 pcr-

1004 753 1082 782 petua
1096 749 1214 776 doctrina
1228 753 1255 775 et
1267 748 1347 775 ntulta
1361 748 1444 783 gratia
1461 749 1635 782 perfruamur.
1651 747 1714 774 llatc
1728 755 1803 774 nunc

1005 794 1109 828 loquor,
1126 802 1178 821 non
1194 801 1240 820 vos
1253 794 1286 821 de
1310 793 1415 823 vestris.
1430 794 1476 820 sed
1491 793 1525 820 de
1540 793 1634 820 alienis
1644 793 1799 820 criminibus

1005 839 1140 866 incusans.
1156 840 1209 874 ligo
1223 839 1303 872 enim,
1319 839 1384 872 scio,
1398 839 1467 873 quod
1479 843 1506 865 et
1518 843 1579 866 ante
1589 839 1653 870 dixi,
1669 839 1753 873 legem
1765 838 1799 865 de

1001 884 1176 919 jurejurando
1191 884 1300 919 pulchre
1322 890 1350 912 ct
1368 884 1511 912 efficaciter
1536 892 1550 910 a
1571 884 1645 911 vobis
1668 885 1798 918 praestari.

1006 929 1102 957 Verum
1125 930 1150 957 id
1171 939 1223 957 non
1243 930 1308 957 satis
1329 934 1371 956 est
1391 929 1424 956 ad
1439 934 1555 956 nostrant
1572 930 1694 962 salutem,
1709 929 1759 956 nisi
1773 933 1800 957 ct

1004 975 1070 1002 alios
1091 975 1211 1002 docendo
1229 976 1426 1002 correxerimus
1441 984 1447 1001 :
1464 974 1677 1009 quandoquidem
1699 982 1733 1002 ne
1755 975 1799 1002 ille

1004 1021 1111 1056 quidem
1122 1021 1280 1056 supplicium
1291 1021 1385 1054 evasit,
1399 1022 1442 1055 qtti
1452 1022 1578 1048 talentum
1592 1021 1710 1056 protulit,
1722 1027 1749 1048 ct
1760 1027 1800 1048 to-

1006 1071 1059 1094 tunt
1082 1068 1231 1102 depositum
1246 1067 1361 1094 reddidit
1377 1067 1472 1103 (ΜιιιιΙι
1497 1067 1532 1094 ‘25
1546 1067 1554 1101 )
1573 1075 1625 1095 :eo
1637 1067 1706 1102 quod
1722 1076 1799 1096 acce-

1005 1119 1076 1148 ptam
1091 1114 1228 1148 pecuniam
1248 1114 1320 1141 nullo
1335 1115 1452 1141 auctario
1471 1114 1667 1149 multiplicarat.
1693 1115 1794 1148 Quant—

1005 1154 1098 1186 obrem
1113 1167 1166 1187 non
1185 1160 1248 1187 illud
1263 1167 1277 1187 a
1292 1160 1367 1187 nobis
1378 1160 1550 1194 spectandum
1562 1180 1569 1192 ,
1590 1168 1625 1187 an
1639 1160 1687 1195 ipsi
1701 1161 1734 1187 ab
1748 1161 1799 1188 hoc

1004 1206 1198 1241 pcccatoliberi
1206 1207 1306 1239 simus;
1323 1214 1414 1233 vertnn
1428 1211 1569 1240 antequam
1582 1211 1609 1233 et
1620 1206 1686 1233 alios
1701 1206 1798 1233 liberos

1005 1252 1157 1283 reddamus,
1173 1260 1206 1280 nc
1217 1252 1385 1279 absistnmus.
1398 1252 1515 1286 QuiSque
1524 1251 1617 1279 decem
1631 1252 1731 1278 amicos
1743 1259 1757 1277 a
1769 1259 1798 1278 se

1003 1303 1139 1326 (βοηθείης
1156 1299 1209 1325 Deo
1228 1298 1357 1330 adducat,
1373 1298 1429 1325 sive
1445 1298 1498 1325 sint
1511 1297 1620 1331 famuli,
1643 1298 1700 1326 sive
1719 1298 1799 1325 disci-

1004 1345 1074 1379 puli;
1094 1345 1163 1379 quod
1177 1345 1200 1372 si
1215 1352 1264 1372 nec
1277 1344 1422 1379 discipulos
1435 1351 1485 1371 nec
1506 1344 1618 1371 famulos
1639 1343 1731 1376 habes,
1745 1344 1798 1371 sal-

1004 1395 1056 1418 tem
1070 1394 1170 1418 amicos
1187 1390 1281 1422 habes;
1305 1390 1354 1418 bos
1371 1390 1496 1418 emenda.
1514 1389 1605 1424 Neque
1629 1389 1693 1416 mihi
1707 1389 1798 1421 dicas,

1003 1438 1128 1465 Crebram
1145 1438 1217 1465 illam
1230 1438 1336 1473 jurandi
1349 1437 1532 1465 assiduitatem
1548 1437 1704 1472 abiecimus,
1720 1445 1798 1464 raro-

1003 1493 1053 1519 qtte
1067 1484 1198 1517 labimur;
1214 1492 1305 1511 verttm
1318 1488 1344 1511 et.
1358 1483 1426 1510 hanc
1437 1491 1542 1518 quoque
1554 1483 1689 1511 raritatem
1703 1483 1798 1518 depel-

1004 1531 1052 1557 las.
1065 1530 1091 1557 Si
1106 1538 1185 1557 utmm
1197 1537 1305 1557 aureum
1316 1529 1484 1564 perdidisses,
1496 1529 1540 1556 dic
1550 1529 1624 1561 mihi,
1636 1537 1724 1556 nonne
1737 1537 1797 1556 om-

1003 1583 1049 1603 nes
1063 1576 1151 1603 obircs
1165 1576 1310 1611 qurercndo
1321 1579 1349 1603 et
1361 1575 1516 1610 vestigando
1527 1595 1534 1606 ,
1554 1580 1583 1602 ιιι
1598 1574 1749 1602 invenires?
1769 1574 1796 1602 ld

1002 1629 1105 1656 quoque
1128 1622 1153 1647 in
1173 1622 1330 1655 juramcntis
1345 1621 1432 1648 facito.
1453 1621 1480 1648 Si
1503 1621 1601 1648 videris
1615 1626 1640 1648 te
1660 1621 1796 1655 ittopittato

1001 1666 1034 1693 ad
1049 1675 1127 1694 unttnt
1140 1667 1325 1702 jusjurandum
1339 1667 1452 1702 lapsum,
1469 1667 1621 1701 ittgcmisce,
1638 1667 1707 1701 lnge,
1720 1667 1796 1701 quasi

1001 1712 1046 1746 qui
1058 1712 1146 1739 omnia
1166 1716 1210 1739 tua
1225 1711 1293 1739 bona
1307 1712 1465 1747 perdideris.
1481 1713 1578 1739 lterum
1592 1712 1651 1739 dico
1661 1733 1668 1744 ,
1682 1712 1753 1747 quod
1770 1717 1798 1739 et

1001 1763 1077 1785 antea
1093 1758 1146 1786 dixi
1162 1767 1168 1785 :
1188 1758 1296 1786 lnclude
1311 1763 1336 1785 te
1350 1760 1417 1786 intra
1433 1763 1489 1786 tuas
1501 1759 1582 1792 aedes,
1599 1759 1797 1786 meditationem

1002 1802 1071 1831 hanc
1084 1808 1112 1830 et
1125 1804 1280 1831 exercitium
1294 1805 1416 1831 instituas
1427 1812 1486 1831 cum
1502 1812 1594 1836 uxore,
1609 1812 1670 1831 cum
1686 1804 1776 1832 liberis
1787 1825 1796 1838 ν

1000 1857 1059 1876 cum
1071 1849 1263 1877 familiaribus:
1279 1851 1317 1877 sic
1331 1855 1417 1877 locum
1435 1850 1506 1884 prius
1521 1850 1639 1884 loquere.
1652 1849 1709 1877 Non
1724 1850 1796 1885 prius

1000 1900 1044 1922 aut
1057 1896 1169 1930 privata,
1180 1901 1224 1923 aut
1234 1897 1338 1932 publica
1346 1897 1484 1931 attingam,
1495 1904 1574 1931 qttam
1585 1897 1697 1923 animam
1709 1905 1797 1924 meam

1000 1943 1173 1977 castigavere.
1188 1942 1216 1970 Si
1232 1950 1279 1970 vos
1291 1943 1323 1969 ad
1338 1950 1397 1970 eum
1412 1942 1519 1969 modum
1535 1942 1602 1969 Illios
1617 1947 1720 1970 vostros
1734 1950 1796 1969 eru-

999 1988 1111 2022 dieritis,
1127 1989 1229 2024 ipsique
1241 1997 1332 2016 rursus
1348 1997 1420 2019 suos.
1442 1994 1521 2023 atque
1536 1989 1570 2015 ita
1584 1997 1667 2022 usque
1684 1989 1717 2016 ad
1731 1996 1795 2016 con-

999 2034 1203 2061 summationem
1218 2039 1244 2062 et
1258 2035 1401 2062 adventum
1412 2034 1509 2061 Christi
1521 2034 1659 2068 disciplina
1671 2034 1719 2061 ista
1733 2042 1796 2068 pro-

1000 2086 1120 2116 pagetur,
1148 2081 1198 2107 illis
1224 2081 1267 2115 qui
1284 2081 1381 2115 primas
1406 2080 1509 2106 radices
1535 2080 1657 2111 ﬁxerunt,
1681 2079 1794 2106 solidum

1001 2127 1136 2160 [mentium
1161 2126 1272 2153 adferet.
1300 2126 1327 2153 Si
1350 2125 1469 2160 proferre
1494 2125 1615 2152 didicerit
1641 2125 1708 2151 lilius
1723 2130 1793 2158 tuus,

999 2171 1088 2205 Crede,
1104 2180 1156 2199 nou
1173 2172 1269 2207 poterit
1281 2172 1305 2198 in
1320 2172 1457 2198 theatrum
1469 2171 1625 2201 ascendere,
1641 2174 1687 2197 aut
1701 2178 1796 2206 caupo-

1001 2226 1060 2244 nam
1077 2218 1184 2249 suliire,
1202 2222 1247 2244 attt
1268 2218 1333 2244 alcze
1352 2217 1498 2244 immorari.
1514 2215 1629 2243 Verbum
1645 2216 1716 2243 enim
1732 2216 1795 2244 illud

1000 2264 1057 2298 ejus
1068 2265 1106 2290 ori
1122 2271 1169 2298 pro
1182 2263 1258 2290 freno
1275 2262 1440 2294 incttmbens,
1457 2262 1566 2288 invitum
1582 2269 1687 2296 qttoque
1700 2261 1731 2288 ad
1747 2270 1796 2296 pu-

999 2308 1090 2335 dorem
1107 2313 1133 2336 et
1145 2308 1330 2336 vcrecundiatn
1349 2308 1479 2342 perpellet
1495 2316 1502 2334 :
1519 2306 1589 2342 quod
1604 2306 1626 2333 si
1651 2307 1795 2341 aliquando

1000 2354 1035 2381 ibi
1056 2355 1236 2389 conspiciatur
1247 2376 1254 2387 ,
1269 2354 1370 2382 resiliet
1393 2353 1454 2380 inde
1471 2352 1667 2388 quamprimum
1686 2351 1796 2387 poterit.

999 2401 1051 2427 Sed
1063 2401 1107 2427 alii
1121 2405 1147 2428 te
1159 2401 1271 2428 irrident
1288 2410 1294 2428 :
1311 2406 1338 2427 tu
1350 2400 1466 2427 vicissim
1479 2400 1538 2426 illos
1548 2399 1668 2433 deplora.
1683 2397 1756 2425 Multi
1767 2401 1795 2424 et

999 2446 1054 2473 Noe
1067 2446 1181 2473 ludibrio
1196 2446 1355 2476 habuerunt.
1375 2453 1435 2473 cum
1449 2452 1537 2472 arcam
1554 2443 1700 2476 conderet;
1714 2446 1796 2471 crete-

999 2500 1057 2519 rutn
1073 2499 1133 2518 cum
1148 2491 1218 2519 venit
1233 2481 1364 2518 diluvium
1375 2512 1383 2524 ,
1400 2491 1456 2525 ipse
1476 2497 1522 2517 eos
1542 2490 1658 2517 vicissim
1682 2489 1765 2516 irrisit
1781 2496 1789 2515 :

999 2537 1040 2563 vel
1056 2537 1142 2571 potius
1155 2545 1201 2564 eos
1217 2545 1361 2571 numquam
1380 2536 1460 2563 irrisit
1474 2535 1513 2562 \‘ir
1527 2535 1629 2570 justus,
1645 2534 1692 2562 sed
1708 2535 1796 2568 lacry-

1000 2584 1051 2610 tuis
1068 2588 1095 2611 et
1111 2584 1252 2619 gemitibus
1273 2587 1450 2618 prosequutus
1463 2587 1512 2609 est.
1530 2582 1595 2609 Cum
1612 2582 1691 2617 igitur
1701 2589 1747 2608 eos
1760 2581 1796 2608 ri-

1000 2630 1093 2657 dentes
1110 2629 1224 2661 vidcris,
1241 2630 1342 2663 cogita,
1363 2628 1433 2663 quod
1453 2628 1498 2663 qui
1519 2635 1589 2654 nunc
1603 2626 1797 2654 cachinnantur

1000 2677 1101 2704 dentes.
1115 2681 1177 2703 tunc
1192 2676 1321 2710 ploratum
1336 2679 1363 2702 et
1378 2674 1519 2701 stridorem
1536 2673 1720 2708 gravissimum
1733 2679 1793 2698 sus-

999 2723 1135 2755 lincbtlnt,
1151 2727 1176 2748 et
1192 2721 1368 2748 lamentantes
1381 2720 1407 2746 in
1422 2720 1466 2746 illo
1479 2719 1522 2746 die
1534 2727 1566 2746 ac
1580 2719 1718 2746 collisione
1730 2718 1794 2744 stri-

998 2770 1102 2801 dentes.
1118 2769 1187 2796 risus
1210 2767 1435 2798 recordabuntur;
1456 2770 1519 2792 tttnc
1540 2769 1567 2791 et
1584 2770 1613 2792 tu
1628 2765 1697 2791 risus
1718 2764 1794 2791 istius

999 2815 1192 2843 recordaberis.
1212 2814 1382 2847 Quantopere
1397 2811 1479 2838 irtisit
1495 2810 1621 2837 Lazarum
1642 2810 1686 2837 ille
1701 2809 1795 2836 dives?

998 2863 1043 2889 sed
1060 2863 1228 2895 posunodum
1251 2868 1283 2887 eo
1303 2860 1328 2886 in
1342 2859 1401 2886 sinu
1416 2856 1530 2885 Abrahae
1551 2861 1713 2891 conspecto,
1739 2855 1795 2889 ipsa
