1983 3125
161 130 207 157 211
512 130 544 159 S.
562 129 702 159 .lOANNlS
719 129 957 159 CHRYSOSTOMI
976 129 1135 158 ARCHIEP.
1154 129 1420 158 CONSTANTINOP.

161 187 277 219 seipsum
291 185 479 214 miserabiliter
493 186 612 214 deflevit.

193 232 220 259 9.
231 231 331 259 Horum
349 232 428 267 igitur
443 234 561 260 omnium
577 241 688 265 memor,
703 233 836 268 compelle
855 241 950 268 quam-

159 278 274 311 primum
298 285 393 305 omnes
415 278 449 306 ad
470 279 548 314 hujus
574 280 698 314 prarcepti
723 279 950 314 adimplctiouem.

161 321 252 358 Neque
263 323 329 351 mihi
343 324 427 357 dicas,
439 324 569 353 Paulatim
583 325 608 353 id
629 325 734 359 faciam,
748 331 794 353 aut
814 326 840 353 in
855 326 951 354 crasti-

163 375 222 396 oani
233 369 319 397 lucem
334 369 441 398 dilferas
455 379 463 398 :
477 379 538 399 cras
547 372 619 399 enim
633 372 697 400 illud
712 379 856 407 numquam
871 371 951 399 tinem

163 414 283 449 accipiet.
297 415 476 452 Quadraginta
497 416 556 445 dies
572 417 627 452 jam
646 417 848 452 praeterierunt:
863 417 886 444 si
900 417 951 445 Pa-

162 460 226 488 scha
239 468 345 496 quoque
358 469 462 489 sacrum
474 462 640 498 pneterierit,
654 463 718 490 nulli
729 463 784 497 jam
797 462 895 490 deinde
904 470 950 490 ve-

160 506 231 534 niam
245 506 324 540 dabo,
352 515 405 535 non
417 509 636 542 admonitionem,
662 509 708 536 sed
732 509 784 536 vim
807 509 910 543 imperii
925 513 953 536 ct

162 553 330 581 severitatem
345 562 399 582 non
417 555 637 582 coritemuendant
652 555 793 582 adhibebo.
809 555 867 582 Non
880 555 951 582 enim

159 598 245 625 valida
257 603 299 626 est
311 599 369 626 haec
380 599 579 627 consuetudinis
592 600 738 628 excusatio.
752 600 806 628 Cur
820 608 872 628 non
884 608 952 633 prae-

161 643 246 671 tendit
255 643 298 672 fur
310 645 540 677 consuetudinem,
562 650 589 672 et
610 653 625 672 a
649 646 779 680 supplicio
803 646 952 673 liberatur?

159 697 208 716 cur
222 697 274 717 non
295 690 365 718 idem
379 690 440 718 facit
455 691 584 718 homicida
603 695 630 719 et
650 691 776 719 adulter?
791 692 851 719 Jam
872 691 953 725 igitur

159 734 287 762 denuntio
312 741 338 763 ct
353 741 495 768 protestor.
509 737 530 764 si
546 737 701 764 conveniam
723 737 852 772 singulos,
867 742 894 764 et
906 745 952 763 ex-

160 790 327 798 Ἤ

1741 130 1793 158 ili

1004 186 1182 220 perimentum
1196 193 1299 213 sumam
1312 185 1384 222 (nam
1399 186 1468 213 haud
1482 185 1562 214 dubie
1575 187 1708 222 sumam);
1725 188 1794 222 quod

1005 233 1028 260 si
1041 233 1238 268 deprehendam
1251 233 1354 268 aliquos
1378 233 1435 260 hanc
1458 233 1520 260 vitia
1546 241 1599 260 non
1620 233 1770 261 correxisse
1784 253 1793 267 ,

1003 287 1109 314 penam
1127 279 1260 314 irrogabo,
1278 279 1393 310 edicam,
1408 283 1436 306 ut
1446 279 1510 306 foris
1521 283 1594 306 extra
1607 286 1684 306 sacra
1693 283 1796 314 myste-

1004 325 1043 352 ria
1054 325 1212 357 consistant,
1224 323 1304 360 idque
1315 331 1369 351 non
1384 331 1417 352 eo
1428 323 1518 351 animo
1532 328 1561 351 ut
1576 323 1641 351 foris
1659 328 1795 358 maneant,

1004 370 1050 397 sed
1064 375 1092 398 ut
1103 375 1243 405 postquam
1263 376 1294 397 se
1306 369 1515 400 emendaverint.
1530 369 1601 396 intus
1621 369 1724 404 recepti
1735 377 1796 396 cum

1004 423 1071 450 pura
1083 416 1246 443 conscientia
1268 422 1344 443 sacra
1356 423 1450 443 mensa
1474 415 1594 442 fruantur
1605 424 1614 442 :
1626 414 1654 442 id
1667 415 1739 442 enim
1755 421 1797 443 est

1003 462 1199 490 communionis
1209 462 1364 498 participem
1378 462 1446 490 fieri.
1470 462 1568 490 Precor
1579 467 1680 496 autem,
1696 467 1725 490 ut
1750 471 1798 498 per

1007 515 1103 543 preces
1116 513 1171 535 tum
1184 508 1338 543 praesidum,
1365 512 1421 535 tum
1434 513 1586 535 sanctorum
1602 508 1721 536 omnium
1739 508 1798 536 hmo

1004 559 1033 581 et
1042 552 1093 580 alia
1105 553 1167 581 vitia
1179 553 1268 580 omnia
1281 553 1463 586 emendantes,
1481 561 1591 588 regnum
1602 554 1729 582 calorum
1739 554 1798 581 adi-

1005 599 1150 633 piscamur,
1175 599 1260 634 gratia
1281 604 1309 627 et
1322 599 1485 634 benignitate
1510 599 1614 627 Domini
1634 601 1718 627 nostri
1731 599 1796 628 Iesu

1005 643 1115 677 Christi,
1138 652 1199 672 cum
1216 653 1270 680 quo
1290 645 1361 672 Patri
1385 653 1445 672 cum
1465 650 1557 672 sancto
1570 644 1670 680 Spiritu
1689 645 1773 680 gloria
1787 666 1795 679 ,

1006 690 1093 717 honor
1106 695 1134 718 et
1145 690 1276 723 adoratio,
1289 697 1359 718 nunc
1373 694 1400 718 ct
1413 697 1530 725 semper,
1543 695 1570 717 et
1591 690 1617 717 in
1631 691 1728 718 szecula
1743 698 1796 717 sa:-

1006 736 1139 763 culorum.
1156 737 1250 764 Amen.

161 827 191 850 IN
213 828 353 850 EPISCOPI
379 829 529 851 FLAVIANI
551 829 713 856 REDITUM,
737 829 778 850 ET
799 829 831 850 ΙΝ
853 828 1065 850 IMPERATORIS
1088 828 1153 850 CUM
1175 828 1323 850 CIVITATB
1346 829 1668 856 RECONCILIATIONEM,
1692 830 1732 850 ΕΤ
1755 829 1796 850 AD

562 878 805 901 PREVABICATOS
827 878 858 900 ΙΝ
880 877 1071 899 STATUABUM
1093 877 1332 900 SUBVERSIONEM
1357 875 1377 900 ⁸.

859 929 1099 969 ψ

459 1001 564 1020 HOIIIJA
587 1001 641 1020 ΠΙ.

194 1050 221 1077 1.
239 1049 352 1077 Averbo
376 1057 392 1076 a
419 1057 472 1084 quo
493 1057 600 1084 semper
627 1049 804 1083 periculorum
829 1052 950 1083 tempore

160 1095 230 1129 apud
252 1095 391 1122 caritatem
415 1100 530 1122 vestram
545 1094 663 1122 exordiri
688 1101 890 1126 consueveram,
916 1093 951 1122 ab

160 1139 267 1172 eodem,
283 1139 401 1174 inquam,
418 1144 446 1166 et
459 1139 539 1166 hodie
557 1139 626 1174 apud
641 1146 689 1166 vos
711 1145 862 1166 sermonem
883 1138 949 1165 inci-

160 1185 242 1220 piam,
264 1189 292 1212 et
317 1184 403 1212 dicam
428 1184 589 1212 vobiscum:
614 1184 773 1211 Benedictus
799 1184 880 1217 Deus,
904 1184 949 1218 qui

161 1231 229 1258 hanc
242 1238 291 1258 nos
306 1230 443 1258 vobiscum
457 1238 561 1258 sacram
573 1230 768 1257 solemnitatem
782 1237 842 1257 cum
853 1230 950 1265 gaudio

159 1281 187 1303 et
200 1276 290 1304 lmtitia
303 1276 384 1303 multa
400 1275 479 1304 hodie
498 1276 634 1303 celebrare
653 1275 776 1311 dignatus
788 1279 841 1308 est,
862 1280 890 1302 et
905 1276 950 1310 qui

160 1326 238 1357 caput
264 1322 370 1357 corpori
388 1322 511 1354 reddidit,
529 1327 555 1348 et
574 1326 708 1357 pastorem
727 1321 832 1354 ovibus,
848 1328 949 1356 praece-

162 1372 266 1402 ptorem
279 1367 428 1402 discipulis,
439 1368 566 1394 militibus
573 1367 679 1399 ducem,
688 1366 870 1394 sacerdotibus
885 1374 951 1401 pon—

161 1414 268 1441 tificem.
284 1414 443 1442 Benedictus
460 1413 530 1441 Deus
541 1413 586 1448 qui
599 1421 633 1440 ex
650 1412 873 1448 superabundanti
893 1413 951 1448 plus

161 1459 231 1491 facit,
256 1467 335 1494 quam
358 1459 472 1494 petimus
482 1463 528 1486 aut
541 1459 689 1494 cogitamus
712 1458 822 1494 (Ephes.
846 1458 872 1486 ὅ.
891 1458 949 1493 20).

161 1503 243 1531 Nobis
256 1505 326 1532 enim
346 1505 469 1532 sufficere
481 1504 620 1531 videbatur
641 1503 675 1531 ab
696 1503 855 1531 instantibus
874 1503 951 1531 malis

161 1550 266 1578 interim
290 1551 414 1582 liberari,
442 1555 469 1578 et
490 1558 538 1585 pro
559 1550 610 1578 hoc
634 1557 741 1577 omnem
764 1549 951 1577 cmittebamus

162 1596 383 1631 supplicationem
409 1598 445 1630 ’ς
474 1597 697 1625 clementissimus
718 1600 805 1623 autem
831 1596 902 1623 Deus
925 1600 952 1623 et

160 1643 238 1670 donis
261 1643 402 1676 petitiones
417 1647 523 1670 nostras
546 1650 652 1677 semper
666 1642 750 1670 multo
769 1649 882 1669 excessu
906 1649 951 1668 su-

161 1696 270 1724 perans,
285 1689 365 1716 etiam
382 1694 482 1724 patrem
498 1688 575 1716 nobis
594 1688 666 1715 omni
690 1695 738 1723 spe
751 1687 865 1715 celerius
887 1686 950 1714 red-

160 1734 238 1761 didit.
253 1733 318 1767 Quis
332 1735 401 1761 enim
422 1738 602 1769 exspectasset
624 1737 677 1760 tam
695 1733 787 1768 paucis
809 1732 903 1761 diebus
924 1736 952 1760 et

161 1778 355 1814 profecturum,
369 1783 396 1806 et
415 1777 603 1814 Imperatorem
622 1778 817 1813 alloquuturum
831 1782 858 1805 et
879 1777 951 1805 solu-

161 1829 250 1850 turum
265 1823 386 1855 adversa,
406 1828 433 1851 et
440 1831 544 1850 rursum
559 1823 592 1850 ad
606 1831 655 1850 nos
666 1827 720 1850 tam
735 1822 808 1850 brevi
826 1830 950 1850 reversu-

160 1877 219 1896 rum
234 1876 304 1901 esse,
319 1874 348 1896 ut
360 1877 464 1896 sacrum
477 1868 578 1896 Pascha
594 1873 684 1903 posset
698 1867 845 1902 praevenire
864 1872 891 1895 et
902 1875 950 1895 no-

160 1916 263 1943 biscum
276 1916 432 1943 celebrare?
445 1915 497 1943 Sed
511 1923 554 1947 en,
568 1915 777 1950 inexspectatum
788 1914 839 1942 hoc
853 1914 951 1942 factum

160 1965 259 1992 est,-ct
273 1966 375 1996 patrem
394 1961 558 1996 recepimus,
575 1965 602 1988 et
622 1960 723 1996 majore
743 1960 857 1988 fruimur
873 1961 950 1988 volu-

161 2011 245 2041 ptate,
261 2007 346 2041 ipsum
359 2014 429 2034 nunc
445 2011 540 2042 prazter
551 2014 627 2042 spem
638 2007 816 2041 suscipiendo.
833 2006 886 2034 Pro
898 2007 949 2041 his,

161 2052 278 2086 inquam,
295 2053 417 2080 omnibus
430 2052 639 2080 clementissimo
648 2052 703 2080 Deo
715 2052 815 2088 gratias
829 2060 949 2088 agamus,

161 2102 188 2124 et
201 2097 283 2132 ipsius
310 2098 454 2132 potentiam
478 2097 650 2130 admiremur,
666 2101 693 2125 et
712 2098 902 2133 benignitatem
923 2103 952 2127 et

160 2143 318 2177 sapientiam
333 2147 360 2170 et
372 2150 474 2175 curam,
502 2151 581 2178 quam
595 2151 642 2178 pro
655 2143 762 2170 civitate
781 2143 873 2178 gessit.
889 2143 951 2170 Dia-

160 2187 239 2215 bolus
261 2195 358 2223 nempe
387 2195 494 2216 omnem
522 2189 606 2224 ipsam
633 2196 681 2224 per
705 2188 824 2217 facinora
848 2194 950 2224 patrata

160 2233 276 2261 obruere
287 2234 408 2265 tentavit,
423 2233 494 2261 Deus
509 2241 574 2261 vero
582 2234 719 2261 civitatem
735 2239 763 2261 et
785 2234 951 2262 sacerdotem

158 2283 185 2305 et
198 2278 387 2313 Imperatorem
399 2287 446 2314 per
458 2279 528 2306 hanc
539 2279 644 2306 ornavit
655 2279 843 2312 calamitatem,
856 2284 883 2308 et
893 2287 952 2308 om-

159 2331 209 2352 nes
231 2324 346 2352 reddidit
368 2325 505 2352 clariores.
535 2325 636 2353 Civitas
658 2333 755 2361 nempe
778 2326 950 2361 splendorem

158 2374 301 2404 assequuta
319 2374 370 2403 est,
382 2371 444 2406 quia
465 2371 582 2405 periculo
596 2371 642 2398 tali
667 2371 857 2405 circumventa,
883 2380 950 2407 prm-

161 2416 293 2442 termissis
306 2415 430 2443 omnibus
450 2416 516 2443 viris
533 2416 693 2451 potentibus,
708 2418 832 2444 omnibus
852 2417 950 2446 divitiis

161 2460 368 2494 abundantibus,
392 2461 516 2489 omnibus
532 2469 654 2496 magnam
672 2463 742 2497 apud
761 2463 948 2498 Imperatorem

161 2506 307 2540 potentiam
322 2506 489 2538 habentibus.
504 2507 536 2534 ad
549 2507 696 2535 Ecclesiam
709 2512 737 2535 et
754 2509 800 2536 Dei
822 2509 949 2536 sacerdo-

162 2555 216 2581 tem
230 2551 360 2586 confugit,
375 2556 402 2579 et
411 2559 472 2579 cum
487 2553 570 2580 multa
583 2552 634 2580 fide
649 2553 748 2581 caelesti
763 2562 792 2581 sc
804 2555 860 2590 spei
875 2562 950 2582 cotu-

162 2597 246 2625 misit.
260 2597 348 2625 Multis
368 2605 481 2633 namque
495 2603 556 2634 post
569 2599 718 2627 communis
733 2601 815 2634 patris
832 2601 948 2636 peregri-

160 2643 296 2673 nationem
310 2644 337 2671 in
347 2652 454 2672 carcere
464 2644 614 2673 habitantes
625 2647 786 2674 terrentibus
798 2651 824 2674 et
839 2647 952 2674 dicenti-

169 2769 174 2773 ι
189 2741 197 2756 ⁵
215 2740 286 2777 savii.
299 2744 325 2765 et
334 2741 430 2777 quidam
441 2741 480 2765 alii
493 2741 533 2776 sic.
538 2741 634 2777 titulum
646 2742 738 2777 habent
750 2749 757 2767 :
774 2747 801 2777 I_n
812 2743 951 2769 reconcilia-

155 2773 245 2796 tionem
255 2773 410 2804 imperatoris
422 2778 478 2804 cum
489 2773 592 2804 ciuitate.
612 2777 635 2797 et
647 2773 672 2798 in
680 2773 851 2804 prwvaricatos
862 2778 951 2800 statua-

156 2807 211 2835 rum
222 2801 379 2835 suntvrsione,
387 2806 416 2835 ret
427 2802 453 2827 in
463 2803 567 2835 reditum
578 2801 697 2835 Episcopi.

189 2832 283 2868 ’"Savil.
298 2838 323 2858 et
335 2834 433 2868 quidam
446 2833 489 2868 alii
503 2840 509 2858 :
531 2832 647 2860 mstaiuia
659 2832 769 2866 effugisse
781 2835 951 2868 pcricula,pro

159 2862 246 2893 quibus
255 2862 350 2892 mani
362 2864 534 2894 emiuebamus.
547 2869 596 2891 etc.

1004 989 1063 1022 bus,
1077 989 1135 1016 Non
1145 989 1242 1017 lenitur
1255 989 1411 1025 Imperator,
1426 989 1472 1017 sed
1486 990 1570 1025 magis
1583 990 1710 1021 irritatur.
1726 995 1753 1018 et
1764 991 1797 1019 de

1004 1036 1085 1063 totius
1099 1037 1212 1064 civitatis
1232 1037 1406 1065 subversionc
1419 1037 1526 1071 cogitat,
1549 1041 1577 1064 et
1589 1037 1640 1064 alia
1655 1038 1737 1064 multa
1753 1037 1794 1065 his

1004 1082 1078 1117 plura
1090 1082 1296 1118 divulgantibus,
1311 1083 1393 1110 vincti
1409 1082 1492 1110 nihilo
1516 1087 1580 1110 tunc
1599 1091 1630 1110 ex
1651 1083 1701 1111 hac
1724 1083 1794 1110 fama

1004 1129 1150 1156 timidiores
1165 1129 1259 1157 redditi
1275 1134 1351 1162 sunt;
1379 1129 1426 1157 sed
1448 1129 1525 1157 nobis
1551 1129 1711 1162 dicentibus,
1733 1130 1795 1157 Haec

1004 1174 1067 1201 falsa
1088 1179 1115 1202 ct
1129 1174 1226 1202 diaboli
1249 1174 1349 1202 fraudis
1372 1182 1453 1210 opera
1467 1178 1539 1208 sunt,
1565 1175 1668 1202 animos
1690 1180 1796 1203 vestros

1003 1224 1178 1248 consternare
1191 1220 1314 1253 volentis,
1330 1220 1400 1247 Nihil
1414 1227 1534 1255 egemus,
1557 1220 1671 1253 aiebant,
1693 1220 1790 1248 verbo-

1004 1273 1062 1292 rum
1076 1265 1258 1293 consolatione
1273 1274 1280 1293 :
1293 1266 1392 1293 scimus
1411 1266 1482 1293 enim
1509 1264 1541 1292 ad
1559 1273 1638 1300 quem
1665 1265 1700 1293 ab
1720 1265 1795 1293 initio

1003 1311 1181 1346 confugimus,
1195 1316 1221 1339 et
1236 1311 1307 1346 quali
1318 1312 1375 1346 spei
1389 1311 1549 1339 adhazsimus
1563 1319 1570 1338 :
1586 1319 1668 1339 sacra:
1681 1311 1794 1339 salutem

1003 1362 1120 1384 nostram
1135 1365 1241 1385 ancorae
1266 1357 1409 1391 aftiximus,
1435 1365 1483 1386 nec
1506 1357 1605 1385 homini
1632 1358 1794 1386 credidimus

1004 1402 1084 1436 hanc,
1101 1403 1147 1430 sed
1160 1403 1333 1438 omnipotenti
1346 1403 1409 1430 Deo.
1427 1403 1567 1438 Propterea
1577 1403 1674 1431 bonum
1688 1412 1795 1440 quoque

1003 1448 1082 1476 ﬁnem
1103 1450 1220 1477 futurum
1235 1450 1344 1477 omnino
1363 1450 1521 1478 confidimus
1541 1459 1549 1477 :
1571 1458 1624 1478 non
1646 1456 1687 1478 est
1711 1452 1793 1485 enini,

1003 1502 1055 1522 non
1069 1499 1109 1522 est
1122 1496 1188 1522 hanc
1202 1503 1275 1530 spem
1294 1504 1416 1531 umquam
1438 1496 1563 1523 confundi
1579 1504 1659 1532 posse
1680 1498 1795 1525 creden-

1002 1541 1076 1568 dum.
1092 1541 1147 1569 Iloc
1158 1547 1222 1576 quot
1234 1550 1358 1574 coronas,
1374 1548 1437 1577 quot
1460 1542 1552 1570 laudes
1574 1543 1674 1570 civitati
1695 1550 1795 1571 nostra:

1002 1588 1183 1622 comparabit?
1195 1595 1320 1623 quantam
1336 1589 1380 1616 Dei
1395 1589 1541 1616 lucrabitur
1559 1589 1772 1617 benevolentiam
1785 1611 1793 1622 .

1002 1633 1081 1659 etiam
1097 1633 1122 1660 in
1135 1633 1244 1668 reliquis
1259 1635 1390 1667 negotiis?
1405 1634 1461 1661 Non
1477 1639 1518 1662 cst
1529 1635 1609 1666 enim,
1629 1643 1682 1662 non
1692 1641 1735 1663 est
1747 1644 1794 1663 cu-

1000 1677 1110 1712 juslibet
1121 1678 1217 1705 anituzc
1233 1678 1258 1706 in
1273 1679 1445 1706 tentationmn
1457 1679 1564 1707 incursu
1579 1681 1695 1715 vigilare,
1719 1687 1746 1709 et
1760 1682 1794 1708 ad

1002 1722 1086 1750 Deum
1114 1724 1260 1758 respicere,
1285 1729 1313 1752 et
1335 1725 1422 1752 omnia
1446 1725 1594 1753 deridendo
1610 1726 1734 1759 humana,
1759 1726 1793 1754 ad

1002 1767 1065 1795 illud
1079 1769 1203 1795 auxilium
1218 1769 1369 1797 anhelasse.

1040 1813 1064 1840 F
1066 1814 1159 1840 lm't'ani
1167 1814 1201 1840 ad
1215 1813 1399 1849 Imperatorem
1412 1817 1549 1850 profectus.
1559 1831 1593 1836 —
1605 1816 1684 1851 Igitur
1699 1817 1794 1844 civitas

1004 1859 1111 1894 quidem
1124 1860 1160 1887 ita
1170 1860 1338 1894 Splendorem
1358 1866 1498 1896 assequuta
1516 1867 1570 1894 est;
1587 1862 1712 1890 sacerdos
1731 1871 1794 1890 rur-

1002 1911 1060 1931 sum
1075 1912 1127 1932 non
1143 1905 1230 1932 minus
1253 1912 1331 1940 quam
1355 1906 1468 1933 civitas:
1483 1906 1600 1934 animam
1613 1907 1684 1934 enim
1714 1914 1794 1934 suam

1002 1957 1051 1984 pro
1078 1950 1202 1978 omnibus
1225 1951 1358 1986 exposuit,
1381 1956 1408 1978 et
1443 1951 1533 1979 multis
1567 1951 1792 1987 impedientibus,

1001 1995 1109 2030 hyeme,
1126 2000 1214 2029 rotate,
1229 1996 1388 2030 festivitate,
1404 2004 1455 2024 nec
1477 1997 1567 2024 minus
1579 2004 1673 2024 sorore
1693 1997 1727 2025 ad
1744 2005 1794 2025 ex-

1002 2046 1102 2069 tremos
1116 2042 1229 2070 deducta
1251 2043 1370 2078 spiritus,
1391 2043 1516 2071 omnibus
1538 2044 1661 2078 superior
1684 2044 1795 2072 emicuit

1002 2087 1210 2122 impedimentis,
1222 2096 1271 2116 nec
1285 2089 1353 2116 intra
1365 2089 1482 2124 seipsum
1493 2089 1561 2117 dixit
1573 2099 1579 2117 :
1592 2090 1661 2124 Quid
1674 2091 1725 2118 hoc
1738 2091 1794 2118 est?

1001 2133 1058 2160 sola
1074 2132 1152 2160 nobis
1166 2133 1295 2161 derelicta
1318 2141 1404 2167 soror,
1419 2139 1447 2162 et
1468 2142 1572 2163 mecum
1588 2135 1686 2163 Christi
1700 2135 1793 2171 jugum

1002 2177 1120 2211 trahens,
1135 2182 1164 2205 et
1175 2182 1296 2213 tempore
1306 2183 1380 2207 tanto
1401 2187 1506 2208 mecum
1527 2185 1704 2210 commorata.
1719 2188 1793 2208 nunc

1002 2222 1030 2250 in
1041 2223 1169 2251 extremis
1180 2228 1238 2257 est;
1251 2231 1301 2252 nos
1311 2232 1376 2252 vero
1388 2225 1473 2260 ipsam
1484 2222 1638 2253 deserentes
1647 2225 1794 2259 abibimus,

1002 2276 1053 2296 nec
1065 2269 1248 2304 exspirantem
1262 2269 1423 2304 videbimus,
1436 2274 1464 2298 et
1484 2271 1592 2298 ultimas
1609 2278 1692 2299 voces
1712 2272 1795 2299 emit-

1002 2315 1125 2342 tentem?
1138 2315 1172 2343 Et
1185 2316 1242 2351 ipsa
1254 2316 1361 2352 quidem
1371 2316 1492 2352 quotidie
1505 2317 1610 2350 orabat,
1624 2321 1656 2345 ut
1668 2317 1721 2346 sibi
1735 2326 1796 2345 ocu-

1002 2360 1043 2387 los
1056 2360 1242 2389 clnuderemus
1251 2382 1259 2394 ,
1273 2366 1302 2389 et
1321 2369 1352 2389 os
1366 2361 1590 2397 conjungeremus
1605 2367 1634 2390 et
1647 2370 1796 2398 compone-

1002 2412 1111 2439 remus,
1127 2413 1159 2432 ac
1181 2407 1282 2441 reliqua
1302 2407 1335 2434 ad
1359 2407 1522 2442 sepulturam
1537 2413 1665 2436 consueta
1685 2416 1797 2436 curare-

1002 2457 1063 2478 ntus
1076 2459 1083 2483 ;
1100 2458 1169 2478 nunc
1184 2459 1248 2478 vero
1272 2456 1406 2487 tamquam
1421 2453 1536 2486 deserta,
1549 2458 1576 2480 ct
1586 2457 1674 2481 tutore
1687 2461 1795 2488 carens,

1003 2495 1069 2523 nihil
1094 2496 1189 2524 horum
1217 2503 1374 2532 assequetur
1392 2505 1407 2525 a
1428 2506 1574 2533 germano,
1590 2506 1606 2526 a
1619 2506 1674 2534 quo
1688 2501 1796 2534 assequi

1002 2542 1118 2569 maxime
1128 2543 1284 2577 peroptahat
1295 2564 1302 2576 ,
1317 2543 1363 2571 sed
1378 2544 1494 2571 animatn
1509 2544 1644 2577 emittens,
1660 2552 1713 2572 non
1726 2545 1797 2573 vide.

1004 2587 1043 2615 bit
1055 2587 1174 2615 omnium
1189 2588 1240 2615 sibi
1253 2588 1531 2617 desideratissimum?
1544 2595 1570 2617 et
1588 2590 1640 2617 hoc
1660 2590 1797 2625 quomodo

1003 2641 1056 2660 non
1070 2634 1123 2660 erit
1136 2635 1235 2669 smpius
1256 2635 1366 2669 repetita
1388 2639 1474 2662 morte
1491 2636 1618 2670 gravius?
1632 2636 1758 2670 Quinimo
1771 2638 1796 2664 sl

1003 2680 1083 2714 longe
1095 2679 1236 2713 abfuisset,
1251 2688 1340 2708 nonne
1364 2682 1505 2716 oportebat
1523 2689 1648 2715 currere,
1662 2688 1690 2710 et
1704 2683 1794 2710 omnia

1003 2724 1092 2752 facere
1118 2730 1146 2752 et
1168 2727 1240 2760 pati,
1268 2731 1298 2754 ut
1326 2726 1393 2755 hanc
1415 2727 1464 2762 ipsi
1485 2728 1599 2763 gratiam
1622 2728 1794 2763 praeberem?

1002 2777 1074 2797 nunc
1087 2778 1151 2798 vero
1165 2778 1247 2806 prope
1261 2779 1320 2798 cum
1334 2773 1397 2801 sim.
1412 2772 1571 2800 deseramne
1581 2793 1588 2805 ,
1605 2778 1633 2801 et
1653 2773 1794 2801 dimittens

1002 2815 1102 2842 abibo?
1112 2820 1139 2843 et
1151 2818 1286 2850 quomodo
1299 2823 1442 2852 sequentes
1453 2817 1570 2853 perferet
1581 2818 1657 2845 dies?
1669 2817 1717 2846 llle
1728 2825 1792 2846 vero

1003 2869 1056 2891 non
1070 2866 1172 2891 tantum
1189 2862 1254 2892 nihil
1275 2863 1368 2893 horum
1382 2863 1465 2896 dixit,
1480 2863 1528 2892 sed
1543 2871 1630 2900 neque
1648 2863 1789 2901 cogitavit;
