1983 3125
134 147 178 175 ΞΗ
623 147 667 176 AD
682 146 852 177 POPULUM
871 145 1125 175 ANTIOCIIENUM
1156 145 1276 173 HOMIL.
1297 145 1367 172 XXI.

134 207 210 234 αὑτὸν
220 206 249 233 ἐν
262 206 320 237 τοῖς
334 205 445 238 κόλποις
457 207 505 234 τοῦ
522 205 656 242 Ἃϐραάμ,
671 206 766 233 ἐαυτὸν
780 206 887 242 ἐθρήνει
906 205 960 232 λοι-

138 252 196 280 πόν.

163 293 195 322 θ’.
210 292 303 320 Ταῦτα
317 291 368 321 οὖν
385 293 493 321 ἅπαντα
509 293 606 320 ἐννοῶν
619 292 732 320 συνώθει
743 293 846 325 πάντας
857 293 961 328 ταχέως

131 338 168 369 εις
181 337 230 372 τὴν
241 337 294 372 τῆς
309 337 420 372 ἐντολῆς
435 337 618 374 ἐκπλήρωσιν.
635 338 691 364 Καὶ
705 338 742 373 μή
759 346 805 372 μοι
823 336 898 371 λέγε,
920 337 962 364 ὅτι

131 380 203 407 Κατὰ
222 381 332 416 μικρὸν,
358 381 424 417 μηδέ
447 382 488 413 εἰς
503 381 553 416 τὴν
570 380 664 417 αὔριον
687 380 854 408 ἀναϐάλλοψ
876 381 894 416 ἡ
906 380 962 416 γάρ

129 424 216 459 αὔριον
234 424 368 452 οὐδέποτε
384 425 516 460 λαμϐάνει
531 424 618 456 τέλος.
641 425 852 460 Τεσσαράκοντα
867 425 962 451 λοιπὸν

129 468 224 503 ἡμέραι
243 468 402 504 παρῆλθον·
430 468 465 496 ἂν
488 468 577 495 τοίνυν
604 468 635 495 τὸ
658 469 755 504 Πάσχα
780 468 905 505 παρέλθῃ
932 468 964 495 τὸ

129 512 213 547 ἱερὸν,
245 511 339 540 οὐδενὶ
365 512 561 547 συγγνώσομαι
586 513 690 545 λοιπὸν,
714 513 775 539 οὐδὲ
800 513 962 548 παραίνεσιν

127 555 259 591 προσάξω,
271 556 334 583 ἀλλ’
347 556 484 592 ἐπιταγήν
500 557 548 583 καὶ
558 557 712 591 ἀποτομίαν
724 557 961 592 ἀκαταφρόνητον-

126 600 182 627 οὐδὲ
197 600 251 635 γὰρ
270 601 374 636 ισχυρά
389 601 460 637 αὓτη
471 602 487 637 ή
498 602 633 636 ἀπολογία
647 603 664 637 ή
680 602 725 628 διὰ
739 601 790 637 τῆς
805 601 962 637 συνηθείας.

126 643 171 670 Διά
184 644 209 670 τί
221 645 235 670 ὀ
254 644 384 672 κλέπτων
400 646 431 672 οὺ
449 646 633 682 προϐάλλεται
645 645 801 682 συνήθειαν,
815 647 863 673 καὶ
876 646 964 672 ἀπαλ-

127 687 245 714 λάττεται
268 689 429 722 κολάσεως;
451 689 496 716 διὰ
520 689 547 716 τί
569 691 584 717 ό
601 689 722 724 φονεύων
744 690 791 716 καὶ
810 689 963 725 μοιχεύων;

127 732 192 759 Πᾶσι
210 732 305 759 τοίνυν
324 733 452 770 προλέγω
470 734 519 760 καὶ
534 733 769 770 διαμαρτύρομαι,
788 734 827 760 δτι
845 733 878 760 ἂν
899 741 966 768 συγ-

1013 203 1162 239 γενόμενος
1170 203 1235 239 ὑμῖν
1247 203 1307 230 κατ’
1318 202 1386 230 ἰδίαν
1399 201 1447 228 καὶ
1456 201 1547 228 λαϐὼν
1555 202 1710 239 ἀπόπειραν
1723 204 1854 241 (λήψομαι

1014 248 1042 275 δὲ
1057 247 1186 283 πάντως),
1206 247 1279 284 εὕρω
1287 247 1364 281 τινὰς
1377 246 1416 282 μὴ
1432 245 1634 282 διορθώσαντας
1649 247 1681 274 τὸ
1695 248 1849 285 ἐλάττωμα,

1015 292 1159 327 ἀπαιτήσω
1178 291 1269 327 δίκην,
1287 290 1420 323 κελεύσας
1436 290 1489 324 ἔξω
1506 291 1599 326 μένειν
1615 291 1670 318 τῶν
1693 293 1854 328 μυστηρίων

1014 335 1069 362 τῶν
1081 336 1172 371 ἱερῶν,
1182 336 1230 370 οὐχ
1247 335 1291 362 ἵνα
1309 335 1427 370 μένωσιν
1439 334 1501 367 ἔξω,
1516 335 1584 362 ἀλλά
1599 336 1642 362 ἵνα
1655 336 1853 372 διορθώσαντες

1015 381 1129 412 ἑαυτοὺς
1145 379 1231 412 οὕτως
1248 380 1401 410 εἰσέλθωσι,
1420 380 1467 407 καὶ
1486 381 1555 415 μετά
1571 381 1691 416 καθαροῦ
1703 383 1854 415 συνειδότος

1015 423 1192 450 ἀπολαύσωσι
1203 425 1253 459 τῆς
1269 424 1346 459 ἱερᾶς
1361 424 1519 460 τραπέζης·
1536 423 1617 451 τοῦτο
1627 425 1682 461 γάρ
1693 426 1751 453 ἐστι
1767 435 1853 462 μετα-

1017 469 1093 503 σχεῖν
1117 468 1274 499 κοινωνίας.
1290 468 1401 495 Γένοιτο
1425 468 1453 494 δὲ
1466 468 1561 503 εὐχαῖς
1579 469 1634 495 τῶν
1649 470 1789 506 προέδρων
1806 472 1854 498 καὶ

1017 511 1071 538 τῶν
1087 511 1172 546 ἁγίων
1197 511 1306 539 πάντων
1319 512 1366 538 καὶ
1377 511 1465 538 ταῦτα
1482 512 1529 538 καὶ
1542 511 1576 538 τὰ
1597 512 1665 540 ἄλλα
1678 513 1767 540 πάντα
1782 514 1855 550 διορ-

1017 554 1156 587 θώσαντας
1163 555 1352 591 ἐλαττώματα,
1359 557 1449 590 τυχεῖν
1457 556 1507 590 τῆς
1515 555 1654 591 βασιλείας
1661 556 1715 583 τῶν
1721 558 1854 593 οὐρανῶν,

1017 600 1109 635 χάριτι
1135 600 1182 626 καὶ
1206 599 1397 635 φιλανθρωπίᾳ
1411 599 1457 626 τοῦ
1473 600 1577 635 Κυρίου
1590 600 1669 636 ήμῶν
1684 601 1771 636 Ἰησοῦ
1785 603 1855 638 Χρι-

1017 643 1093 674 στοῦ,
1112 643 1171 679 μεθ’
1184 641 1215 670 οὗ
1226 643 1265 679 τῷ
1284 643 1374 680 Πατρὶ
1391 643 1441 670 σὺν
1456 643 1495 679 τῷ
1523 643 1593 679 ἁγίῳ
1615 645 1756 680 Πνεύματι
1779 646 1855 680 δόξα,

1016 697 1042 714 τι
1047 687 1084 724 μὴ
1100 688 1147 714 καὶ
1161 687 1359 723 προσκύνησις,
1373 688 1421 716 νῦν
1431 689 1478 716 καὶ
1490 689 1546 721 ἀεὶ,
1560 689 1608 716 καί¹
1625 690 1666 721 είς
1682 689 1746 722 τοὺς
1754 690 1857 723 αἰῶνας

1017 732 1072 759 τῶν
1090 732 1207 759 αἰώνων.
1228 733 1324 768 Ἀμήν.

127 849 197 881 Ειςι
215 849 274 883 τὴν
288 849 447 876 ἐπάνοδον
460 849 513 876 τοῦ
525 849 697 876 ἐπισκόπου
713 848 894 881 Φλαόιαγοῦ,
915 847 965 875 καὶ
1003 849 1047 882 εις
1063 849 1120 882 τὴν
1135 849 1189 876 τοῦ
1217 848 1372 882 βασιλέως
1382 848 1554 885 διαλλαγὴν
1566 849 1643 884 πρὸς
1669 849 1729 884 τὴν
1748 851 1839 878 πόλιν
1849 859 1857 868 ·

408 896 459 923 καὶ
476 895 552 930 πρὸς
566 895 638 929 τοὺς
650 896 931 931 πλημμελήσαντας
949 895 994 928 είς
1012 894 1070 929 τὴν
1083 895 1144 922 τῶν
1159 895 1345 930 ἀνδριάντων
1357 895 1580 939 καταστροφήν.

452 989 570 1023 Ὀμιλία
584 987 639 1016 καῖ

156 1035 189 1059 α’.
210 1032 280 1059 Ἀπὸ
297 1033 351 1068 τῆς
364 1033 480 1069 ρήσεως,
493 1033 539 1066 ἀφ’
554 1030 587 1069 ἦς
599 1033 643 1059 ἀεὶ
653 1032 728 1067 παρά
743 1031 789 1059 τὸν
803 1032 897 1068 καιρὸν
914 1032 967 1058 τῶν

125 1077 250 1104 κινδύνων
264 1077 341 1112 πρὸς
351 1077 401 1112 τὴν
417 1077 553 1112 ὑμετέραν
574 1076 681 1102 εἰώθειν
695 1076 805 1112 ἀγάπην
821 1077 967 1112 προοιμιά-

126 1121 224 1153 ζεσθαι,
240 1121 304 1148 ἀπὸ
317 1121 368 1156 τῆς
381 1121 468 1156 αὐτῆς
483 1121 585 1156 ταύτης
598 1121 646 1147 καὶ
660 1121 779 1156 σήμερον
792 1120 911 1156 ἄρξομαι
920 1120 968 1147 τοῦ

127 1165 188 1200 πρὸς
209 1166 291 1200 ὑμεῖς
315 1165 409 1199 λόγου,
430 1165 477 1192 καὶ
500 1164 555 1201 ἐρῶ
579 1164 640 1200 μεθ’
663 1164 756 1199 ὑμῶν·
781 1164 934 1200 Εὐλογητὸς
955 1165 970 1190 ὁ

126 1210 196 1243 Θεὸς,
209 1210 223 1236 ό
236 1209 296 1245 τὴν
313 1210 388 1246 ίεράν
403 1210 504 1245 ταύτην
519 1209 617 1245 ἑορτὴν
629 1208 698 1244 μετά
711 1209 799 1244 χαρᾶς
813 1209 860 1235 καὶ
870 1209 969 1243 εὐφρο-

126 1254 204 1290 σύνης
219 1254 332 1290 πολλῆς
347 1253 521 1286 καταξιώσας
537 1254 611 1289 ἡμᾶς
627 1252 700 1290 [214]
718 1253 871 1280 ἐπιτελέσαι
884 1254 969 1288 σήμε›

129 1307 180 1335 ρον,
199 1298 250 1325 καὶ
273 1298 322 1334 τὴν
344 1298 467 1333 κεφαλὴν
490 1297 606 1330 ἀποδοὺς
632 1297 671 1333 τῷ
698 1297 823 1333 σώματι,
850 1297 898 1323 καὶ
924 1296 970 1323 τὸν

129 1343 245 1377 ποιμένα
265 1345 324 1374 τοῖς
336 1342 495 1378 προϐάτοις,
513 1342 562 1370 καὶ
574 1341 621 1369 τὸν
632 1341 793 1368 διδάσκαλον
802 1342 858 1372 τοῖς
879 1341 969 1376 μαθη-

127 1387 192 1419 ταῖς,
201 1387 251 1413 τὸν
268 1387 422 1422 στρατηγὸν
435 1387 491 1417 τοῖς
505 1385 696 1422 στρατιώταις,
707 1385 753 1412 τὸν
769 1385 900 1421 ἀρχιερέα
914 1387 971 1417 τοῖς

129 1430 245 1465 ἱερεῦσιν
260 1439 268 1446 ·
287 1430 434 1466 εὐλογητὸς
446 1430 460 1455 ὁ
479 1430 545 1461 Θεὸς
558 1431 572 1456 ό
584 1430 669 1456 ποιῶν
682 1428 920 1465 ὑπερεκπερισσοῦ
932 1427 971 1455 ὧν

128 1474 304 1510 αἰτούμεθαῆ
316 1474 443 1510 νοοῦμεν.
457 1474 540 1510 Ἦμῖν
554 1473 603 1509 μὲν
619 1473 674 1509 γάρ
687 1473 789 1508 ἀρκοῦν
801 1471 871 1500 εἷναι
882 1472 971 1500 ἐδόκει

128 1519 157 1545 τὸ
166 1519 220 1546 τῶν
237 1518 424 1554 ἐπικειμένων
440 1518 509 1550 τέως
525 1517 716 1552 ἀπαλλαγῆναι
726 1516 887 1549 κακῶν,καὶ
902 1517 972 1552 ὑπὲρ

129 1562 222 1590 τούτου
244 1564 338 1589 πᾶσαν
355 1561 523 1598 ἐποιούμεθα
535 1561 585 1597 τὴν
598 1561 613 1581 δ
629 1561 769 1597 ἱκετηρίαν
779 1569 787 1576 ·
802 1561 816 1587 ό
835 1561 863 1587 δὲ
878 1561 972 1595 φιλάν-

130 1607 239 1642 θρωπος
253 1606 331 1639 Θεὸς,
342 1607 390 1633 καὶ
402 1607 435 1642 τῇ
451 1606 523 1632 δόσει
541 1605 591 1637 τὰς
603 1605 725 1641 αἰτήσεις
738 1605 816 1640 ήμῶν
832 1605 875 1632 ἀεὶ
888 1605 972 1632 νικῶν

131 1651 197 1686 μετά
210 1650 316 1686 πολλῆς
325 1650 374 1685 τῆς
386 1649 551 1685 ὑπερϐολῆς,
561 1648 665 1676 καὶτὸν
677 1648 783 1684 πατέρα
797 1649 862 1683 ήμῖν
877 1649 973 1675 θᾶττον

130 1694 237 1726 ἐλπίδος
250 1694 361 1729 ἀπάσης
375 1693 511 1721 ἀπέδωκε.
521 1693 570 1725 Τίς
590 1694 645 1728 γὰρ
656 1692 689 1719 ἂν
703 1692 916 1729 προσεδόκησεν,
932 1692 974 1718 ὅτι

131 1740 157 1764 ἐν
179 1738 272 1770 οὕτως
295 1738 401 1773 ὀλίγαις
423 1737 544 1773 ἡμέραις
561 1737 608 1764 καὶ
631 1737 824 1767 ἀπελεύσεται,
842 1736 890 1763 καὶ
914 1736 974 1763 δια-

131 1782 237 1814 λέξεται
262 1782 303 1818 τῷ
330 1781 448 1817 βασιλεῖ,
473 1782 521 1808 καὶ
545 1781 622 1808 λύσει
641 1781 675 1808 τὰ
699 1781 784 1811 δεινὰ,
810 1781 858 1807 καὶ
892 1780 974 1807 πάλιν

133 1827 263 1861 ἐπανήξει
281 1826 352 1862 πρὸς
368 1827 444 1861 ἡμᾶς
456 1825 528 1852 οὕτω
540 1825 661 1861 ταχέως,
675 1826 712 1857 ὡς
728 1825 773 1852 καὶ
785 1825 815 1851 τὸ
834 1825 930 1860 Πάσχα
944 1824 975 1851 τὸ

132 1870 204 1906 ἱερὸν
217 1870 370 1906 δυνηθῆναι
381 1870 483 1904 φθάσαι
493 1869 541 1897 καὶ
555 1869 615 1906 μεθ’
625 1870 704 1905 ήμῶν
714 1869 887 1902 ἐπιτελέσαις
904 1869 974 1896 Ἀλλ’

134 1915 198 1947 Ιδοὺ,
210 1914 309 1948 γέγονε
324 1914 356 1940 τὸ
368 1913 572 1949 ἀπροσδόκητον
585 1913 675 1945 τοῦτο,
691 1913 793 1940 καὶτὸν
808 1913 914 1949 πατέρα
922 1914 975 1940 ἀπ-

133 1958 299 1994 ειλήφαμεν,
313 1958 363 1984 καὶ
373 1957 484 1993 μείζονα
495 1957 602 1993 καρπού
608 1957 678 1992 μεθα
686 1957 735 1993 τὴν
743 1956 850 1992 ἡδονὴν,
861 1957 900 1993 τῷ
909 1958 974 1993 παρ’

134 2002 228 2028 ἐλπίδα
241 2001 327 2028 αὑτὸν
344 2001 491 2028 ἀπολαϐεῖν
503 2001 561 2028 νῦν.
579 2000 663 2036 Ὑπὲρ
681 2001 714 2036 δὴ
729 2001 834 2027 τούτων
848 2001 976 2028 ἁπάντων

134 2045 345 2082 εὐχαριστῶμεν
365 2045 405 2080 τῷ
426 2045 611 2082 φιλανθρώπῳ
628 2045 704 2080 Θεῷ,
724 2045 771 2072 καὶ
791 2045 977 2080 θαυμάζωμεν

135 2090 219 2117 αὺτοῦ
244 2090 297 2125 τὴν
318 2089 435 2125 δύναμιν
462 2090 510 2116 καὶ
539 2089 588 2125 τὴν
613 2089 829 2125 φιλανθρωπίαν,
858 2090 905 2116 καὶ
926 2089 976 2125 τὴν

136 2134 233 2168 σοφίαν
248 2133 298 2160 καὶ
312 2133 363 2170 τὴν
389 2133 552 2169 κηδεμονίαν
565 2133 616 2168 τὴν
631 2133 701 2168 ὑπὲρ
713 2132 764 2167 τῆς
780 2133 884 2165 πόλεως
896 2141 977 2167 γεγε-

136 2178 269 2213 νημένην.
294 2177 325 2204 '0
338 2177 387 2213 μὲν
406 2177 461 2213 γὰρ
475 2177 607 2208 διάϐολος,
619 2175 769 2204 καταδῦσαι
783 2177 873 2203 πᾶσαν
892 2177 977 2212 αὐτὴν

137 2222 305 2258 ἐπεχείρησε
324 2221 370 2249 διὰ
387 2222 442 2248 τῶν
461 2221 663 2256 τολμηθέντων·
682 2222 696 2247 ό
723 2220 751 2247 δὲ
772 2220 838 2252 Θεὸς
861 2222 909 2248 καὶ
928 2221 977 2257 τὴν

138 2266 216 2293 πόλιν
229 2267 278 2293 καὶ
285 2265 332 2293 τὸν
343 2265 418 2302 ἱερέα
428 2265 476 2292 καὶ
489 2265 535 2292 τὸν
545 2264 657 2300 βασιλέα
664 2264 708 2291 διὰ
718 2264 822 2299 ταύτης
837 2264 976 2300 ἐκόσμησε

137 2310 188 2345 τῆς
205 2310 362 2345 συμφορᾶς,
378 2310 426 2336 καὶ
436 2309 644 2345 λαμπροτέρους
663 2309 767 2341 πάντας
781 2309 931 2345 ἀπέφηνεν.
945 2309 978 2335 Ἡ

137 2354 215 2386 πόλις
243 2354 294 2389 μὲν
320 2354 374 2389 γὰρ
401 2353 602 2389 ηὐδοκίμησεν,
632 2353 673 2379 ὅτι
704 2352 827 2379 κινδύνου
855 2353 977 2380 τοιούτου

138 2398 350 2430 καταλαϐόντος,
382 2397 600 2434 παραδραμοῦσα
625 2397 729 2429 πάντας
753 2397 818 2429 τοὺς
839 2398 868 2425 ἐν
897 2397 979 2424 δυνα-

140 2442 252 2474 στείαις,
283 2442 346 2473 τοὺς
376 2440 490 2468 πλοῦτον
520 2441 603 2467 πολὺν
627 2440 887 2476 περιϐεϐλημένους,
905 2441 979 2476 *τοῦς

142 2485 263 2520 μεγάλην
280 2484 358 2521 παρά
373 2484 479 2520 βασιλεῖ
501 2483 614 2519 δύναμιν
641 2473 833 2518 ἔχοντας’-ἐπὶ
849 2473 980 2519 τῆν’Ἐκ-

142 2529 255 2564 κλησίαν
272 2529 320 2555 καὶ
344 2528 390 2554 τὸν
408 2528 483 2564 ἱερέα
499 2528 546 2554 τοῦ
570 2528 638 2554 Θεοῦ
662 2528 809 2561 κατέφυγε,
832 2528 880 2554 καὶ
909 2527 979 2563 μετὰ

143 2573 243 2607 πολλῆς
258 2573 308 2607 τῆς
328 2572 448 2604 πίστεως
469 2571 520 2606 τῆς
544 2571 649 2598 ἄνωθεν
674 2572 772 2607 ἑαυτὴν
793 2571 979 2607 ἐξεκρέμασεν

144 2616 259 2648 ἐλπίδος.
275 2615 386 2642 Πολλῶν
404 2615 469 2649 γοῦν
488 2615 558 2650 μετὰ
585 2615 633 2651 τὴν
656 2615 811 2650 ἀποδημίαν
824 2615 872 2640 τοῦ
889 2615 979 2641 κοινοῦ

145 2661 261 2696 πατέρος
276 2660 341 2692 τοὺς
354 2660 385 2686 τὸ
403 2659 593 2694 δεσμωτήριον
609 2659 751 2690 οἰκοῦντας
771 2658 960 2694 θορυϐούντων
973 2681 979 2692 ,

146 2705 191 2731 καὶ
206 2704 353 2738 λεγόντων,
365 2703 450 2738 ώςγού
465 2702 614 2738 καθυφίησι
625 2708 636 2722 ι
652 2704 702 2738 τῆς
712 2703 799 2739 ὀργῆς
813 2704 827 2729 ό
844 2702 981 2737 βασιλεὺς,

175 2780 189 2794 ⁸
200 2779 274 2803 Savil.
287 2782 314 2803 el
326 2779 426 2810 quidam
439 2778 481 2802 alii
494 2778 529 2802 sic
547 2778 646 2802 titulum
656 2777 748 2810 habent
760 2787 765 2800 :
778 2778 818 2810 Εἰς
831 2778 874 2810 τὴν
885 2777 982 2810 διαλλα-

146 2813 186 2841 γὴν
195 2809 236 2834 τοῦ
248 2809 367 2841 βασιλέως
377 2810 436 2841 πρὸς
447 2810 489 2837 τὴν
503 2809 581 2836 πόλιν,
593 2809 633 2841 καὶ
647 2810 680 2836 είς
697 2809 753 2836 τοὺς
767 2809 983 2841 πλημμελήσαντας

146 2838 178 2870 ξιξ
189 2842 229 2869 τήν
239 2838 287 2864 τῶν
300 2838 446 2872 ἀνδριάντων
455 2840 631 2872 καταστροφὴν,
641 2841 681 2863 καί
702 2841 734 2872 εἰς
754 2840 796 2867 τὴν
809 2839 922 2872 ἐπάνοδον
939 2838 983 2872 τοῦ

148 2869 285 2897 ἐπισκόπου.
307 2869 387 2896 ιάυὶο
402 2874 459 2902 post
473 2871 529 2895 init.
540 2869 616 2902 Safil.
630 2874 656 2894 el
666 2871 766 2902 quidam
780 2877 829 2893 mss
847 2871 890 2902 ὒμ.ἶ
901 2870 981 2902 είωθα.

178 2903 190 2921 h
200 2903 272 2926 Savil.
281 2906 307 2926 el
316 2900 418 2933 ςιυὶάαήι
424 2902 465 2926 alii
475 2901 627 2931 ἐπικειμένων
636 2901 748 2926 κινδύνων
758 2901 873 2931 ἑκφυγειν,
883 2900 941 2932 ὑπὲρ
951 2900 983 2924 ὼν

151 2936 223 2956 πᾶσαν
234 2934 378 2964 ἐποιούμεθα
389 2933 441 2961 τήν.

179 2965 188 2980 ί
209 2964 282 2989 Satn.
293 2962 323 2988 ef
333 2964 434 2990 quidam
447 2970 503 2987 mssr
519 2963 545 2986 οὐ
560 2963 694 2996 καθυφίησι.
704 2962 787 2988 Morel.
806 2962 848 2986 οὐκ
862 2962 952 2993 ἀφίησι.

1020 983 1088 1012 ἀλλά
1111 979 1293 1017 παροξύνεται
1324 979 1476 1015 μειζόνως,
1502 979 1550 1007 καὶ
1582 981 1646 1016 περὶ
1675 983 1860 1017 κατασκαφῆς

1018 1027 1166 1062 ὁλοκλήρου
1184 1025 1234 1060 τῆς
1258 1024 1364 1055 πόλεως
1387 1023 1563 1058 βουλεύεται,
1588 1025 1635 1051 καὶ
1663 1024 1745 1060 ἕτερα
1768 1025 1861 1060 πολλῷ

1020 1071 1131 1099 πλείονα
1153 1068 1256 1096 τούτων
1281 1067 1479 1104 θρυλλούντων,
1499 1068 1523 1094 οι
1541 1067 1678 1103 δεδεμένοι
1700 1070 1761 1095 τότε
1783 1069 1861 1096 οὐδὲν

1019 1116 1139 1151 ἐγίνοντο
1165 1114 1197 1140 ἐκ
1220 1112 1270 1148 τῆς
1288 1112 1383 1147 φήμης
1406 1111 1509 1147 ταύτης
1526 1112 1683 1148 δειλότεροι,
1702 1113 1760 1139 ἀλλ’
1782 1113 1862 1148 ήμῶν

1023 1159 1170 1194 λεγόντων,
1196 1157 1235 1188 ὠς
1258 1155 1351 1191 Ψευδῆ
1377 1155 1464 1181 ταῦτα
1486 1155 1536 1182 καὶ
1555 1155 1679 1182 διαϐόλου
1694 1157 1862 1191 μαγγανείας

1020 1203 1094 1231 ἐστὶν
1107 1202 1187 1237 ἔργα,
1202 1198 1365 1235 βουλομένου
1375 1198 1537 1225 καταϐαλεῖν
1549 1199 1626 1234 ὑμῶν
1635 1199 1670 1226 τὰ
1686 1200 1861 1236 φρονήματα,

1021 1246 1103 1273 Οὺδέν
1124 1243 1242 1279 δεόμεθα
1265 1244 1316 1278 τῆς
1342 1242 1387 1269 διὰ
1411 1242 1523 1276 λόγωνά
1554 1243 1769 1279 παρακλήσεως,
1793 1244 1862 1279 πρὸς

1021 1291 1095 1326 ἡμᾶς
1119 1289 1228 1323 ἔλεγον·
1257 1288 1336 1322 ῐσμεν
1358 1287 1414 1322 γὰρ
1438 1282 1469 1313 οῦ
1488 1286 1537 1323 τὴν
1554 1288 1643 1323 ἀρχὴν
1658 1287 1862 1323 κατεφύγομεν,

1021 1334 1069 1362 καὶ
1082 1333 1162 1365 ποίας
1179 1331 1286 1363 ἐλπίδος
1309 1331 1424 1362 ἑαυτοὺς
1451 1329 1693 1366 ἐξεκρεμάσαμεν·
1712 1331 1762 1365 τῆς
1786 1332 1863 1367 ἱερᾶς

1021 1378 1146 1413 ἀγκύρας
1157 1376 1208 1412 τὴν
1217 1374 1354 1411 σωτηρίαν
1366 1374 1444 1410 ήμῶν
1456 1374 1503 1410 ἐξη
1508 1375 1594 1411 ρτήσα
1598 1383 1659 1409 μεν·
1669 1375 1718 1401 οὐκ
1727 1375 1775 1402 ἀνθ
1780 1374 1864 1411 ρώπῳ

1021 1422 1123 1457 ταύτην
1147 1419 1397 1454 ἐνεπιστεύσαμεν,
1422 1418 1490 1446 ἀλλά
1511 1418 1552 1454 τῷ
1574 1419 1772 1455 παντοδυνάμῳ
1793 1420 1862 1455 Θεῷ.

1021 1466 1067 1494 Διὸ
1089 1466 1122 1501 δὴ
1144 1465 1190 1492 καί¹
1210 1463 1367 1501 θαρροῦμεν
1384 1463 1502 1499 χρηστὸν
1521 1463 1631 1490 ἔσεσθαι
1651 1464 1682 1490 τὸ
1699 1464 1775 1496 τέλος
1797 1466 1865 1492 πάν-

1021 1519 1094 1542 τωςο
1121 1510 1151 1536 οὺ
1171 1509 1226 1545 γὰρ
1249 1507 1336 1539 ἐστιν,
1360 1507 1411 1533 οὐκ
1428 1506 1486 1534 ἐστι
1499 1506 1548 1543 τὴν
1565 1507 1660 1534 ἐλπίδα
1678 1507 1781 1542 ταύτην
1796 1517 1864 1535 κατ-

1022 1553 1198 1590 αιηυνθῆναί
1217 1561 1294 1580 ποτε.
1322 1551 1409 1579 Τοῦτο
1432 1551 1492 1578 ἀντὶ
1511 1552 1602 1579 πόσων
1626 1553 1783 1587 στεφάνων,
1802 1554 1864 1581 ἀντὶ

1024 1598 1115 1625 πόσων
1131 1597 1276 1632 ἐγκωμίων
1289 1595 1403 1631 ἀρκέσει
1419 1597 1453 1631 τῇ
1469 1595 1563 1628 πόλεις
1579 1595 1666 1632 πόσην
1682 1597 1864 1625 ἐπισπάσεται

1024 1641 1072 1669 τοῦ
1094 1641 1162 1668 Θεοῦ
1185 1641 1235 1676 τὴν
1249 1640 1370 1672 εὔνοιαν,
1384 1639 1432 1666 καὶ
1447 1641 1476 1666 ἐν
1491 1641 1547 1672 τοῖς
1563 1640 1668 1672 λοιποῖς
1681 1641 1864 1677 πράγμασιν;

1025 1685 1062 1712 Οὐ
1074 1684 1129 1720 γὰρ
1144 1685 1228 1715 ἐστιν,
1246 1684 1296 1710 οὐκ
1309 1683 1368 1709 ἔστι
1387 1683 1436 1718 τῆς
1453 1683 1589 1719 τυχούσης
1603 1683 1703 1719 ψυχῆς,
1717 1685 1746 1710 ἐν
1759 1686 1791 1721 τῇ
1807 1686 1863 1712 τῶν

1025 1727 1189 1764 πειρασμῶν
1206 1727 1339 1762 ἐπαγωγῇ
1353 1726 1459 1762 νήφειν,
1472 1727 1520 1753 καλ⁵
1534 1727 1604 1762 πρὸς
1613 1726 1659 1754 τὸν
1668 1727 1733 1753 Θεὸν
1743 1727 1864 1763 βλέπειν,

1025 1771 1072 1798 καὶ
1102 1772 1210 1798 πάντων
1238 1770 1466 1805 καταγελάσασαν
1491 1770 1547 1798 τῶν
1573 1771 1771 1807 ἀνθρωπίνων,
1797 1772 1866 1807 πρὸς

1025 1816 1133 1851 ἐκείνην
1153 1815 1298 1851 κεχηνέναι
1307 1815 1357 1850 τὴν
1370 1815 1541 1850 συμμαχίαν.

1067 1861 1100 1888 Ἦ
1128 1860 1178 1897 μὲν
1203 1859 1250 1888 οὖν
1272 1860 1349 1891 πόλις
1363 1865 1374 1879 ε
1390 1859 1477 1891 οὕτως
1495 1860 1688 1896 εὐδοκίμησεν·
1704 1861 1719 1887 ό
1733 1861 1762 1887 δέ
1773 1858 1867 1897 ἶερεὺς

1026 1907 1108 1934 πάλιν
1121 1908 1170 1942 οὐχ
1187 1904 1268 1942 ἦττον
1282 1907 1355 1941 ἥπερ
1372 1907 1389 1942 ή
1409 1906 1501 1938 πόλις·
1517 1907 1568 1942 τὴν
1583 1907 1637 1942 γὰρ
1660 1907 1757 1934 ἐαυτοῦ
1777 1908 1867 1944 ψυχὴν

1026 1951 1097 1986 ὑπὲρ
1115 1951 1223 1978 πάντων
1247 1951 1343 1982 ἔδωκε,
1360 1950 1436 1987 [215]
1447 1951 1494 1977 καὶ
1508 1951 1614 1978 πολλῶν
1633 1951 1718 1979 ὅντων
1738 1952 1793 1979 τῶν
1813 1961 1869 1980 κω-

1026 1995 1155 2028 λυόντων,
1175 1994 1222 2021 τοῦ
1251 1995 1396 2030 χειμῶνος,
1415 1995 1466 2029 τῆς
1487 1994 1606 2030 ἡλικίας,
1624 1995 1674 2031 τῆς
1694 1996 1802 2032 ἑορτῆς,
1820 1999 1868 2024 καὶ

1026 2039 1076 2066 οὐκ
1092 2039 1202 2066 ἔλαττον
1210 2039 1258 2074 τῆς
1269 2038 1387 2074 ἀδελφῆς
1403 2039 1472 2075 πρὸς
1486 2039 1605 2074 ἐσχάτας
1619 2039 1702 2075 οὕσης
1713 2041 1867 2075 ἀναπνοὰς,

1026 2082 1156 2109 ἁπάντων
1176 2082 1343 2117 ὑψηλότερος
1360 2082 1469 2116 ἐγένετο
1481 2083 1536 2109 τῶν
1554 2082 1735 2118 κωλυμάτων,
1752 2084 1799 2111 καὶ
1816 2085 1868 2112 οὐκ

1027 2125 1088 2153 εἷπε
1100 2126 1169 2162 πρὸς
1182 2126 1293 2152 ἑαυτόν·
1309 2126 1342 2152 Τί
1358 2126 1455 2159 τοῦ-τος
1468 2127 1485 2161 ἡ
1497 2126 1567 2162 μόνη
1580 2127 1786 2162 περιλειφθεῖσα
1801 2129 1868 2164 ἡμῖν

1027 2169 1142 2205 ἀδελφὴ,
1156 2170 1204 2197 καὶ
1223 2171 1282 2206 μετ’
1298 2170 1365 2205 ἐμοῦ
1378 2169 1424 2196 τὸν
1438 2171 1483 2205 ζυγ
1490 2170 1519 2197 ὸν
1533 2170 1650 2197 ἕλκουσα
1671 2171 1720 2198 τοῦ
1736 2173 1868 2208 Χριστοῦ,

1028 2215 1077 2242 καὶ
1086 2214 1213 2242 τοσοῦτόν
1227 2223 1272 2250 μοι
1286 2215 1470 2250 συνοικήσασα
1485 2215 1590 2250 χρόνον,
1600 2215 1669 2250 πρὸς
1683 2216 1801 2252 ἐσχάτας
1811 2218 1869 2245 ἐστὶ

1029 2258 1077 2284 νῦν
1084 2258 1229 2291 ,ἀναπνοὰς
1240 2266 1247 2273 ·
1263 2259 1344 2294 ἡμεῖς
1356 2258 1385 2285 δὲ
1393 2259 1479 2294 αὐτὴν
1493 2258 1708 2294 καταλείψαντες
1719 2260 1869 2287 ἀπελευσό-

1032 2302 1112 2338 μεθα,
1130 2303 1178 2330 καὶ
1197 2303 1247 2329 οὑκ
1269 2302 1392 2338 ὀψόμεθα
1407 2303 1574 2330 ἐκπνέουσαν
1588 2304 1634 2330 καὶ
1649 2303 1698 2335 τὰς
1711 2304 1870 2336 τελευταίας

1029 2346 1145 2380 ἀφεῖσαν
1153 2347 1260 2380 φωνάς;
1282 2346 1350 2372 Ἀλλ’
1362 2345 1433 2381 αὐτὴ
1446 2346 1495 2381 μὲν
1505 2346 1564 2372 καθ’
1580 2347 1699 2382 ἐκάστην
1711 2347 1811 2382 ηὔχετο
1821 2347 1869 2385 τὴν

1030 2390 1138 2426 ἡμέραν
1150 2391 1225 2426 ἡμᾶς
1233 2390 1281 2417 καὶ
1295 2390 1451 2425 ὀφθαλμοὺς
1463 2390 1588 2417 καθελεῖν
1598 2391 1645 2417 καὶ
1655 2391 1742 2427 στόμα
1750 2392 1870 2420 συνελεῖν

1031 2435 1077 2462 καὶ
1094 2435 1273 2471 περιστεῖλαι,
1290 2436 1338 2463 καὶ
1351 2434 1387 2461 τά
1403 2434 1471 2462 ἄλλα
1485 2435 1573 2461 πάντα
1591 2435 1625 2461 τά
1645 2435 1714 2471 πρὸς
1726 2436 1772 2463 τὸν
1785 2437 1870 2471 τάφον

1031 2478 1261 2515 ῖεπιμελήσασθαι⁸
1277 2479 1336 2506 νυνὶ
1343 2479 1371 2505 δὲ
1380 2478 1506 2514 καθάπερ
1514 2479 1616 2514 ἐρημός
1623 2487 1665 2509 τις
1673 2480 1722 2506 καὶ
1732 2480 1869 2515 ἀπροστά-

1032 2531 1127 2555 τευτος
1147 2523 1255 2554 οὐδενὸς
1273 2522 1446 2555 ἐπιτεύξεται
1463 2522 1566 2549 τούτων
1582 2523 1658 2559 παρά
1677 2522 1725 2550 τοῦ
1740 2524 1870 2559 ἀδελφοῦ,

1032 2569 1099 2603 παρ’
1115 2563 1146 2594 οὗ
1172 2568 1291 2604 μάλιστα
1313 2568 1446 2603 ἐπεθύμει
1468 2569 1571 2603 τυχεῖν,
1599 2568 1657 2594 ἀλλ’
1681 2569 1794 2603 ἀφιεῖσα
1821 2569 1871 2604 τὴν

1032 2612 1133 2648 ψυχὴν,
1149 2613 1200 2639 οὐκ
1216 2613 1311 2648 ὄψεται
1326 2613 1372 2639 τὸν
1390 2613 1499 2639 πάντων
1515 2613 1585 2648 αὺτῇ
1606 2612 1811 2648 ποθεινότερον;
1824 2615 1872 2641 καὶ

1033 2657 1126 2684 πόσων
1137 2658 1187 2684 οὐκ
1203 2657 1279 2684 ἐσται
1293 2657 1416 2684 θανάτων
1429 2657 1497 2693 αὐτῇ
1508 2657 1587 2683 τοῦτο
1602 2655 1764 2692 βαρύτερον;
1773 2658 1804 2684 Εἰ
1817 2657 1872 2693 γὰρ

1034 2701 1082 2728 καὶ
1096 2701 1239 2738 πόρρωθεν
1262 2702 1424 2736 ἀφεστήκει,
1439 2702 1490 2728 οὐκ
1512 2701 1567 2728 ἔδει
1587 2701 1702 2737 δραμεῖν
1721 2701 1769 2728 καὶ
1783 2702 1873 2729 πάντα

1034 2746 1147 2781 ποιῆσαι
1169 2745 1216 2772 καὶ
1240 2745 1347 2778 παθεῖν,
1363 2745 1435 2772 ὥστε
1451 2745 1554 2780 ταύτην
1571 2745 1640 2780 αὐτῇ
1656 2746 1811 2780 παρασχεῖν
1823 2746 1874 2780 τὴν

1035 2790 1131 2826 χάριν;
1157 2790 1204 2817 νῦν
1228 2791 1258 2817 δέ
1278 2790 1393 2825 πλησίον
1411 2790 1450 2817 ὢν
1477 2790 1687 2825 ἐγκαταλείψω,
1718 2790 1767 2816 καὶ
1793 2790 1875 2824 ἀφεὶς·

1035 2834 1241 2869 ἀπελεύσομαι;
1259 2835 1307 2860 καὶ
1332 2835 1390 2866 πῶς
1404 2835 1473 2861 οἴσει
1485 2834 1534 2866 τάς
1552 2833 1623 2870 μετά
1639 2833 1727 2860 ταῦτα
1748 2833 1873 2869 ήμέρα;;

1043 2878 1114 2904 Ἀλλ’
1127 2879 1204 2905 οὐδὲν
1217 2878 1321 2905 τούτων
1349 2879 1380 2905 οὐ
1409 2879 1489 2913 μόνον
1502 2879 1552 2905 οὐκ
1571 2875 1664 2910 εἶπεν,
1678 2877 1735 2904 ἀλλ’
1750 2877 1811 2904 οὐδὲ
1827 2877 1874 2907 ἑν-

1072 2932 1085 2952 d
1097 2932 1145 2956 Alii
1160 2932 1199 2956 διὰ
1210 2932 1296 2962 λόγων,
1308 2931 1351 2955 alii
1363 2932 1402 2955 διὰ
1412 2932 1494 2962 λόγον.

1075 2964 1086 2978 ε
1099 2962 1148 2988 Alii
1166 2961 1235 2993 Ἥμῖν
1248 2962 1287 2986 οὖν
1299 2964 1312 2991 ἡ
1325 2963 1399 2991 πόλις.
