1983 3125
199 145 246 171 ξὶδ

199 209 288 228 verum
303 201 378 228 omni
393 203 617 237 consanguinitati
633 203 679 230 Dei
695 205 816 231 timorem
840 205 994 239 praeferens,

199 248 265 275 bene
278 255 308 274 se
323 254 407 275 nosse
428 248 604 281 monstravit,
621 248 691 283 quod
709 249 778 276 sicut
789 249 996 284 gubernatorem

200 297 388 328 tempestates,
404 299 434 322 et
456 295 551 323 ducem
576 296 702 329 pericula,
716 297 756 323 sic
782 302 809 324 et
830 301 997 325 sacerdotem

200 340 311 368 tentatio
339 341 509 375 comprobet.
530 341 642 373 Omnes,
659 341 759 376 inquit,
774 341 807 369 ad
835 350 885 370 nos
910 344 997 373 respi-

200 386 271 412 ciunt
285 390 314 413 et
326 385 414 413 Judaei
429 391 456 413 et
471 386 556 414 Grmei
574 396 580 413 :
597 395 630 414 ne
646 388 726 422 igitur
739 387 858 422 ipsorum
874 388 908 416 de
922 389 998 417 nobis

200 433 417 467 exspectationes
436 432 611 466 frustreinus,
625 441 675 460 nec
691 438 796 461 tantum
810 435 884 469 parvi
897 435 998 470 penda-

200 486 256 506 mus
274 479 464 514 naufragium,
480 479 527 507 sed
544 484 635 507 nostra
651 480 704 507 Deo
718 480 877 508 mandantcs
891 482 995 514 oumia,

202 526 284 559 ipsam
310 525 428 552 animum
454 526 599 553 tradamus.
629 526 662 553 Et
689 526 829 554 considera
864 527 998 561 pontificis

202 571 461 607 magnanimitatem,
478 577 505 600 et
522 573 567 600 Dei
587 573 779 608 benignitatem
794 581 802 606 ;
817 573 941 600 omnibus
956 574 996 600 his

202 626 259 652 qum
273 618 399 654 despexit
410 619 511 654 potitus
526 624 566 646 cst
580 640 587 652 ,
603 624 632 646 ut
647 624 674 646 et
695 620 842 647 alacritatis
858 621 996 654 prtemium

202 669 322 699 caperet,
337 671 365 692 ct
377 665 503 700 potiendo
515 670 613 700 pra-ter
625 666 852 700 exspectationem
867 667 996 700 majorem

202 717 391 746 asscquerelnr
414 713 588 747 voluptatem.
626 713 714 748 Elegit
741 713 938 740 solemnitatem
971 714 996 740 in

202 758 285 785 aliena
297 764 368 786 terra
379 780 386 790 ,
406 763 434 786 et
450 760 545 794 procul
559 767 573 785 a
590 760 645 787 suis
665 764 776 795 propter
788 760 907 787 civitatis
924 760 996 787 salii-

203 809 253 832 tem
269 804 409 831 crlebrare
421 813 428 837 ;
444 805 514 832 Deus
528 810 617 832 autem
631 811 693 832 ante
705 805 805 833 Pascha
819 807 904 840 ipsum
921 805 997 832 nobis

202 850 323 880 reddidit,
339 854 368 876 ut
381 857 552 877 communem
566 851 703 878 nobiscum
722 851 921 878 solemnitatem
935 859 997 885 age-

202 901 258 928 ret,
277 904 305 923 tit
329 901 357 923 ct
381 897 511 931 propositi
535 897 687 924 mercedem
714 897 839 930 haberet;
853 902 881 934 et
902 897 996 932 majori

203 942 294 968 laetitia
320 941 464 968 frueretur.
481 941 540 969 Non
564 942 651 969 timuit
676 942 739 969 anni
765 947 887 977 tempus,
904 947 930 969 et
951 950 997 976 per

203 993 283 1014 totum
296 987 522 1022 peregrinationis
533 992 638 1023 tempus
649 993 730 1015 testas
744 988 793 1015 fuit
804 998 811 1016 :
826 996 878 1016 non
890 989 995 1015 curavit

203 1038 318 1065 a-tatem,
339 1037 366 1060 ct
388 1038 527 1068 tamquam
547 1033 655 1068 juvenis
678 1039 706 1061 et
726 1034 828 1069 vigens,
850 1034 889 1062 sic
914 1039 995 1061 totam

203 1080 268 1106 hanc
282 1081 352 1106 viam
364 1080 441 1108 facile
455 1081 604 1115 percurrit:
620 1082 722 1108 sororis
735 1085 847 1108 mortem
859 1089 912 1108 non
925 1081 997 1116 cogi-

203 1127 275 1160 tavit,
294 1135 343 1154 nec
355 1128 445 1154 carnis
459 1127 600 1155 affectione
620 1129 706 1155 victus
724 1134 763 1156 est
782 1137 789 1154 :
806 1134 833 1156 et
856 1136 996 1163 regressus

202 1174 334 1201 viventem
347 1174 434 1208 ipsam
450 1174 638 1209 deprehendit,
650 1179 675 1202 et
688 1175 778 1202 omnia
790 1183 849 1211 quae
859 1176 994 1211 despexit,

201 1225 360 1255 assequutus
372 1226 422 1248 est.

233 1267 260 1292 2.
282 1266 314 1293 Et
328 1266 446 1301 pontifex
460 1266 567 1302 quidem
593 1267 628 1294 ita
652 1267 824 1302 splendorem
837 1272 865 1295 et
878 1268 991 1296 celebri-

203 1316 280 1339 tatem
305 1320 365 1338 cum
389 1312 458 1347 apud
483 1313 575 1346 Deum,
593 1317 647 1340 tum
664 1313 732 1348 apud
756 1314 877 1342 homines
898 1322 993 1342 conse—

200 1364 296 1394 quutus
311 1364 373 1393 est;
391 1359 581 1394 Imperatorem
606 1368 670 1388 vero
690 1361 825 1396 negotium
848 1360 899 1388 hoc
923 1361 994 1388 omni

200 1405 348 1434 diademate
359 1406 525 1441 splendidius
534 1407 648 1434 ornavit.
665 1407 782 1434 Primum
793 1408 910 1442 quidem,
922 1408 995 1443 quod

200 1457 253 1479 tum
269 1452 356 1486 palam
379 1452 477 1480 factum
492 1457 544 1486 est,
559 1460 618 1480 eum
633 1460 692 1488 quae
712 1453 778 1480 nulli
798 1454 873 1480 alteri
895 1461 994 1481 conce-

199 1498 270 1526 deret
282 1520 289 1532 ,
308 1498 366 1526 haec
381 1499 564 1526 sacerdotibus
576 1499 787 1527 condonatumm
798 1507 857 1528 esse
867 1510 874 1528 :
886 1501 992 1533 deinde,

198 1552 256 1571 eum
270 1545 353 1571 multa
379 1545 517 1572 celeritate
542 1545 654 1580 gratiam
679 1546 794 1578 dedisse,
808 1551 835 1573 et
852 1546 930 1574 irasci
946 1547 993 1574 tle-

198 1592 284 1619 siisse.
300 1592 353 1619 Sed
368 1597 396 1619 ut
411 1592 576 1620 manifestius
591 1597 617 1620 et
628 1592 799 1627 Imperatoris
815 1594 991 1628 magnanimi-

198 1641 288 1669 tatem,
301 1642 329 1664 et
342 1637 489 1666 sacerdotis
502 1638 659 1673 sapientiam
671 1660 678 1671 ,
693 1643 721 1665 ct
735 1643 797 1666 ante
809 1638 867 1666 haec
882 1645 994 1675 utraque

199 1683 242 1709 Dei
254 1682 364 1711 discatis
380 1683 581 1718 benignitatem,
593 1684 654 1711 date
668 1684 732 1711 mihi
744 1689 773 1711 ut
784 1692 867 1719 pauca
881 1693 912 1712 ex
928 1692 992 1713 con—

197 1731 273 1757 cione
286 1730 340 1757 illic
353 1730 442 1757 habita
457 1730 532 1758 vobis
544 1737 687 1765 exponam.

232 1776 350 1803 Flaviani
360 1776 492 1804 modestia.
507 1790 544 1797 —
561 1777 649 1804 Dicam
663 1780 751 1804 autem
773 1785 833 1812 qua:
847 1784 862 1804 a
877 1777 992 1812 quodam

197 1831 300 1856 eorum,
313 1823 359 1858 qui
383 1823 455 1850 intus
476 1822 654 1854 adstiterunt,
677 1822 757 1850 didici
775 1831 782 1850 :
798 1827 874 1858 pater
897 1831 993 1859 nempe

198 1869 272 1901 nihil,
287 1876 375 1904 neque
391 1875 500 1903 parvum
516 1875 602 1903 neque
617 1875 751 1902 magnum,
767 1869 844 1896 nobis
855 1869 932 1902 dixit,
944 1869 992 1896 sed

198 1915 270 1941 Pauli
286 1922 394 1948 semper
406 1914 650 1949 magnanimitatem
667 1914 785 1946 imitans,
803 1914 909 1949 propria
923 1915 993 1941 celat

197 1962 302 1994 merita,
319 1965 346 1988 et
364 1960 482 1996 undique
508 1961 732 1995 interrogantibus
746 1960 808 1996 quid
832 1960 991 1995 Imperatori

197 2008 304 2039 dixerit,
318 2011 345 2034 ct
363 2007 498 2042 quomodo
513 2006 686 2041 persuaserit,
709 2011 735 2033 et
749 2006 886 2040 quomodo
908 2006 991 2039 ipsius

196 2061 303 2080 onmem
325 2053 470 2080 excluserit
484 2053 561 2085 iram,
577 2052 634 2079 lucc
651 2052 731 2080 verba
746 2052 879 2079 referebat
896 2062 901 2078 :
919 2052 989 2079 Nihil

197 2107 243 2126 nos
255 2099 289 2126 ad
307 2107 362 2126 rem
379 2098 550 2130 contulimus,
567 2097 613 2125 sed
630 2099 686 2133 ipse
698 2097 856 2132 imperator,
876 2098 991 2125 leniente

197 2145 250 2172 Deo
263 2153 311 2172 cor
325 2145 418 2179 ipsius,
436 2149 460 2170 et
475 2148 536 2171 ante
548 2143 629 2171 verba
653 2148 743 2170 nostra
765 2151 873 2170 omnem
887 2143 991 2170 remisit

196 2191 258 2217 iram
271 2190 403 2224 solvitque
415 2189 531 2216 furorem
551 2198 557 2215 :
571 2193 596 2216 ct
611 2189 645 2216 de
660 2189 744 2224 gestis
761 2189 906 2219 disserens,
924 2193 991 2214 tam-

196 2244 271 2270 quam
285 2236 337 2263 alio
350 2235 511 2263 contumelia
523 2234 628 2266 affecto,
644 2235 678 2261 ita
692 2240 787 2261 cuncta
802 2243 862 2269 qua:
881 2234 988 2262 accide-

195 2287 255 2309 runt
267 2283 326 2309 sine
339 2282 378 2308 ira
393 2281 632 2308 commemorabat.
651 2280 703 2307 Sed
717 2288 777 2315 qua:
790 2280 888 2308 celavit
898 2280 942 2307 hic
956 2288 989 2307 ex

196 2327 353 2360 humilitate,
370 2326 429 2354 haec
444 2327 515 2354 Deus
533 2327 559 2354 in
575 2326 691 2353 medium
708 2325 828 2361 protulit.
843 2325 908 2360 Quae
923 2333 987 2353 vero

195 2379 253 2399 sunt
265 2373 341 2400 lucc?
357 2372 442 2400 Paulo
463 2372 586 2406 superius
600 2379 751 2399 sermonem
772 2375 895 2406 repetens
913 2371 988 2399 vobis

194 2418 316 2445 referam.
328 2418 472 2453 Postquam
485 2417 556 2444 enim
570 2425 602 2444 ex
613 2417 679 2444 urbe
691 2423 813 2452 egressus
828 2421 878 2450 est,
893 2424 988 2444 omnes

193 2464 216 2490 in
225 2469 294 2490 tanta
308 2463 462 2498 relinquens
470 2463 586 2495 tristitia,
596 2463 678 2489 multo
689 2463 810 2498 graviora
827 2463 985 2497 patiebatur,

191 2518 267 2544 quam
281 2511 326 2545 qui
342 2510 368 2537 in
384 2510 450 2544 ipsis
467 2514 543 2536 erant
559 2509 698 2536 molestiis.
715 2509 833 2536 Primum
848 2516 944 2544 nempe
960 2509 985 2536 in

191 2558 229 2583 via
245 2557 333 2584 inedia
347 2557 512 2583 conveniens
532 2563 590 2589 eos,
605 2556 649 2591 qui
667 2556 698 2582 ad
718 2560 853 2590 gestorum
873 2563 985 2583 examen

190 2603 224 2629 ab
235 2602 401 2637 imperatore
412 2601 485 2628 missi
496 2606 582 2633 erant,
594 2607 620 2628 et
632 2602 666 2629 ab
679 2602 730 2628 illis
743 2601 846 2633 doctus,
858 2609 985 2636 quorsum

189 2653 275 2676 essent
291 2648 382 2681 missi,
408 2653 435 2674 et
449 2647 517 2674 mala
532 2648 666 2674 civitatem
688 2648 822 2680 invasura,
845 2647 983 2680 tumultus,

187 2695 365 2727 turbationes,
385 2694 484 2729 fugam,
507 2694 642 2726 timorem,
668 2695 841 2726 anxietatem,
866 2694 984 2729 pericula

186 2743 316 2776 cogitans,
333 2740 516 2775 laerymarum
537 2741 624 2767 fontes
639 2741 787 2773 emittebat,
804 2748 864 2768 cum
881 2741 984 2767 viscera

187 2789 234 2824 ipsi
251 2789 473 2816 disse-curentur:
489 2787 607 2822 patribus
619 2794 690 2814 entm
706 2794 764 2814 mos
776 2791 817 2814 est
829 2787 912 2814 multo
928 2794 984 2813 Ina-

183 2835 221 2869 gis
236 2834 343 2866 dolere,
359 2840 421 2861 cum
433 2833 492 2860 filiis
505 2833 561 2860 suis
574 2832 642 2860 male
651 2832 811 2860 habentibus
825 2841 875 2860 nec
888 2833 983 2860 adesse

183 2881 306 2917 possint:
324 2879 399 2916 quod
420 2883 447 2907 et
460 2879 594 2914 piissimus
610 2879 651 2906 hic
667 2886 760 2914 passus
781 2883 831 2912 cst,
848 2887 899 2906 non
914 2879 980 2906 mala

699 147 742 174 AD
764 148 922 176 POPULUM
942 148 1186 178 ANTIUCHENUM
1220 150 1333 178 llOMlL.
1358 151 1424 177 XXl.

1792 154 1846 181 2M

1052 212 1153 235 tantum
1167 216 1215 236 nos
1240 209 1362 236 invasnra
1379 209 1533 244 deplorans,
1553 211 1599 238 sed
1619 215 1646 239 et
1669 213 1739 246 quod
1770 216 1847 242 nobis

1052 252 1110 280 haec
1123 254 1283 288 patientibus
1304 256 1395 289 procul
1410 256 1534 290 abesset;
1551 266 1643 285 verum
1669 263 1697 286 et
1719 259 1772 287 huc
1798 268 1846 295 pm

1052 305 1144 326 nostra
1159 300 1247 327 salute
1259 300 1356 328 factum
1371 307 1421 329 est.
1438 302 1472 330 Ut
1495 302 1551 329 ha-c
1573 304 1643 331 enim
1659 305 1693 332 ab
1707 305 1759 333 illis
1779 306 1848 333 didi-

1050 347 1097 379 cit,
1113 347 1254 374 calidiores
1277 348 1452 384 laerymarum
1476 349 1563 377 fontes
1578 351 1726 383 emittebat,
1744 356 1842 380 etcum

1051 393 1147 425 majori
1163 393 1358 427 supplicatione
1372 394 1405 421 ad
1416 395 1498 422 Detnn
1509 395 1687 431 confugiebat,
1704 401 1732 424 et
1753 403 1845 425 noctes

1051 439 1186 466 insomnes
1201 440 1316 467 ducebat
1330 441 1491 476 supplicans,
1504 446 1533 468 ut
1545 441 1602 469 b:ec
1613 444 1722 477 patienti
1738 451 1849 471 succor-

1051 491 1121 513 reret
1131 486 1242 519 civitati,
1258 492 1284 515 et
1298 491 1326 514 ut
1337 487 1510 522 Imperatoris
1526 494 1641 516 mentem
1658 490 1781 517 redderet
1795 491 1844 517 mi—

1053 532 1158 559 tiorem.
1175 532 1210 559 Ut
1226 540 1290 560 vero
1305 542 1428 568 magnam
1440 535 1574 561 civitatem
1598 535 1669 562 illam
1682 535 1803 562 ascendit
1822 540 1847 562 rt

1051 578 1137 611 regias
1151 578 1287 612 ingressus
1299 579 1430 611 cstanlas,
1450 581 1541 614 procul
1556 580 1718 615 lmpcratore
1730 582 1845 609 constitit

1050 630 1150 656 mutus,
1167 625 1327 660 lacrymans,
1340 625 1464 652 deorsum
1478 627 1629 659 inclinatus,
1646 627 1763 660 latitans,
1776 632 1844 654 tam-

1051 677 1129 704 quam
1142 670 1197 703 ipse
1208 676 1277 697 esset
1293 671 1337 705 qui
1352 672 1440 698 omnia
1457 672 1501 698 illa
1515 677 1655 706 patrasset.
1679 673 1733 699 lloc
1755 679 1844 700 autent

1051 715 1173 748 faciebat,
1186 715 1286 746 habitu,
1301 722 1418 751 aspectu,
1434 717 1546 744 luctibus
1573 718 1646 752 prius
1672 726 1781 745 morere
1800 726 1846 744 vo-

1050 760 1108 787 lens
1123 761 1208 795 ipsnm
1224 761 1256 788 ad
1277 762 1501 796 misericordiam,
1529 768 1556 789 et
1581 768 1634 790 tum
1662 763 1846 790 defensionem

1050 815 1098 841 pro
1108 807 1185 834 nobis
1198 807 1324 842 incipere.
1345 807 1406 835 Sola
1429 816 1544 843 namque
1567 809 1739 843 peccantibus
1762 810 1846 836 relin-

1049 853 1139 886 quitur
1152 853 1237 884 venia,
1254 857 1341 881 tacere
1353 859 1379 880 ct
1396 854 1460 880 nihil
1474 862 1521 888 pro
1541 855 1623 889 gestis
1635 855 1718 889 loqui.
1734 854 1846 882 Volebat

1050 899 1120 926 enim
1137 899 1260 926 affectum
1284 900 1354 927 hunc
1375 900 1482 934 quidem
1499 901 1605 935 ejicere,
1623 901 1698 928 illum
1712 909 1776 928 vero
1802 901 1844 928 in-

1050 945 1190 972 troducere
1205 954 1212 971 :
1229 945 1326 980 ejicere
1336 946 1434 980 quippe
1449 947 1527 979 iram,
1545 947 1678 974 tristitiam
1702 952 1790 974 autem
1806 949 1847 974 in-

1050 989 1200 1022 troducere,
1215 995 1243 1018 ut
1257 991 1292 1018 ita
1301 992 1370 1018 viam
1384 997 1545 1026 pra'pararet
1556 992 1720 1034 defensionis
1735 993 1823 1020 vcrhis
1838 1002 1844 1019 ε

1048 1037 1119 1071 quod
1132 1037 1238 1071 quidem
1251 1042 1278 1065 et
1292 1037 1388 1065 factum
1403 1043 1454 1066 cst.
1470 1039 1503 1065 Et
1527 1039 1595 1066 sicut
1611 1039 1698 1066 Moses
1720 1039 1745 1066 in
1766 1047 1845 1066 tuon-

1049 1086 1102 1109 tem
1117 1082 1275 1115 ascendens,
1292 1084 1389 1118 popqu
1414 1083 1499 1118 lapso,
1527 1089 1615 1111 mutus
1635 1085 1692 1119 ipse
1714 1085 1844 1116 cnnstitit,

1048 1129 1134 1156 donec
1146 1129 1231 1163 ipsum
1255 1130 1325 1156 Dens
1339 1130 1493 1164 provocavit
1507 1130 1618 1157 dicens:
1636 1130 1738 1157 Dimitte
1753 1139 1801 1161 me,
1822 1136 1845 1157 ει

1048 1175 1135 1201 delebo
1151 1177 1272 1210 populum
1288 1175 1354 1202 hunc
1363 1175 1460 1212 (Exod.
1473 1176 1516 1203 59..
1537 1176 1582 1210 10)
1600 1186 1606 1203 ε
1624 1177 1657 1203 iln
1672 1182 1698 1203 et
1714 1177 1755 1203 hic
1773 1176 1844 1203 fecit.

1084 1220 1220 1247 Theodosii
1244 1221 1277 1247 ad
1302 1221 1453 1248 Flavianum
1478 1222 1560 1249 verba.
1585 1238 1620 1242 -—
1643 1223 1730 1257 Ipsum
1757 1223 1845 1257 itaque

1049 1266 1196 1300 Imperator
1210 1268 1378 1302 conspicatus
1398 1268 1533 1303 lugentem
1555 1273 1581 1296 ct
1595 1269 1720 1296 deorsum
1735 1269 1844 1296 inclina-

1048 1318 1115 1344 tum,
1129 1314 1242 1341 accessit
1257 1314 1324 1349 ipse,
1341 1319 1368 1341 et
1377 1315 1445 1349 quod
1458 1316 1607 1350 patiebatur
1620 1321 1730 1350 propter
1754 1323 1844 1342 sacer-

1048 1359 1118 1387 dotis
1131 1360 1270 1396 lacrymas,
1285 1360 1335 1388 hoc
1349 1361 1438 1389 verbis
1451 1361 1482 1388 ad
1495 1362 1580 1396 ipsum
1595 1361 1704 1388 directis
1717 1361 1844 1389 ostendit.

1047 1406 1105 1434 Non
1119 1407 1191 1434 enim
1204 1406 1365 1442 indignantis
1378 1415 1427 1434 nec
1441 1407 1588 1439 irascentis,
1603 1407 1649 1435 sed
1664 1407 1803 1435 maerentis
1816 1412 1843 1433 et

1047 1451 1140 1480 dolore
1152 1453 1236 1486 magis
1249 1452 1350 1481 detenti
1369 1461 1374 1479 :
1390 1453 1499 1488 etquod
1517 1453 1568 1480 hoc
1594 1454 1629 1480 sit
1653 1461 1757 1485 verum,
1785 1454 1840 1488 ipsa

1046 1498 1183 1526 audientes
1196 1498 1276 1526 verba
1291 1499 1389 1536 scietis.
1417 1499 1474 1526 Non
1497 1499 1566 1526 enim
1592 1499 1677 1527 dixit:
1703 1499 1771 1533 Quid
1784 1504 1842 1526 latt-

1046 1543 1106 1571 dem
1124 1544 1173 1571 hoc
1188 1545 1252 1571 est?
1267 1552 1316 1579 pro
1329 1545 1480 1572 hominibus
1494 1546 1614 1573 scelestis
1638 1551 1664 1572 et
1689 1546 1842 1573 sceleratis-

1046 1591 1130 1623 simis,
1143 1597 1168 1619 et
1182 1599 1249 1626 quos
1272 1599 1322 1619 nec
1344 1593 1460 1627 oportuit
1477 1592 1577 1625 vivere,
1592 1593 1665 1619 venis
1682 1592 1843 1627 legationem

1046 1637 1150 1671 obiens,
1166 1638 1297 1673 tyrannis,
1313 1639 1496 1671 novatoribns,
1512 1638 1584 1665 omni
1599 1638 1730 1672 supplicio
1742 1637 1842 1673 dignis?

1045 1682 1098 1710 Sed
1114 1683 1171 1710 haec
1182 1683 1271 1710 omnia
1286 1683 1422 1711 dimittens
1436 1683 1517 1711 verba
1527 1705 1533 1713 ,
1562 1683 1745 1711 defensionem
1770 1691 1843 1710 com-

1046 1730 1135 1764 posuit
1145 1729 1293 1756 revcrentia
1309 1729 1412 1763 plenam
1426 1735 1451 1756 et
1463 1730 1603 1764 gravitate.
1618 1733 1644 1756 et
1658 1737 1672 1756 a
1694 1736 1724 1756 se
1747 1729 1841 1756 collata

1045 1775 1272 1802 commemorabat
1297 1776 1436 1809 beneficia,
1460 1776 1556 1810 quibus
1578 1783 1626 1810 per
1655 1783 1735 1802 omne
1769 1776 1842 1810 regni

1046 1826 1150 1856 tempus
1162 1821 1296 1850 civitatem
1311 1827 1428 1849 nostram
1443 1826 1619 1856 proscquutus
1633 1825 1684 1854 est,
1703 1826 1729 1848 et
1743 1821 1774 1848 ad
1789 1822 1843 1848 sin-

1045 1868 1104 1902 gula
1121 1867 1177 1895 inec
1189 1868 1344 1903 repetebat:
1366 1868 1489 1895 llarceine
1501 1876 1543 1895 me
1557 1875 1606 1902 pro
1618 1867 1669 1894 illis
1690 1867 1742 1901 pati
1764 1874 1840 1901 opor—

1045 1913 1116 1940 tuit?
1127 1921 1237 1948 quartun
1253 1921 1267 1940 a
1280 1921 1323 1941 me
1338 1913 1494 1948 injuriarum
1512 1914 1559 1940 bas
1571 1921 1664 1948 poenas
1675 1912 1842 1947 exegerunt?

1044 1958 1107 1992 quid
1121 1967 1240 1993 parvum,
1256 1959 1353 1994 quidve
1364 1967 1487 1994 magnum
1503 1958 1683 1986 accusandmn
1699 1958 1838 1990 habentes,

1044 2012 1097 2031 non
1108 2013 1150 2031 me
1165 2005 1262 2038 solum,
1276 2013 1368 2032 verum
1379 2010 1406 2033 et
1418 2004 1560 2032 defunctos
1582 2004 1752 2031 contumeliis
1771 2003 1837 2031 affe-

1044 2050 1160 2077 cerunt?
1173 2057 1260 2077 annon
1273 2051 1337 2077 satis
1352 2055 1411 2078 erat
1429 2050 1455 2077 in
1480 2050 1550 2076 vivis
1576 2049 1694 2076 furorem
1718 2049 1815 2076 satiare
1828 2049 1841 2075 Ἦ

1044 2095 1091 2122 sed
1117 2096 1168 2123 nisi
1195 2097 1313 2131 sepultos
1333 2104 1439 2131 quoque
1460 2095 1653 2123 contumeliose
1678 2099 1839 2128 tractarent,

1044 2140 1082 2167 nil
1097 2149 1221 2176 magnum
1243 2142 1331 2169 facere
1353 2145 1488 2176 putarunt.
1515 2140 1599 2175 Iniqui
1627 2140 1756 2168 fuerimus
1778 2148 1837 2169 nos.

1044 2190 1072 2212 nt
1085 2186 1133 2220 ipsi
1148 2186 1352 2221 putantzigitnr
1375 2186 1486 2213 mortuis
1512 2193 1631 2220 parcere,
1660 2185 1703 2220 qui
1735 2185 1835 2212 nullam

1044 2232 1191 2259 intulerunt
1204 2232 1340 2266 iniuriam,
1352 2232 1492 2267 oportebat
1509 2241 1515 2258 :
1531 2239 1582 2258 non
1594 2231 1665 2258 enim
1676 2235 1704 2258 et
1718 2231 1770 2258 illis
1781 2231 1839 2257 lure

1043 2278 1174 2313 imputare
1195 2279 1330 2306 valebant.
1367 2278 1462 2306 Nonne
1485 2285 1593 2312 semper
1618 2277 1687 2304 hanc
1714 2277 1839 2304 omnibus

1042 2324 1334 2358 pra-posuicivitatem,
1349 2330 1376 2352 et
1395 2324 1479 2358 patria
1504 2323 1752 2351 desiderabiliorem
1777 2329 1837 2349 esse

1043 2370 1167 2405 putabam
1181 2379 1187 2397 :
1199 2375 1226 2398 et
1236 2375 1326 2397 votum
1342 2370 1407 2397 mihi
1421 2370 1575 2397 continumn
1589 2373 1646 2396 erat
1657 2370 1749 2396 urbem
1763 2367 1837 2396 illam

1041 2421 1172 2450 spectare,
1189 2422 1216 2444 et
1232 2417 1283 2444 hoc
1297 2417 1369 2452 apud
1384 2424 1478 2444 omnes
1491 2416 1620 2443 faciebam
1634 2415 1837 2450 jnramcntum?

1081 2463 1106 2489 5.
1124 2463 1242 2492 Flaviani
1263 2464 1298 2491 ad
1311 2464 1491 2498 Imperatorem
1502 2462 1582 2489 oratio
1597 2470 1642 2496 pro
1663 2461 1833 2488 Antioclienis.

1039 2527 1074 2532 —
1083 2512 1131 2539 llic
1142 2518 1232 2538 amare
1243 2510 1379 2545 ingemens
1388 2508 1518 2544 pontifex,
1529 2512 1556 2535 et
1567 2507 1741 2535 ferventiores
1755 2507 1835 2534 emit-

1040 2563 1099 2586 tens
1123 2558 1266 2593 lacrymas,
1292 2564 1345 2583 non
1368 2556 1481 2590 amplius
1505 2555 1608 2583 tacuit:
1633 2554 1739 2582 videbat
1763 2554 1835 2581 enim

1039 2604 1211 2639 Imperatoris
1233 2602 1416 2630 defensionem
1430 2603 1535 2638 culpam
1560 2603 1690 2637 majorem
1715 2606 1834 2628 nostram

1039 2651 1125 2678 facere
1138 2659 1144 2682 ;
1157 2649 1204 2677 sed
1223 2650 1339 2684 graviter
1353 2653 1380 2676 et
1394 2656 1484 2676 amare
1506 2648 1540 2676 de
1556 2647 1688 2683 profundo
1711 2654 1832 2682 gemens,

1039 2696 1214 2729 Confiteniur,
1229 2695 1325 2731 inquit,
1341 2695 1498 2729 Imperator,
1511 2702 1560 2722 nec
1574 2702 1673 2729 negare
1688 2700 1831 2728 possumus

1037 2749 1154 2769 amorem
1171 2742 1249 2769 istum
1275 2749 1353 2776 quem
1367 2749 1429 2775 erga
1445 2741 1557 2775 patriam
1582 2744 1702 2768 nostram
1717 2739 1831 2768 demon-

1036 2787 1137 2820 strasti,
1151 2791 1178 2814 et
1187 2786 1248 2814 ideo
1258 2787 1373 2813 maxime
1394 2786 1524 2821 lugemus,
1545 2786 1669 2820 quoniam
1684 2785 1722 2812 sic
1736 2789 1831 2811 amatae

1037 2833 1173 2860 daemones
1183 2833 1345 2864 inviderunt,
1358 2836 1385 2859 et
1397 2839 1458 2866 erga
1471 2831 1667 2859 benefactorem
1678 2831 1772 2865 ingrati
1784 2838 1829 2856 sn-

1038 2886 1099 2907 mus
1113 2879 1172 2912 visi,
1194 2886 1224 2906 ac
1239 2885 1409 2913 summopere
1429 2885 1477 2905 nos
1498 2882 1631 2905 amantem
1655 2876 1825 2905 exacerbavi-
