1983 3125
143 197 195 224 215

146 261 216 280 mus.
231 252 293 278 Sive
306 250 406 281 dirnas,
418 248 478 276 sive
503 247 638 279 incendas,
654 247 710 274 sive
736 244 853 277 occidas,
879 250 935 270 Sive

148 297 334 333 quodcumque
351 295 421 322 aliud
436 293 648 328 facias,noudum
674 292 779 328 dignam
800 291 833 318 de
860 289 936 317 nobis

149 351 254 379 ptenam
268 342 409 377 exegeris:
425 349 486 369 nam
502 348 549 368 nos
566 341 637 374 ipsos
648 338 842 374 prtevenientes
855 336 935 362 initii-

150 390 232 417 meris
244 388 374 416 mortibus
388 387 512 415 miserius
526 385 674 413 affeeimus.
691 383 758 418 Quid
774 383 846 410 enini
863 388 939 408 ama-

152 436 207 462 rius
215 441 275 462 esse
289 434 383 468 possit,
398 440 477 468 quam
491 439 550 459 cum
566 430 762 458 benefactorem
777 432 803 456 et
814 428 853 455 sic
878 427 940 454 dili-

152 484 259 515 gentem
284 479 380 514 injuste
399 478 588 506 exacerbauth
603 483 789 511 appareamus,
808 479 835 501 ct
854 473 942 500 onmis

151 526 204 552 huc
213 525 326 552 mundus
337 525 431 556 discat,
445 528 473 551 et
486 531 535 550 nos
548 527 577 550 ut
590 521 732 549 admodum
748 521 863 555 ingratos
873 526 940 546 con-

151 569 280 598 demnet?
295 570 322 597 Si
337 569 440 597 barbari
461 568 596 595 civitatem
618 571 735 594 nostram
760 566 942 595 incursantes,

155 615 253 644 mmuia
268 615 421 647 diruisseut,
435 618 464 641 et
476 613 655 641 incendissent
668 611 772 641 domos,
786 615 813 637 et
824 608 945 637 abductis

156 661 267 695 captivis
280 661 420 692 abiisseut,
437 660 524 686 minus
534 664 592 686 erat
607 657 716 685 malum.
731 657 817 690 Quare
839 655 944 683 tandem

158 706 212 732 itai
226 705 355 740 Quoniam
375 710 400 732 te
412 705 514 732 vivente
529 710 555 731 et
575 709 672 730 tantant
688 703 713 729 in
728 710 776 729 nos
787 700 946 728 benevolen-

159 751 221 778 tiatn
235 751 376 778 exhibente
387 771 395 782 .
410 757 471 784 spes
487 753 545 777 erat
557 749 600 775 illa
615 753 710 776 cuncta
727 747 817 782 gravia
831 746 947 773 solutum

159 796 190 822 iri
200 816 207 827 ,
220 801 247 822 et
259 803 308 822 nos
327 796 423 822 iterum
438 794 471 822 ad
491 795 606 828 priorem
626 793 741 820 fortnam
754 792 886 819 redituros
897 811 906 824 ,
921 794 949 818 et

159 841 299 868 clariorem
319 846 472 874 recepturos
486 840 650 869 libertatem;
663 845 733 865 nunc
742 843 847 870 autem,
863 837 948 863 ablata

162 886 344 914 benevolentia
366 891 426 918 tua,
449 891 476 913 et
500 885 599 912 amoris
618 884 722 911 vincqu
744 883 860 915 violato,
880 881 951 916 quod

162 931 236 958 omni
251 939 328 958 muro
341 931 416 958 nobis
428 935 486 958 erat
500 931 597 962 tutius,
611 930 644 957 ad
658 937 735 963 quem
746 929 800 963 jam
814 927 950 962 confugie-

164 978 238 1005 mus?
247 985 301 1012 quo
314 977 458 1012 poterimus
469 977 521 1004 alio
535 977 678 1011 respicere,
695 981 747 1003 tam
760 975 830 1003 dulci
844 974 953 1002 domino

164 1029 191 1051 et
203 1024 270 1050 facili
282 1023 439 1051 exacerbata
453 1022 544 1058 patre?
559 1023 648 1057 Itaque
664 1021 785 1048 videnlur
794 1020 903 1056 quidem
915 1020 955 1046 in-

166 1070 313 1097 tolerabilia
328 1068 431 1100 fecisse,
443 1069 489 1096 sed
502 1069 571 1103 passi
587 1072 648 1095 sunt
657 1068 775 1095 omnium
787 1067 954 1102 gravissima,

165 1115 199 1142 ad
214 1116 316 1142 nullum
339 1115 472 1142 hominem
489 1114 616 1141 audentes
637 1114 784 1148 respicere,
801 1120 850 1140 nec
869 1113 955 1147 ipsum

169 1166 289 1196 spectare
310 1160 393 1188 solent
409 1160 499 1187 liberis
513 1159 632 1187 valentes
641 1159 740 1191 oculis,
755 1158 855 1193 pudore
876 1157 956 1185 undi-

168 1215 221 1241 que
242 1207 380 1241 palpebras
397 1208 571 1234 contrahente
590 1210 618 1233 el
629 1205 754 1232 occultari
774 1209 885 1240 cogente
901 1213 908 1232 :
924 1205 958 1231 li-

170 1254 271 1281 hertate
287 1254 350 1288 ipsis
360 1254 462 1286 ablata,
479 1254 589 1287 captivis
606 1253 728 1279 omnibus
750 1259 820 1279 nunc
836 1252 959 1279 miserius

169 1298 255 1326 aï¬‚'ecti
271 1303 347 1331 sunt,
363 1303 390 1326 et
410 1303 556 1326 extremam
577 1299 711 1325 sustinent
727 1298 897 1333 ignominiam
913 1302 960 1325 :et

171 1345 301 1371 malorum
325 1344 532 1379 magnitudinem
554 1344 715 1378 cogitantes,
737 1348 764 1370 ct
784 1344 809 1370 in
832 1348 959 1378 quantum

172 1390 340 1417 contumeliae
353 1390 518 1422 resilieruttt,
540 1397 589 1416 nec
611 1390 742 1424 respirare
760 1393 886 1424 possunt,
900 1395 960 1415 cum

174 1443 269 1462 omnes
283 1440 381 1463 terrain
397 1435 546 1463 habitantes
559 1435 584 1462 itt
596 1435 637 1462 sui
650 1435 875 1462 vehementiorem
888 1441 962 1461 accu-

173 1482 302 1508 sationem
317 1481 351 1508 ob
361 1489 421 1508 eum
441 1481 485 1516 qui
502 1480 596 1515 injuria
611 1479 720 1507 allectus
734 1484 775 1507 est
795 1479 962 1506 attraxerint.

174 1527 227 1554 Sed
240 1527 262 1554 si
276 1527 357 1559 velis,
371 1527 528 1561 Imperator,
541 1531 582 1553 est
595 1526 698 1553 vulneri
717 1525 847 1552 medicina
867 1529 894 1552 et
907 1529 965 1551 tan-

176 1573 210 1600 tis
224 1572 301 1600 malis
319 1572 475 1599 remedium.
497 1571 600 1606 Stepius
620 1576 646 1598 et
661 1566 730 1605 apud
750 1571 865 1605 privatos
880 1569 966 1596 homi-

177 1626 225 1646 nes
237 1619 288 1645 hoc
301 1617 397 1645 factum
412 1622 470 1650 est;
485 1625 587 1652 magna:
606 1621 632 1644 et
644 1616 824 1643 intolerabiles
837 1615 964 1643 offensio-

179 1671 226 1690 nes
246 1671 348 1698 magna:
360 1663 478 1690 caritatis
499 1662 608 1689 materia
632 1662 708 1688 facta:
730 1666 792 1688 sunt
806 1669 812 1687 :
827 1661 866 1688 sic
894 1665 921 1688 et
939 1661 966 1688 in

178 1715 270 1737 natura
284 1714 371 1736 nostra
390 1709 488 1737 evenit.
500 1709 565 1736 Cum
578 1709 648 1735 enim
663 1707 797 1735 hominem
813 1707 883 1734 Deus
893 1706 965 1739 fecit,

179 1761 206 1783 et
226 1757 252 1783 in
266 1755 415 1790 paradisum
440 1755 559 1788 induxit,
575 1759 601 1782 et
611 1754 694 1781 multo
708 1753 817 1789 dignum
837 1753 900 1781 fecit
919 1753 967 1780 ho-

182 1809 264 1834 nore,
290 1805 388 1828 tantam
412 1800 534 1828 diabolus
558 1800 759 1835 prosperitatetn
785 1807 838 1826 non
862 1799 967 1831 ferens,

182 1846 293 1873 invidit:
309 1851 337 1874 et
349 1846 422 1873 illum
437 1854 452 1872 a
471 1845 530 1872 data
544 1845 645 1880 expulit
663 1845 800 1880 dignitate.
821 1844 875 1872 Sed
900 1844 969 1871 Deus

182 1900 234 1919 tton
247 1896 347 1919 tantutn
370 1892 455 1926 ipsum
474 1899 526 1918 non
540 1891 642 1926 reliqttit
655 1912 662 1923 ,
675 1898 767 1918 verum
781 1894 808 1917 et
828 1897 876 1925 pro
890 1897 970 1924 para-

183 1938 242 1966 diso
253 1938 346 1965 caelum
357 1938 471 1972 aperuit,
488 1938 538 1965 hoc
551 1939 608 1972 ipso
621 1937 699 1964 simul
712 1937 844 1972 propriam
857 1936 970 1964 demon-

183 1988 270 2011 strans
283 1984 481 2018 benignitatem,
494 1988 522 2010 et
533 1983 666 2010 diabolum
678 1983 762 2018 magis
776 1983 898 2017 puniens.
916 1982 972 2009 Hoc

183 2035 211 2057 et
225 2035 251 2057 tu
274 2030 354 2057 facias
375 2039 383 2057 :
403 2037 473 2057 nunc
497 2030 585 2057 omnia
607 2034 748 2057 moverunt
767 2029 923 2062 daemones,
944 2033 973 2056 ut

184 2076 301 2103 omnium
323 2075 369 2102 tibi
392 2075 568 2111 gratissimam
592 2075 725 2102 civitatem
750 2083 765 2102 a
790 2075 972 2102 benevolentia

186 2127 228 2149 tua
254 2125 426 2157 separarent;
448 2121 499 2148 hoc
519 2128 583 2148 vero
610 2127 637 2148 tu
659 2129 728 2148 nunc
751 2121 848 2153 sriens,
869 2128 973 2155 ptenam

185 2167 305 2201 quamvis
317 2167 419 2202 exigas,
435 2167 515 2202 priori
530 2167 644 2194 amicitia
657 2174 692 2194 ne
704 2174 753 2194 nos
768 2167 903 2194 extrudas.
917 2166 970 2194 Sed

187 2216 214 2239 et.
229 2212 250 2239 si
263 2216 358 2246 praeter
378 2212 529 2246 opinionem
547 2211 647 2247 aliquid
668 2220 738 2240 nunc
759 2213 850 2240 dicere
863 2212 902 2240 fas
916 2217 974 2246 est,

187 2257 348 2285 etiamnunc
360 2257 428 2285 inter
447 2257 603 2285 dilectarum
624 2258 723 2292 primas
737 2258 820 2292 ipsam
835 2258 937 2289 scribe.
953 2258 976 2285 si

188 2302 268 2330 tnodo
280 2302 414 2329 daemonas
426 2303 483 2330 ltme
501 2308 626 2338 uperatos
648 2303 688 2330 vis
710 2303 810 2330 ulcisci.
830 2303 858 2331 Si
882 2311 977 2338 nempe

187 2348 310 2375 destruas
319 2353 346 2375 et
352 2348 464 2375 subruas
475 2353 502 2375 et
513 2348 613 2381 deleas,
623 2356 681 2383 quae
695 2349 767 2383 prius
779 2349 815 2376 illi
826 2349 976 2382 voluerunt,

188 2393 246 2421 haec
260 2393 371 2426 efï¬cies;
384 2393 406 2420 si
421 2401 484 2421 vero
498 2395 563 2421 iram
578 2394 694 2421 dimittes
706 2399 733 2422 et
746 2399 771 2422 te
786 2402 877 2422 rursus
893 2395 976 2430 ipsam

188 2447 290 2473 amare,
303 2439 372 2467 sicut
382 2440 455 2474 prius
462 2440 580 2472 amabas,
594 2440 745 2468 confitearis
754 2461 761 2472 ,
778 2440 901 2468 lethalem
916 2442 979 2476 ipsis

191 2486 293 2520 plagam
318 2484 454 2517 intuleris,
469 2490 497 2512 et
511 2485 628 2512 ultimam
651 2485 685 2512 ab
704 2486 767 2520 ipsis
782 2486 909 2513 ultionem
930 2494 980 2514 cx-

192 2532 296 2566 egeris,
309 2531 495 2558 demonstrans
507 2538 559 2558 non
574 2535 675 2558 tantum
689 2531 756 2559 nihil
774 2532 886 2565 amplius
909 2532 980 2566 ipsos

191 2585 238 2612 per
248 2576 356 2603 insidias
369 2574 511 2610 perfecisse
521 2596 530 2608 ,
546 2583 636 2603 verum
652 2582 679 2604 et
692 2581 786 2604 cuncta
805 2577 868 2612 ipsis
876 2582 982 2604 contra-

191 2624 246 2656 ria,
261 2629 340 2657 quam
353 2621 494 2655 volebant,
504 2622 643 2650 accidisse.
658 2621 775 2657 Equum
789 2627 876 2650 autem
890 2622 980 2656 fuerit,

191 2674 220 2697 ut
236 2669 294 2696 btet:
306 2668 386 2696 facias
399 2673 426 2695 et
440 2669 554 2696 civitatis
565 2669 726 2702 miserearis,
738 2670 780 2697 cui
795 2675 902 2705 propter
915 2670 982 2696 ami-

191 2714 283 2741 citiant
307 2717 379 2740 tuam
401 2713 538 2741 dtemones
560 2714 724 2747 inviderunt;
741 2715 790 2742 nisi
811 2715 882 2742 enim
898 2715 981 2750 ipsam

192 2766 245 2788 tam
261 2759 434 2788 vehementer
444 2767 580 2794 amasses,
599 2768 649 2788 nec
664 2761 747 2796 ipsam
761 2761 797 2788 illi
812 2765 883 2788 tanta
910 2761 981 2788 inse-

192 2808 256 2834 ctati
271 2806 383 2834 fuissent
396 2806 503 2833 invidia.
517 2806 607 2841 Itaque
625 2807 675 2834 etsi
690 2807 838 2834 mirandum
856 2812 898 2834 est
913 2806 984 2841 quod

193 2852 300 2885 dicitur,
315 2856 356 2880 est
367 2855 456 2878 tamen
469 2859 560 2878 verum
571 2871 578 2884 ,
595 2851 664 2886 quod
688 2859 796 2887 propter
812 2858 837 2881 te
850 2857 878 2881 et
891 2854 985 2881 amici-

196 2899 257 2925 tiam
273 2903 343 2925 tuam
358 2898 415 2925 hasc
431 2904 506 2932 passa
522 2898 567 2925 sit.
583 2898 629 2932 Qu:
642 2904 652 2926 t
665 2899 803 2934 incendiis,
816 2905 912 2934 quanta
923 2900 986 2928 sub-

497 191 526 219 S.
546 189 686 219 JOANNIS
703 184 945 216 CIIRYSOSTOMI
960 183 1114 212 ARCIIIEP.
1134 182 1399 212 CONSTANTINOP.

1725 181 1778 211 9M

991 243 1114 269 versione
1127 247 1188 269 sttnt
1202 243 1258 269 hinc
1269 241 1349 269 verba
1371 241 1507 269 acerbiora
1519 262 1527 275 ,
1541 248 1600 276 qute
1613 241 1779 276 respondens

989 287 1116 315 dicebas?
1129 288 1203 315 Nunc
1218 293 1244 316 te
1256 287 1416 314 contumelia
1427 286 1548 314 affectum
1562 286 1637 319 dicis,
1649 291 1676 314 et
1688 291 1779 321 pertu-

991 334 1054 361 lisse
1067 342 1126 368 qua:
1141 334 1228 361 nullus
1248 341 1372 368 umquam
1386 333 1552 368 superiorum
1564 332 1756 367 Imperatorum
1772 341 1779 360 :

991 379 1038 406 sed
1051 379 1073 406 si
1088 379 1152 406 velis
1163 399 1171 412 ,
1184 387 1201 407 Î¿
1211 379 1402 406 humanissime
1415 382 1442 406 et
1452 378 1646 412 sapientissime
1658 382 1685 406 et
1699 378 1783 406 multa

993 425 1091 460 pietate
1103 425 1198 460 plene,
1211 425 1360 452 diademate
1380 424 1430 452 isto
1453 423 1594 452 clariorem
1607 428 1635 452 et
1655 423 1783 459 majorem

995 472 1040 499 tibi
1062 479 1188 499 coronam
1216 472 1273 499 hzec
1295 471 1389 498 afferet
1409 470 1581 498 contumelia.
1607 470 1664 498 IIoc
1687 477 1785 504 nempe

995 517 1118 545 diadema
1130 521 1172 545 est
1185 522 1212 545 et
1224 521 1276 544 tute
1288 517 1392 544 virtutis
1407 516 1509 552 insigne
1518 537 1526 550 ,
1544 521 1571 544 et
1582 517 1639 552 ejus
1653 516 1701 552 qui
1713 516 1787 544 dedit

997 565 1160 593 liberalitatis
1174 565 1315 596 indicium;
1331 566 1377 592 sed
1392 572 1490 593 corona
1509 573 1544 593 ex
1558 565 1608 593 hac
1624 566 1789 593 humanitate

997 615 1121 638 contexta
1143 615 1217 638 tuum
1239 611 1323 638 solius
1335 611 1386 639 erit
1405 615 1432 639 et
1451 611 1625 647 philosophiae
1636 617 1688 639 tute
1706 613 1789 639 meri-

999 660 1053 683 tutn
1068 665 1074 683 :
1091 664 1140 683 nec
1163 660 1188 683 te
1211 660 1311 684 tantum
1336 664 1428 684 omnes
1452 657 1653 684 admirabuntur
1681 662 1791 692 propter

1000 701 1065 729 istos
1091 702 1192 736 lapides
1214 703 1500 738 pretiosos,quantnm
1522 707 1630 738 propter
1651 703 1790 730 victoriam

1001 746 1035 774 de
1053 746 1233 782 indignatione
1257 752 1379 782 superata
1393 752 1553 783 reportatam
1573 748 1728 776 laudabunt.
1743 749 1794 775 Dc-

1000 787 1122 828 jecerunt
1139 797 1241 821 statuas
1262 794 1337 821 tuas?
1357 794 1404 821 sed
1425 794 1478 821 illis
1501 794 1628 822 clariores
1650 794 1793 822 restituere

1003 839 1050 866 tibi
1070 839 1141 867 licet.
1157 839 1186 867 Si
1200 840 1271 868 enim
1288 839 1390 875 injuriae
1409 841 1562 868 auctoribus
1576 840 1688 868 crimina
1701 840 1795 868 remit-

1003 889 1044 912 tas
1055 906 1063 918 ,
1077 891 1104 913 et
1115 886 1214 913 nttllam
1230 886 1293 921 ipsis
1313 886 1411 914 inferas
1429 893 1533 921 postiam
1547 887 1566 920 Â¹,
1581 894 1633 914 tton
1654 895 1754 914 aeream
1769 887 1795 914 iit

1005 932 1062 959 foro
1087 932 1134 960 tibi
1148 937 1262 960 statuam
1285 933 1405 967 erigent,
1425 940 1473 960 nec
1495 939 1620 964 auream,
1635 939 1684 959 nec
1698 932 1798 967 lapillis

1005 978 1294 1013 coagmentatam:sed
1311 978 1383 1005 omni
1405 978 1515 1005 materia
1539 979 1687 1013 pretiosiori
1715 978 1795 1006 indu-

1007 1027 1075 1057 tam,
1097 1024 1260 1051 humanitate
1282 1023 1384 1051 scilicet
1394 1027 1421 1051 et
1444 1023 1637 1051 misericordia.
1662 1023 1754 1051 Talem
1770 1024 1797 1050 in

1008 1075 1096 1097 mente
1111 1070 1223 1105 quisque
1235 1077 1282 1097 sua
1298 1074 1324 1098 te
1336 1070 1450 1105 erigent,
1466 1074 1493 1097 et
1509 1075 1547 1097 tot
1560 1069 1670 1097 habebis
1685 1074 1797 1103 statuas,

1008 1120 1074 1151 quot
1095 1115 1188 1144 orbem
1210 1116 1329 1144 habitant
1354 1116 1476 1144 homines
1495 1121 1522 1144 et
1548 1116 1713 1144 habitabant.
1741 1116 1798 1143 Non

1009 1162 1081 1189 enim
1101 1169 1150 1189 nos
1163 1166 1264 1189 tantum
1275 1183 1283 1196 ,
1300 1170 1392 1190 verum
1407 1166 1435 1190 et
1451 1167 1511 1198 post
1523 1169 1571 1189 nos
1584 1162 1682 1194 futuri,
1698 1166 1726 1189 et
1741 1167 1799 1197 post

1010 1208 1071 1235 illos
1081 1215 1174 1235 omnes
1197 1209 1255 1236 inec
1267 1208 1392 1240 audient,
1403 1212 1430 1235 et
1443 1213 1576 1243 tamquam
1600 1208 1649 1242 ipsi
1662 1207 1732 1235 bene
1746 1207 1801 1234 fue-

1013 1253 1067 1280 rint
1080 1253 1161 1280 habiti
1173 1274 1181 1287 ,
1197 1253 1236 1281 sic
1249 1258 1275 1281 te
1285 1253 1486 1281 admirabuntur
1499 1258 1526 1281 et
1539 1253 1675 1280 amabunt.
1689 1253 1722 1280 Et
1731 1253 1802 1288 quod

1013 1298 1070 1326 haec
1082 1306 1135 1326 non
1147 1303 1286 1326 assentans
1295 1299 1396 1332 dicam,
1418 1299 1464 1326 sed
1484 1299 1522 1326 sic
1536 1297 1653 1326 futurum
1666 1298 1701 1326 sit
1715 1297 1802 1325 omni-

1013 1352 1062 1376 no,
1081 1345 1219 1378 antiquum
1233 1344 1279 1372 tibi
1300 1343 1414 1372 referam
1437 1351 1587 1373 sermonem
1601 1343 1743 1378 quemdam
1753 1363 1762 1377 ,
1775 1348 1804 1370 ut

1013 1390 1101 1418 discas
1115 1398 1168 1417 non
1183 1395 1284 1418 tantum
1299 1390 1429 1418 exercitus
1439 1411 1446 1423 ,
1460 1397 1549 1423 arma,
1564 1389 1699 1425 pecunias,
1710 1389 1804 1417 subdi.

1015 1441 1102 1463 torum
1115 1435 1311 1464 multitudinem
1324 1440 1351 1463 et
1367 1435 1417 1463 alia
1436 1435 1585 1470 hujusmodi
1598 1435 1753 1470 splendidos
1767 1434 1806 1461 fa-

1015 1489 1076 1509 cere
1089 1489 1165 1516 reges
1178 1481 1359 1514 consuevisse,
1375 1486 1502 1516 quantum
1518 1480 1600 1507 animi
1612 1479 1804 1515 philosophiam

1016 1531 1043 1555 et
1058 1527 1296 1554 mansuetudinem.

1054 1572 1193 1599 Pulchrum
1202 1571 1358 1600 Constantini
1369 1572 1474 1598 dictum.
1482 1587 1518 1591 â€”
1527 1571 1622 1599 Fertur
1629 1571 1722 1598 beatus
1734 1571 1790 1597 Con

1020 1619 1163 1651 stantinus,
1174 1618 1261 1652 efiigie
1272 1625 1317 1645 sua
1329 1617 1470 1652 aliquando
1482 1616 1606 1651 lapidata,
1617 1616 1706 1644 multis
1721 1616 1808 1651 ipsnnt

1019 1664 1206 1699 instigantibus
1217 1663 1250 1691 ad
1264 1663 1421 1698 supplicium
1432 1662 1465 1690 de
1476 1662 1628 1690 auctoribus
1639 1663 1809 1689 contumeliae

1020 1710 1177 1738 sutnendum
1188 1731 1196 1743 ,
1216 1714 1243 1738 et
1263 1709 1414 1738 dicentibus
1432 1717 1479 1736 eos
1497 1716 1603 1736 omnem
1620 1709 1700 1743 ipsius
1716 1709 1809 1736 faciem

1022 1755 1094 1783 saxis
1106 1755 1261 1783 vuinerasse
1271 1775 1279 1788 ,
1301 1762 1380 1781 manu
1397 1753 1490 1782 faciem
1505 1754 1614 1789 palpans
1628 1758 1654 1781 et
1666 1753 1761 1781 leniter
1776 1754 1812 1780 ri-

1021 1802 1089 1830 dens
1110 1801 1230 1829 dixisse:
1246 1801 1302 1836 Ego
1323 1807 1388 1828 vero
1410 1807 1539 1835 nusquam
1559 1799 1656 1827 vulnus
1676 1799 1703 1826 in
1726 1799 1813 1826 fronte

1023 1847 1121 1875 factum
1134 1847 1225 1879 video,
1240 1847 1287 1874 sed
1300 1854 1393 1874 sanum
1408 1846 1514 1881 quidem
1528 1850 1619 1881 caput,
1630 1852 1694 1873 sana
1707 1853 1772 1872 vero
1786 1849 1814 1872 et

1024 1892 1105 1920 facies
1117 1897 1182 1919 tota.
1200 1891 1239 1919 Ilii
1260 1899 1323 1919 vero
1336 1891 1441 1919 reveriti
1458 1895 1485 1919 et
1496 1890 1599 1918 confusi
1611 1890 1645 1918 ab
1659 1890 1709 1918 hoc
1723 1890 1814 1924 iniquo

1024 1939 1150 1967 destitere
1168 1938 1299 1966 consilio:
1315 1942 1342 1965 et
1363 1937 1414 1965 hoc
1432 1937 1541 1965 verbum
1566 1937 1693 1964 hactenus
1715 1940 1815 1964 canunt

1025 1991 1138 2012 omnes:
1154 1991 1203 2011 nec
1226 1988 1329 2011 tantum
1352 1983 1481 2018 temporis
1504 1982 1643 2015 labefecit,
1668 1986 1713 2009 aut
1735 1982 1815 2016 hujus

1028 2029 1202 2064 philosophia).
1223 2029 1378 2056 memoriam
1399 2028 1536 2056 exstinxit.
1555 2028 1625 2062 Quot
1642 2035 1695 2055 non
1714 2028 1750 2055 sit
1763 2027 1816 2055 hoc

1027 2076 1134 2110 tropmis
1155 2074 1335 2110 splendidius?
1357 2074 1452 2102 Multas
1471 2074 1652 2109 magnasque'
1675 2073 1754 2100 urbes
1772 2073 1817 2100 ille

1027 2121 1146 2149 condidit
1157 2125 1185 2149 et
1197 2121 1294 2148 multos
1312 2120 1439 2148 barbaros
1461 2119 1611 2155 superavit,
1632 2118 1678 2146 sed
1693 2119 1817 2146 memini-

1028 2176 1088 2195 mus
1103 2168 1208 2195 illorum
1224 2167 1304 2199 nihil;
1320 2166 1371 2193 hoc
1383 2170 1471 2193 autem
1487 2165 1597 2193 verbum
1612 2172 1696 2200 usque
1709 2165 1735 2192 iit
1750 2172 1819 2199 prte-

1029 2218 1134 2242 sentem
1157 2213 1227 2242 diem
1249 2213 1364 2244 canitur.
1387 2217 1414 2240 et
1437 2212 1535 2247 posteri
1559 2211 1643 2239 nostri
1668 2215 1695 2238 et
1717 2210 1820 2246 posteri

1029 2260 1139 2288 illorum
1151 2266 1245 2287 omnes
1259 2259 1371 2293 idipsum
1385 2257 1502 2285 audient.
1519 2257 1573 2284 Nec
1584 2257 1669 2284 solum
1682 2261 1723 2284 est
1736 2255 1821 2283 admi-

1030 2306 1153 2338 randum,
1166 2305 1236 2341 quod
1249 2305 1367 2335 audient,
1386 2304 1559 2332 verumetiam
1575 2302 1645 2338 quod
1660 2302 1784 2330 laudibus
1795 2306 1823 2330 et

1031 2352 1124 2379 faustis
1135 2351 1225 2380 verbis
1238 2355 1447 2386 prosequentur,
1469 2349 1640 2383 dicentesque
1656 2347 1821 2380 laudabunt,

1032 2403 1060 2426 et
1073 2398 1211 2426 audientes
1225 2401 1298 2432 grate
1312 2395 1457 2431 suscipient
1469 2403 1476 2422 :
1489 2402 1538 2422 nec
1561 2393 1630 2422 ullus
1650 2398 1693 2421 est
1705 2393 1751 2428 qui
1766 2393 1824 2420 hac

1032 2443 1156 2476 audiens,
1178 2443 1258 2470 silere
1273 2441 1373 2477 possit,
1389 2441 1452 2476 quin
1468 2440 1567 2475 pariter
1579 2439 1711 2467 exclamet
1721 2443 1749 2466 et
1762 2439 1824 2466 talia

1033 2491 1166 2518 dicentem
1179 2489 1283 2519 laudet,
1300 2493 1327 2516 et
1343 2488 1481 2515 inttumera
1495 2487 1544 2521 ipsi
1557 2486 1599 2514 vel
1612 2485 1739 2516 defuncto
1755 2485 1824 2517 bona

1035 2542 1168 2572 precetur.
1181 2535 1257 2569 Quod
1269 2535 1292 2562 si
1305 2539 1412 2569 propter
1424 2533 1488 2561 illud
1499 2533 1608 2560 verbum
1621 2532 1691 2567 apud
1702 2532 1826 2559 homines

1035 2587 1106 2610 tanta
1126 2581 1224 2617 potitus
1236 2585 1278 2608 est
1291 2581 1391 2615 gloria,
1414 2584 1479 2615 quot
1492 2579 1561 2614 apud
1584 2578 1727 2613 benignum
1741 2577 1826 2605 Deum

1036 2636 1150 2656 coronas
1163 2627 1340 2661 assequetur?

1072 2674 1207 2703 Theodosii
1222 2673 1373 2700 humanitas.
1388 2688 1423 2694 â€”
1433 2671 1500 2706 Quid
1515 2676 1604 2698 autent
1619 2677 1686 2705 opus
1700 2673 1742 2697 est
1753 2668 1826 2696 Con-

1036 2721 1180 2750 stantinum
1194 2724 1221 2747 et
1234 2719 1319 2746 aliena
1333 2717 1454 2752 exempla
1474 2723 1684 2744 commemorare
1696 2735 1705 2748 ,
1725 2722 1786 2742 cum
1801 2717 1828 2740 te

1037 2768 1071 2796 de
1085 2766 1198 2802 propriis
1211 2765 1313 2794 meritis
1326 2765 1377 2791 tuis
1389 2771 1456 2798 opus
1465 2763 1500 2789 sit
1509 2760 1664 2789 exhortari?
1674 2759 1826 2787 Recordare

1037 2815 1155 2850 priorum
1167 2832 1176 2845 ,
1190 2811 1296 2847 quando
1309 2809 1477 2838 solemnitate
1495 2807 1544 2834 hac
1556 2805 1761 2841 superveniente
1782 2812 1828 2839 per

1070 2872 1078 2888 Â¹
1097 2868 1166 2895 savii.
1178 2875 1184 2893 :
1199 2871 1226 2892 Et
1239 2866 1293 2892 illo:
1304 2864 1572 2900 nullamï¬areï¬‚ptenam
1583 2861 1657 2888 sima.

1071 2903 1081 2918 Â¹
1098 2894 1194 2929 vocem,
1204 2904 1310 2931 nitignas,
1323 2903 1338 2922 e
1346 2895 1430 2922 savilio
1441 2894 1583 2925 adiecimus.
