1983 3125
139 164 187 192 215

139 221 282 259 εὐεργέτην
293 221 462 258 ἀγνώμονες
480 222 629 257 ἐφάνημεν,
644 222 691 248 καὶ
704 223 749 250 τὸν
766 224 879 259 σφοδρὸν
899 225 977 260 ὴμῶν

140 266 337 302 παρωξύναμεν
348 267 483 302 ἐραστήν.
491 266 551 293 Κᾶν
558 265 748 302 κατασκάψῃς,
756 266 807 293 κᾶν
820 268 977 304 ἐμπρήσῃς,

141 313 188 339 κάν
205 311 387 347 ἀποκτείνῃς,
406 310 459 338 κᾶν
473 310 563 337 ὁτιοῦν
573 310 666 346 ἕτερον
678 310 796 347 πράξῃς,
813 311 919 338 οὐδέπω
930 311 979 347 τὴν

142 355 213 389 ἀξίαν
222 355 299 390 ἡμᾶς
316 355 466 391 ἀπῄτησας
477 354 569 389 δίκην·
586 354 740 388 φθάσαντες
753 354 808 390 γὰρ
823 355 903 390 ἡμεῖς
917 355 979 381 ἐαυ-

143 401 201 431 τοὺς
218 399 326 435 μυρίων
343 398 472 426 θανάτων
482 398 660 434 χαλεπώτερα
674 398 852 436 διεθήκαμεν.
874 399 907 425 Τί
925 399 980 435 γὰρ

143 444 172 470 ἂν
182 444 288 478 γένοιτο
308 442 484 478 πικρότερον,
510 442 569 469 ἀλλ’
585 442 602 478 ἥ
622 443 686 469 ὅταν
702 443 748 469 τδν
769 443 917 479 εὐεργέτην
931 443 980 470 καὶ

143 486 209 512 οὕτω
218 486 352 521 φιλοῦντα
364 486 497 522 φανῶμεν
508 486 609 519 ἀδίκως
619 487 833 523 παροξύναντες,
842 487 890 514 καὶ
900 486 980 514 τοῦτο

143 532 214 557 πᾶσα
230 531 248 565 ἡ
272 531 423 567 οἰκουμένη
451 531 585 567 μανθάνῃ,
612 531 659 558 καὶ
686 531 737 567 τὴν
763 532 881 567 ἐσχάτην
901 531 979 567 ήμῶν

142 575 340 611 ἀγνωμοσύνην
371 574 583 611 καταγινώσκῃς
615 575 647 602 Εἰ
675 575 808 611 βάρϐαροι
831 575 880 613 τὴν
902 575 981 603 πόλιν

142 619 219 654 ἡμῶν
246 619 474 655 καταδραμόντες
495 620 671 654 κατέσκαψαν
691 620 726 647 τά
741 620 837 656 τείχη,
866 620 915 647 καὶ
931 620 982 652 τὰς

142 663 228 695 οἰκίας
244 663 415 699 ἐνέπρησαν,
434 663 483 690 καὶ
497 663 625 702 λαϐόντες
641 664 833 699 αἰχμαλώτους
848 664 980 700 ἀπῆλθον,

142 707 252 734 ἔλαττον
262 705 299 743 ἦν
314 714 328 728 ι
344 708 376 735 τὸ
388 707 485 735 δεινόν.
496 707 529 734 Τί
544 707 644 743 δήποτε
653 716 661 741 ;
671 708 733 735 Ὅτι
746 707 794 735 σοῦ
810 708 922 740 ζῶντος,
934 708 981 734 καί¹

142 751 278 788 τοσαύτην
299 751 523 788 ἐπιδεικνυμένου
541 752 605 788 περὶ
628 752 702 788 ἡμᾶς
717 752 835 786 εὔνοιαν,
851 751 928 784 ἐλπὶς
946 749 981 787 ἦν

143 796 234 822 ἐκεῖνα
251 796 342 823 πάντα
357 795 521 831 λυθήσεσθαι
536 795 570 823 τὰ
581 795 667 828 δεινὰ,
687 797 735 823 καὶ
749 796 831 824 πάλιν
846 797 920 832 ἡμᾶς
935 796 982 822 ἐπὶ

143 839 173 866 τδ
194 840 330 876 πρότερον
344 840 491 876 ἐπανήξειν
509 841 611 876 σχῆμα,
636 841 684 867 καλ⁵
698 840 889 876 λαμπροτέραν
912 841 982 867 ἀπο-

143 883 277 919 λήψεσθαι
302 884 352 919 τὴν
377 884 551 920 ἐλευθερίαν·
578 883 625 911 νῦν
650 884 695 916 δέ,
726 884 774 918 τῆς
800 883 849 919 σῆς
876 883 982 916 εὐνοίας

143 928 327 964 ἀφῃρημένης
355 928 469 955 καὶτοῦ
497 929 611 964 φίλτρου
643 928 820 960 σϐεσθέντος,
847 927 862 954 δ
880 928 982 960 παντὸς

143 972 248 1006 τείχους
269 970 306 1007 ἦν
325 972 394 1007 ἡμῖν
408 972 627 1008 ἀσφαλέστερον,
652 971 721 1007 πρὸς
739 971 801 998 τίνα
822 971 916 998 λοιπὸν
933 979 984 997 κα-

143 1016 337 1051 ταφευξόμεθα
347 1025 354 1049 ;
365 1016 417 1043 ποῦ
428 1016 598 1052 δυνησόμεθα
607 1016 672 1043 ἰδεῖν
684 1016 813 1051 ἑτέρωσε,
826 1016 872 1042 τὸν
880 1015 983 1050 γλυκὺν

143 1059 213 1086 οὓτω
226 1060 364 1095 δεσπότην
382 1060 430 1087 καὶ
458 1060 565 1096 πατέρα
590 1060 714 1096 προσηνῆ
739 1059 982 1095 παροργίσαντεςς

145 1104 226 1130 Ὥστε
255 1103 368 1130 δοκοῦσι
394 1104 444 1139 μὲν
463 1104 590 1140 ἀφόρητα
617 1104 799 1139 πεποιηκέναι
811 1111 820 1118 ⁵
837 1103 936 1130 ἔπαθον
954 1104 984 1130 δὲ

144 1148 252 1174 πάντων
275 1147 426 1184 δεινότερα,
448 1148 517 1184 πρὸς
530 1147 625 1175 οὐδένα
647 1147 800 1184 ἀνθρώπων
823 1147 984 1182 ἀντιϐλέψαι

143 1192 298 1226 τολμῶντες
309 1211 318 1224 ,
344 1192 406 1219 οὐδὲ
421 1192 502 1219 αὑτὸν
519 1192 582 1218 ἰδεῖν
597 1191 741 1227 δυνάμενοι
756 1192 802 1219 τὸν
819 1192 895 1228 ἥλιον
908 1191 985 1218 ὲλευ-

145 1236 235 1271 θέροις
263 1236 426 1272 ὀφθαλμοῖς,
449 1237 499 1272 τῆς
522 1235 599 1272 [218]
622 1236 754 1272 αἰσχύνης
772 1236 910 1271 πανταχοῦ
934 1245 986 1263 κα-

144 1280 347 1315 ταστελλούσης
377 1280 412 1307 τὰ
436 1280 558 1316 βλέφαρα
591 1281 638 1307 καὶ
669 1280 889 1314 ἐγκαλύπτεσθαι
919 1289 986 1308 κατ-

145 1323 358 1359 αναγκαζούσης
368 1332 375 1340 ’
394 1323 443 1357 τῆς
458 1324 613 1360 παρρησίας
629 1322 676 1350 οὖν
688 1324 780 1356 αὐτοῖς
795 1324 984 1360 ἀνῃρημένης,

146 1369 254 1395 πάντων
269 1367 453 1403 αἰχμαλώτων
467 1367 629 1404 ἀθλιώτερον
639 1367 790 1395 διάκεινται
802 1368 860 1401 νῦν,
876 1368 924 1395 καὶ
935 1368 986 1404 τὴν

145 1413 263 1447 ἐσχάτην
291 1412 476 1447 ὑπομένουσιν
502 1412 631 1447 ἀτιμίαν,
661 1412 709 1439 καὶ
737 1412 769 1438 τὸ
799 1412 913 1448 μέγεθος
932 1412 986 1439 τῶν

147 1455 239 1482 κακῶν
256 1455 422 1487 ἐννοοῦντες.
439 1456 487 1482 καὶ
500 1456 540 1488 εἰς
564 1456 627 1482 ὅσον
644 1456 852 1492 ἀπεσκίρτησαν
869 1455 985 1492 ὕϐρεως,

146 1500 206 1526 οὐδὲ
223 1500 355 1526 ἀναπνεῖν
368 1499 496 1527 δύνανται
512 1499 560 1526 τοῦ
572 1499 716 1532 δοκοῦντος
729 1500 858 1536 ὑϐρίσθαι
875 1501 988 1536 σφοδρο-

147 1544 242 1579 τέρους
257 1544 323 1575 τοὺς
335 1544 386 1579 τὴν
400 1544 565 1580 οἰκουμένην
587 1544 730 1576 οἰκοῦντας
745 1545 869 1577 ἅπαντας
884 1545 989 1581 ἀνθρώ-

148 1598 214 1620 πους
229 1589 451 1624 ἐπισπασάμενοι
477 1589 658 1625 κατηγόρους,
677 1589 747 1616 Ἀλλ’
775 1589 823 1616 ἐὰν
850 1589 941 1626 θέλῃς,
965 1586 989 1617 ὧ

150 1632 273 1666 βασιλεῦ,
291 1632 366 1660 ἐστιν
393 1633 466 1664 ἴασις
479 1632 518 1668 τῷ
531 1632 681 1668 τραύματι,
697 1633 745 1660 καὶ
772 1634 918 1669 φάρμακον
931 1635 988 1666 τοῖς

148 1677 289 1708 τοσούτοις
299 1678 407 1709 κακοῖς.
422 1676 557 1708 Πολλάκις
571 1677 619 1704 καὶ
645 1677 692 1704 ἐπὶ
707 1677 822 1704 ἰδιωτῶν
845 1677 924 1705 τοῦτο
939 1678 989 1712 γέ-

149 1729 224 1762 γονε·
239 1720 275 1747 τὰ
296 1720 404 1756 μεγάλα
418 1721 465 1748 καὶ
482 1721 606 1756 ἀφόρητα
621 1721 855 1756 προσκρούσματα
866 1723 990 1758 μεγάλης

150 1764 297 1796 διαθέσεως
311 1765 425 1799 γέγονεν
439 1765 584 1796 ὑπόθεσιςο
600 1764 672 1792 οὕτω
691 1765 739 1793 καὶ
753 1766 801 1792 ἐπὶ
819 1767 868 1802 τῆς
881 1766 990 1800 φύσεως

153 1808 251 1844 συνέϐη
264 1809 316 1844 τῆς
326 1809 476 1844 ἡμετέρας.
494 1809 560 1835 Ὅτε
571 1809 625 1845 γὰρ
649 1809 695 1836 τὸν
706 1809 850 1845 ἄνθρωπον
861 1810 990 1846 ἐποίησεν

152 1852 166 1878 ό
181 1852 248 1884 Θεὸς
268 1852 317 1878 καὶ
342 1853 382 1884 εἰς
408 1852 455 1880 τὸν
477 1852 644 1888 παράδεισον
670 1854 801 1888 εἰσήγαγε
823 1854 870 1881 καὶ
889 1855 991 1890 πολλῆς

152 1895 251 1931 ἠξίωσε
271 1896 369 1931 τιμῆς,
397 1896 428 1923 ού
459 1897 550 1933 φέρων
572 1897 624 1933 τὴν
646 1898 782 1934 τοσαύτην
807 1899 957 1935 εὐημερίαν
978 1900 992 1926 ό

152 1940 276 1973 διάϐολος
303 1940 457 1976 ἐϐάσκηνέν
479 1949 509 1967 τε
537 1941 612 1977 αὐτῷ
640 1943 687 1968 καὶ
714 1943 764 1977 τῆς
796 1942 919 1978 δοθείσης
950 1943 992 1976 ἐξ·

152 1984 234 2012 ἔϐαλε
250 1984 407 2020 προεῗρίας.
425 1984 495 2012 Ἀλλ’
510 1985 523 2012 ό
538 1985 603 2017 Θεὸς
616 1986 646 2012 οὐ
659 1987 738 2022 μόνον
749 1987 829 2014 αὐτὸν
842 1987 871 2013 οὐ
886 1987 994 2014 κατέλι-

153 2037 214 2059 πεν,
228 2028 298 2055 ἀλλά
310 2029 357 2055 καὶ
369 2029 430 2055 ἀντὶ
438 2029 602 2066 παραδείσου
614 2030 660 2057 τὸν
673 2031 786 2066 οὺρανδν
800 2032 866 2067 ἡμῖν
880 2031 992 2068 ἀνέῳξε,

153 2072 240 2108 τούτῳ
255 2081 286 2099 τε
302 2073 377 2109 αὐτῷ
391 2074 440 2108 τήν
453 2082 482 2100 τε
504 2075 607 2102 οἰκείαν
623 2075 826 2111 φιλανθρωπίαν
839 2077 992 2104 ἐπιδεικνύ-

156 2126 246 2152 μενος,
261 2117 309 2144 καὶ
325 2117 372 2144 τὸν
388 2118 510 2145 διάϐολον
525 2118 653 2153 μειζόνως
663 2119 793 2152 κολάζων.
803 2120 887 2147 Τοῦτο
900 2121 947 2147 καὶ
960 2122 993 2149 σὺ

155 2162 279 2197 ποίησον·
295 2163 386 2189 πάντα
400 2163 530 2198 ἐκίνησαν
552 2164 576 2189 οί
589 2162 714 2198 δαίμονες
728 2163 786 2196 νῦν,
800 2164 870 2192 ὥστε
879 2165 928 2201 τὴν
939 2174 993 2193 πα-

156 2205 210 2232 σῶν
219 2215 259 2232 σοι
276 2206 409 2242 φιλτάτην
423 2206 501 2233 πόλιν
519 2207 671 2243 ἀπορρῆξαί
687 2216 733 2234 σου
746 2208 794 2243 τῆς
808 2209 922 2241 εὐνοίας·
934 2210 995 2237 τοῦ-

155 2260 187 2277 το
204 2252 294 2278 τοίνυν
309 2250 400 2283 εἰδὼς,
411 2251 490 2287 δίκην
505 2251 554 2286 μὲν
576 2251 609 2286 ἢν
622 2251 708 2284 θέλεις
728 2253 889 2288 άπαιτησον,
907 2254 956 2288 τῆς
966 2253 994 2282 δέ

157 2295 247 2329 φιλίας
265 2297 303 2331 μὴ
324 2295 443 2331 ἐκϐάλῃς
458 2296 532 2331 ἡμᾶς
549 2295 599 2330 τῆς
616 2296 761 2332 προτέρας.
786 2297 856 2324 Ἀλλ’
873 2299 898 2325 εἰ
913 2298 953 2325 δεῖ
968 2308 994 2326 τι

157 2340 203 2366 καὶ
217 2339 375 2375 θαυμαστὸν
404 2340 501 2371 εἰπεῖν,
519 2340 628 2375 μείζονα
652 2341 718 2376 ἡμῖν
739 2341 871 2375 ἐπίδειξαι
886 2342 935 2378 τὴν
950 2343 995 2370 εὗ-

157 2392 230 2410 νοιαν
243 2385 301 2416 νῦν,
314 2384 361 2411 καὶ
376 2384 457 2411 πάλιν
470 2385 508 2415 εἰς
522 2384 571 2416 τὰς
581 2385 691 2420 πρώτας
706 2385 759 2412 τῶν
767 2385 936 2422 φιλουμένων
945 2389 996 2414 αὐ-

157 2428 206 2463 τὴν
220 2428 369 2464 ἔγγραψον,
383 2426 410 2455 εί
422 2437 453 2463 γε
467 2427 556 2463 βούλει
570 2429 634 2461 τοὺς
641 2429 728 2457 ταῦτα
737 2431 996 2465 κατασκευάσαντας

157 2472 314 2507 ἀμύνασθαι
328 2472 468 2507 δαίμονας.
479 2474 528 2499 Ἂν
544 2473 593 2508 μέν
604 2472 658 2509 γὰρ
668 2473 785 2509 καθέλῃς
800 2475 846 2501 καὶ
858 2476 996 2503 κατασκά-

159 2517 212 2552 ψῃς
227 2518 275 2544 καὶ
292 2517 439 2554 ἀφανίσῃς,
457 2517 528 2553 άπερ
541 2519 639 2544 ἐκεῖνοι
651 2517 734 2545 πάλαι
748 2518 898 2550 ἐϐούλοντο,
910 2520 997 2547 ταῦτα

160 2561 274 2598 ἐργάσῃ·
286 2561 319 2588 ἂν
332 2561 361 2588 δὲ
375 2562 447 2598 ἀφῇς
461 2561 508 2596 τὴν
519 2562 603 2598 ὀργὴν
613 2562 660 2589 καὶ
671 2561 752 2589 πάλιν
766 2563 937 2600 ὁμολογήσῃς
951 2574 997 2600 φι-

160 2604 214 2632 λεῖν
227 2606 313 2641 αὐτὴν
329 2606 426 2641 ὥσπερ
439 2606 570 2642 πρότερον
584 2606 694 2641 ἐφίλεις.
708 2607 814 2642 καιρίαν
827 2609 918 2641 αὐτοῖς
933 2609 997 2636 ἔδω-

161 2658 210 2682 κας
225 2651 274 2686 τὴν
285 2650 402 2686 πληγὴν,
419 2650 467 2677 καὶ
485 2650 533 2687 τὴν
547 2651 664 2686 ἐσχάτην
678 2651 774 2681 αὐτοὺς
790 2652 933 2689 ἁπῄτησας
957 2653 994 2679 δί-

163 2702 222 2729 κην,
239 2694 331 2727 δείξας
344 2695 383 2726 ὡς
402 2695 433 2721 οὐ
445 2695 523 2729 μόνον
536 2695 627 2726 αὐτοῖς
635 2695 710 2721 ούδέν
725 2695 804 2722 πλέον
818 2696 929 2730 γέγονεν
944 2697 998 2724 ἀπὸ

162 2738 210 2772 τῆς
239 2738 397 2773 ἐπιϐουλῆς,
426 2737 494 2765 ἀλλὰ
519 2739 566 2765 καὶ
591 2738 625 2765 τὰ
650 2739 758 2766 ἐναντία
778 2740 871 2771 αὐτοῖς
891 2740 999 2767 ἅπαντα

163 2783 261 2819 ἀπέϐη,
276 2784 350 2819 ἥπερ
367 2783 517 2810 ἐϐούλοντο.
530 2784 639 2816 Δίκαιος
651 2784 673 2811 δ’
688 2784 720 2810 ἂν
741 2785 799 2820 εῐης
814 2784 899 2811 ταῦτα
922 2786 1000 2821 ποιῆ-

165 2833 208 2852 σαι
222 2826 268 2852 καὶ
288 2825 401 2860 ἐλεῆσαι
420 2822 537 2862 πόλιν,ᾔ
551 2825 594 2852 διὰ
605 2825 655 2861 τὴν
671 2825 720 2862 σὴν
739 2825 890 2861 ἐφθόνησαν
908 2826 999 2861 φιλίαν

164 2869 187 2897 οἰ
206 2869 343 2905 δαίμονες
361 2870 386 2896 εἰ
398 2869 454 2905 γὰρ
470 2869 507 2905 μὴ
528 2870 630 2905 σφόδρα
647 2869 730 2904 αὐτὴν
741 2869 828 2901 οὕτως
840 2870 997 2906 ἠγάπησας,

163 2917 210 2944 οὐκ
221 2916 256 2942 ἂν
267 2915 356 2950 αὐτὴν
366 2913 427 2941 οὐδὲ
441 2914 539 2941 ἐκεῖνοι
547 2914 672 2941 τοσοῦτον
688 2913 843 2949 ἑϐάσκηναν
859 2914 900 2941 ἀν.
917 2915 997 2942 Ὥστε

191 2992 204 3008 ⁸
213 2990 289 3016 Savil.
308 2991 335 3016 in
348 2995 428 3021 marg.
440 2991 465 3014 et
477 2989 518 3015 alii
527 2989 660 3020 ἀπήλασαν,
672 2989 767 3014 ἔλαττον
779 2988 816 3020 ἦν.

644 163 688 191 AD
708 164 872 193 POPULUM
893 165 1138 195 ANTIOCHENUM
1167 164 1283 193 llOMlL.
1300 166 1368 194 XXI.

1802 169 1854 196 216

1031 226 1055 252 εἰ
1074 225 1122 252 καὶ
1136 224 1291 260 θαυμαστὸν
1300 224 1330 251 τὸ
1337 224 1493 260 λεγόμενον,
1508 224 1565 251 ἀλλ’
1580 225 1655 260 ὅμως
1665 225 1739 252 ἐστὶν
1753 225 1862 260 ἀληθὲς,

1029 269 1070 295 δτι
1086 268 1130 295 διά
1152 268 1182 295 σὲ
1197 268 1244 295 καὶ
1258 267 1308 304 τὴν
1322 267 1371 304 σὴν
1391 267 1480 303 φιλίαν
1491 268 1577 295 ταῦτα
1592 268 1689 297 ἔπαθε.
1703 269 1797 296 Πόσων
1813 270 1864 305 ξμς

1030 313 1175 349 πρησμῶν,
1192 313 1279 348 πόσης
1299 314 1488 349 καταστροφῆς
1503 312 1517 333 δ
1529 312 1565 340 τὰ
1585 313 1694 349 ῥήματα
1707 313 1792 340 ταῦτα
1817 321 1866 339 πι-

1029 357 1108 393 κρότε
1113 365 1158 393 ρα,
1167 356 1238 392 άπερ
1249 355 1465 392 ἀπολογούμενος
1474 357 1582 392 ἐλεγεςς
1592 357 1650 384 Νῦν
1665 357 1789 394 ὑϐρίσθαι
1801 357 1865 393 φὴς.

1028 400 1076 428 καὶ
1088 400 1250 427 πεπονθέναι
1261 397 1306 426 οἷα
1322 400 1415 435 μηδεὶς
1431 399 1541 427 πώποτε
1561 401 1615 427 τῶν
1635 401 1774 436 προτέρων
1790 401 1867 433 βασι-

1029 444 1109 471 λέων-
1127 444 1184 471 ἀλλ’
1196 444 1243 470 ἐὰν
1256 443 1347 479 Θέλῃς,
1364 440 1386 470 ὧ
1401 443 1639 480 φιλανθρωπότατε
1657 444 1704 471 καὶ
1721 444 1867 478 φιλοσοφώ-

1029 497 1094 515 τατε
1106 488 1154 515 καὶ
1164 487 1263 523 πολλῆς
1273 486 1412 518 εὐσεϐείας
1421 487 1525 523 γέμων,
1535 486 1582 513 τοῦ
1595 487 1760 523 διαδήματος
1770 486 1865 514 τούτου

1032 531 1142 565 μείζονά
1167 539 1207 557 σοι
1225 531 1273 558 καὶ
1297 531 1516 566 λαμπρότερονὴ
1536 530 1614 565 ὕϐρις
1632 531 1703 565 αὓτη
1723 530 1866 566 περιθήσει

1031 576 1173 610 στέφανον.
1189 575 1274 602 Τοῦτο
1292 575 1341 610 μέν
1363 575 1418 611 γὰρ
1431 575 1461 601 τὺ
1472 575 1592 610 διάδημά
1612 576 1670 602 ἐστι
1688 575 1736 602 καὶ
1752 575 1800 610 μὲν
1818 575 1867 610 τῆς

1031 620 1082 655 σῆς
1093 619 1195 656 ἀρετῆς
1207 618 1352 651 ἀπόδειξις·
1365 619 1422 645 ἐστι
1436 619 1465 645 δὲ
1482 618 1588 654 καὶτῆς
1607 618 1655 645 τοῦ
1665 618 1810 651 δεδωκότος
1825 627 1869 653 φι-

1031 663 1154 699 λοτιμίας
1163 663 1322 699 τεκμήριον·
1337 663 1351 688 ὁ
1365 663 1393 689 δέ
1410 662 1464 689 ἀπὸ
1471 663 1520 697 τῆς
1532 662 1736 697 φιλανθρωπίας
1750 670 1791 688 σοι
1807 662 1870 689 ταύ-

1031 716 1080 742 της
1099 708 1265 742 πλεκόμενος
1285 707 1416 742 στέφανος
1439 707 1484 733 σὺν
1508 707 1587 742 μόνον
1611 707 1687 734 ἔσται
1705 707 1870 742 κατόρθωμα

1032 752 1079 778 καὶ
1094 752 1143 786 τῆς
1157 751 1315 785 φιλοσοφίας
1329 751 1378 786 τῆς
1393 750 1452 786 σῆς·
1468 751 1514 777 καὶ
1526 751 1575 786 οὐχ
1589 750 1660 777 οὕτω
1671 759 1701 777 σε
1715 750 1869 785 θαυμάσον-

1031 804 1076 821 ται
1100 796 1200 827 πάντες
1220 795 1264 821 διὰ
1282 795 1344 826 τοὺς
1366 795 1456 825 λίθους
1478 795 1542 826 τοὺς
1563 794 1670 830 τιμίους
1687 794 1808 826 τούτους,
1832 794 1870 826 ὡς

1032 838 1220 864 ἐπαινέσονται
1234 837 1279 864 διά
1298 837 1347 873 τὴν
1370 837 1521 873 ὑπεροψίαν
1541 837 1590 873 τὴν
1613 838 1682 864 κατὰ
1704 837 1754 872 τῆς
1775 837 1869 872 ὀργῆς.

1031 881 1165 908 Καθεῖλόν
1178 890 1225 908 σου
1247 881 1312 913 τοὺς
1325 881 1502 916 ἀνδριάντας;
1523 881 1579 908 ἀλλ’
1591 881 1679 913 ἔξεστί
1694 889 1734 908 σοι
1749 880 1871 916 λαμπρο-

1031 925 1128 960 τέρους
1149 925 1301 960 ἀναστῆσαι
1328 924 1451 952 ἐκείνων.
1473 924 1549 960 [219]
1575 925 1624 951 Ἂν
1653 924 1707 960 γὰρ
1722 925 1794 960 ἀφῇς
1815 926 1872 956 τοῖς

1031 968 1175 1003 ἠδικηκόσι
1195 968 1230 995 τὰ
1247 967 1418 1003 ἐγκλήματα,
1447 968 1494 995 καὶ
1511 968 1647 1004 μηδεμίαν
1662 968 1818 1004 ἀπαιτήσῃς
1830 967 1871 994 δί-

1032 1021 1084 1047 κην
1096 1018 1107 1032 ο
1124 1012 1234 1044 αὐτοὺς,
1249 1013 1280 1038 ού
1297 1012 1414 1047 χαλκοῦν
1429 1020 1459 1038 σε
1471 1012 1516 1038 ἐπὶ
1532 1012 1582 1047 τῆς
1593 1012 1696 1047 ἀγορᾶς
1711 1012 1873 1047 ἀναστήσου-

1032 1064 1087 1086 σιν,
1105 1055 1166 1083 οὐδὲ
1189 1056 1318 1092 χρυσοῦν,
1335 1055 1397 1082 οὐδὲ
1414 1056 1615 1091 λιθοκόλλητον,
1637 1055 1707 1082 ἀλλά
1719 1056 1769 1090 τὴν
1783 1055 1873 1090 πάσης

1033 1098 1100 1135 ὕλης
1112 1099 1278 1135 τιμιωτέραν
1291 1099 1401 1135 στήλην,
1414 1099 1618 1134 φιλανθρωπίαν
1633 1099 1679 1126 καὶ
1689 1098 1874 1134 ἐλεημοσύνην

1033 1143 1261 1178 ἀναϐεϐλημένον.
1288 1143 1382 1174 Οὕτως
1402 1144 1448 1170 ἐπὶ
1464 1144 1514 1179 τῆς
1536 1143 1656 1174 διανοίας
1679 1143 1794 1174 ἕκαστος
1810 1143 1874 1169 ἀναι

1035 1188 1165 1224 στήσουσι
1180 1195 1210 1213 σε
1220 1187 1271 1222 τῆς
1284 1187 1399 1220 ἑαυτῶν,
1409 1188 1457 1214 καὶ
1472 1187 1615 1219 τοσούτους
1625 1187 1696 1220 ἔξεις
1704 1186 1874 1222 ἀνδριάντας,

1033 1231 1090 1258 ὅσοι
1108 1231 1156 1267 τὴν
1173 1230 1336 1266 οἰκουμένην
1347 1230 1468 1257 οἰκοῦσιν
1484 1230 1531 1258 ἀνθ
1537 1240 1632 1266 ρωποι,
1646 1230 1694 1257 καὶ¹
1706 1226 1878 1266 οἰκήσουσιν(

1034 1276 1071 1303 Ού
1080 1275 1134 1311 γὰρ
1141 1276 1222 1310 ἡμεῖς
1228 1275 1318 1311 μόνον,
1327 1274 1395 1302 ἀλλὰ
1403 1275 1450 1301 καὶ
1459 1275 1483 1301 οἰ
1493 1274 1552 1310 μεθ’
1560 1275 1646 1310 ἡμᾶς,
1656 1275 1732 1301 καὶοί
1741 1274 1799 1310 μετ’
1807 1275 1875 1301 ἐκεί-

1034 1328 1096 1351 νους
1113 1319 1232 1350 ἅπαντες
1239 1319 1328 1346 ταῦτα
1343 1318 1516 1345 ἀκούσονται’
1529 1319 1577 1346 καὶ
1596 1318 1722 1354 καθάπερ
1732 1317 1761 1346 εὖ
1778 1319 1875 1345 παθόν-

1034 1373 1080 1396 τες
1093 1364 1181 1395 αὺτοὶ,
1202 1362 1273 1390 οὕτω
1288 1371 1317 1389 σε
1334 1363 1520 1398 θαυμάσονται
1544 1363 1592 1389 καὶ
1605 1362 1759 1398 φιλήσουσι.
1771 1363 1826 1389 Καὶ
1835 1363 1876 1390 ὅτι

1034 1407 1123 1435 ταῦτα
1136 1407 1166 1433 ού
1182 1406 1339 1434 κολακεύων
1350 1406 1431 1440 λέγω,
1443 1406 1500 1433 ἀλλ’
1508 1405 1594 1437 οὕτως
1603 1407 1680 1433 ἔσται
1694 1406 1811 1438 πάντως,
1820 1406 1876 1442 ἐρῶ

1037 1459 1077 1476 σοι
1095 1450 1209 1476 παλαιόν
1221 1458 1282 1476 τινα
1303 1449 1392 1484 λόγον,
1409 1449 1453 1476 ἴνα
1470 1449 1571 1486 μάθῃς,
1588 1449 1630 1476 ὅτι
1646 1449 1696 1484 οὐχ
1707 1449 1780 1475 οὕτω
1796 1457 1876 1485 στρα-
1918 1464 1920 1466 -

1035 1494 1137 1521 τόπεδα
1151 1494 1198 1520 καὶ
1211 1494 1281 1521 ὅπλα
1293 1493 1342 1520 καὶ
1361 1494 1490 1530 χρήματα
1507 1494 1555 1520 καὶ
1566 1493 1695 1528 ὑπηκόων
1710 1492 1812 1529 πλῆθος
1829 1493 1877 1520 καὶ

1036 1539 1071 1565 τὰ
1082 1538 1149 1566 ἀλλα
1167 1538 1200 1572 δὴ
1216 1537 1251 1565 τά
1266 1538 1379 1564 τοιαῦτα
1395 1537 1538 1573 λαμπροὺς
1558 1538 1645 1564 ποιεῖν
1667 1537 1730 1569 τοὺς
1758 1536 1877 1572 βασιλεῖς

1038 1582 1142 1614 εἴωθεν,
1156 1582 1194 1614 ὡς
1206 1582 1352 1617 φιλοσοφία
1365 1581 1455 1617 ψυχῆς
1472 1582 1519 1609 καὶ
1528 1582 1675 1617 ἡμερότης.

1078 1625 1108 1652 '0
1121 1625 1256 1661 μακάριος
1271 1625 1380 1659 λέγεται
1390 1625 1604 1657 Κωνσταντῖνος,
1617 1625 1666 1660 τῆς
1683 1625 1787 1656 εἰκόνος
1795 1622 1877 1651 αὑτοῦ

1039 1668 1273 1704 καταλευσθείσης
1287 1669 1364 1702 ποτὲ,
1389 1667 1594 1704 παροξυνόντων
1617 1668 1696 1694 αὑτὸν
1715 1668 1820 1694 πολλῶν
1832 1668 1878 1694 ἐπ-

1039 1712 1156 1746 εξελθεῖν
1169 1713 1225 1744 τοῖς
1239 1712 1365 1748 ύϐρικόσι
1380 1712 1427 1739 καὶ⁹
1450 1712 1527 1748 δίκην
1543 1712 1704 1747 ἀπαιτῆσαι,
1723 1713 1770 1738 καὶ
1785 1711 1878 1746 λεγόν-

1038 1765 1102 1786 των,
1117 1756 1158 1783 ὅτι
1172 1757 1264 1784 πᾶσαν
1279 1756 1361 1784 αὑτοῦ
1373 1756 1422 1793 τὴν
1434 1757 1495 1792 δψιν
1509 1756 1632 1792 ἔτρωσαν
1647 1759 1709 1788 τοὺς
1728 1757 1818 1788 λίθους
1836 1756 1879 1790 ἐξ-

1039 1799 1237 1832 ακοντίζοντες,
1265 1799 1430 1835 ψηλαφήσας
1454 1801 1487 1835 τῇ
1513 1799 1586 1836 χειρὶ.
1610 1799 1640 1826 τὺ
1657 1800 1813 1835 πρόσωπον,
1832 1801 1878 1827 καὶ

1039 1845 1134 1881 ἠρέμα
1157 1844 1313 1880 μειδιάσας,
1330 1843 1416 1878 εἶπεν,
1435 1845 1476 1872 ἂτι
1498 1844 1625 1880 Οὐδαμοῦ
1639 1845 1747 1881 πληγὴν
1761 1846 1807 1872 ἐπὶ
1830 1845 1877 1872 τοῦ

1042 1888 1169 1924 μετώπου
1184 1888 1373 1924 γεγενημένην
1392 1888 1459 1925 ὁρῶ,
1477 1888 1535 1915 ἀλλ’
1563 1889 1642 1924 ὑγιὴς
1660 1889 1709 1924 μὲν
1725 1889 1743 1924 ἡ
1761 1889 1878 1924 κεφαλὴ,

1041 1933 1120 1968 ὑγιὴς
1130 1933 1159 1960 δὲ
1171 1934 1187 1969 ἡ
1199 1933 1260 1968 δψις
1275 1934 1379 1966 ἅπασα,
1389 1933 1533 1964 κάκείνους
1547 1932 1763 1968 ἐρυθριάσαντας
1776 1933 1822 1960 καὶ
1836 1934 1879 1959 αι-

1043 1977 1207 2013 σχυνθέντας
1224 1977 1376 2012 ἀποστῆναι
1403 1976 1454 2012 τῆς
1476 1977 1569 2003 ἀδίκου
1592 1977 1695 2011 ταύτης
1712 1977 1876 2011 συμϐουλῆς.

1041 2021 1098 2047 Καὶ
1113 2020 1145 2047 τὸ
1160 2021 1235 2056 ῥῆμα
1249 2020 1329 2047 τοῦτο
1347 2020 1428 2056 μέχρι
1445 2019 1492 2046 νῦν
1506 2020 1614 2056 ᾄδουσιν
1630 2020 1758 2052 ἅπαντες,
1770 2020 1817 2046 καὶ
1835 2029 1880 2047 το-

1044 2064 1137 2097 σοῦτος
1149 2063 1245 2100 χρόνος
1256 2065 1307 2090 οὐκ
1318 2064 1466 2099 ἐμάρανεν,
1481 2064 1530 2090 οὐκ
1546 2063 1641 2090 ἔσϐεσε
1656 2064 1706 2098 τῆς
1720 2064 1878 2098 φιλοσοφίας

1043 2108 1146 2144 ταύτης
1160 2108 1211 2144 τὴν
1225 2108 1346 2143 μνήμην.
1362 2108 1457 2134 Πόσων
1468 2107 1518 2134 οὐκ
1536 2107 1569 2134 ἃν
1584 2108 1625 2143 εῑη
1645 2107 1724 2134 τοῦτο
1741 2108 1879 2143 τροπαίων

1043 2152 1247 2188 λαμπρότερον;
1261 2151 1365 2183 Πολλὰς
1382 2152 1428 2178 καὶ
1443 2151 1564 2186 μεγάλας
1578 2150 1591 2171 τι
1611 2151 1703 2182 πόλεις
1716 2152 1820 2183 ἐκεῖνος
1831 2153 1879 2178 ἀν-

1045 2195 1153 2231 έστησε,
1169 2195 1216 2222 καὶ
1228 2195 1342 2227 πολλοὺς
1366 2194 1520 2231 βαρϐάρους
1536 2194 1672 2230 ἐνίκησεν,
1694 2194 1753 2221 ἀλλ’
1772 2195 1879 2227 οὐδενὸς

1045 2239 1156 2266 ἐκείνων
1172 2238 1343 2274 μεμνήμεθα”
1360 2238 1390 2264 τὸ
1402 2238 1431 2265 δέ
1445 2238 1521 2274 ῥῆμα
1534 2237 1614 2265 τοῦτο
1634 2237 1715 2273 μέχρι
1730 2238 1782 2273 τῆς
1796 2239 1880 2273 σήμε-

1047 2291 1092 2317 ρον
1106 2282 1209 2318 ᾀδεται,
1226 2283 1273 2309 καὶ
1289 2283 1313 2308 οἰ
1328 2282 1387 2318 μεθ’
1408 2283 1483 2318 ἡμᾶς
1505 2282 1571 2309 αὐτὸ
1586 2282 1667 2308 καὶοί
1686 2281 1745 2317 μετ’
1760 2282 1881 2314 ἐκείνους

1045 2327 1207 2354 ἀκούσονται
1222 2327 1332 2358 πάντες.
1350 2326 1404 2353 Καὶ
1416 2326 1446 2352 οὐ
1458 2325 1538 2353 τοῦτο
1555 2326 1636 2361 μόνον
1651 2326 1711 2352 ἐστὶ
1722 2326 1754 2352 τὸ
1773 2326 1879 2362 θαυμα-

1046 2370 1119 2402 στὸν,
1133 2371 1174 2398 ὅτι
1188 2370 1359 2403 ἀκούσονται,
1376 2370 1432 2396 ἀλλ’
1449 2370 1490 2396 ὃτι
1509 2370 1556 2396 καὶ
1574 2370 1630 2405 μετ’
1645 2369 1764 2396 ἐπαίνων
1775 2370 1823 2396 καὶ
1835 2371 1881 2397 εύ-

1045 2414 1152 2451 φημίας
1165 2414 1194 2441 οῖ
1207 2422 1237 2440 τε
1251 2414 1376 2449 λέγοντες
1393 2414 1528 2448 λέγουσιν.
1545 2414 1572 2440 οἵ
1583 2422 1613 2440 τε
1625 2414 1770 2445 ἀκούοντες
1787 2413 1879 2448 δέχον-

1044 2465 1101 2486 ται·
1113 2457 1162 2485 καὶ
1185 2458 1236 2484 οὐκ
1259 2457 1333 2484 ἐστιν
1345 2457 1443 2489 οὐδεὶς,
1462 2457 1492 2488 ὃς
1515 2456 1637 2490 ἀνέξεται
1666 2456 1778 2492 σιγῆσαι
1801 2457 1881 2484 τοῦτο

1046 2501 1176 2534 ἀκούσας,
1188 2501 1245 2528 ἀλλ’
1258 2500 1327 2537 όμοῦ
1349 2509 1379 2527 τε
1396 2500 1540 2537 ἀνέκραξε.
1558 2501 1605 2527 καὶ
1618 2500 1664 2528 τὸν
1686 2500 1815 2536 εἰρηκότα
1829 2501 1879 2527 ἐπ-

1046 2545 1136 2582 ῄνεσε,
1151 2545 1199 2573 καὶ
1227 2545 1312 2582 μυρία
1327 2545 1401 2581 αὐτῷ
1417 2545 1464 2572 καὶ
1487 2544 1628 2571 ἀπελθόντι
1644 2544 1767 2578 γίνεσθαι
1780 2544 1881 2580 ηὔξατο

1046 2588 1147 2623 ἀγαθά.
1162 2589 1192 2614 Εἰ
1206 2588 1234 2614 δὲ
1249 2587 1325 2623 παρά
1337 2587 1491 2624 ἀνθρώποις
1499 2587 1634 2623 τοσαύτης
1646 2587 1786 2622 ἀπήλαυσε
1801 2587 1880 2622 δόξης

1046 2632 1079 2659 δι’
1095 2633 1182 2658 ἐκεῖνο
1194 2632 1223 2658 τὸ
1235 2633 1322 2668 ρἧα,
1337 2632 1428 2659 πόσων
1445 2631 1629 2659 ἀπολαύσεται
1648 2631 1724 2667 παρὰ
1737 2631 1776 2667 τῷ
1787 2631 1881 2667 φιλαν-

1048 2675 1149 2711 θρώπῳ
1165 2675 1223 2710 Θεῷ
1241 2676 1380 2710 στεφάνων
1390 2684 1397 2709 ;

1083 2719 1139 2745 Καὶ
1168 2718 1195 2744 τί
1222 2719 1275 2754 χρὴ
1289 2719 1378 2753 λέγειν
1398 2720 1601 2746 Κωνσταντῖνον
1619 2718 1666 2745 καὶ
1693 2717 1728 2744 τὰ
1754 2717 1882 2752 ἀλλότρια

1049 2762 1269 2798 παραδείγματα,
1280 2763 1338 2789 δέον
1353 2763 1456 2790 οἴκοθέν
1472 2771 1501 2789 σε
1515 2763 1562 2789 καὶ
1574 2763 1606 2789 ἐκ
1621 2762 1675 2789 τῶν
1691 2761 1745 2788 σῶν
1757 2770 1884 2796 παρακςιι⁴

1079 2805 1093 2825 1³
1105 2806 1180 2830 SaVil.
1193 2809 1220 2830 el.
1238 2806 1279 2831 alii
1298 2806 1375 2835 πόσης
1390 2810 1551 2838 κατασκαφῆς.
1564 2806 1627 2831 Infra
1638 2805 1713 2830 iidem
1726 2805 1772 2829 ὅσα
1792 2805 1882 2836 μηδείς,

1049 2840 1077 2862 ει
1087 2843 1140 2868 ωοκ
1150 2837 1274 2868 σοφώτατε
1284 2843 1329 2868 pro
1339 2838 1525 2868 φιλοσοφώτατε.

1082 2869 1094 2899 ξ
1108 2865 1194 2899 Mog-ng
1208 2865 1323 2899 μηδεμίαν
1344 2865 1477 2899 ἀπαιτήσῃς
1495 2868 1572 2899 δίκην,
1593 2866 1672 2899 εθνίἰΔ
1683 2866 1797 2899 μηδεμίαν
1809 2865 1883 2899 ἐάσῃ(

1051 2896 1133 2935 δοῦναι
1145 2895 1222 2929 δίκην,
1235 2895 1329 2935 αιὶηυοι
1349 2905 1407 2935 ωξξ.
1427 2895 1547 2935 μηδεμίαν
1558 2898 1618 2928 ἀφῇς
1632 2895 1884 2935 δοῦναιδίκηνκίπξῖδ

1053 2931 1173 2960 ιτεεγιηεε.
1186 2925 1325 2960 τιμιωτέραν
1345 2925 1443 2958 στήλην,
1456 2925 1553 2953 ‘mélius
1574 2925 1646 2959 (illam
1661 2927 1746 2952 Morel.
1767 2930 1794 2951 et.
1806 2925 1881 2950 Sam.

1050 2959 1092 2990 qui
1106 2959 1196 2983 habent
1207 2959 1300 2987 στολήν.

1081 2990 1094 3009 Ii
1108 2991 1198 3014 Aberat
1211 2991 1320 3020 μεγάλας,
1330 2996 1373 3014 nos
1383 2997 1396 3013 ρ
1409 2990 1499 3014 Sariiio
1507 2990 1651 3019 rccopimus.
1667 2989 1732 3012 Emr.
