1983 3125
99 202 137 230 21⁸1
507 203 526 230 Α
533 202 552 229 1)
574 201 734 230 POPULL‘M

98 255 169 278 totum
193 249 286 276 orbem
312 253 451 277 terrarum
474 250 612 285 epistolam
635 249 729 277 misiin
751 250 888 285 jubeutem

99 305 193 325 carcere
207 296 335 323 delentes
349 296 464 329 dimitti,
480 297 544 331 ipsis
557 296 656 331 ignosci
670 296 779 323 crimina
793 300 890 331 :atque

99 345 142 371 illis
159 342 353 370 humanitatem
377 347 452 369 tuam
465 342 648 369 demonstrare
667 349 720 368 non
735 340 890 368 sufficienti-

100 394 150 422 luis,
165 398 212 424 per
224 389 329 416 litteras
346 388 458 415 dicebas
469 397 476 416 :
489 387 594 415 Utinam
617 387 680 414 mihi
696 387 790 415 liceret
806 391 832 413 et
845 387 892 414 de-

99 437 197 461 functos
211 441 340 461 revocare
360 439 388 460 et
402 433 563 461 resuscitarc
573 454 580 464 .
594 437 621 460 et
635 433 668 460 ad
679 432 796 467 priorem
811 432 890 458 vitam

98 482 220 508 reducere
235 481 243 507 '.
265 480 367 507 Horum
379 487 451 507 nunc
471 480 643 507 reminiscere
656 479 798 506 verborum
811 487 817 504 :
829 485 892 506 ecce

98 532 200 560 tempus
221 525 412 553 defunctorum
433 525 642 552 revocandorum
655 528 682 551 et
695 523 892 551 resuscitando—

98 582 153 600 rum
175 577 203 599 et
225 572 259 599 ad
283 571 366 598 vitam
393 571 604 598 reducendorum
629 569 776 605 pristinam.
806 569 840 596 Et
865 569 893 596 hi

96 625 210 654 namque
221 619 276 652 jam
291 618 390 644 mortui
404 621 476 648 sunt,
490 621 516 644 et
529 617 682 651 priusquam
691 615 818 650 judicium
831 623 892 650 pro-

96 667 206 697 feratur,
222 664 257 692 ad
277 665 348 700 ipsas
362 664 454 691 tartari
470 663 539 690 fores
553 663 607 698 jam
623 670 694 690 nunc
707 662 799 689 civitas
811 663 893 689 collo-

95 717 152 739 cata
169 716 221 738 est.
237 711 324 745 Ipsam
349 711 429 745 igitur
446 709 507 737 inde
529 709 656 736 resuscita
676 709 734 735 sine
755 709 874 743 pecuniis
886 729 892 740 ,

96 758 154 785 sine
181 757 328 792 impendio,
354 758 414 784 sine
438 761 558 791 tempore
584 760 611 783 et
640 756 693 782 ullo
714 755 815 782 labore.
836 755 894 782 Tibi

98 811 214 837 namque
229 803 295 830 satis
308 808 349 830 est
367 807 469 828 tantum
486 802 568 835 loqui,
583 806 610 828 et
623 808 748 828 revocare
762 801 894 827 civitatem

97 850 122 875 in
139 849 259 875 tenebris
272 849 436 882 jaccntcm‘.
457 848 532 875 Nunc
546 848 629 882 ipsam
642 847 706 881 jube
720 849 753 874 ab
771 846 895 874 humani-

96 899 152 921 tate
169 901 212 922 tua
229 895 341 928 posthac
355 894 482 929 appellari
496 902 502 920 :
515 901 564 920 nec
578 893 648 920 enim
668 897 767 919 tantam
790 892 896 919 habebit

97 941 211 974 gratiam
227 939 263 966 illi
276 960 283 970 .
300 939 344 974 qui
361 939 395 966 ab
411 939 486 966 initio
498 946 527 965 se
540 938 675 971 condidit,
695 942 818 972 quantam
832 944 895 964 sen-

97 987 190 1013 tentia:
206 990 280 1012 ture:
297 993 346 1012 nec
365 985 508 1012 immerito.
532 984 579 1012 Ille
601 984 672 1012 enim
696 983 826 1018 principio
846 983 896 1018 ipsi

98 1031 161 1059 dato
175 1032 304 1063 recessit;
323 1037 349 1058 tu
366 1039 429 1058 vero
444 1036 546 1058 auctam
567 1035 595 1057 et
615 1038 736 1066 magnam
759 1030 895 1062 effectam,

99 1083 123 1104 et
141 1082 200 1111 post
221 1077 332 1103 inultam
350 1077 419 1104 hanc
437 1077 652 1110 tranquillitatem
674 1076 835 1103 destructum
852 1084 896 1103 re-

99 1123 251 1150 suscitabis.
276 1123 335 1150 Non
359 1122 451 1150 fuisset
473 1122 540 1149 adeo
561 1121 710 1153 mirandum
733 1121 755 1148 si
777 1121 897 1149 hostibus

99 1170 183 1203 ipsam
192 1170 372 1204 capientibus,
384 1173 411 1196 et
419 1169 538 1196 barbaris
547 1167 743 1203 populantibus,
755 1175 768 1194 a
779 1167 898 1202 periculo

101 1217 368 1250 liberasses,_quam
390 1219 432 1242 est
456 1214 611 1241 admirabile
635 1221 704 1241 nunc
729 1213 896 1248 pepercisse;

99 1261 162 1288 illud
183 1262 256 1288 enim
280 1269 353 1296 sa-pe
376 1261 451 1287 multi
472 1260 558 1287 fecere
582 1267 676 1294 reges,
695 1259 746 1286 hoc
766 1263 854 1286 autem
870 1262 899 1285 tu

99 1309 173 1335 solus
187 1307 345 1343 operabcris
363 1311 390 1334 et
405 1307 506 1342 primus
522 1312 619 1341 pnetcr
631 1313 738 1333 omnem
758 1309 897 1340 exspecta-

100 1354 211 1380 ti0nem.
226 1354 258 1380 Et
272 1353 336 1380 illud
350 1353 456 1388 quidem
470 1352 578 1380 minime
589 1352 751 1385 mirandum,
768 1359 816 1379 nec
831 1359 900 1386 prte-

101 1406 142 1426 ter
157 1401 314 1434 opinionem
328 1419 335 1429 .
357 1399 404 1427 sed
426 1403 468 1427 est
482 1399 663 1434 quotidianum
680 1406 748 1434 opus
759 1419 766 1431 ,
787 1398 899 1425 subditis

100 1453 233 1479 pnresse;
249 1445 320 1480 quod
333 1450 422 1472 autem
439 1449 511 1472 totet
521 1445 580 1471 talia
594 1452 687 1480 passus
696 1445 760 1472 iram
769 1444 897 1479 deponas,

100 1491 151 1519 hoc
165 1499 273 1519 omnem
289 1496 411 1519 naturam
425 1491 533 1519 excedit
554 1491 708 1518 humanam.
721 1490 813 1525 Cogita
828 1497 900 1518 nunc

101 1546 154 1564 non
169 1538 204 1565 de
219 1538 328 1565 civitate
349 1542 450 1564 tantum
472 1537 515 1564 illa
540 1537 587 1564 tibi
608 1535 810 1564 consultandum
824 1542 896 1567 esse,

102 1591 194 1609 verum
217 1587 244 1610 ct
263 1583 296 1609 de
314 1583 399 1617 gloria
414 1587 456 1609 tua
469 1602 476 1615 ,
500 1583 553 1608 into
572 1589 635 1609 vero
649 1581 684 1609 dc
698 1581 900 1609 Christianismo

104 1634 168 1655 toto.
182 1628 259 1656 Nunc
273 1633 300 1655 et
314 1628 398 1656 Juda-i
413 1633 439 1655 ct
454 1628 549 1658 (ἰγςιξςί.
564 1632 591 1654 et
602 1632 671 1654 totus
685 1631 814 1654 terrarum
827 1626 899 1653 orbis

104 1679 129 1700 et
144 1675 249 1701 barbari
264 1675 375 1708 (etenim
386 1678 414 1701 et
434 1674 471 1700 illi
486 1674 542 1700 hzcc
556 1672 706 1708 audierunt)
722 1672 755 1699 ad
776 1677 801 1699 te
817 1671 901 1706 respi-

104 1720 187 1751 ciunt.
203 1725 392 1755 exspectantes
406 1724 435 1747 ut
448 1719 564 1752 videant,
577 1719 680 1754 qualem
695 1719 729 1746 de
742 1719 823 1753 gestis
837 1726 899 1746 sen-

106 1766 214 1792 tentiam
225 1765 296 1792 fcras
305 1774 311 1791 :
321 1772 417 1799 nempe
426 1765 448 1792 si
458 1764 597 1792 humanam
608 1764 750 1799 protuleris
760 1767 788 1791 et
797 1764 899 1797 mitem,

105 1819 198 1838 omnes
213 1811 349 1839 decretum
371 1811 531 1843 laudabunt,
555 1815 582 1837 et
601 1811 683 1838 Deum
699 1810 899 1845 glorificabunt,

105 1864 131 1884 et
146 1859 215 1884 inter
228 1865 258 1885 se
277 1858 369 1885 dicent
380 1866 387 1884 :
400 1858 479 1892 Papa:
491 1878 497 1888 ,
522 1862 620 1892 quanta
639 1856 834 1884 Cbristianismi
852 1864 901 1890 po-

106 1904 204 1930 tentia?
228 1904 364 1931 hominem
387 1911 468 1938 super
491 1908 587 1931 terram
611 1904 750 1930 habentem
772 1903 900 1938 :equalcm

107 1950 249 1982 uetuincm,
264 1949 354 1977 omnia
368 1949 474 1977 delendi
488 1954 514 1977 ct
527 1949 653 1984 perdendi
665 1949 811 1982 dominum,
824 1949 900 1976 cohi-

106 1996 161 2022 buit
176 2003 203 2023 et
216 1995 371 2026 refrenavit,
386 2000 413 2022 et
427 1995 516 2022 docuit
530 1995 740 2029 philosophiam,
757 2003 835 2030 quam
853 2002 902 2022 nec

107 2042 184 2068 homo
197 2042 314 2076 privatus
325 2041 474 2068 exhiberet.
486 2040 556 2068 Vere
567 2048 678 2075 magnus
688 2039 901 2068 Christianorum

108 2088 186 2121 heus,
202 2089 247 2123 qui
261 2096 294 2115 ex
309 2087 463 2115 hominibus
475 2087 583 2123 angelos
596 2087 674 2120 facit,
689 2092 715 2114 ct
726 2086 796 2115 omni
809 2094 902 2114 neces-

106 2134 183 2160 sitatc
198 2133 312 2160 naturali
333 2133 488 2168 superiores
510 2132 657 2160 constituit.
679 2132 716 2159 Nc
729 2140 842 2167 namque
855 2140 901 2159 su-

107 2180 236 2214 perfluum
253 2181 377 2207 timorem
392 2180 466 2206 illum
481 2180 584 2212 timeas,
600 2187 649 2206 nec
664 2179 762 2206 toleres
775 2179 902 2213 quosdam

106 2226 234 2254 dicentes.
247 2226 365 2260 reliquas
376 2225 496 2252 civitates
507 2225 610 2260 pejores
621 2225 721 2251 futuras
732 2232 802 2258 esse,
813 2229 841 2252 et
853 2225 903 2251 hac

106 2279 157 2296 non
173 2271 265 2305 punita
277 2292 285 2303 ,
307 2270 448 2305 imperium
464 2275 536 2297 tuum
552 2271 635 2305 magis
650 2275 859 2305 contempturas.
875 2270 902 2297 Si

105 2317 175 2343 enim
191 2316 224 2343 ad
243 2316 373 2344 ultionem
389 2316 510 2343 infirmus
522 2316 632 2349 fuisses,
650 2320 677 2343 et
691 2315 747 2343 haec
761 2315 862 2350 operati
877 2319 904 2342 te

105 2369 130 2387 vt
151 2366 344 2396 superassent,
369 2369 396 2388 ct
419 2369 467 2396 par
489 2366 559 2389 esset
575 2361 702 2396 potentia,
727 2366 904 2396 congruenter

105 2407 163 2434 luce
187 2407 319 2443 suspicari
342 2407 502 2442 oportebat:
516 2407 538 2434 si
559 2415 623 2434 vero
646 2407 774 2442 pavefacti
798 2414 904 2442 prrcquc

107 2454 202 2481 timore
216 2454 375 2488 prmmortui
392 2458 469 2485 sunt,
485 2458 512 2481 et
525 2453 558 2480 ad
574 2459 632 2480 tuos
647 2461 693 2488 per
707 2461 749 2481 me
763 2461 904 2481 cucurrere

105 2499 198 2534 pedes,
210 2507 260 2527 nec
268 2499 343 2526 aliud
354 2499 473 2534 quotidie
483 2503 640 2534 exspectant
649 2507 726 2534 quam
738 2499 902 2532 barathrum,

104 2549 131 2572 et
143 2545 354 2580 supplicationes
366 2544 465 2572 faciunt
476 2545 650 2572 communes'
668 2545 693 2571 in
709 2545 803 2571 caelum
818 2545 903 2578 respi-

106 2592 225 2623 cientes,
244 2596 271 2619 et
286 2591 371 2618 Deum
386 2591 478 2618 venire
498 2591 664 2626 supplicant,
685 2596 711 2618 ct
724 2591 801 2618 simul
815 2590 905 2617 nobis-

106 2647 166 2666 cum
184 2640 346 2674 legationem
362 2638 448 2672 obire,
462 2643 489 2666 et
501 2638 569 2665 sicut
585 2639 611 2665 in
622 2637 748 2665 extremis
759 2637 903 2670 constituti,

106 2686 139 2712 de
153 2685 233 2712 rebus
247 2685 305 2713 suis
316 2684 413 2719 singuli
427 2684 571 2711 consulunt
584 2692 590 2710 :
602 2683 736 2718 quomodo
747 2690 800 2710 non
812 2690 906 2717 super-

107 2732 174 2759 fluus
187 2732 230 2759 hic
245 2732 347 2759 timor?
361 2731 389 2758 Si
402 2731 515 2766 jugulari
530 2730 642 2757 fuissent
654 2729 732 2764 jussi,
749 2734 821 2756 tanta
835 2729 905 2764 passi

109 2787 159 2806 non
174 2779 287 2806 fuissmt
299 2799 306 2810 ,
328 2783 428 2812 quanta
449 2778 584 2812 patiuntur
599 2784 687 2808 nunc,
713 2780 752 2803 tot
771 2775 866 2802 diebu';
879 2775 906 2802 in

108 2826 203 2851 timore
214 2830 241 2851 et
253 2830 375 2851 tremore
388 2823 517 2856 viventes,
531 2828 558 2850 et
568 2823 772 2856 superveniente
782 2829 904 2856 vespero,

140 2895 147 2909 ¹
166 2893 234 2918 savil.
249 2897 276 2917 et
288 2891 383 2918 atorel..
393 2891 435 2916 sub
446 2890 520 2915 oculis
526 2879 655 2921 juventam.

139 2925 149 2939 ¹
165 2925 234 2948 a‘avil.
249 2929 274 2948 ct
285 2924 336 2947 duo
348 2927 402 2946 ms.
415 2930 420 2946 :
434 2922 618 2951 ειιννιίειιιὲοηεδ
631 2921 720 2949 faciunt
729 2922 872 2953 frequentes.

270 2966 410 2995 Pa‘root.
433 2966 489 2996 Gn.
514 2966 627 2996 XLIX.

769 201 1012 230 ANTIGCHENUM
1045 204 1159 231 llUilllL.
1181 203 1250 232 XXI.

1680 207 1734 234 218

945 259 1068 280 auroram
1092 253 1181 280 videre
1205 261 1257 280 non
1283 258 1470 289 exspectantes
1487 258 1534 281 :et
1555 252 1599 280 die
1620 257 1680 280 orto
1701 253 1735 280 ad

944 305 1082 333 vesperam
1104 301 1243 334 pervenire
1263 307 1316 327 non
1338 305 1456 335 sperant.
1476 299 1551 327 Multi
1571 304 1598 326 et
1617 301 1644 327 in
1667 298 1737 326 feras

945 343 1105 376 inciderunt,
1122 345 1184 372 dum
1198 350 1334 373 sectantur
1347 345 1463 378 deserta,
1480 345 1506 372 in
1522 345 1591 372 invia
1605 344 1735 377 translati,

945 397 996 416 nec
1009 390 1056 416 viri
1072 394 1172 417 tantum
1185 410 1193 422 ,
1208 398 1300 417 verum
1313 395 1340 417 et
1351 390 1453 424 pueruli
1466 390 1555 424 parvi,
1571 395 1597 416 et
1612 390 1738 418 mulieres

945 434 1037 462 liberae
1058 440 1085 462 et
1106 435 1211 463 decem
1231 443 1279 470 per
1297 436 1394 463 multas
1412 441 1504 462 noctes
1519 438 1547 462 et
1560 435 1617 462 dies
1631 435 1657 461 iu
1677 442 1738 469 spe.

946 481 1032 508 luncis
1049 485 1076 508 et
1095 482 1260 509 convallibus
1273 486 1301 510 et
1314 481 1412 509 deserti
1426 481 1600 508 foraminibus
1615 481 1737 508 latentes.

947 526 980 552 Et
993 534 1077 554 novus
1091 527 1250 560 captivitatis
1263 527 1358 554 modus
1372 527 1505 554 civitatem
1520 526 1622 553 detinet
1634 535 1642 553 :
1653 525 1739 553 ardili-

946 573 994 600 eiis
1007 578 1035 600 et
1048 574 1131 600 inuris
1145 574 1294 606 stantibus,
1318 573 1432 600 incensis
1451 572 1602 601 civitatibus
1616 571 1740 606 graviora

947 620 1100 653 patiuntur;
1122 620 1194 647 nullo
1208 619 1379 647 incumbente
1392 618 1520 651 barbaro,
1538 625 1587 644 nec
1600 617 1676 644 hoste
1691 624 1740 650 ap-

948 670 1067 699 parente,
1082 666 1166 701 captis
1180 666 1303 693 miserius
1318 665 1404 692 affecti
1419 669 1499 697 sunt,
1515 668 1542 691 et
1555 663 1600 691 vel
1613 663 1704 690 folium
1719 663 1741 688 si

948 718 1096 745 moveatur,
1112 720 1206 740 omnes
1221 713 1293 748 ipsos
1309 720 1356 747 per
1368 711 1488 746 singulos
1501 715 1583 738 terret
1596 710 1663 737 dies.
1679 709 1742 736 Hatc

948 766 1042 786 omnes
1060 759 1201 786 sciunt:et
1219 759 1241 786 si
1256 758 1410 786 subversam
1426 758 1510 794 ipsam
1524 756 1669 788 vidissent,
1688 762 1742 782 non

948 805 987 832 sic
1007 809 1097 832 essent
1114 805 1235 840 castigati
1247 825 1254 837 ,
1268 809 1296 831 ut
1310 811 1381 831 nunc
1394 811 1455 830 cum
1476 803 1523 829 has
1536 802 1619 836 ipsius
1633 801 1743 828 audiere

948 850 1079 877 miserias.
1094 850 1133 878 Ne
1147 850 1225 885 igitur
1239 850 1290 877 hoc
1301 849 1404 884 cogites
1415 869 1422 881 ,
1443 849 1548 883 pejores
1563 848 1663 875 futuras
1683 854 1743 874 esse

948 897 1070 925 civitates
1088 898 1214 932 reliquas.
1240 897 1297 924 Non
1319 897 1391 924 enim
1412 896 1434 923 si
1453 896 1573 923 civitates
1587 894 1654 921 alias
1665 901 1744 921 ever-

949 944 1028 972 tisses
1038 965 1045 976 ,
1062 944 1100 971 sic
1114 952 1161 972 eas
1174 944 1333 979 castigasses
1343 964 1350 976 ,
1366 947 1395 970 ut
1410 950 1480 970 nunc
1495 949 1542 977 per
1558 942 1685 968 incertam
1701 939 1743 967 fu-

950 994 1068 1017 turorum
1084 990 1311 1025 exspectationem
1326 988 1398 1016 omni
1414 987 1544 1023 supplicio
1558 985 1744 1014 vehementius

951 1036 1022 1071 ipsos
1037 1035 1124 1070 punis.
1143 1035 1182 1063 Ne
1201 1035 1280 1070 igitur
1294 1035 1360 1070 ipsis
1374 1034 1484 1061 ulterius
1505 1032 1668 1060 calamitates
1683 1038 1745 1066 pro-

950 1081 1031 1109 ducas
1041 1102 1048 1114 ,
1069 1081 1116 1108 sed
1135 1081 1190 1115 jam
1204 1081 1336 1114 respirare
1351 1079 1492 1107 concedas.
1507 1077 1634 1106 Subditos
1648 1083 1745 1111 nempe

950 1127 1080 1161 castigare
1100 1131 1127 1153 et
1139 1131 1275 1162 gestorum
1290 1126 1395 1160 exigere
1408 1131 1515 1160 ptenas,
1538 1123 1614 1150 facile
1638 1122 1745 1157 penitus

950 1177 978 1200 et
990 1177 1160 1208 promptum;
1176 1173 1207 1199 iis
1226 1179 1289 1199 vero
1311 1171 1357 1206 qui
1380 1170 1555 1198 contumelias
1582 1169 1743 1200 intulerunt,

950 1227 1071 1254 parcere,
1086 1223 1113 1246 et
1128 1219 1160 1246 iis
1171 1219 1216 1254 qui
1230 1219 1307 1246 venia
1321 1218 1428 1252 indigna
1444 1220 1624 1252 patraverunt,
1638 1215 1745 1242 veniam

951 1265 1027 1298 dare,
1043 1265 1122 1292 unius
1137 1269 1164 1292 et
1177 1265 1219 1291 vix
1233 1264 1343 1292 alterius
1355 1268 1406 1296 est,
1421 1268 1446 1290 et
1459 1262 1574 1290 maxime
1586 1269 1647 1289 cum
1661 1261 1747 1295 impe-

951 1316 1026 1338 rator
1037 1311 1072 1338 sit
1086 1310 1274 1338 contumeliam
1298 1317 1401 1345 passus.
1425 1309 1458 1336 Et
1481 1308 1615 1336 civitatem
1637 1307 1745 1342 quidem

952 1362 1024 1385 metu
1040 1357 1155 1385 subdere
1170 1356 1262 1388 facile;
1278 1363 1372 1383 omnes
1387 1360 1475 1383 autem
1491 1355 1530 1382 sui
1546 1358 1667 1382 amantes
1681 1361 1747 1381 con-

951 1404 1079 1436 stituere,
1102 1403 1187 1438 iisque
1207 1402 1369 1438 persuadere
1393 1406 1422 1428 ut
1443 1401 1469 1428 in
1492 1408 1602 1436 regnum
1623 1404 1697 1427 tuum
1716 1406 1746 1426 se

951 1449 1080 1477 benevole
1092 1449 1224 1481 habeant,
1246 1453 1272 1476 et
1286 1456 1337 1474 non
1354 1452 1453 1474 tantum
1467 1453 1622 1474 communes
1632 1466 1639 1477 ,
1652 1453 1745 1472 verum

952 1499 980 1522 et
994 1495 1108 1530 privatas
1125 1502 1173 1529 pro
1189 1499 1233 1521 tuo
1247 1501 1342 1529 preces
1357 1493 1469 1527 imperio
1483 1492 1604 1524 fundant,
1618 1490 1744 1518 difﬁcile:

953 1541 1014 1568 licet
1027 1540 1142 1567 infinitas
1156 1541 1215 1575 quis
1229 1539 1364 1575 expendat
1382 1538 1507 1573 pecunias
1517 1558 1524 1570 ,
1545 1542 1573 1565 et
1591 1537 1745 1564 inmuneros

953 1587 1086 1613 exercitus
1106 1590 1230 1617 moveat,
1252 1589 1281 1612 et
1299 1583 1426 1619 quidquid
1440 1588 1565 1617 operetur
1576 1602 1584 1615 ,
1601 1589 1653 1609 non
1669 1581 1746 1608 facile

952 1637 992 1660 tot
1006 1632 1142 1659 hominum
1159 1630 1282 1658 aﬂ‘eCtum
1298 1630 1331 1657 ad
1349 1630 1464 1665 seipsum
1480 1628 1615 1655 attrahere
1629 1627 1744 1661 poterit,

952 1677 1022 1714 quod
1038 1684 1109 1705 nunc
1128 1677 1174 1704 tibi
1191 1676 1268 1703 facile
1290 1675 1342 1703 erit
1359 1679 1387 1702 et
1408 1674 1505 1702 nullius
1519 1673 1627 1708 negotii.
1642 1672 1706 1700 Nam
1719 1675 1747 1699 et

953 1724 1091 1751 beneﬁciis
1108 1723 1194 1750 affecti
1208 1743 1215 1756 ,
1237 1727 1264 1749 ct
1287 1722 1332 1756 qui
1356 1721 1489 1748 audierint
1507 1720 1605 1755 pariter
1619 1727 1678 1746 cum
1694 1718 1725 1746 iis
1736 1738 1745 1752 ,

953 1771 998 1806 qui
1012 1769 1140 1797 beneficia
1152 1768 1314 1802 acceperint,
1329 1774 1392 1801 erga
1406 1771 1431 1794 te
1445 1765 1573 1793 benevole
1584 1765 1744 1792 afficientur.

954 1817 1024 1851 Quot
1038 1815 1157 1851 pecuniis
1170 1814 1293 1846 emisses,
1308 1818 1374 1848 quot
1387 1812 1499 1840 emisses
1512 1810 1657 1842 laboribus,
1672 1809 1746 1837 brevi

955 1861 1083 1896 temporis
1098 1864 1233 1888 momento
1248 1863 1333 1886 totum
1348 1857 1441 1885 orbem
1454 1856 1602 1892 acquirere,
1617 1859 1646 1882 ct
1658 1855 1747 1882 omni-

953 1908 1003 1936 bus
1017 1907 1061 1943 qui
1075 1913 1145 1934 nunc
1163 1911 1225 1933 sunt
1240 1905 1387 1939 futurisque
1406 1903 1577 1938 persuadere,
1607 1905 1635 1928 ut
1648 1904 1747 1935 quanta

954 1953 1015 1980 ﬁliis
1029 1953 1084 1980 suis
1099 1955 1201 1987 optant,
1214 1956 1286 1978 tanta
1297 1954 1323 1978 et
1331 1950 1409 1984 capiti
1422 1954 1465 1976 tuo
1476 1952 1609 1983 optarent.
1619 1947 1646 1975 Si
1658 1951 1746 1974 autem

954 2000 988 2027 ab
1002 1999 1152 2027 hominibus
1164 1999 1230 2031 hmc,
1243 1998 1328 2032 cogita
1339 2001 1463 2031 quantam
1475 2003 1490 2022 a
1505 1995 1559 2022 Deo
1573 1994 1663 2028 capies
1675 2000 1747 2020 mer-

955 2044 1059 2077 cedem,
1083 2052 1136 2070 non
1156 2048 1257 2070 tantum
1272 2049 1364 2070 eorum
1377 2062 1385 2074 ,
1400 2048 1460 2075 qua:
1475 2047 1545 2067 nunc
1560 2039 1635 2070 fiunt,
1655 2045 1746 2064 verum

955 2095 982 2117 et
1001 2097 1060 2124 quae
1084 2093 1144 2124 post
1165 2089 1223 2115 hmc
1240 2088 1272 2115 ab
1293 2087 1353 2114 aliis
1376 2090 1546 2120 peragentur.
1569 2084 1598 2111 Si
1623 2090 1746 2118 umquam

956 2137 1026 2164 enim
1040 2137 1177 2171 rentiugat
1189 2134 1246 2162 ﬁeri
1258 2134 1311 2161 tale
1324 2133 1395 2168 quid,
1412 2132 1489 2167 quale
1504 2138 1574 2158 nunc
1587 2130 1685 2157 factum
1695 2133 1747 2162 est,

956 2182 1026 2218 quod
1050 2182 1119 2209 Deus
1134 2184 1252 2211 avertat,
1276 2184 1302 2207 et
1325 2178 1448 2213 injuriam
1466 2183 1603 2211 passorum
1626 2173 1707 2209 aliqui
1722 2174 1748 2201 in

957 2229 1146 2257 contumeliam
1161 2231 1285 2262 operatos
1298 2226 1437 2260 insurgere
1452 2224 1545 2256 velint,
1561 2221 1710 2257 benignitas
1722 2225 1750 2247 et

957 2274 1126 2310 philosophia
1148 2278 1192 2300 tua
1213 2280 1261 2307 pro
1278 2271 1351 2298 omni
1374 2270 1438 2305 ipsis
1451 2269 1501 2296 crit
1515 2267 1652 2302 disciplina
1664 2271 1692 2294 et
1703 2266 1750 2293 ad-

957 2321 1104 2348 monitioae
1117 2328 1123 2346 :
1135 2319 1233 2346 rubore
1247 2317 1399 2352 pudorcque
1418 2315 1567 2342 afficientur
1577 2334 1584 2347 ,
1601 2313 1655 2340 tale
1667 2311 1749 2339 disci-

957 2367 1036 2401 plina:
1046 2364 1198 2400 exemplum
1209 2363 1348 2395 habentes,
1360 2362 1500 2389 inferiores
1510 2366 1647 2395 apparere.
1660 2359 1751 2392 Itaque

957 2411 1076 2438 omnium
1092 2414 1260 2445 posterorum
1274 2409 1327 2436 eris
1340 2412 1499 2443 prmccptor,
1522 2410 1550 2434 et
1562 2406 1676 2441 palmam
1687 2407 1751 2440 ipsis

958 2457 1094 2492 przcripies
1104 2477 1112 2489 ,
1135 2456 1195 2483 licet
1210 2455 1243 2482 ad
1258 2455 1344 2489 ipsum
1359 2452 1535 2488 philosophia:
1550 2452 1676 2479 verticem
1692 2457 1752 2485 per-

958 2503 1075 2530 veniant.
1087 2502 1144 2529 Non
1157 2501 1226 2528 enim
1240 2508 1286 2536 par
1296 2505 1347 2531 est,
1360 2499 1510 2534 quempiam
1524 2502 1623 2525 tantam
1634 2497 1752 2532 incipere

959 2549 1147 2584 benignitatem
1164 2549 1289 2582 primum,
1303 2551 1330 2574 et
1339 2545 1373 2572 ad
1384 2546 1452 2573 alios
1463 2544 1648 2579 respicientem
1659 2549 1751 2570 eorum

959 2601 1016 2622 acta
1034 2595 1142 2622 imitari.
1159 2594 1288 2628 Quocirca
1301 2593 1461 2628 quicumque
1475 2596 1532 2626 post
1555 2595 1581 2618 te
1603 2589 1753 2616 humanita-

961 2647 1013 2669 tem
1028 2646 1055 2668 et
1069 2640 1299 2668 mansuetudinem
1315 2643 1557 2674 quantamcumque
1570 2635 1748 2667 exhibuerint,

959 2693 987 2714 tu
1007 2695 1066 2714 cum
1088 2686 1140 2713 illis
1164 2685 1314 2713 mercedem
1328 2684 1458 2720 accipies;
1478 2683 1524 2718 qui
1543 2683 1613 2710 enim
1636 2682 1753 2708 radicem

961 2733 1082 2768 praebuit,
1098 2732 1140 2758 hic
1153 2732 1244 2766 utique
1259 2735 1286 2757 et
1298 2730 1429 2757 fructuum
1441 2734 1534 2756 auctor
1544 2733 1595 2755 est.
1609 2726 1753 2760 Propterea

960 2787 1029 2806 nunc
1054 2778 1160 2813 quidem
1186 2784 1264 2804 nemo
1291 2781 1378 2803 tecum
1405 2774 1577 2802 humanitatis
1602 2771 1754 2800 mercedem

960 2825 1050 2860 partiri
1063 2829 1166 2858 potest:
1178 2828 1251 2850 tuum
1261 2822 1331 2850 cnim
1347 2821 1429 2848 solius
1442 2820 1565 2848 meritum
1583 2823 1639 2845 est:
1653 2822 1679 2844 tu
1691 2823 1754 2843 vero

959 2878 1018 2897 cum
1041 2869 1164 2896 omnibus
1183 2868 1297 2903 posteris
1309 2887 1317 2899 ,
1338 2867 1360 2893 si
1385 2866 1428 2900 qui
1445 2865 1512 2892 tales
1527 2871 1650 2898 umquam
1673 2869 1754 2895 appa-

961 2920 1053 2950 reant,
1069 2922 1100 2942 ex
1116 2922 1193 2950 aequo
1209 2914 1332 2942 meritum
1346 2912 1465 2940 dividere
1481 2911 1581 2947 poteris
1592 2930 1599 2941 ,
1614 2913 1639 2936 et
1655 2913 1754 2935 tantam

1536 2955 1572 2985 1b
