1983 3125
245 208 297 236 219

245 269 383 299 reportare
397 269 508 300 partem,
522 270 647 300 quantam
658 266 684 292 in
695 266 830 300 discipulis
841 271 1032 300 pra-captares:

246 317 273 337 et
287 311 310 338 si
325 318 403 338 nemo
421 312 480 338 talis
494 311 590 344 fuerit,
606 319 711 339 rursum
731 312 776 339 tibi
791 312 1037 340 commendationes

247 361 274 383 et
288 356 378 384 laudes
393 364 440 391 per
453 358 570 392 singulas
582 358 741 392 proveniunt
753 358 949 393 generationes.
966 358 1037 385 Con-

248 400 336 428 sidera
350 409 462 437 namque
477 402 554 436 quale
567 403 601 429 sit
613 407 733 437 posteros
747 410 840 430 omnes
854 403 957 436 audire,
968 403 1038 438 quod

248 450 301 472 tam
322 454 415 481 magna
435 447 542 475 civitate
556 455 642 482 poena:
656 451 683 474 et
698 447 791 474 ultioni
805 447 919 474 obnoxia
930 468 937 480 ,
960 456 1038 482 pave-

249 491 325 518 factis
339 493 462 520 omnibus
472 514 479 524 ,
501 497 528 520 et
548 492 704 520 horrefactis
727 493 837 520 ducibus
847 514 854 526 ,
870 493 1000 528 prarfectis
1015 498 1042 521 ct

248 535 400 570 judicibus,
428 545 459 565 ac
482 546 516 565 ne
543 545 634 565 vocem
658 538 764 573 quidem
787 546 835 573 pro
860 539 964 566 miseris
991 539 1042 566 illis

251 583 374 610 emittere
388 583 558 617 audentibus,
573 591 641 611 unus
655 585 784 611 accedens
799 592 880 612 senex
893 585 939 611 Dei
952 592 1043 612 sacer-

252 628 354 655 dotium
369 635 464 663 gerens
475 649 482 662 ,
503 637 536 657 ex
549 629 606 664 ipso
620 634 728 664 aspectu
743 629 801 657 solo
822 634 849 656 et
863 630 996 664 colloquio
1010 629 1043 657 ad

253 675 428 701 reverentiam
462 675 650 709 Imperatorem
685 675 768 702 movit
785 685 791 702 :
808 680 835 703 et
849 676 919 710 quod
945 676 1043 703 nemini

253 726 362 746 suorttm
374 719 539 747 subditorum
554 721 696 754 concessit,
711 721 755 748 uni
769 721 819 748 hoc
831 721 888 748 seni
901 722 1043 755 concessit,

254 764 303 792 Dei
327 765 399 800 leges
419 767 558 793 reveritus.
575 767 678 794 Etenim
701 767 751 794 hoc
763 774 868 802 quoque
882 767 940 801 ipso
954 774 1006 794 non
1020 772 1046 794 te

256 819 359 845 parum,
374 811 530 847 Imperator,
551 813 645 840 civitas
661 813 818 846 honoravit,
833 813 904 848 quod
918 821 961 840 me
973 813 1006 840 ad
1021 817 1047 840 te

256 857 371 892 legatum
389 859 510 891 miserit;
533 860 691 886 sententiam
712 860 783 886 enim
796 859 830 886 de
841 864 867 886 te
881 859 1006 893 optimam
1021 864 1048 886 et

257 903 464 936 pulcherrimam
489 905 677 938 protulerunt,
701 905 773 940 quod
799 905 871 932 omni
892 905 1047 940 principatui

258 947 304 974 tibi
319 948 439 983 subjecto
453 949 500 976 Dei
514 949 666 977 sacerdotes
677 955 834 985 anteponas,
846 950 897 977 etsi
912 951 977 978 viles
989 957 1049 977 esse

257 992 402 1028 contingat.
423 994 482 1022 Non
507 995 540 1022 ab
565 995 618 1022 illis
643 1003 708 1023 vero
732 1000 833 1022 tantum
858 1003 929 1023 nunc
952 996 1047 1027 venio,

258 1046 349 1065 verum
367 1044 394 1066 et
415 1044 476 1066 aute
497 1040 558 1067 illos
571 1048 585 1066 a
601 1041 735 1068 communi
758 1041 914 1076 angelorum
938 1041 1050 1068 Domino

260 1083 357 1110 tuissus
369 1092 438 1116 sutn,
451 1089 479 1111 ut
491 1085 547 1112 lucc
557 1085 641 1112 dicam
654 1086 801 1113 mitissima:
811 1093 844 1113 ac
854 1081 1050 1121 benignissimm

260 1130 357 1157 anima:
369 1135 435 1157 tute:
446 1131 521 1164 Quod
532 1131 554 1158 si
569 1131 720 1159 hominibus
731 1132 848 1167 ipsorttm
864 1133 951 1160 debita
959 1132 1049 1160 dimit-

262 1176 324 1202 tatis
334 1196 342 1208 ,
365 1181 391 1203 et
407 1176 487 1204 Pater
501 1177 614 1204 etclestis
625 1177 712 1212 lapsus
725 1178 801 1205 vobis
815 1178 930 1205 dimittet
945 1178 1050 1214 (Matth.

261 1221 286 1248 δ.
312 1222 368 1254 η).
391 1222 541 1249 Recordare
556 1216 636 1258 igitur
659 1224 728 1250 illius
749 1223 818 1256 diei,
840 1231 892 1259 quo
911 1231 1005 1252 omnes
1019 1223 1052 1251 de

261 1268 328 1294 actis
340 1268 470 1294 rationem
487 1268 631 1296 reddemus
643 1278 650 1296 :
661 1270 746 1303 cogita
766 1269 836 1304 quod
859 1270 938 1297 etiam
954 1270 975 1296 si
989 1269 1052 1305 quid

263 1311 290 1338 iu
306 1316 332 1338 te
348 1318 485 1346 peccatum
499 1318 560 1345 est,
588 1321 682 1340 omnes
699 1314 807 1341 abluere
821 1315 1053 1348 praevaricationes

264 1365 312 1391 per
332 1358 462 1392 judicium
488 1363 515 1386 et
538 1359 698 1386 sententiam
723 1360 800 1387 istam
827 1360 928 1394 poteris
953 1360 1054 1396 absque

265 1402 412 1435 laboribus,
425 1404 524 1439 absque
535 1404 687 1432 sudoribus.
698 1405 748 1431 Alii
760 1413 857 1439 nempe
867 1406 947 1440 legati
958 1414 1053 1433 aurum

264 1453 291 1475 et
304 1454 440 1482 argentum
454 1454 480 1476 et
493 1450 543 1477 alia
557 1450 708 1484 hujusmodi
723 1450 791 1477 dona
805 1450 895 1478 ferunt
907 1460 913 1484 ;
929 1459 980 1486 ego
991 1459 1055 1479 vero

265 1501 325 1520 cum
346 1495 430 1521 sacris
443 1494 475 1521 ad
491 1495 630 1529 imperium
653 1499 727 1522 tuum
749 1496 850 1531 legibus
867 1497 943 1529 veni,
960 1501 987 1524 et
1006 1504 1055 1532 pro

266 1539 343 1566 donis
356 1541 479 1567 omnibus
495 1540 542 1567 has
556 1540 694 1574 prmtendo
706 1562 713 1574 ,
738 1546 765 1568 et
786 1546 811 1568 te
825 1541 965 1569 Dominum
981 1547 1055 1569 tuum

266 1586 363 1612 imitari
378 1587 498 1620 supplico
511 1608 518 1618 ,
541 1587 585 1621 qui
605 1587 725 1621 quotidie
745 1595 760 1614 a
778 1588 855 1615 nobis
867 1589 1056 1615 contumeliam

268 1631 370 1665 νςιιίοης
384 1639 435 1657 nou
449 1636 536 1658 cessat
553 1632 620 1659 bona
634 1639 681 1659 sua
702 1632 825 1659 omnibus
847 1633 1007 1660 ministrare.
1024 1633 1057 1659 Et

268 1685 301 1703 nc
313 1678 461 1704 confundas
472 1686 546 1713 spem
559 1684 688 1711 nostram,
701 1686 750 1706 nec
763 1680 954 1714 promissiones
969 1679 1058 1706 initas

270 1723 350 1749 facias
361 1724 472 1750 :etcnim
488 1729 515 1751 et
529 1724 578 1751 hoc
592 1732 651 1752 cum
667 1725 726 1752 aliis
740 1729 765 1752 te
779 1726 848 1752 scire
859 1726 933 1758 volo,
951 1725 1020 1760 quod
1035 1727 1057 1752 si

271 1769 435 1796 reconciliari
451 1777 474 1795 vi
485 1769 518 1796 lis
532 1775 558 1796 et
571 1770 709 1805 pristinam
730 1771 829 1797 civitati
846 1770 1058 1797 benevolentiam

268 1815 482 1847 communicare,
499 1821 525 1843 et
541 1815 608 1843 hanc
629 1816 764 1843 remittere
781 1816 879 1851 justam
901 1815 1059 1850 indignatio-

271 1867 341 1891 neut,
358 1867 417 1887 cum
434 1861 516 1887 multa
530 1866 648 1888 revertar
661 1862 772 1894 ﬁducia;
788 1862 810 1889 si
825 1869 888 1889 vero
909 1867 999 1889 mente
1014 1866 1059 1889 tua

270 1905 404 1932 civitatem
418 1908 581 1941 asperneris,
591 1915 644 1936 non
656 1912 758 1934 tantum
770 1908 853 1942 ipsam
865 1915 917 1934 non
928 1912 1058 1942 repetam,

221 1986 224 1989 Δ
270 1959 321 1979 nec
334 1952 417 1986 ipsius
431 1953 516 1980 solum
533 1953 639 1987 videbo,
654 1962 746 1981 verum
761 1959 788 1981 et
801 1954 829 1981 in
842 1954 971 1989 reliquum
984 1961 1060 1988 pror-

269 2004 316 2025 sus
336 1998 455 2032 negabo,
479 2003 506 2026 et
527 1999 552 2025 in
574 1999 653 2026 aliam
669 2007 712 2026 me
733 1999 866 2026 civitatem
881 1999 1058 2026 conscribam.

269 2042 308 2069 Ne
323 2043 385 2069 mihi
407 2051 520 2078 natnque
540 2044 642 2071 accidat
664 2044 690 2070 in
710 2044 781 2071 illam
801 2052 926 2079 umquam
944 2044 1060 2072 adscribi

270 2088 400 2121 patriam,
415 2096 476 2122 erga
492 2097 571 2122 quam
595 2089 802 2116 humanissimus
821 2095 865 2122 tu,
881 2095 908 2117 et
923 2091 1060 2117 hominum

269 2136 426 2160 cunctorum
436 2133 591 2161 mitissimus
599 2135 685 2168 pacari
694 2135 914 2170 reconciliarique
923 2143 974 2162 nou
982 2136 1059 2162 velis.

305 2179 332 2205 4.
353 2178 425 2205 Mitis
439 2180 567 2214 responsio
577 2179 753 2215 Imperatoris,
767 2181 809 2214 qui
828 2181 909 2214 parcit
924 2181 1060 2207 Antioche-

270 2223 319 2249 πίε.
331 2238 366 2242 -
386 2223 448 2250 Haec
461 2229 487 2251 et
508 2225 548 2251 his
563 2224 637 2259 plura
653 2225 788 2259 loquutus,
813 2225 852 2252 sic
871 2225 1061 2259 imperatorem

271 2268 413 2303 pudefecit,
425 2274 453 2296 ut
463 2269 531 2296 idem
547 2270 632 2303 ﬁeret,
647 2271 716 2304 quod
730 2275 757 2297 et
770 2270 795 2297 in
809 2270 907 2305 Joscplt
920 2271 983 2298 olim
995 2279 1060 2298 con-

272 2314 340 2348 tigit.
366 2313 439 2341 Sicut
453 2316 524 2342 enim
537 2315 580 2342 ille
594 2319 657 2342 tune
673 2316 767 2342 fratres
781 2317 957 2350 conspicatus.
973 2317 1062 2350 lugere

270 2359 377 2393 quidem
389 2360 504 2393 volebat,
515 2361 562 2388 sed
570 2361 690 2388 doloretu
701 2362 815 2396 tegebat,
824 2370 857 2388 ue
864 2362 1061 2389 simulationem

271 2405 396 2439 proderet
410 2415 416 2432 :
433 2406 943 2442 sicetlmperatorlaerymabatquidem
959 2412 1060 2440 mente,

271 2457 324 2476 non
337 2450 538 2478 demonstrabat
559 2457 659 2485 autem,
676 2453 795 2479 omnium
814 2453 859 2487 qui
873 2457 935 2480 tunc
953 2453 1064 2480 aderant

271 2501 361 2522 causa.
376 2495 526 2523 Ncctamen
535 2497 653 2531 usquein
669 2498 748 2524 tinem
760 2502 853 2524 mstum
868 2498 956 2525 celare
964 2498 1061 2533 potuit,

272 2548 365 2567 verum
380 2545 407 2567 et
417 2541 513 2568 invitus
526 2541 711 2576 superabatur.
723 2542 787 2569 Post
800 2542 868 2569 hanc
876 2543 947 2570 enim
956 2543 1064 2570 concio-

274 2593 335 2612 nem
345 2586 470 2612 secundis
481 2594 533 2613 non
542 2594 609 2621 opus
622 2587 712 2614 habuit
721 2588 820 2620 verbis,
830 2588 876 2614 sed
889 2596 968 2614 utuun
978 2589 1063 2615 solum

273 2632 399 2667 loquutus
422 2637 462 2659 est
482 2633 592 2660 verbum
605 2654 611 2665 ,
626 2633 696 2668 quod
717 2634 802 2669 ipsum
818 2633 966 2660 diademate
983 2634 1065 2660 multo

273 2679 357 2713 magis
370 2679 484 2706 ornavit.
498 2679 567 2713 Quid
582 2684 670 2706 autem
684 2679 734 2706 hoc
749 2680 810 2706 est?
826 2680 856 2706 Et
872 2680 934 2714 quid
949 2680 1063 2706 admira-

273 2724 325 2752 bile
338 2729 364 2752 et
374 2733 497 2760 magnum
516 2730 568 2759 est,
583 2725 678 2761 inquit,
690 2725 712 2753 si
725 2725 767 2758 iis,
781 2726 824 2760 qui
837 2733 885 2752 uos
898 2726 1065 2752 contumeliis

273 2771 419 2798 affecerunt
430 2792 436 2803 ,
452 2771 518 2798 iram
532 2771 699 2798 remittamus
715 2771 865 2798 hominibus
879 2771 1064 2802 existentibus,

275 2825 336 2844 cum
346 2822 372 2844 et
381 2818 428 2852 ipsi
437 2818 557 2844 homines
566 2818 658 2849 simus;
669 2825 729 2844 cum
739 2818 828 2844 mundi
839 2818 996 2844 Dominusin
1014 2823 1066 2843 ter-

277 2872 334 2891 ram
347 2864 522 2897 descendens,
538 2869 565 2891 et
580 2868 687 2898 propter
700 2870 750 2890 nos
768 2871 862 2890 servus
877 2864 972 2895 factus,
998 2867 1024 2889 ct
1051 2870 1065 2888 a

276 2909 408 2938 beneﬁcio
423 2910 524 2938 atl'ectis
544 2909 699 2941 cruciﬁxus.
724 2916 773 2944 pro
787 2909 989 2936 crucilixoribus
1010 2908 1065 2936 suis

611 208 637 235 S.
660 208 797 237 JO;\NNIS
817 208 1053 236 CHRYSOSTOMI
1073 210 1231 238 AliClllEl'.
1252 213 1516 244 CONST.\NTlNOP.

1824 219 1877 247 *ΞΕο

1091 270 1194 297 Patrem
1224 273 1349 305 oraverit,
1376 273 1490 301 dicens:
1517 274 1620 310 Ignem:
1643 276 1704 307 illis,
1733 285 1783 303 non
1815 279 1879 304 enim

1091 318 1175 344 sciunt
1190 317 1253 353 quid
1264 319 1359 354 faciunt
1372 319 1382 355 (
1393 319 1455 348 Luc.
1469 321 1514 348 ‘35.
1531 322 1565 348 54
1579 322 1607 356 )?
1620 323 1681 356 quid
1703 323 1782 357 igitur
1795 324 1881 351 admi,

1091 363 1186 396 rabile,
1203 364 1225 390 si
1238 372 1287 392 nos
1299 366 1436 393 conservis
1460 366 1647 402 ignoscamus?
1670 369 1704 396 Et
1728 371 1802 405 quod
1825 370 1882 398 hac

1092 409 1175 437 verba
1188 417 1240 437 non
1255 410 1308 438 sint
1320 412 1463 446 simulatio,
1488 413 1704 443 demonstrarunt
1725 416 1833 450 quidem
1857 421 1884 444 et

1093 456 1194 491 reliqua
1208 463 1299 490 opera,
1314 465 1364 484 nec
1376 458 1408 485 iis
1422 459 1508 486 minus
1522 460 1585 487 illud
1598 461 1668 495 quod
1682 469 1753 489 nunc
1766 469 1826 489 sum
1838 470 1884 489 re-

1094 500 1204 529 laturus.
1228 501 1315 537 Ipsum
1334 504 1405 530 enim
1429 504 1498 532 hunc
1523 505 1688 534 sacerdotem
1702 515 1794 534 secum
1817 508 1886 536 hanc

1094 546 1291 574 solemnitatem
1307 549 1444 577 celebrare
1455 550 1599 583 volentem,
1619 552 1729 579 invitum
1741 561 1886 588 properare

1095 597 1122 619 et
1137 593 1262 621 festinare
1272 595 1360 630 coegit
1370 601 1396 623 et
1406 597 1542 624 secivibus
1550 598 1686 626 exhibere.
1698 599 1777 633 Novi,
1789 601 1886 636 inquit,

1096 646 1167 665 nunc
1179 639 1296 673 ipsorum
1307 640 1410 668 animos
1419 643 1602 675 conturbatos,
1621 649 1648 671 et
1671 645 1769 672 multas
1793 653 1888 680 super—

1097 692 1157 712 esse
1165 686 1324 713 calamitatis
1340 687 1483 722 reliquias;
1499 688 1553 721 alti,
1566 690 1714 717 consolare.
1737 690 1766 718 Si
1789 691 1889 726 guber-

1098 736 1218 758 natorem
1228 731 1352 766 viderint,
1362 740 1411 760 nec
1420 735 1561 768 praeteritre
1569 735 1775 763 reminiscentur
1783 742 1888 772 tempe-

1097 778 1184 810 statis,
1201 785 1292 805 verum
1308 783 1335 806 et
1352 780 1436 813 ipsam
1460 780 1573 807 tristium
1603 782 1758 809 memoriam
1781 790 1889 810 omnem

1098 822 1235 851 delcbunt.
1250 823 1285 851 Ut
1296 829 1383 852 autem
1396 825 1491 851 institit
1505 825 1624 860 pontifex
1638 831 1741 861 petens,
1759 831 1788 854 ut
1803 827 1889 855 tilium

1099 875 1176 895 suum
1188 868 1317 900 mitteret,
1334 870 1426 897 volens
1441 870 1486 898 ille
1497 871 1637 899 manifeste
1651 872 1849 905 demonstrare,
1860 881 1890 901 se

1099 916 1204 949 penitus
1220 915 1285 942 iram
1300 920 1390 943 mente
1412 916 1564 944 delevisse:
1580 917 1660 944 Orate
1672 939 1680 951 ,
1704 918 1809 953 inquit,
1834 921 1891 947 lucc

1100 959 1199 988 auferri
1215 961 1360 994 obstacula,
1377 961 1434 988 lucc
1457 961 1524 989 bella
1540 963 1666 998 extingui,
1680 968 1708 991 et
1720 971 1770 998 ego
1784 965 1891 992 veniam

1103 1006 1222 1033 omnino.
1235 1006 1303 1039 Quid
1313 1007 1402 1033 anima
1417 1007 1508 1034 mitius
1520 1007 1563 1034 illa
1578 1015 1638 1035 esse
1651 1009 1755 1043 possit?
1769 1009 1892 1036 Confun-

1101 1051 1198 1079 dantur
1209 1052 1324 1086 gentiles
1335 1052 1369 1080 de
1380 1053 1493 1088 reliquo,
1505 1053 1623 1089 quinimo
1638 1061 1670 1081 ne
1683 1054 1893 1088 confundantur,

1102 1098 1148 1125 sed
1162 1098 1333 1132 erudiautur,
1357 1103 1385 1126 et
1406 1099 1540 1134 proprium
1556 1100 1709 1127 otttiltentes
1723 1108 1843 1128 erroretn
1859 1101 1894 1127 ad

1102 1143 1429 1171 Christianismivirtutem
1439 1144 1558 1177 redeant,
1571 1150 1689 1172 nostram
1703 1146 1738 1172 ab
1752 1146 1896 1181 Imperato-

1103 1196 1133 1216 re
1142 1193 1168 1216 et
1178 1189 1303 1224 pontiﬁce
1312 1189 1382 1217 docti
1392 1188 1597 1225 philosophiam.
1612 1190 1670 1218 Non
1681 1192 1752 1219 enim
1765 1192 1895 1219 hactenus

1105 1239 1167 1262 tunc
1177 1235 1293 1262 substitit
1306 1236 1440 1270 piissimus
1455 1235 1613 1271 Imperator,
1626 1237 1673 1263 sed
1700 1242 1727 1264 et
1753 1241 1896 1272 postquam

1104 1288 1136 1307 ex
1152 1281 1218 1308 urbe
1228 1282 1353 1309 sacerdos
1363 1282 1445 1309 exivit
1455 1287 1481 1309 ct
1496 1283 1651 1317 pertransiit
1665 1290 1748 1315 mare,
1774 1283 1847 1310 misit
1859 1281 1896 1310 ad

1104 1327 1311 1362 euntquosdam,
1322 1328 1460 1356 sciscitans
1474 1332 1502 1356 ct
1516 1335 1649 1364 satagens,
1664 1335 1698 1356 ne
1713 1328 1780 1356 forte
1791 1333 1897 1363 tempus

1106 1379 1237 1403 tereretur
1264 1379 1292 1402 et
1313 1375 1414 1403 civitati
1437 1376 1601 1410 voluptatem
1625 1375 1796 1405 diminucrct.
1820 1379 1898 1401 extra

1106 1423 1199 1450 urbem
1209 1423 1408 1451 solemnitatem
1423 1430 1562 1458 peragens.
1577 1422 1642 1456 Quis
1659 1427 1733 1456 pater
1746 1422 1818 1448 milis
1835 1426 1899 1448 tan-

1108 1473 1160 1495 tam
1174 1468 1208 1495 de
1221 1469 1409 1496 contumeliam
1425 1468 1600 1496 inferentibus
1614 1475 1704 1495 curam
1718 1467 1789 1502 egit?
1805 1468 1898 1494 Dicam

1107 1519 1135 1542 et
1147 1515 1224 1542 aliam
1235 1515 1298 1550 justi
1312 1515 1428 1542 laudent.
1444 1515 1490 1542 llis
1503 1515 1573 1542 enim
1588 1514 1719 1549 expeditis
1742 1523 1795 1542 non
1819 1514 1900 1542 festi-

1109 1561 1190 1594 navit,
1204 1566 1232 1588 ut
1242 1561 1309 1588 alios
1320 1562 1411 1596 gloria:
1421 1560 1541 1596 cupidus,
1554 1561 1611 1596 ipse
1624 1561 1713 1587 literas
1724 1561 1797 1587 illam
1812 1560 1900 1587 tristi-

1110 1608 1172 1635 tiam
1185 1608 1321 1635 solventes
1335 1607 1457 1640 deferre;
1479 1607 1527 1635 sed
1549 1608 1672 1642 quoniam
1696 1607 1794 1634 lentius
1820 1607 1877 1633 ibat
1890 1627 1898 1639 ,

1110 1655 1190 1681 alium
1203 1654 1344 1688 quemdam
1362 1654 1488 1681 velociter
1503 1654 1622 1688 equitare
1642 1653 1749 1680 doctum
1773 1660 1802 1680 se
1827 1660 1901 1687 pra:-

1109 1704 1214 1726 vertere
1225 1699 1337 1734 rogavit,
1353 1704 1379 1726 et
1391 1700 1458 1726 bona
1469 1699 1570 1726 civitati
1584 1699 1675 1726 nuntia
1687 1698 1796 1732 aﬂ’erre,
1819 1705 1853 1725 ne
1866 1705 1903 1725 ex

1110 1747 1211 1774 reditus
1221 1747 1260 1774 sui
1283 1747 1430 1774 tardatione
1458 1747 1563 1774 tristitia
1589 1746 1800 1781 prolongaretur.
1825 1745 1905 1778 Quod

1110 1794 1182 1820 enitn
1204 1794 1261 1827 ipse
1274 1793 1418 1828 qumrcbat,
1432 1793 1518 1820 solum
1533 1797 1599 1824 erat,
1611 1799 1664 1819 non
1684 1796 1713 1818 ut
1727 1792 1784 1826 ipse
1798 1791 1905 1818 veniret

1109 1840 1179 1868 bona
1192 1840 1248 1867 hmc
1261 1840 1384 1867 deferens
1407 1839 1548 1874 voluptatis
1571 1838 1660 1866 multm
1685 1837 1774 1873 plena,
1798 1836 1847 1864 sed
1873 1841 1905 1863 ut

1111 1895 1193 1922 oeyus
1204 1887 1280 1914 nobis
1291 1887 1375 1921 patria
1390 1887 1545 1920 respiraret.

1147 1933 1309 1961 Lectistcrnia
1321 1934 1348 1960 in
1361 1933 1433 1960 rebus
1453 1932 1527 1960 fretis.
1539 1947 1575 1953 —
1586 1931 1661 1965 Quod
1681 1931 1761 1966 igitur
1777 1934 1841 1957 tunc
1865 1929 1907 1956 fe-

1111 1981 1196 2013 cistis,
1211 1979 1297 2007 forum
1309 1984 1478 2011 coronantes,
1493 1984 1520 2006 et
1533 1979 1655 2006 lucernas
1669 1977 1860 2009 accendentes,
1879 1981 1907 2003 et

1112 2026 1197 2054 lectos
1207 2031 1269 2053 ante
1282 2025 1403 2053 ofﬁcinas
1415 2030 1617 2059 componentes,
1633 2029 1660 2051 et
1674 2028 1810 2058 tamquam
1821 2029 1907 2056 nuper

1112 2073 1220 2100 civitate
1235 2073 1296 2099 nata
1308 2092 1316 2105 ,
1330 2072 1425 2099 festum
1438 2076 1548 2106 agentes
1558 2092 1565 2104 ,
1590 2071 1640 2098 hoc
1663 2070 1741 2097 aliter
1764 2077 1813 2104 per
1827 2075 1908 2095 omne

1113 2118 1192 2145 facile
1207 2123 1323 2152 tempus,
1340 2126 1392 2144 non
1408 2117 1531 2148 floribus,
1545 2117 1592 2144 sed
1603 2117 1700 2143 virtute
1711 2123 1759 2142 vos
1773 2121 1908 2142 coronau-

1113 2168 1165 2197 tes,
1180 2164 1267 2191 lumen
1283 2172 1330 2198 per
1349 2171 1429 2198 opera
1445 2164 1470 2190 iu
1485 2164 1572 2190 anima
1595 2167 1684 2189 vestra
1707 2161 1907 2191 acccndenles,

1115 2210 1245 2245 spirituali
1259 2210 1405 2244 gaudentes
1419 2209 1521 2239 l.ctitia,
1543 2214 1570 2235 et
1584 2209 1638 2235 Deo
1663 2208 1774 2235 assidue
1798 2214 1845 2241 pro
1866 2207 1910 2232 his

1114 2256 1238 2283 omnibus
1252 2256 1351 2290 gratias
1364 2262 1442 2289 agere
1457 2262 1510 2281 nou
1520 2254 1673 2281 desinamus
1697 2262 1703 2279 :
1732 2260 1786 2279 non
1802 2257 1908 2278 tantum

1115 2303 1239 2336 quoniam
1253 2302 1343 2337 gravia
1358 2301 1447 2333 solvit,
1463 2308 1554 2327 verum
1570 2300 1694 2335 quoniam
1717 2303 1745 2326 et
1767 2299 1825 2332 ipsa
1851 2298 1911 2324 fieri

1116 2349 1245 2383 permisit,
1257 2349 1282 2376 ci
1298 2349 1409 2375 tnultum
1425 2348 1474 2382 ipsi
1489 2355 1539 2374 nos
1551 2346 1650 2374 debere
1660 2345 1851 2376 conﬁteantur;
1863 2351 1912 2378 per

1116 2403 1227 2432 utraqtte
1242 2397 1313 2422 enim
1335 2395 1411 2422 nobis
1433 2394 1566 2420 civitatem
1594 2392 1709 2419 ornavit.
1736 2391 1800 2417 llznc
1821 2394 1909 2416 autem

1116 2444 1217 2475 omnia,
1231 2441 1377 2468 secundum
1389 2439 1574 2474 propheticum
1588 2437 1734 2472 eloquium,
1743 2435 1808 2462 filiis
1817 2435 1913 2461 vestris

1118 2489 1284 2519 annuntiatc,
1299 2491 1326 2514 et
1338 2486 1383 2512 ﬁlii
1398 2485 1479 2512 vestri
1494 2484 1555 2510 tiliis
1564 2484 1630 2516 suis,
1646 2481 1722 2509 etilli
1741 2488 1849 2508 rursum
1865 2488 1909 2513 ge-

1117 2534 1247 2562 nerationi
1264 2537 1376 2568 posterae
1389 2531 1457 2566 (laet
1480 2532 1505 2558 ί.
1521 2530 1566 2566 5),
1582 2533 1611 2556 ut
1635 2535 1729 2556 omnes
1757 2527 1805 2562 qui
1829 2534 1913 2561 usque

1117 2582 1150 2609 ad
1161 2580 1418 2608 consummationem
1437 2577 1518 2605 futuri
1545 2580 1617 2609 sunt,
1643 2574 1694 2602 Dei
1715 2573 1914 2600 humanitatem

1117 2628 1216 2655 civitati
1229 2626 1372 2653 exhibitam
1386 2625 1530 2656 discentes,
1556 2630 1604 2650 nos
1626 2621 1733 2656 quidem
1755 2619 1915 2646 beatilicent

1119 2679 1219 2701 tantam
1236 2678 1328 2700 nactus
1342 2670 1555 2699 benevolentiam
1569 2677 1576 2702 ;
1590 2668 1757 2695 admirentur
1772 2670 1863 2693 autem
1886 2669 1914 2691 ct

1118 2721 1255 2748 domimun
1268 2724 1397 2751 nostrum,
1410 2718 1502 2752 quisic
1513 2717 1612 2750 lapsam
1621 2714 1756 2741 civitatem
1767 2712 1913 2743 rclevavit;

1120 2767 1255 2794 lucrentur
1269 2770 1295 2792 et
1307 2765 1366 2799 ipsi,
1384 2770 1482 2798 perque
1493 2762 1584 2788 talium
1596 2765 1730 2795 gestorum
1741 2758 1866 2792 exempla
1881 2756 1915 2783 ad

1120 2814 1244 2847 pietatem
1261 2811 1449 2845 impellantur:
1460 2816 1518 2835 .uon
1532 2807 1602 2833 enim
1614 2813 1663 2832 nos
1679 2809 1799 2836 tantum,
1815 2804 1837 2830 si
1850 2803 1917 2837 ipso-

1119 2868 1178 2887 rum
1190 2866 1296 2892 semper
1312 2856 1494 2887 recordentur,
1506 2850 1598 2881 verum
1613 2856 1639 2879 et
1654 2856 1797 2886 posteros,
1823 2855 1916 2876 eorum

1121 2914 1179 2942 qua:
1191 2905 1267 2932 nobis
1278 2906 1422 2931 evenerunt
1433 2900 1559 2934 narratio,
1571 2899 1689 2926 maxime
1697 2898 1799 2932 juvare
1810 2895 1915 2932 poterit.
