1983 3125
185 247 233 273 ‘22!
577 245 605 271 S.
626 244 768 272 .IOANNIS
787 243 1027 272 οηιιγδοδτολιι
1048 243 1207 271 AllClliEP.
1227 241 1500 270 CONSTANTINOP.
1855 237 1904 264 221'

182 304 323 339 ὠφελῆσαι
337 304 490 339 δυνήσεται.
507 302 597 337 "Amp
607 300 653 328 οὖν
666 302 771 329 ἅπαντα
785 301 964 337 λογιζόμενοι,
983 302 1019 336 μὴ
1071 305 1136 339 ἡμῖν
1144 304 1280 338 οἰκονομεῖ
1292 301 1361 338 μετὰ
1371 300 1420 334 τῆς
1431 298 1506 334 αὐτῷ
1517 297 1673 333 πρεπούσης
1687 294 1904 330 φιλανθρωπίας·

186 350 266 384 μόνον
282 348 311 373 ἐν
322 348 356 383 τῇ
370 347 447 374 λύσει
463 346 517 374 τῶν
527 346 632 377 δεινῶν,
645 346 712 372 ἀλλὰ
723 347 769 372 καὶ
787 347 815 372 ὲν
829 347 862 380 τῇ
876 346 1019 380 συγχωρὴ-
1070 345 1104 383 ἦς
1122 347 1226 381 γένοιτο
1239 344 1370 380 διηνεκῶς
1388 345 1460 379 ἡμᾶς
1476 341 1676 371 ἀπολαύοντας,
1695 341 1742 366 καὶ
1763 340 1814 373 τῆς
1832 339 1906 373 βασι-

186 382 226 419 est
244 392 299 418 τῶν
315 390 409 418 δεινῶν
422 390 627 426 εὑχαριστῶμεν
641 390 684 416 ἀεὶ
700 388 739 423 τῷ
755 388 938 424 φιλανθρώπῳ
949 387 1020 422 Θεῷ,
1071 382 1144 423 ista;
1158 391 1212 418 τῶν
1228 389 1350 425 οὐρανῶν
1363 387 1512 422 ἐπιτυχεῖν,
1525 386 1555 412 ἐν
1570 383 1680 420 Χριστῷ
1693 383 1782 418 Ἰησοῦ
1797 382 1837 416 τῷ
1853 383 1908 409 Ku-

185 436 238 463 ἀπό
252 445 282 463 τε
296 435 349 462 τῶν
361 435 440 461 θείων
452 424 578 470 Ῐλρξιφῶν,
595 433 649 459 ἀπό
660 441 689 459 τε
707 432 761 458 τῶν
777 433 842 467 ἡμῖν
860 431 1020 466 συμϐάντων
1073 437 1122 472 ρῖῳ
1134 436 1223 471 ἡμῶν,
1240 431 1262 468 ᾧ
1275 435 1292 469 ἡ
1307 433 1370 466 δόξα,
1384 433 1431 459 χαὶ
1442 431 1472 458 τδ
1488 430 1589 466 κράτος
1605 429 1646 461 εἰς
1661 428 1724 460 τοὺς
1738 426 1841 458 αἰῶνας
1858 424 1911 451 τῶν

186 480 252 506 αὐτὸ
267 479 298 515 δὴ
315 479 394 506 τοῦτο
411 484 424 499 δ
440 477 580 514 μαθόντες,
598 477 635 508 ὼς
655 476 762 502 ᾶπαντα
775 475 818 501 ἀεὶ
839 475 906 510 πρὸς
919 474 948 500 τὸ
962 473 1022 500 δέον
1074 479 1187 506 αἰώνων,
1209 478 1306 513 Ἀμήν,

220 525 232 538 τ’
293 524 367 549 Savil.
381 526 407 548 et
416 522 464 546 duo
486 521 536 550 alii,
548 519 641 545 rectius
650 526 722 550 quam
739 518 824 544 Montf.
835 519 913 543 αὐτῶν
926 518 954 546 δὴ
964 517 1021 542 τού-

220 564 244 579 ιν.
278 562 324 579 nn.

188 563 244 580 των.
258 562 324 580 ινιτ.

440 1005 479 1035 1N
503 1003 758 1036 CATECHESES
777 1003 936 1033 PRIMAM
962 1002 1013 1032 ET
1036 1002 1253 1034 SECUNDAM
1269 1002 1322 1032 AD
1342 1003 1647 1033 ILLUMINANDUS

266 1222 343 1250 lianc
362 1221 518 1250 catechesin
533 1228 566 1247 ex
588 1219 670 1247 unico
687 1219 809 1246 cherici
827 1217 930 1245 Morclli
942 1218 1036 1246 codice
1052 1225 1082 1245 se
1095 1221 1249 1245 mutuatum
1264 1225 1326 1246 esse
1341 1218 1503 1246 testiﬁcatur
1515 1217 1543 1245 in
1563 1216 1636 1246 notis
1656 1217 1726 1246 infra
1745 1217 1793 1246 Fr.
1809 1218 1864 1246 Du-

230 1286 314 1312 caaus,
332 1285 414 1313 quem
433 1277 556 1304 codicem
575 1274 706 1302 hactenus
720 1274 842 1302 nancisci
859 1281 913 1300 non
930 1273 1081 1308 potuimus.
1108 1273 1268 1300 luscribitur
1292 1278 1382 1301 autem
1410 1274 1570 1310 Κατήχησις
1589 1275 1696 1311 πρώτη,
1714 1275 1864 1302 Caice/renis

231 1339 332 1373 prima,
349 1336 396 1372 qui
413 1335 511 1364 titulus
527 1332 610 1361 aliam
629 1331 671 1359 vel
688 1331 757 1358 alias
770 1330 929 1358 cateclieses
947 1329 1017 1356 hanc
1032 1329 1231 1364 subsequentes
1249 1329 1361 1357 indicat.
1375 1328 1482 1357 Nullam
1498 1337 1581 1365 porro
1603 1330 1683 1357 aliam
1708 1331 1865 1358 catecbesin

232 1399 260 1426 in
275 1395 466 1433 Chrysostomi
483 1393 613 1429 operibus
633 1389 754 1423 invenio,
769 1397 831 1424 qua:
844 1389 915 1416 hanc
930 1389 1008 1423 sequi
1033 1388 1162 1423 potuerit.
1182 1388 1234 1415 nisi
1252 1388 1392 1415 homitiam
1409 1388 1569 1416 vicesimam
1592 1387 1708 1423 primam
1728 1386 1761 1414 ad
1776 1394 1866 1422 popu-

231 1455 288 1484 lum
305 1452 508 1482 Antiochenum
525 1471 534 1484 ,
550 1457 611 1485 quae
629 1450 693 1476 item
709 1448 879 1477 inscribitur.
896 1448 1012 1482 Κατήχη

1083 1446 1210 1483 ερδςτοὺς
1225 1447 1371 1482 μέλλοντας
1394 1447 1569 1483 φωτίζεσθαι,
1586 1446 1735 1474 ϐαιεεὴεεὶε
1750 1447 1785 1474 ad
1803 1446 1866 1472 illu-

235 1514 393 1545 minutulos;
412 1510 506 1539 habita
519 1515 587 1537 vero
600 1507 652 1535 fuit
667 1507 742 1535 circa
755 1506 836 1534 ﬁnem
853 1505 1076 1540 Quadragesima:
1095 1505 1171 1537 anni,
1189 1510 1219 1532 ut
1236 1509 1334 1541 putant
1347 1506 1443 1541 aliqui,
1458 1505 1521 1533 588.
1537 1505 1596 1538 Qua
1612 1505 1646 1533 de
1660 1513 1690 1533 re
1704 1505 1785 1533 infra.
1803 1504 1866 1532 llaec

235 1577 332 1607 porro,
351 1567 386 1596 de
404 1571 459 1602 qua
474 1572 548 1593 nunc
564 1565 665 1600 agitur,
683 1565 776 1592 habita
793 1571 904 1600 quoque
920 1563 972 1591 fuit
985 1564 1012 1591 in
1030 1563 1253 1600 Quadragesima,
1268 1565 1380 1600 triginta
1395 1573 1492 1600 nempe
1505 1565 1603 1593 diebus
1619 1569 1683 1592 ante
1698 1565 1820 1598 Pascha,
1836 1569 1868 1592 ut

232 1631 369 1659 indicatur
383 1636 459 1656 num.
475 1629 502 1656 4.
519 1629 548 1655 ln
564 1628 643 1664 cujus
659 1635 724 1655 vero
739 1627 804 1655 anni
825 1626 1041 1662 Quadragesima
1056 1627 1231 1662 pronuntiata
1246 1627 1329 1655 fuerit
1344 1627 1401 1662 jam
1417 1627 1605 1662 quaerendum.
1619 1628 1698 1656 Certe
1714 1627 1738 1655 si
1753 1627 1867 1663 longum

234 1695 329 1717 contra
344 1689 454 1724 iurandi
474 1689 702 1717 consuetudinem
723 1688 873 1725 epilogum.
888 1696 944 1724 quo
960 1688 1099 1716 clauditur
1123 1689 1224 1721 oratio,
1254 1687 1438 1720 attendamus.
1454 1687 1480 1714 in
1496 1686 1713 1723 Quadragesima
1730 1687 1793 1714 anni
1815 1686 1870 1714 587

234 1745 389 1773 catccbesin
407 1745 478 1773 hanc
492 1745 692 1772 constituemus
706 1753 713 1771 :
732 1751 779 1779 per
792 1747 877 1770 totam
894 1742 966 1770 enim
979 1742 1052 1770 illam
1065 1742 1310 1778 Quadragesimam
1327 1743 1455 1770 homilias
1474 1742 1530 1770 fere
1543 1750 1649 1774 omnes.
1670 1750 1739 1777 quas
1753 1749 1871 1769 numero

234 1804 268 1832 21
286 1805 432 1837 habemus,
450 1804 612 1838 huiusmodi
627 1809 723 1832 contra
735 1803 891 1839 juramenta
905 1803 1143 1832 adhortationibus
1156 1803 1246 1831 claudi
1262 1804 1411 1834 cernimus.
1424 1804 1461 1830 ita
1479 1807 1510 1830 ut
1527 1803 1554 1830 in
1581 1803 1672 1838 aliqua
1686 1809 1780 1830 earum
1795 1801 1872 1829 circa

235 1861 316 1889 ﬁnem
330 1861 567 1897 Quadragesimaa,
581 1868 614 1888 ex
631 1860 746 1889 curandi
764 1859 925 1888 assiduitate
948 1867 1017 1895 pene
1033 1859 1177 1895 depulsum
1207 1860 1332 1887 morbum
1365 1867 1426 1886 esse
1458 1859 1621 1886 testiﬁcetur
1646 1858 1871 1894 Cbrysostomus.

237 1918 331 1954 itaque
347 1923 378 1946 ut
389 1926 450 1946 eam
467 1918 495 1946 in
510 1926 614 1946 annum
630 1918 683 1946 387
699 1917 884 1951 conferamus,
902 1922 959 1946 tum
977 1918 1035 1945 hare
1050 1918 1121 1946 ratio
1138 1918 1252 1949 suadet.
1267 1923 1325 1946 tum
1342 1919 1424 1946 etiam
1448 1918 1501 1946 alia
1518 1926 1552 1946 ex
1576 1918 1655 1946 titulo
1682 1918 1766 1953 petita
1780 1927 1786 1945 :
1808 1925 1875 1945 nam

221 1972 384 2007 'Cateclteais
400 1979 488 2015 prima
505 1984 689 2014 congruenter
703 1979 874 2014 inscribitur,
898 1980 922 2008 si
942 1980 1023 2007 aliam
1039 1980 1116 2015 sequi
1144 1980 1300 2008 cateehesin
1332 1980 1592 2016 deprehendamus;
1619 1987 1682 2007 cum
1707 1984 1799 2006 autem
1827 1978 1876 2006 illa

235 2037 320 2065 altera
336 2038 490 2066 catechesis
506 2039 548 2066 vel
566 2039 593 2066 in
609 2039 825 2075 Quadragesima
841 2039 906 2067 anni
922 2039 994 2072 587,
1013 2043 1042 2067 ut
1062 2048 1111 2067 nos
1132 2040 1303 2075 probabilius
1329 2039 1532 2072 existimamus,
1546 2038 1588 2066 vel
1608 2037 1636 2065 in
1663 2037 1790 2072 sequenti
1808 2037 1876 2065 anni

235 2095 301 2127 588,
316 2099 346 2123 ut
361 2094 554 2124 Tillemontius
583 2095 724 2132 opinatur.
744 2096 903 2131 reponenda
921 2096 968 2128 sit.
986 2095 1075 2132 prima
1102 2096 1129 2123 iu
1145 2095 1390 2130 Quadragesimam
1415 2095 1480 2124 anui
1497 2095 1549 2122 ’587
1567 2093 1688 2121 conferri
1717 2100 1802 2128 posse
1829 2093 1873 2120 vi.

235 2154 324 2181 detur.

274 2230 327 2260 Sed
346 2231 374 2259 in
388 2232 459 2260 hanc
473 2233 604 2268 temporis
622 2239 714 2261 notam
729 2242 784 2262 non
801 2235 955 2270 spernenda
971 2234 1094 2269 quaedam
1115 2236 1211 2270 objicit
1226 2235 1434 2268 Tillemonlius,
1455 2236 1501 2271 qui
1526 2237 1631 2264 mavult
1658 2236 1733 2264 illam
1755 2234 1783 2261 in
1799 2234 1876 2267 Qua-

237 2289 421 2324 dragesimam
437 2289 501 2316 anni
519 2289 573 2317 588
589 2290 736 2325 conjicere.
753 2289 843 2325 Hujus
857 2291 1034 2318 catecheseos
1052 2291 1150 2318 habita:
1164 2292 1234 2323 dies,
1252 2292 1350 2327 inquit,
1369 2292 1392 2320 si
1407 2293 1518 2328 triginta
1539 2292 1598 2320 dies
1611 2300 1626 2319 a
1640 2291 1774 2320 Paschatc
1800 2296 1877 2319 retro

238 2353 376 2379 numeres,
391 2345 418 2372 in
435 2345 636 2374 hebdomadem
651 2347 758 2374 tertiam
783 2351 845 2382 post
855 2345 961 2374 Pascha
979 2347 1092 2382 incidit;
1109 2348 1183 2383 atqui
1201 2356 1275 2376 anno
1294 2349 1347 2376 587
1366 2357 1415 2385 per
1428 2355 1513 2377 totam
1531 2349 1605 2376 illam
1628 2349 1831 2377 hebdomadem
1847 2356 1877 2376 se

238 2402 347 2431 siluisse
361 2407 388 2430 et
405 2409 420 2430 a
435 2403 615 2431 concionibus
633 2401 799 2429 abstinuisse
823 2401 988 2429 testiﬁcatur
1003 2401 1220 2437 Chrysostomus
1234 2401 1313 2429 Hom.
1331 2402 1366 2429 XI
1383 2403 1417 2430 ad
1432 2405 1566 2439 populum
1579 2404 1796 2439 Antiochenum,
1812 2406 1877 2440 quia

241 2465 296 2488 tota
316 2459 426 2492 civitas,
442 2459 478 2486 ob
502 2459 654 2494 proximam
674 2467 735 2494 quin
763 2463 873 2494 propter
899 2466 1008 2486 eversas
1033 2462 1139 2486 statuas
1155 2458 1364 2493 exspectabatur
1392 2460 1536 2493 ultionem,
1557 2465 1676 2489 tremore
1706 2462 1878 2498 horroreque

238 2517 315 2555 [225]
337 2517 415 2553 plena
430 2522 499 2550 erat,
517 2525 549 2545 ac
566 2517 666 2553 singuli
683 2518 744 2552 plus
760 2519 794 2546 de
810 2517 873 2553 fuga
891 2517 1071 2553 capessenda,
1093 2525 1176 2553 quam
1193 2517 1227 2545 de
1244 2518 1379 2546 adeundis
1396 2519 1576 2547 concionibus
1588 2519 1756 2555 cogitabant.
1773 2520 1877 2548 Deinde

239 2578 262 2606 si
275 2577 303 2604 in
323 2579 399 2603 tanta
414 2574 492 2602 urbis
507 2574 665 2602 calamitate
677 2575 891 2602 catechumenos
905 2575 1041 2602 allocutus
1056 2579 1139 2607 esset,
1153 2583 1244 2602 annon
1261 2576 1402 2611 quidpiam
1415 2575 1449 2604 de
1464 2577 1510 2604 illa
1525 2576 1648 2604 omnium
1668 2577 1779 2604 animos
1794 2585 1879 2606 occu-

243 2635 325 2667 paute
341 2629 488 2658 formidine
506 2631 624 2666 carptim
637 2632 734 2660 saltem
751 2633 861 2662 loculus
876 2633 971 2661 esset?
986 2632 1022 2660 Ut
1036 2641 1101 2662 vero
1118 2640 1277 2669 argumenta
1293 2635 1338 2662 illa
1352 2635 1480 2664 subtilius
1495 2637 1665 2664 excutiamus
1681 2646 1687 2664 :
1707 2639 1784 2672 quod
1801 2638 1879 2673 prius

242 2689 349 2724 objicit,
371 2688 599 2724 Chrysostomum
617 2697 716 2724 nempe
730 2697 779 2724 per
791 2694 876 2717 totam
897 2690 1094 2718 bebdomadem
1112 2691 1217 2718 tertiam
1235 2691 1456 2728 Quadragesimze
1479 2692 1609 2726 tacuisse,
1625 2697 1654 2720 ut
1670 2693 1728 2729 ipse
1747 2695 1878 2722 testiﬁca-

241 2749 284 2771 tur
300 2744 378 2772 initio
394 2744 515 2772 homiliae
535 2745 685 2773 undecimae
700 2746 733 2773 ad
751 2745 882 2781 populum
898 2745 1109 2778 Antiochenum.
1126 2751 1209 2782 atque
1227 2747 1297 2774 adeo
1316 2755 1370 2775 non
1386 2749 1510 2783 potuisse
1534 2750 1579 2778 illa
1599 2751 1772 2779 hebdomade
1807 2751 1878 2780 hanc

239 2806 394 2834 calechesin
412 2806 533 2840 habere;
553 2806 590 2839 id,
612 2805 734 2840 inquam,
753 2805 796 2831 vel
813 2805 898 2839 ipsius
913 2804 1080 2832 Tillemontii
1096 2806 1201 2840 judicio
1218 2806 1322 2833 nullum
1337 2811 1380 2834 est
1399 2815 1406 2833 :
1431 2814 1494 2834 nam
1515 2807 1554 2835 ait
1573 2807 1683 2842 quidem
1709 2806 1879 2842 Chrysosto-

241 2872 312 2895 Inus.
327 2865 376 2892 Διὰ
396 2865 475 2892 τοῦτο
500 2867 547 2893 καὶ
570 2866 651 2901 ἡμεῖς
673 2863 722 2895 τὰς
746 2863 902 2899 ἔμπροσθεν
921 2863 1023 2896 ταύτας

1094 2866 1210 2900 βήσαμεν
1231 2865 1350 2901 ἡμέρας,
1376 2864 1440 2893 Ideo
1455 2873 1503 2893 nos
1527 2866 1567 2892 his
1581 2865 1763 2899 superioribus
1787 2864 1877 2890 diebus

242 2920 395 2953 lacuimus;
413 2923 460 2950 sed
475 2931 529 2950 non
547 2923 614 2950 dicit
627 2931 656 2950 se
671 2930 719 2957 per
738 2922 935 2950 hcbdomadem
952 2924 1087 2958 integram
1110 2924 1220 2952 siluisse
1233 2945 1240 2957 ,
1257 2930 1338 2960 atque
1365 2926 1426 2961 ipso
1451 2925 1552 2953 fatente
1579 2923 1754 2952 Tillemontio
1782 2931 1807 2958 p.
1829 2923 1875 2955 τί.

243 2978 331 3010 potuit
347 2978 416 3006 hanc
428 2980 588 3007 concionem
606 2981 639 3008 XI
655 2981 753 3009 habere
770 2982 822 3009 sub
840 2982 919 3010 tinent
953 2983 1132 3011 hebdomadis
1153 2985 1249 3017 tertiae,
1271 2985 1312 3013 vel
1345 2986 1423 3015 initio
1440 2992 1553 3022 quartas.
1581 2984 1717 3012 Ponamus
1745 2983 1876 3011 habuisse
