1983 3125
143 108 188 136 εει
558 105 601 133 ΔΙ)
618 102 873 133 ILLUMINANDOS
885 103 1098 134 CATECHESIS
1111 107 1131 134 l.
1149 122 1184 126 —
1199 106 1365 135 MONITUM.
1734 118 1787 145 92:3

144 166 206 199 Qua-
216 166 305 194 otnnia
319 167 522 202 ratiocinantes,
537 176 589 196 non
603 173 705 196 tantum
715 170 740 196 in
751 169 872 204 gravium
891 176 936 196 so-
992 170 1156 206 benignitate
1173 171 1223 199 sibi
1236 179 1342 206 semper
1355 172 1525 201 convenienti
1540 182 1547 200 ε
1564 181 1614 209 qua
1623 180 1673 200 nos
1680 180 1785 209 semper

145 213 250 245 lutiune,
268 221 362 241 verum
375 219 402 242 et
415 215 442 242 in
455 215 551 243 horum
567 215 747 250 permissione
761 223 869 250 semper
880 216 936 243 cle~
992 216 1120 250 fruentes,
1135 217 1261 244 caelorum
1275 225 1381 254 quoque
1390 226 1502 254 regnum
1516 220 1622 255 assequi
1634 220 1781 254 contingat,

146 259 307 286 mentissimo
322 260 378 288 Deo
393 261 494 296 gratias
508 269 627 297 agamus,
644 266 700 289 tum
712 270 745 289 ex
759 261 856 290 divinis
867 263 939 290 Scri-
991 264 1017 291 in
1027 263 1133 291 Christo
1141 263 1204 291 Jesu
1219 264 1332 292 Domino
1342 269 1445 298 nostro,
1461 265 1594 301 euigloria
1605 272 1631 294 et
1643 266 1784 302 imperium

146 305 234 339 pturis,
247 310 302 332 tum
314 313 347 333 ex
361 306 405 340 iis,
418 315 478 342 qua:
489 307 566 335 nobis
581 308 744 340 acciderunt.
765 308 853 336 edocti
877 316 938 336 cum
992 311 1020 338 in
1034 311 1130 339 szecula
1145 311 1316 339 saeculorum.
1326 312 1421 339 Amen.
1535 304 1537 306 ’

150 352 234 379 omnia
247 359 359 388 semper
372 352 406 381 ad
419 354 559 381 utilitatem
580 359 698 382 nostram
713 355 870 390 dispensare
879 362 938 382 cum

854 868 1054 900 MONITUM.

144 1085 211 1113 feria
226 1088 304 1112 sexta
319 1083 410 1111 tertia:
425 1082 623 1117 hebdomadis;
639 1090 702 1112 eum
716 1083 744 1111 in
757 1071 901 1111 sabbatum
917 1090 1036 1119 sequens
1053 1082 1175 1118 ejusdem
1191 1081 1369 1110 hebdomadis
1384 1079 1464 1108 cadat
1475 1080 1619 1116 trigesima
1632 1081 1691 1109 dies
1709 1089 1773 1112 ante

143 1142 256 1174 Pascha,
270 1141 326 1168 hac
339 1140 385 1168 die
399 1139 556 1168 catechesin
575 1139 712 1173 habuerit,
728 1139 852 1175 nihilque
867 1143 926 1167 tum
942 1139 1061 1168 ollicient
1077 1139 1161 1168 verba
1175 1139 1221 1167 illa
1233 1139 1354 1166 homiliae
1368 1138 1403 1166 Xl
1418 1139 1462 1167 die
1479 1139 1642 1174 praeedenti
1662 1140 1770 1173 habitat,

144 1199 194 1226 His
211 1186 395 1234 superioribus
412 1197 505 1225 diebus
519 1198 660 1226 tacuimus.
678 1197 793 1225 Etiamsi
808 1204 873 1224 vero
891 1204 1026 1232 ponamus
1038 1197 1162 1225 habitam
1179 1196 1264 1225 fuisse
1286 1197 1424 1224 homiliam
1440 1196 1611 1224 undecimam
1627 1197 1670 1224 die
1690 1197 1774 1225 Lttna:

145 1255 187 1282 vel
203 1254 270 1282 feria
284 1253 408 1282 secunda
423 1253 602 1281 hebdomadis
616 1258 740 1289 quartze:
757 1261 820 1281 eum
843 1253 914 1281 hanc
929 1253 1086 1280 catechesin
1114 1252 1148 1280 ad
1175 1252 1248 1280 solos
1263 1252 1377 1287 juvenes
1407 1253 1630 1286 catechumenos,
1659 1254 1773 1282 seclusis

147 1311 276 1340 omnibus
289 1311 362 1344 aliis,
379 1309 518 1343 habuerit,
533 1308 606 1344 quod
623 1309 716 1344 utique
731 1308 902 1344 exploratum
917 1312 970 1341 est,
985 1312 1058 1336 recte
1073 1307 1165 1335 dicere
1179 1308 1277 1342 potuit,
1293 1307 1360 1335 feria
1373 1307 1493 1336 secunda
1513 1309 1682 1343 insequenti,
1708 1310 1772 1338 dum

143 1378 232 1400 totum
246 1371 343 1407 populi
357 1375 460 1399 coetum
476 1369 677 1405 alloqueretur,
695 1377 724 1398 se
738 1369 857 1403 siluisse,
873 1369 921 1405 qui
933 1369 1093 1398 concionem
1107 1369 1141 1398 ad
1157 1377 1205 1398 eos
1223 1369 1326 1397 nullam
1343 1369 1532 1404 superioribus
1547 1370 1643 1398 diebus
1669 1370 1775 1398 habue-

144 1436 205 1458 rat:
219 1438 285 1458 nam
300 1430 441 1458 silentium
459 1426 526 1456 illud
539 1433 586 1454 eos
599 1426 673 1454 solos
688 1426 810 1461 respicit,
825 1433 895 1460 quos
911 1429 968 1452 tum
984 1425 1144 1460 alloquitur.

184 1524 238 1552 Sed
257 1524 308 1560 qui
324 1523 382 1552 ﬁeri
398 1527 500 1559 potest,
514 1524 604 1559 pergit
617 1522 820 1555 Tillemontius,
839 1526 870 1550 ut
883 1525 956 1550 tanta
972 1522 1091 1550 instante
1106 1522 1263 1555 formidine,
1278 1530 1341 1550 eum
1358 1523 1453 1560 ingens
1469 1524 1612 1552 calamitas
1631 1530 1774 1560 exspectav-

144 1586 226 1614 retur,
243 1589 278 1609 ne
299 1580 415 1608 verbum
431 1579 544 1616 quidem
559 1580 594 1608 de
607 1579 653 1607 illa
671 1579 698 1606 in
713 1578 764 1606 hac
778 1578 915 1606 catechesi
932 1577 1038 1607 faciat?
1054 1579 1153 1607 Fateor
1171 1579 1236 1608 hinc
1248 1579 1314 1607 mihi
1327 1580 1468 1616 quidpiam
1480 1581 1602 1615 scrupuli
1618 1581 1697 1615 oriri,
1718 1589 1779 1610 non.

145 1641 207 1669 tanti
228 1645 337 1674 tamen,
355 1645 386 1668 ut
398 1647 443 1668 me
461 1648 476 1668 a
492 1637 625 1667 sententia
639 1637 786 1664 dimoveat.
803 1635 871 1663 Nam
890 1643 953 1671 quae
967 1635 1002 1662 ad
1018 1635 1201 1663 calamitatem
1219 1635 1293 1662 illam
1312 1635 1352 1662 vel
1367 1635 1567 1670 imminentem,
1580 1637 1623 1664 vel
1639 1638 1772 1673 aliquate-

148 1705 198 1725 nus
213 1697 339 1725 sedatam
361 1697 533 1732 spectabant,
549 1695 578 1722 in
594 1699 667 1723 cmtu
681 1694 793 1729 quidem
809 1693 876 1722 etin
889 1693 1069 1722 concionibus
1085 1693 1218 1728 publicis,
1232 1693 1391 1731 παθητικῶς
1419 1693 1572 1723 describere
1598 1697 1701 1725 solebat
1721 1707 1728 1726 ;
1745 1699 1773 1725 in

144 1755 280 1784 catechesi
293 1762 360 1782 vero
374 1754 408 1786 ad
421 1754 496 1782 solos
507 1753 636 1790 juvenes,
651 1753 699 1789 qui
719 1753 747 1780 in
760 1752 893 1781 Paschate
907 1751 1081 1780 illuminandt
1097 1756 1186 1784 erant,
1204 1751 1307 1784 habita,
1339 1759 1404 1779 eum
1429 1751 1462 1779 de
1479 1753 1533 1780 illis
1548 1753 1582 1781 ad
1607 1754 1773 1789 baptismum

142 1813 334 1848 accipiendum
351 1813 524 1843 instituendis
543 1818 650 1842 tantum
672 1818 809 1850 ageretur,
822 1813 912 1849 putuit
926 1812 1139 1849 Chrysostomus
1154 1819 1170 1840 a
1195 1811 1370 1847 deplorandis
1388 1811 1551 1848 huiusmodi
1572 1814 1782 1843 calamitatibus.

144 1871 292 1906 abstinere,
311 1879 413 1908 easque
427 1872 461 1901 ad
472 1873 621 1909 populares
635 1873 763 1902 homilias
777 1880 928 1902 reservare.

174 1974 263 2002 Aliam
282 1973 349 2000 huic
363 1972 557 2008 subiungimus
574 1973 740 2006 catechesin,
754 1979 815 2008 qua:
830 1973 962 2001 hactenus
979 1973 1050 2000 inter
1065 1972 1193 2000 homilias
1210 1972 1245 2000 ad
1262 1972 1393 2008 populum
1409 1972 1610 2001 Antiochenum
1626 1979 1654 2002 et
1667 1974 1701 2002 de
1716 1980 1772 2002 sta,

145 2033 197 2061 tuis
214 2033 346 2060 vicesima
358 2031 448 2067 prima
463 2031 595 2059 collocata
609 2032 710 2059 fuerat.
723 2030 903 2059 Pronuntiata
915 2034 1006 2058 autem
1024 2029 1088 2062 fuit,
1103 2034 1133 2057 ut
1149 2029 1188 2057 ait
1205 2029 1284 2057 initio
1308 2029 1534 2064 Chrysostomus,
1564 2029 1659 2056 decem
1675 2029 1774 2058 diebus

147 2098 205 2129 post
221 2093 305 2120 aliam
322 2090 488 2123 catechesin,
504 2097 587 2125 quam
601 2090 628 2117 in
643 2090 737 2117 eadem
755 2089 815 2124 ipsa
828 2087 1043 2124 Quadragesima
1059 2087 1205 2115 habuerat.
1220 2085 1279 2114 Etsi
1301 2094 1366 2115 vero
1384 2095 1438 2116 non
1460 2089 1547 2117 ausim
1568 2090 1704 2118 altirmare
1725 2099 1772 2119 ca-

140 2148 267 2177 techesin
282 2147 369 2179 illam,
386 2154 448 2181 qua:
465 2145 493 2173 in
508 2145 560 2173 hac
573 2146 652 2181 quasi
667 2146 761 2173 decem
780 2149 844 2173 ante
856 2145 953 2173 diebus
967 2144 1062 2173 habita
1076 2148 1255 2177 memoratur,
1271 2151 1332 2172 eam
1352 2152 1428 2179 esse,
1449 2154 1531 2176 quam
1552 2148 1670 2183 primam
1694 2150 1773 2184 poni-

142 2216 215 2242 mus,
230 2207 302 2236 nihil
318 2211 407 2234 tamen
426 2208 558 2240 repugnat
572 2204 695 2231 eamdem
709 2203 796 2239 ipsam
809 2211 890 2232 esse:
914 2203 1052 2239 siquidem
1068 2203 1127 2231 haec
1155 2203 1269 2238 perinde
1293 2207 1375 2238 atque
1400 2204 1447 2232 illa
1465 2206 1548 2240 paulo
1570 2211 1632 2242 post
1660 2215 1770 2236 eversas

140 2273 246 2297 statuas
259 2266 353 2294 habita
368 2264 455 2292 fuisse
468 2264 586 2297 videtur,
605 2269 635 2292 ut
654 2271 688 2291 ex
711 2262 745 2291 iis
759 2271 821 2299 qua:
846 2264 880 2292 de
899 2263 945 2291 illa
961 2264 1020 2300 ipsa
1048 2269 1201 2292 statuarum
1233 2265 1376 2293 eversione
1402 2266 1542 2301 dicuntur,
1567 2268 1645 2304 argui
1671 2273 1771 2304 potest.

137 2328 216 2362 Quod
229 2332 323 2356 autem
348 2327 384 2354 de
400 2325 565 2361 juramentis
584 2324 652 2351 nihil
672 2324 781 2357 habeat,
803 2327 900 2352 contra
924 2332 1006 2360 quam
1030 2325 1058 2352 in
1074 2324 1203 2353 omnibus
1222 2333 1271 2361 per
1294 2326 1369 2353 illam
1397 2326 1643 2364 Quadragesimam
1669 2330 1771 2358 habitis

139 2387 324 2416 eoncionibus
337 2387 509 2419 observatur,
524 2386 570 2414 ubi
587 2394 694 2421 semper
714 2386 748 2413 de
770 2386 930 2420 juramento
946 2385 1060 2413 vitando
1086 2386 1159 2414 circa
1187 2385 1269 2414 ﬁnem
1294 2386 1405 2421 agitur;
1433 2389 1470 2420 id,
1498 2387 1620 2424 inquam,
1646 2389 1771 2416 nonnihil

138 2446 264 2481 scrupuli
282 2452 393 2473 movere
409 2446 494 2480 possit
508 2454 515 2478 ;
530 2447 588 2480 sed,
610 2451 640 2474 ut
652 2455 732 2474 nemo
748 2454 802 2474 non
816 2446 900 2480 videt,
915 2454 971 2474 non
988 2446 1049 2474 talis
1064 2446 1210 2482 scrupulus
1224 2451 1277 2479 est,
1307 2446 1356 2482 qui
1376 2446 1451 2475 solus
1465 2447 1493 2474 in
1522 2446 1664 2475 adversam
1680 2448 1771 2475 trahat

135 2503 312 2531 sententiam.
328 2503 398 2532 Utut
411 2512 475 2533 vero
488 2505 533 2538 sit,
551 2506 621 2534 hanc
634 2506 790 2534 catechesin
811 2506 959 2534 secundam
978 2506 1168 2540 inscribimus,
1182 2507 1246 2543 quia
1265 2512 1327 2543 post
1340 2507 1425 2540 illam,
1447 2515 1530 2543 quam
1554 2507 1673 2544 priorem
1690 2508 1769 2542 poni-

135 2570 205 2595 mus,
225 2563 329 2590 dictam
343 2562 432 2591 fuisse
445 2564 621 2594 arbitramur.
637 2566 713 2594 Hanc
739 2574 821 2601 porro
833 2567 982 2595 secundam
1005 2567 1160 2596 catechesin
1193 2575 1248 2596 non
1273 2575 1334 2596 esse
1361 2567 1436 2595 illam
1462 2574 1523 2603 qua:
1546 2571 1715 2594 memoratur
1742 2566 1769 2594 in

133 2621 251 2650 ltomilia
274 2621 316 2650 De
326 2623 437 2650 diabolo
455 2627 594 2658 cantatore,
609 2627 636 2652 in
650 2626 775 2661 sequenti
791 2626 895 2654 Monito
910 2627 1072 2662 probamus.

165 2721 267 2750 Primae
285 2723 469 2751 catecheseos
487 2723 736 2759 interpretationem
753 2725 878 2753 Latinam
899 2725 1045 2761 anonymi,
1063 2733 1124 2761 quae
1140 2726 1166 2753 in
1184 2725 1264 2754 editis
1280 2725 1428 2758 ferebatur,
1436 2728 1531 2760 utpote
1549 2723 1703 2751 intricatam
1716 2723 1770 2750 mi-

131 2789 236 2814 nusquc
253 2785 392 2809 accurate
407 2780 610 2818 concinnatam,
628 2783 784 2820 rejecimus,
805 2791 960 2820 novamque
971 2783 1139 2820 paravimus.
1155 2782 1413 2819 lnterpretationem
1430 2791 1495 2812 vero
1505 2782 1631 2813 secunda:
1645 2781 1778 2811 cateche-r

129 2846 187 2868 sees
205 2839 345 2867 tiernardi
366 2838 507 2872 Brixiani,
518 2839 622 2874 aliquot
636 2840 664 2868 in
680 2840 750 2869 locis
769 2840 952 2875 emendatam,
969 2849 984 2870 e
998 2840 1109 2876 regione
1125 2839 1280 2869 Graecorum
1299 2841 1440 2876 ponimus.
