1983 3125
537 97 566 126 S.
580 98 720 128 JOANNIS
733 98 969 127 CHRYSOSTOMI
984 98 1141 126 ARClllEP.
1157 98 1424 128 CONSTANTINOP.

1780 102 1832 129 224

182 248 1825 262 Μ

587 408 688 463 ΟΑ
694 407 798 463 ΤΕ
804 409 1080 465 CHESIS
1112 408 1386 463 PRIMA

189 571 230 596 ΑΒ
251 572 499 601 ιιιωηΜΝυος,
515 573 555 594 ΕΤ
575 574 637 595 CUR
659 574 828 596 ιΑνΑειιυΜ
856 575 980 597 REGENE

1028 575 1142 600 TIONIS,
1166 573 1227 594 NON
1251 573 1359 596 AUTEM
1396 571 1593 595 REMISSIONIS
1618 572 1827 594 PECCATORU!

226 623 365 645 DICATUR
389 624 396 644 ζ

225 673 328 696 RECTE
349 673 501 698 ιυιιιζυυε.

220 895 246 923 1.
266 895 350 929 Quam
365 894 549 923 desiderabilis
563 894 738 928 amabilisque
754 893 831 921 nobis
843 897 885 921 est
899 892 975 928 juve-

183 948 247 969 num
261 941 371 969 fratrum
385 940 499 969 chorus!
514 949 561 968 vos
575 942 645 968 enim
666 940 761 968 fratres
775 940 816 967 vel
840 944 901 967 ante
917 947 977 974 par-

183 990 239 1014 tum
253 994 330 1019 voco,
346 994 492 1021 eorumque
504 986 549 1022 qui
564 986 683 1014 nondum
699 986 752 1012 nati
766 989 828 1013 sunt
839 985 977 1020 cognatio-

181 1040 244 1060 nem
257 1033 412 1068 amplector.
424 1032 490 1061 Novi
503 1033 611 1068 quippe,
627 1032 752 1067 clareque
765 1032 836 1064 novi,
851 1032 877 1059 in
888 1039 973 1066 quan-

182 1085 238 1107 tum
267 1079 415 1113 honorem,
442 1080 468 1107 in
493 1085 620 1115 quantum
643 1079 820 1114 principatum
846 1077 976 1106 evehendt

181 1125 250 1152 sitis.
261 1125 316 1153 Eos
330 1130 430 1159 autem,
441 1125 486 1160 qui
507 1125 683 1160 principatum
697 1125 832 1159 accepturi
845 1128 917 1157 sunt,
934 1123 976 1151 vel

181 1175 323 1206 antequam
337 1171 477 1206 accipiant,
502 1171 589 1199 solent
608 1178 701 1198 omnes
723 1170 866 1204 honorare,
880 1175 909 1197 ut
924 1170 976 1197 hu-

180 1216 295 1251 iusmodi
307 1216 435 1252 obsequio
450 1224 543 1244 eorum
560 1216 610 1248 sibi
623 1216 835 1247 benevolentiam
856 1215 888 1244 ad
904 1215 975 1243 lutu-

181 1269 240 1289 rum
266 1262 435 1290 commodum
460 1266 578 1298 captent.
605 1262 662 1291 Hoc
684 1267 711 1290 ct
734 1270 784 1297 ego
809 1262 897 1295 facio;
921 1270 975 1290 non

180 1307 267 1335 solum
282 1307 353 1335 enim
367 1307 400 1334 ad
423 1307 610 1343 principatum,
635 1307 682 1335 sed
704 1308 737 1335 ad
757 1308 842 1343 ipsum
864 1316 974 1344 regnum

182 1353 355 1387 promovendi
373 1353 455 1386 estis;
472 1355 527 1380 imo
545 1360 598 1380 non
619 1353 652 1380 ad
674 1361 785 1388 regnum
807 1353 973 1388 simpliciter,

180 1400 227 1427 sed
241 1399 273 1427 ad
289 1407 398 1435 regnum
414 1400 550 1427 caelorum.
564 1400 741 1433 Quamobrem
760 1408 808 1427 oro
820 1404 900 1435 atque
912 1407 975 1436 sup-

181 1447 263 1481 plico,
290 1451 319 1474 ut
345 1454 406 1474 cum
431 1447 464 1474 ad
492 1455 602 1482 regnum
626 1447 690 1475 illud
716 1447 901 1482 perveneritis,
922 1449 974 1476 mei

181 1493 401 1526 reminiscamini.
413 1493 542 1528 Quodque
553 1493 652 1528 Joscph
664 1494 851 1528 pincernarum
862 1495 974 1529 principi

180 1538 294 1570 «licebat,
317 1537 443 1566 Memento
459 1539 506 1565 mei
526 1546 583 1566 cum
606 1538 667 1565 bene
686 1538 730 1565 tibi
745 1539 820 1573 fuerit
836 1538 911 1576 (Gen.
927 1540 971 1572 40,

180 1584 237 1620 14),
254 1584 279 1611 id
301 1588 328 1611 et
349 1592 419 1611 nunc
433 1584 493 1612 dico
507 1584 583 1612 vobis
597 1593 604 1612 :
619 1584 751 1612 Memento
766 1585 818 1613 mei
829 1592 889 1612 cum
906 1585 974 1613 bene

179 1629 255 1657 vobis
269 1629 356 1657 luerit.
370 1629 428 1657 Non
444 1630 513 1658 hanc
531 1634 560 1657 ut
577 1630 622 1658 ille
633 1630 797 1658 somniorum
812 1631 973 1666 interpreta-

180 1675 258 1703 tionis
268 1675 420 1704 mercedem
436 1676 541 1711 postulo
553 1685 560 1703 :
575 1684 628 1704 non
639 1677 710 1704 enim
724 1677 798 1704 vobis
809 1678 972 1705 somniorum

180 1722 313 1757 interpres
327 1722 440 1756 accessi,
455 1721 503 1750 sed
517 1722 633 1750 caulestia
649 1727 814 1755 narraturus,
829 1723 972 1751 annuntia-

179 1772 308 1803 turusque
327 1768 396 1795 bona
416 1768 472 1801 illa,
489 1768 553 1805 Qum
573 1776 618 1795 nec
637 1768 726 1795 oculus
747 1768 818 1802 vidit,
842 1777 887 1796 nec
904 1770 974 1797 auris

179 1813 285 1847 audiuit,
300 1821 346 1840 nec
355 1814 383 1840 in
395 1821 439 1841 τοι·
451 1813 559 1841 hominis
569 1814 737 1840 ascenderunt
755 1814 794 1849 (l.
809 1813 869 1842 Cor.
883 1814 910 1842 2.
922 1814 950 1849 9)
964 1823 971 1842 :

179 1859 242 1887 talia
263 1863 325 1887 sunt
348 1867 390 1893 ea,
407 1859 472 1893 Quae
492 1860 645 1895 praeparavit
664 1859 734 1887 Deus
755 1860 916 1896 diligentibus
935 1869 971 1887 se.

167 1905 279 1941 'Joseph
293 1905 399 1940 quidem
413 1907 548 1940 piuceruze
563 1905 602 1933 illi
615 1905 730 1938 dicebat,
745 1905 836 1933 Adhuc
848 1906 970 1939 triduum,

177 1956 202 1978 et
213 1952 325 1978 restituet
356 1956 382 1978 te
407 1951 512 1978 Pharao
539 1951 567 1978 in
595 1952 765 1986 principatum
797 1952 973 1987 pincemarum

177 1995 254 2032 (Gen.
274 1997 321 2025 40.
336 1997 378 2024 l2.
395 1997 442 2032 l5)
459 2006 466 2025 :
482 2005 533 2032 ego
552 2005 617 2025 vero
641 2005 694 2027 non
714 1998 784 2029 dico,
807 1998 900 2028 Adhuc
922 1999 972 2026 tri-

177 2042 270 2076 duum,
294 2047 321 2070 ct
335 2042 469 2078 pincernaa
483 2043 587 2079 tyranni
602 2043 801 2077 constituemini
813 2053 821 2077 ;
844 2045 902 2078 sed,
916 2045 972 2072 Ad-

177 2087 230 2115 huc
242 2087 348 2123 triginta
362 2087 432 2120 dies,
449 2092 476 2116 et
498 2083 620 2116 restituet
638 2096 696 2122 vos,
718 2096 771 2116 non
784 2089 899 2123 Pharao,
924 2089 971 2117 sed

176 2133 302 2161 caelorum
324 2133 381 2162 Rex
405 2134 432 2162 in
456 2142 600 2170 supernam
627 2135 750 2170 patriam,
773 2136 799 2163 in
823 2136 971 2164 Jerusalem

177 2179 250 2209 illam
273 2180 394 2212 liberam,
417 2181 444 2207 in
464 2181 598 2208 civitatem
618 2181 763 2209 cmlestem.
787 2181 834 2209 ltle
855 2182 970 2217 dicebat,

178 2223 258 2251 Dubis
281 2225 385 2252 calicem
403 2225 430 2252 in
454 2233 543 2253 manu:
559 2225 703 2254 Pharaonis
715 2225 825 2263 (lbid.);
838 2235 888 2263 ego
908 2236 971 2256 vero

177 2277 230 2298 non
245 2269 305 2298 dico
319 2279 326 2298 :
342 2271 443 2298 Dabitis
455 2272 566 2299 calicem
580 2272 607 2299 in
629 2280 724 2300 manus
739 2273 825 2308 regis;
840 2273 898 2308 sed,
913 2275 971 2310 lpse

176 2315 234 2342 Rex
250 2315 276 2342 in
287 2322 394 2343 manum
405 2316 481 2344 vobis
493 2318 579 2345 tradet
589 2318 698 2346 calicem
710 2319 784 2346 illum
797 2319 970 2354 horrendum,

177 2361 259 2389 multa
273 2361 380 2396 plenum
395 2362 493 2390 virtute
514 2368 595 2398 atque
609 2369 721 2400 utraque
735 2369 855 2393 creatura
871 2367 971 2401 pretio-

176 2409 287 2436 siorem.
307 2407 402 2436 Sciunt
414 2409 510 2437 initiati
522 2410 615 2438 calicis
628 2411 706 2446 hujus
722 2413 857 2445 virtutem,
871 2420 972 2448 vosque

178 2454 259 2489 paulo
285 2458 345 2489 post
369 2454 459 2482 scietis
470 2455 518 2490 (α).
542 2455 704 2484 Mementote
722 2457 802 2492 igitur
823 2459 886 2492 mei,
909 2466 970 2485 cum

176 2498 305 2526 veneritis
326 2499 354 2526 in
376 2507 487 2534 regnum
512 2500 577 2528 illud
599 2509 658 2528 cum
679 2503 768 2537 regale
783 2503 971 2531 vestimentum

176 2546 346 2581 acceperitis,
368 2554 429 2573 cum
445 2554 560 2581 purpura
581 2548 719 2576 Dominico
741 2550 869 2585 sanguine
889 2551 970 2578 tincta

178 2591 337 2625 induemini,
361 2599 421 2619 cum
435 2592 585 2620 diademate
604 2594 650 2621 illo
663 2595 778 2622 redimiti
793 2596 876 2629 eritis,
896 2597 971 2631 cujus

177 2638 263 2673 fulgor
276 2639 394 2674 undique
415 2639 533 2668 emicans
558 2640 690 2668 solaribus
711 2642 792 2670 radiis
808 2642 972 2677 splendidior

176 2689 228 2713 est.
244 2684 317 2713 Talia
328 2685 426 2721 quippe
437 2690 500 2714 sunt
513 2687 603 2721 sponsi
615 2695 734 2719 munera,
751 2687 850 2722 majora
864 2688 970 2724 quidem

177 2731 304 2766 dignitate
316 2737 417 2767 vestra,
431 2733 478 2761 sed
491 2733 549 2768 ejus
563 2733 729 2769 benignitate
742 2733 831 2769 digna.

208 2798 246 2832 (α)
261 2799 431 2831 (attachment
442 2806 490 2826 non
501 2800 612 2830 sciebant
622 2801 762 2832 mysterium
773 2799 862 2830 calicis.

420 623 569 650 QUODQUE
591 625 809 648 PERICULOSUM
830 625 889 653 SIT,
913 625 974 648 NON
996 625 1085 648 MODO
1107 623 1279 651 PEJERARE,

1314 623 1372 645 SRD
1401 623 1501 647 ΕΤΙΔΜ
1529 623 1664 651 JURARE,
1700 621 1828 644 ΕἸΊΔΜἛΙ

1067 891 1106 919 De
1122 892 1153 919 iis
1167 893 1210 926 qui
1225 893 1374 926 baptismum
1393 893 1427 920 ad
1449 901 1526 929 usque
1547 898 1651 920 mortem
1665 894 1826 927 differebant.

1030 953 1065 958 -—
1079 938 1140 966 Ideo
1149 938 1204 973 jam
1213 947 1271 972 vos,
1283 944 1425 974 antequam
1440 939 1465 966 iu
1477 947 1582 966 sacrum
1594 939 1666 967 illum
1677 941 1826 967 thalaumm

1032 984 1226 1019 ingrediamiui,
1240 986 1332 1013 beatos
1343 986 1458 1021 [medico
1470 995 1477 1014 :
1492 994 1541 1014 nec
1553 986 1645 1014 beatos
1658 987 1744 1014 solum
1757 995 1827 1022 pra;-

1031 1030 1102 1063 dico,
1117 1030 1162 1058 scd
1176 1031 1256 1059 etiam
1270 1031 1348 1059 laudo
1360 1037 1464 1067 gratum
1478 1036 1594 1060 vestrum
1607 1033 1739 1066 animum,
1754 1034 1825 1068 quod

1031 1084 1084 1104 non
1107 1077 1176 1105 sicut
1191 1078 1406 1113 negligentiores,
1424 1078 1456 1105 ad
1479 1079 1639 1113 baptismum
1656 1080 1682 1106 in
1702 1085 1825 1107 extremo

1031 1122 1115 1150 halitu
1128 1123 1263 1151 accedatis
1276 1133 1283 1156 ;
1297 1124 1345 1151 sed
1356 1124 1410 1159 jam
1426 1124 1488 1152 inde
1500 1126 1575 1159 quasi
1589 1125 1663 1160 probi
1675 1126 1825 1158 domestici,

1030 1167 1065 1195 ad
1080 1168 1281 1204 obsequendum
1297 1177 1392 1204 magna
1403 1169 1588 1198 benevolentia
1604 1171 1717 1198 Domino
1729 1173 1824 1207 parati,

1030 1214 1126 1241 anima:
1140 1214 1237 1242 collum
1258 1215 1340 1242 multa
1359 1223 1418 1242 cum
1435 1216 1567 1250 probitate
1580 1222 1607 1244 et
1620 1217 1756 1245 alacritate
1775 1219 1826 1246 sub

1028 1259 1121 1295 jugum
1137 1259 1236 1288 Christi
1257 1261 1426 1294 induxeritis,
1448 1263 1594 1297 jugumque
1609 1262 1674 1290 illud
1697 1271 1780 1291 suave
1796 1269 1826 1292 et

1029 1313 1098 1334 onus
1113 1307 1170 1335 leve
1184 1308 1367 1342 susceperitis.
1385 1308 1460 1336 Licet
1475 1309 1545 1336 enim
1562 1313 1614 1336 tam
1626 1317 1683 1342 vos,
1700 1317 1780 1343 quam
1795 1311 1824 1342 ii,

1029 1351 1110 1387 quiin
1122 1352 1184 1379 vita:
1196 1353 1267 1380 exitu
1281 1353 1429 1386 initiantur,
1441 1361 1531 1388 parem
1545 1354 1657 1389 gratiam
1673 1355 1824 1390 accipiatis,

1029 1403 1057 1426 at
1075 1398 1220 1426 voluntatis
1245 1399 1421 1434 propositum,
1442 1405 1637 1435 apparatusque
1661 1409 1749 1428 rerum
1772 1410 1827 1430 non

1029 1444 1087 1480 pari
1099 1444 1180 1472 modo
1194 1452 1224 1472 se
1235 1444 1346 1473 habent.
1361 1445 1403 1472 llli
1418 1453 1535 1481 namque
1554 1447 1580 1473 in
1596 1447 1667 1474 lecto
1679 1448 1825 1482 accipiunt,

1029 1499 1077 1519 vos
1094 1496 1183 1520 autem
1205 1492 1231 1520 in
1248 1492 1374 1520 Ecclesia:
1394 1493 1544 1523 communis
1563 1494 1681 1521 omnium
1703 1500 1824 1522 nostrum

1028 1539 1121 1566 matris
1139 1539 1216 1570 sinu;
1231 1538 1269 1565 illi
1283 1538 1377 1566 lleutcs
1390 1543 1419 1566 et
1433 1539 1623 1575 laerymautes,
1641 1547 1690 1567 vos
1703 1540 1825 1575 gauden-

1028 1590 1069 1612 tes
1080 1591 1160 1620 atque
1173 1586 1309 1618 lmtantcs;
1326 1586 1361 1612 illi
1371 1590 1569 1620 gementes,vos
1578 1586 1677 1621 gratias
1687 1592 1797 1621 agentes
1810 1595 1818 1617 ;

1028 1631 1066 1661 illi
1081 1631 1148 1659 febri
1162 1631 1305 1659 admodum
1321 1631 1482 1665 laborantes,
1502 1639 1550 1658 vos
1562 1632 1644 1659 multa
1660 1632 1731 1666 pleni
1744 1633 1824 1667 spiri‘

1028 1677 1091 1704 tuali
1107 1677 1252 1712 voluptate.
1267 1677 1435 1712 Quapropter
1457 1676 1500 1705 hic
1523 1678 1613 1705 omnia
1637 1678 1698 1705 huic
1717 1679 1825 1705 muneri

1028 1724 1201 1757 conveniunt,
1215 1724 1270 1752 illic
1281 1725 1371 1754 omnia
1385 1728 1448 1752 sunt
1464 1725 1567 1752 muneri
1579 1725 1712 1755 contraria
1726 1734 1732 1751 :
1745 1725 1825 1753 {lctus

1028 1778 1125 1805 nempe
1151 1777 1183 1798 ac
1205 1770 1320 1805 gemitus
1342 1777 1446 1803 eorum,
1471 1771 1516 1805 qui
1539 1770 1693 1802 initiantur;
1716 1770 1826 1798 adstant

1028 1816 1103 1851 pueri
1123 1816 1254 1851 lugentes,
1279 1823 1346 1843 uxor
1359 1823 1442 1851 genas
1464 1816 1595 1850 lacerans,
1620 1817 1697 1844 amici
1720 1817 1822 1850 tristes,

1027 1863 1168 1890 domestici
1181 1862 1372 1899 lacrymantes,
1386 1867 1441 1890 tota
1454 1862 1551 1891 domus
1562 1864 1665 1898 species
1680 1863 1824 1891 hibernum

1027 1913 1055 1937 et
1071 1909 1245 1944 caliginosum
1258 1909 1331 1936 diem
1356 1909 1484 1936 imitatur.
1508 1908 1584 1942 Quod
1606 1909 1629 1937 si
1642 1909 1757 1944 jacentis
1775 1917 1824 1937 cor

1026 1956 1164 1987 scruteris,
1185 1955 1217 1982 iis
1241 1955 1366 1983 omnibus
1379 1955 1480 1983 tristius
1501 1955 1631 1991 reperies.
1646 1955 1824 1990 Quemadmo.

1026 2000 1090 2028 dum
1106 2001 1177 2028 enim
1201 2001 1272 2028 venti
1288 2009 1385 2036 magno
1399 2001 1499 2036 impetu
1522 2001 1566 2028 alii
1582 2002 1640 2029 aliis
1654 2009 1686 2028 ex
1708 2002 1823 2029 adverso

1026 2046 1121 2074 ﬂantes
1130 2047 1227 2074 multas
1241 2046 1267 2074 in
1287 2051 1376 2082 partes
1390 2047 1499 2082 pelagus
1513 2047 1634 2074 dividunt
1650 2056 1656 2074 :
1668 2047 1706 2074 sic
1721 2048 1824 2083 cogita-

1026 2093 1113 2120 tiones
1126 2096 1190 2119 tunc
1210 2092 1390 2127 ingruentium
1406 2092 1550 2125 malorum,
1567 2092 1631 2127 aegri
1646 2092 1766 2119 animum
1783 2093 1824 2120 in-

1026 2139 1163 2170 vadentes,
1179 2138 1206 2166 in
1220 2139 1318 2166 multas
1332 2138 1524 2166 sollicitudines
1546 2139 1616 2165 illius
1635 2144 1753 2166 mentem
1770 2139 1826 2166 dis—

1026 2185 1146 2212 trahunt.
1163 2185 1190 2213 Si
1207 2185 1276 2213 lilios
1288 2185 1424 2219 respiciat,
1436 2185 1542 2212 illorum
1553 2184 1696 2212 orbitatem
1705 2185 1821 2220 cogitat;

1026 2231 1049 2263 si
1062 2238 1182 2264 uxorem,
1194 2231 1251 2266 ejus
1262 2230 1416 2263 viduitatem
1427 2231 1597 2263 considerat;
1611 2230 1633 2257 si
1645 2230 1821 2263 domesticus,

1026 2276 1121 2304 domus
1139 2276 1309 2304 solitudinem
1333 2283 1424 2304 secum
1449 2281 1569 2311 reputat;
1596 2276 1618 2303 si
1644 2275 1678 2302 ad
1703 2277 1822 2310 scipsum

1026 2328 1205 2356 convertatur,
1220 2329 1378 2358 prmsentem
1393 2322 1473 2349 vitam
1488 2324 1514 2349 iu
1528 2322 1684 2349 memoriam
1700 2326 1822 2356 revocat,

1026 2374 1106 2404 atque
1120 2369 1236 2396 instante
1249 2370 1427 2404 separatione,
1447 2376 1571 2404 magnam
1585 2369 1720 2397 mmstitite
1734 2369 1822 2396 nebu-

1026 2416 1079 2443 lam
1099 2415 1206 2449 cxcipit.
1230 2415 1304 2448 Talis
1327 2423 1389 2446 mox
1412 2415 1532 2442 initiandi
1555 2416 1660 2443 animus
1682 2420 1733 2443 est.
1754 2415 1823 2443 lliuc

1026 2461 1096 2489 inter
1109 2462 1250 2489 tumultum
1261 2461 1541 2496 perturbationemque
1556 2460 1718 2496 hujusmodi,
1734 2461 1823 2496 ingre-

1025 2509 1097 2536 ditur
1111 2508 1235 2536 sacerdos
1255 2508 1312 2543 ipsa
1325 2507 1392 2536 febri
1406 2507 1609 2539 formidabilior,
1626 2511 1706 2543 atque
1726 2509 1821 2542 (egroti

1026 2554 1181 2589 propinquis
1192 2553 1247 2588 ipsa
1258 2558 1346 2581 morte
1359 2553 1510 2580 immanior.
1522 2553 1588 2580 Nam
1600 2553 1640 2580 vel
1654 2553 1710 2588 ipsa
1720 2553 1822 2580 medici

1026 2600 1191 2635 deploratam
1211 2600 1269 2635 ejus
1283 2599 1461 2630 valetudinem
1477 2599 1638 2626 declarantis
1654 2606 1719 2626 voce
1735 2599 1823 2633 major

1026 2646 1185 2681 desperandi
1202 2653 1282 2673 causa
1306 2653 1366 2673 esse
1381 2649 1487 2680 putatur
1502 2645 1650 2680 presbyteri
1671 2645 1821 2679 ingressus,

1027 2697 1106 2727 atque
1122 2692 1159 2725 id,
1175 2692 1245 2727 quod
1261 2696 1369 2720 mternte
1384 2692 1444 2719 vitae
1457 2695 1642 2726 argumentum
1657 2695 1709 2723 est,
1726 2691 1822 2717 mortis

1026 2738 1175 2774 symbolum
1191 2745 1250 2765 esse
1264 2742 1380 2772 putatur.
1394 2737 1428 2764 At
1442 2737 1559 2765 nondum
1573 2735 1751 2771 colophouem
1766 2744 1820 2763 ma-

1026 2785 1059 2813 lis
1072 2784 1162 2812 addidi
1176 2793 1180 2810 ε
1197 2783 1302 2818 interim
1319 2784 1415 2819 quippe
1428 2782 1650 2815 tumultuantibus
1662 2788 1689 2810 ct
1704 2789 1766 2810 sese
1776 2789 1823 2819 ap-
