1983 3125
162 111 212 138 9.53

165 167 320 202 parantibus
332 166 498 203 propinquis.
520 171 590 199 smpc
612 163 698 190 anima
720 168 817 195 corpus
829 160 954 186 deserens

165 215 294 241 abscessit
317 222 324 240 :
346 215 400 241 imo
423 212 543 247 plurimis
562 211 601 238 vel
622 216 739 245 praesens
760 207 823 235 nihil
847 205 954 239 profuit.

166 262 231 289 Cum
252 261 324 287 enim
349 268 435 294 neque
449 262 592 293 praesentes
615 255 744 291 agnoscit,
759 260 847 287 neque
864 258 955 278 vocem

169 307 248 337 endit,
273 313 360 339 neque
384 306 427 332 illa
452 303 615 338 respondere
641 301 721 328 verba
744 302 841 335 potest,
861 297 956 332 quibus

170 354 273 380 beatam
300 360 361 380 cum
385 351 502 378 omnium
528 353 646 376 nostrum
670 346 782 374 Domino
807 344 955 379 pactionem

168 400 292 434 deponat,
322 397 367 426 sed
393 401 434 424 est
451 395 526 431 quasi
548 395 647 430 lignum
673 393 765 420 inutile
784 391 825 418 vel
842 390 919 424 lapis,
940 396 956 416 a

170 450 329 479 mortuoque
343 443 407 470 nihil
421 442 508 469 diil‘crt
522 442 545 469 is
559 441 604 476 qui
616 447 677 466 mox
692 437 879 466 illuminandus
893 441 933 464 est
948 445 956 463 :

170 498 227 525 quae
241 488 398 517 initiationis
409 487 508 514 utilitas
520 486 544 513 in
562 490 631 512 tanta
647 491 742 511 sensus
754 482 842 510 omnis
853 481 956 515 inopia?

203 536 231 564 2.
253 536 320 562 Eum
344 534 425 566 enim,
440 533 484 568 qui
504 532 537 559 ad
552 539 627 558 sacra
650 530 694 556 illa
709 535 736 556 et
750 527 882 555 horrenda
897 534 958 562 my-

170 583 249 610 steria
265 587 421 609 accessurus
435 584 484 611 est,
504 579 612 614 vigilare
626 576 758 608 convenit,
775 573 846 602 omni
872 580 958 600 Saecu-

171 628 250 656 cnlari
274 635 338 654 cura
357 633 452 661 purutn
477 631 547 656 esse,
576 621 749 658 temperantia
773 625 800 647 et
824 619 959 646 alacritate

171 674 250 701 multa
263 673 371 707 plenum
385 678 455 703 esse,
466 677 573 697 omnem
584 677 598 695 a
613 667 746 703 mysteriis
758 667 870 693 alienam
885 664 960 698 cogi-

173 719 298 746 tationem
321 722 411 744 mente
425 715 569 750 depellere,
593 718 619 740 et
640 712 814 747 undequaque
835 709 959 737 mundam

173 765 277 792 domum
293 770 432 798 apparare,
448 761 523 796 quasi
537 761 621 794 ipsum
641 765 731 793 regem
743 759 901 790 excepturus
915 754 959 781 sit.

173 811 242 837 Talis
255 810 353 836 mentis
371 813 466 835 vestras
482 806 649 841 praeparatio,
666 804 732 831 tales
753 802 822 837 apud
838 809 884 829 vos
899 804 961 827 sunt

174 856 356 890 cogitationes,
375 854 429 880 tale
443 853 524 880 animi
547 851 720 887 propositum.
743 850 852 884 Dignam
874 849 961 881 itaque

173 902 263 936 optimi
278 901 356 934 hujus
365 899 469 927 consilii
483 898 684 926 retributionem
699 904 715 923 a
728 896 781 923 Deo
795 898 959 929 exspectate,

173 948 215 983 qui
238 947 354 982 praemiis
379 945 581 980 obsequentium
601 944 652 971 sibi
674 943 819 978 pr:estitam
843 943 961 974 superat.

173 994 301 1028 Quoniam
316 1001 381 1020 vero
404 997 509 1027 oportet
525 999 584 1026 quae
603 998 649 1018 sua
664 995 726 1017 sunt
747 989 882 1016 conservis
896 995 962 1015 con—

174 1040 251 1072 ferre,
267 1044 295 1066 et
309 1043 401 1066 nostra
412 1037 596 1068 conferamus;
612 1037 664 1062 imo
679 1035 765 1069 potius
779 1034 835 1060 haec
848 1041 901 1060 non
914 1040 961 1060 no-

173 1091 235 1118 stra,
251 1084 298 1112 sed
322 1084 459 1111 Dominica
483 1086 544 1110 sunt
558 1091 564 1109 :
583 1081 649 1115 Quid
663 1081 744 1112 enim,
765 1079 859 1114 inquit,
876 1079 962 1111 habes,

173 1132 238 1166 quod
253 1138 304 1157 non
324 1129 461 1163 accepisti?
480 1128 502 1155 si
516 1132 598 1154 autent
612 1125 738 1161 accepisti,
762 1125 822 1159 quid
834 1123 961 1159 gloriaris,

173 1176 243 1209 quasi
255 1184 305 1202 non
320 1174 445 1209 acceperis
459 1173 497 1208 (1.
512 1171 571 1201 Cor.
584 1173 611 1199 4.
627 1171 675 1207 7)?
699 1170 825 1198 Volebam
847 1169 897 1196 hoc
910 1169 964 1204 pri-

175 1230 246 1249 mum
265 1221 384 1248 omniunt
404 1219 510 1247 dicere:
524 1226 572 1245 cur
592 1221 679 1252 patres
695 1217 788 1247 nostri,
803 1215 892 1242 missis
906 1214 964 1241 aliis

172 1267 234 1295 anni
248 1266 379 1302 partibus,
400 1266 451 1293 hoc
464 1270 583 1299 tempore
604 1263 745 1290 initiandos
760 1269 820 1289 esse
840 1261 964 1288 Ecclesia:

174 1312 243 1340 ﬁlios
255 1312 313 1347 lege
327 1316 487 1342 statuerunt,
508 1315 535 1338 et
555 1317 602 1337 cur
615 1313 674 1343 post
687 1308 847 1339 doctrinam,
862 1305 964 1334 discal-

174 1363 264 1387 ceatos
277 1365 325 1384 vos
337 1362 365 1385 et
376 1362 485 1390 exutos,
497 1356 574 1383 nudis
587 1355 707 1390 pedibus,
720 1361 771 1380 una
786 1353 874 1381 tunica
887 1359 966 1387 oper-

174 1410 216 1433 tos
237 1404 271 1431 ad
292 1403 500 1431 exorcizantium
523 1409 601 1429 voces
627 1408 674 1428 vos
695 1399 887 1426 transmittunt.
907 1397 965 1425 Non

176 1450 244 1478 enim
260 1450 357 1477 frustra
368 1449 408 1476 vel
423 1454 523 1476 temere
538 1447 607 1474 hunc
620 1446 738 1472 habitum
758 1449 785 1472 et
799 1444 849 1471 hoc
861 1448 965 1478 tempus

176 1497 251 1524 nobis
264 1496 478 1526 constituerunt;
493 1494 539 1521 sed
555 1493 656 1521 habent
666 1493 722 1520 haec
736 1492 814 1519 ambo
826 1490 965 1526 mysticam

176 1543 317 1578 quamdam
331 1546 358 1569 et
371 1548 496 1568 arcanam
510 1541 638 1567 rationem
653 1544 698 1566 :et
712 1538 762 1565 hoc
772 1545 876 1572 quoque
890 1536 966 1564 vobis

175 1589 280 1624 aperire
293 1588 427 1615 volebatn.
442 1589 476 1614 At
490 1586 567 1613 video
589 1585 620 1612 ad
635 1585 712 1611 aliam
737 1592 794 1611 rem
818 1583 902 1618 magis
917 1589 965 1609 nc-

176 1635 320 1663 cessariam
342 1642 392 1661 nos
413 1634 527 1661 evocari.
553 1632 668 1659 Necesse
694 1631 791 1666 quippe
816 1634 857 1657 est
877 1629 967 1656 dicere

177 1681 238 1716 quid
260 1680 294 1707 sit
314 1679 455 1714 baptisma,
472 1686 520 1705 cur
542 1677 568 1704 in
588 1677 668 1704 vitam
690 1680 807 1703 nostram
831 1674 967 1702 inductutn

177 1728 221 1759 sit,
237 1732 264 1754 et
278 1730 374 1760 quanta
391 1725 467 1752 nobis
482 1723 602 1751 conferat
617 1723 695 1750 bona.

218 1773 295 1800 Varia
317 1771 433 1806 baptismi
447 1771 558 1797 nomina.
572 1785 608 1790 —
620 1769 672 1797 Sed
694 1769 716 1796 si
739 1768 828 1800 vultis,
843 1767 877 1794 de
890 1766 969 1802 hujus

179 1821 296 1856 mystica:
315 1818 478 1853 purgationis
491 1817 619 1844 vocabulo
633 1816 706 1850 prius
723 1815 900 1846 disseramus;
915 1821 968 1840 non

179 1867 249 1894 enim
270 1866 328 1901 ejus
348 1873 445 1892 nomen
468 1872 548 1891 unum
566 1867 615 1894 est,
639 1861 685 1889 sed
705 1861 817 1896 plurima
832 1860 967 1893 variaque.

180 1913 243 1940 Nam
254 1912 310 1939 haec
324 1916 447 1946 purgatio
461 1915 581 1941 vocatur,
596 1910 728 1935 lavacrum
743 1906 968 1942 regenerationis:

181 1959 294 1986 Salvarit
308 1958 374 1985 enim
389 1965 445 1989 nos,
460 1957 554 1991 iuqttit,
571 1963 614 1990 per
627 1955 755 1982 latinorum
774 1953 969 1988 regenerationis

180 2009 202 2031 el
222 2004 390 2031 renovationis
415 2002 524 2037 Spiritus
541 2001 621 2027 sancti
637 2000 699 2036 (Tit.
714 2001 740 2028 5.
816 1999 929 2026 Vocatur
943 2002 971 2025 et

180 2051 336 2078 illuminatio
353 2059 360 2077 :
377 2050 413 2076 ita
427 2048 490 2075 illud
502 2048 597 2075 Paulus
611 2046 771 2081 nuncupavit
783 2054 789 2072 :
805 2045 970 2072 Rementem-

180 2097 240 2124 mini
255 2097 374 2132 pristinos
387 2095 450 2128 dies,
462 2096 487 2121 in
502 2094 589 2128 quibus
601 2092 738 2120 illuminati
757 2099 875 2127 magnum
886 2095 969 2118 certa-

180 2152 235 2170 men
247 2142 402 2170 sustinuistis
413 2141 557 2175 passionum
569 2138 661 2175 (llcbr.
677 2138 719 2165 10.
736 2137 796 2172 52);
813 2141 839 2164 et
852 2143 968 2169 rursum,

182 2189 340 2224 impossibile
357 2193 393 2215 est
408 2188 473 2214 enim
492 2195 543 2218 eos,
567 2186 609 2220 qui
621 2185 697 2212 semel
716 2188 773 2211 sunt
786 2182 932 2214 illuminati,
948 2186 970 2208 et

182 2239 341 2270 gustaverant
353 2234 427 2260 etiam
437 2233 530 2259 donum
545 2232 651 2262 ca'lcstc,
663 2234 686 2256 et
698 2229 810 2264 prolapsi
824 2233 892 2259 sunt,
910 2235 969 2253 rur—

182 2290 223 2308 sus
241 2288 362 2308 renovare
379 2279 414 2305 ad
438 2278 607 2313 paenitentiam
630 2275 683 2311 (1b.
699 2276 725 2302 6.
742 2274 790 2308 4).
810 2273 923 2300 Vocatur
944 2276 970 2299 et

182 2326 309 2361 baptisma
325 2334 332 2352 :
349 2325 505 2358 Quicumque
526 2323 591 2349 enim
611 2323 637 2347 in
652 2321 751 2347 Christo
766 2319 886 2354 baptizati
901 2318 968 2350 estis,

180 2373 307 2400 Christum
321 2370 440 2397 induisti:
453 2369 549 2403 (Galat.
565 2369 591 2395 5.
606 2367 663 2402 27).
678 2366 831 2400 Appellatur
841 2370 868 2392 et
880 2364 970 2398 sepul-

182 2423 238 2446 tura
252 2426 258 2444 :
274 2416 420 2450 Consepulti
440 2416 515 2447 enim,
532 2413 626 2448 inquit,
647 2413 704 2440 estis
719 2413 745 2438 in
760 2412 814 2446 ipso
829 2418 873 2446 per
888 2410 969 2445 bapti-

181 2472 260 2491 smum
279 2463 305 2490 in
320 2467 424 2489 mortem
438 2461 525 2496 (Rom.
542 2459 567 2487 6.
591 2459 635 2494 4);
653 2459 770 2492 itemque
784 2457 968 2484 circumcisio:

182 2510 212 2536 1η
225 2518 274 2545 quo
293 2513 318 2536 et
336 2507 479 2535 circumcisi
499 2507 557 2532 estis
577 2505 603 2531 in
616 2503 804 2530 circumcisione
825 2511 876 2529 non
894 2510 971 2528 unum

180 2558 256 2590 facta,
273 2557 298 2583 in
311 2554 519 2589 exspoliationem
537 2556 692 2585 peccatorum
703 2551 785 2576 curuis
801 2549 866 2585 (Cal.
881 2549 924 2575 ΞΑ
934 2548 969 2583 l).

182 2603 293 2629 Vocatur
305 2608 372 2628 crux
387 2609 394 2627 :
413 2598 488 2625 Vetus
503 2597 569 2624 enim
588 2597 661 2622 homo
675 2600 760 2622 noster
772 2595 908 2629 cruciﬁxus
923 2598 969 2625 est,

178 2652 204 2674 ut
225 2648 373 2674 destruatur
394 2652 487 2679 corpus
514 2642 609 2677 peccati
629 2641 717 2676 (Rom.
743 2641 769 2667 ϐ.
794 2641 833 2675 6).
859 2641 972 2667 Posseut

178 2694 252 2729 plura
264 2693 320 2720 dici
332 2691 441 2719 nomina
453 2698 460 2722 ;
471 2689 518 2717 sed
535 2697 567 2716 ne
582 2693 685 2722 tempus
698 2695 778 2714 omne
791 2687 817 2713 in
827 2686 973 2713 charisma-

178 2741 210 2768 tis
220 2737 448 2775 appellationibus
461 2736 633 2766 insumamus,
644 2741 692 2768 age
701 2733 734 2759 ad
747 2733 860 2767 primum
874 2738 972 2758 nomen

177 2786 288 2818 reversi,
305 2784 421 2819 ejusque
441 2781 571 2816 explicata
591 2779 795 2815 signiﬁcatione,
819 2785 971 2805 sermonem

179 2833 305 2859 ﬁniamus
317 2839 324 2857 :
341 2827 451 2857 interitu
466 2835 529 2854 vero
543 2825 619 2860 paulo
632 2824 752 2860 superius
764 2823 910 2850 doctrinam
925 2829 969 2849 re-

165 111 212 137 2513
698 106 743 133 AD
764 80 1015 132 lLLlil'llNANDCS
1035 99 1244 126 CATECIIESIS
1264 99 1283 126 l.

1746 97 1798 125 220

1009 161 1139 190 petamus.
1153 155 1200 182 Est
1219 162 1360 182 commune
1374 155 1491 182 omnium
1512 154 1649 183 hominum
1664 157 1797 186 lavacrum

1008 200 1071 226 illud
1087 201 1248 232 halneortun,
1265 201 1335 234 quod
1356 201 1476 234 corporis
1485 201 1579 228 sordes
1591 202 1797 231 soletabluere:

1007 250 1048 272 est
1062 250 1088 272 et
1101 245 1235 273 lavacrum
1244 245 1406 278 .ludaiorum,
1418 247 1462 272 illo
1473 247 1577 282 quidem
1590 247 1736 280 honestius,
1750 250 1798 277 sed

1007 293 1098 331 gratia:
1111 293 1215 319 lavacro
1228 292 1305 327 longe
1319 292 1428 319 inferius
1443 301 1450 319 :
1464 297 1492 320 et
1506 293 1556 320 hoc
1570 295 1641 321 enim
1655 302 1798 329 corporeas

1008 337 1102 365 sordes
1119 338 1211 371 abluit,
1227 346 1277 365 nec
1297 338 1377 365 modo
1397 346 1539 373 corporeas
1551 339 1641 370 abluit.
1657 341 1702 368 sed
1718 342 1798 368 etiam

1008 385 1042 411 ad
1054 384 1223 412 conscientia:
1238 383 1419 411 inﬁrmitatem
1441 385 1555 419 attingit.
1571 386 1636 413 Nam
1652 386 1741 413 multa:
1757 395 1800 414 res

1010 435 1082 460 sunt,
1110 434 1204 457 natura
1234 430 1340 464 quidem
1360 438 1413 457 non
1434 431 1587 464 immundae,
1608 432 1655 459 sed
1682 441 1740 468 qua:
1757 420 1799 460 in-

1010 476 1133 503 iirmitate
1147 476 1318 503 conscientia:
1337 476 1488 503 efﬁciuntur
1500 476 1653 504 immundae.
1674 478 1713 505 Ac
1731 479 1799 505 sicut

1012 524 1037 550 in
1052 522 1141 556 pueris
1161 522 1241 549 larva;
1265 527 1415 558 cmteraque
1431 523 1555 550 terricula
1579 529 1671 550 natura
1692 512 1799 559 quidem

1009 567 1185 595 formidabilia
1207 576 1261 596 non
1282 574 1354 600 sunt,
1380 569 1426 596 sed
1443 570 1504 597 talia
1527 571 1617 604 pueris
1637 571 1673 598 ob
1698 576 1800 600 natura:

1011 614 1219 642 imbecillitatem
1241 623 1301 643 esse
1318 615 1441 643 videntur
1455 625 1461 643 :
1477 617 1515 643 sic
1528 622 1554 644 et
1569 617 1594 644 in
1611 617 1643 644 iis
1654 626 1712 653 qua:
1726 619 1799 651 dixi;

1011 661 1126 696 exempli
1152 669 1232 689 causa
1255 668 1359 689 mortua
1383 670 1495 697 corpora
1515 663 1680 699 contingere,
1709 671 1802 693 natura

1012 708 1118 742 quidem
1130 716 1184 735 non
1197 714 1237 735 est
1249 708 1424 742 imnnmdum,
1436 717 1527 736 verum
1542 710 1562 737 si
1576 710 1601 737 id
1615 710 1724 738 infirma!
1737 719 1802 738 con-

1012 754 1130 781 scientia:
1144 753 1287 789 contingat,
1304 754 1468 781 immundum
1484 754 1547 782 facit
1564 763 1624 782 eum
1639 757 1683 791 qui
1706 757 1800 791 tetigit.

1012 797 1088 831 Quod
1102 799 1172 826 enim
1189 799 1253 825 illud
1272 804 1365 826 natura
1379 807 1432 826 non
1450 800 1484 827 sit
1498 800 1674 834 immundum,
1687 802 1744 836 ipse
1757 803 1803 837 qui

1014 844 1100 880 legem
1122 845 1181 872 tulit
1203 845 1307 881 Moyses
1328 845 1481 879 declaravit,
1506 847 1551 881 qui
1576 853 1708 874 mortuum
1728 848 1802 876 lose-

1014 891 1096 926 phum
1122 899 1212 919 secum
1232 892 1337 924 detulit,
1363 897 1390 920 et
1413 897 1500 920 tamen
1527 895 1642 921 mundus
1665 896 1801 922 remansit.

1014 936 1128 971 ideoque
1148 937 1244 964 Paulus
1266 938 1299 965 de
1323 938 1489 965 immunditia
1509 938 1659 973 lmjusmodi
1679 940 1803 975 loquens,

1014 991 1073 1017 quze
1087 991 1138 1010 non
1155 988 1259 1016 natura,
1274 984 1321 1011 sed
1335 984 1486 1012 infirmitate
1506 986 1677 1013 conscientia:
1696 987 1803 1020 accidit,

1015 1028 1050 1055 ita
1064 1029 1179 1063 loquitur
1195 1037 1201 1056 :
1219 1029 1293 1056 Nihil
1305 1038 1437 1056 commune
1456 1039 1501 1064 per
1520 1030 1631 1065 seipsum
1644 1032 1692 1057 nisi
1710 1032 1742 1064 ei,
1762 1033 1806 1068 qui

1015 1075 1140 1102 existimat
1163 1075 1225 1110 quid
1246 1084 1378 1103 commune
1396 1084 1449 1103 esse
1464 1076 1550 1112 (Rom.
1575 1077 1618 1104 η.
1638 1078 1692 1113 Μ).
1713 1078 1805 1105 Vidcn‘

1016 1121 1209 1148 immunditiam
1233 1129 1284 1148 non
1300 1129 1332 1149 ex
1348 1121 1386 1149 rei
1400 1127 1504 1156 natura,
1521 1123 1567 1150 sed
1580 1131 1614 1151 ex
1637 1124 1806 1159 cogitationis

1016 1166 1196 1194 imbecillitate
1219 1167 1357 1194 contrahi?
1385 1168 1423 1194 Ac
1450 1175 1566 1202 rursum,
1591 1169 1683 1197 Omnia
1705 1170 1806 1205 quidem

1015 1218 1074 1240 sunt
1088 1213 1182 1240 munda
1194 1221 1204 1240 :
1213 1214 1257 1241 scd
1272 1213 1366 1240 nmium
1379 1220 1414 1240 est
1427 1214 1532 1247 homini,
1553 1216 1596 1250 qui
1609 1224 1654 1250 per
1666 1215 1808 1249 o/fendicu-

1017 1257 1068 1285 lum
1082 1259 1218 1285 manducet
1232 1258 1313 1293 (Ibid.
1330 1267 1354 1286 υ.
1370 1259 1425 1293 20).
1446 1259 1552 1295 [Viden'
1563 1261 1633 1295 quod
1649 1270 1700 1288 non
1714 1260 1806 1296 edere,

1016 1303 1063 1331 sed
1074 1303 1313 1338 perol'fendiculum
1324 1304 1464 1341 ederef(a)]
1474 1312 1553 1332 causa
1567 1306 1603 1333 sit
1615 1306 1808 1334 immunditiis?

1052 1350 1079 1378 5.
1093 1349 1234 1377 Discrimen
1244 1351 1309 1377 inter
1318 1349 1443 1377 lauacrum
1453 1351 1602 1378 Judceorum
1611 1357 1633 1378 et
1646 1352 1806 1387 baptismum.

1016 1395 1153 1422 —'l‘alem
1169 1395 1299 1423 maculam
1314 1395 1467 1423 Judtcorum
1483 1397 1616 1424 lavacrum
1630 1397 1807 1430 emundabat;

1017 1447 1045 1469 at
1059 1442 1150 1477 gratia:
1165 1442 1299 1469 lavacrum
1322 1449 1375 1469 non
1392 1442 1470 1469 talem
1481 1463 1489 1476 ,
1505 1443 1553 1470 sed
1575 1451 1653 1476 cam,
1673 1452 1732 1479 quae
1747 1452 1808 1471 vera

1018 1488 1184 1516 immunditia
1204 1493 1231 1515 et
1250 1488 1366 1515 animant
1386 1493 1412 1515 et
1431 1496 1528 1523 corpus
1548 1489 1646 1519 inficit:
1669 1498 1720 1516 non
1738 1490 1809 1518 enim

1018 1543 1075 1567 eos,
1092 1535 1135 1570 qui
1151 1539 1255 1562 mortua
1269 1542 1391 1569 corpora,
1408 1535 1454 1562 sed
1469 1535 1513 1569 qui
1531 1540 1633 1562 mortua
1648 1543 1728 1570 opera
1743 1543 1810 1563 con-

1021 1583 1133 1617 tingunt,
1147 1581 1259 1608 mundos
1274 1581 1346 1608 facit.
1359 1581 1414 1608 Etsi
1426 1581 1522 1612 mollis,
1537 1581 1587 1608 etsi
1599 1581 1741 1609 fornicator
1751 1582 1810 1617 quis

1020 1628 1115 1661 fuerit,
1131 1628 1180 1654 etsi
1201 1627 1340 1654 idololatra
1350 1647 1358 1658 ,
1374 1626 1423 1654 etsi
1436 1626 1540 1661 quidvis
1555 1627 1615 1653 mali
1636 1627 1727 1654 fecerit
1737 1648 1745 1661 ,
1760 1627 1810 1655 etsi

1019 1673 1134 1701 humana
1149 1673 1220 1700 omni
1233 1672 1348 1707 nequitia
1363 1672 1455 1707 plenus
1464 1672 1509 1705 sit,
1518 1673 1540 1699 si
1553 1673 1578 1699 in
1591 1673 1717 1707 piscinam
1730 1681 1811 1708 aqua-

1019 1727 1078 1754 rum
1095 1719 1202 1752 incidat,
1219 1718 1350 1745 solaribus
1363 1718 1444 1744 radiis
1459 1719 1548 1752 pttrior
1561 1726 1593 1745 ex
1610 1718 1707 1745 divinis
1723 1718 1810 1746 ﬂuen-

1021 1766 1054 1793 tis
1067 1765 1198 1792 ascendit.
1210 1764 1248 1792 Ne
1268 1772 1332 1792 vero
1354 1769 1429 1798 putes
1449 1764 1517 1791 fastu
1536 1765 1659 1799 quopiam
1673 1765 1731 1792 lucc
1746 1774 1810 1800 pro-

1021 1811 1095 1843 ferri,
1111 1811 1172 1838 audi
1187 1811 1296 1838 Paulum
1311 1811 1344 1837 de
1357 1811 1452 1837 lavacri
1463 1811 1560 1837 virtute
1571 1811 1627 1838 ha-c
1641 1811 1809 1846 loquentem:

1022 1856 1110 1884 Nolite
1127 1865 1212 1883 errare
1226 1864 1234 1884 :
1249 1864 1327 1890 neque
1347 1855 1506 1887 idololatria,
1528 1865 1606 1891 neque
1629 1858 1810 1891 fornicatores,

1021 1911 1099 1937 neque
1111 1902 1230 1935 adulteri,
1244 1911 1322 1936 neque
1336 1902 1433 1933 molles,
1448 1911 1526 1936 neque
1538 1904 1708 1930 masculorum
1718 1912 1811 1930 concu-

1022 1949 1121 1981 bitores,
1134 1956 1212 1983 neque
1224 1949 1309 1981 avari,
1323 1957 1402 1983 neque
1413 1948 1503 1975 ebriosi
1513 1969 1520 1980 ,
1535 1957 1614 1983 neque
1626 1949 1683 1976 mali
1691 1949 1739 1975 dici
1750 1970 1757 1982 ,
1769 1958 1811 1976 ne-

1022 2004 1069 2030 que
1080 2003 1184 2029 rapaces
1208 2003 1312 2030 regnum
1325 1994 1369 2021 Dei
1380 1995 1539 2029 possidebunt
1552 1994 1588 2029 (1.
1598 1995 1656 2022 Cor.
1673 1995 1700 2023 6.
1712 1995 1738 2022 9.
1754 1996 1810 2030 10).

1023 2041 1122 2076 Ecquid
1139 2041 1194 2068 ha-c
1208 2042 1240 2067 ad
1259 2041 1422 2075 propositum
1436 2062 1442 2072 ,
1459 2041 1580 2074 inquies?
1596 2041 1664 2076 quod
1683 2041 1812 2076 qua'ritur

1022 2088 1142 2118 Ostende,
1159 2095 1191 2114 an
1206 2087 1307 2114 scilicet
1322 2086 1419 2113 lavacri
1433 2086 1518 2113 virtus
1532 2086 1590 2113 inec
1607 2087 1694 2114 omnia
1716 2095 1811 2114 emun-

1022 2133 1077 2160 dct.
1092 2133 1160 2160 Audi
1178 2133 1265 2167 itaque
1279 2141 1320 2166 ea,
1336 2140 1394 2167 qua)
1408 2137 1556 2166 sequuntur
1569 2140 1575 2158 :
1594 2131 1626 2158 Et
1641 2132 1693 2159 Itwc
1709 2133 1812 2167 quidam

1022 2180 1104 2216 fuistis
1118 2188 1128 2207 :
1142 2179 1186 2206 scd
1200 2179 1280 2206 abluti
1292 2179 1358 2210 estis,
1375 2178 1418 2205 sed
1429 2179 1580 2212 sancti/itali
1593 2179 1661 2210 estis,
1676 2178 1720 2205 sed
1730 2179 1810 2213 justi-

1023 2228 1091 2263 βίαιὶ
1103 2228 1161 2254 estis
1174 2227 1200 2253 in
1215 2226 1314 2253 nomine
1332 2224 1436 2251 Domini
1457 2225 1536 2250 nostri
1555 2224 1617 2251 Jesu
1637 2223 1730 2251 Christi
1748 2225 1812 2251 etin

1023 2273 1124 2307 Spiritu
1138 2272 1185 2298 Dei
1199 2271 1277 2298 nostri
1290 2269 1342 2306 (Ib.
1360 2278 1385 2297 υ.
1402 2270 1458 2304 li).
1472 2269 1525 2296 Nos
1536 2269 1641 2304 quidem
1657 2269 1813 2304 polliceantur

1023 2319 1099 2346 vobis
1113 2318 1253 2345 ostendere
1264 2338 1271 2350 ,
1287 2316 1358 2343 omni
1374 2315 1547 2344 fornicatione
1558 2316 1566 2331 ¹
1582 2323 1661 2350 puros
1674 2323 1733 2344 esse
1746 2324 1792 2344 eos
1804 2337 1811 2349 ,

1023 2366 1067 2400 qui
1082 2364 1114 2392 ad
1131 2365 1264 2391 lavacrum
1277 2362 1420 2393 accedunt;
1436 2369 1526 2389 verum
1540 2361 1625 2388 oratio
1641 2365 1731 2388 nostra
1752 2361 1812 2396 plus

1023 2409 1230 2442 demonstravit,
1256 2408 1357 2435 scilicet
1381 2415 1433 2434 non
1456 2406 1534 2433 modo
1557 2414 1651 2441 puros,
1665 2407 1712 2433 Sed
1728 2407 1809 2433 etiam

1022 2462 1129 2485 sanctos
1138 2455 1277 2490 justosque
1288 2454 1371 2481 factos
1384 2461 1453 2480 esse.
1465 2453 1521 2479 Non
1535 2456 1635 2479 tantutu
1647 2453 1717 2479 enim
1730 2453 1810 2479 uixit:

1023 2503 1109 2530 Abitttt'
1129 2501 1202 2533 estis,
1227 2500 1273 2527 sed
1293 2499 1384 2529 etiam,
1408 2498 1566 2531 Sanctiﬁcali
1588 2499 1656 2529 estis,
1677 2497 1813 2532 justiﬁcati

1023 2549 1091 2576 estis.
1107 2547 1175 2581 Quid
1191 2546 1240 2573 hac
1255 2553 1283 2572 rc
1300 2544 1444 2572 mirabilius
1455 2564 1462 2576 ,
1477 2543 1547 2578 quod
1566 2543 1624 2570 sine
1642 2543 1732 2569 labore
1744 2563 1751 2573 ,
1765 2550 1812 2569 au-

1024 2595 1089 2622 dore
1112 2593 1241 2627 bonisque
1264 2590 1389 2625 operibus
1410 2589 1512 2623 justitia
1536 2587 1672 2622 pariatur?
1688 2587 1759 2613 Talis
1773 2592 1812 2613 est

1024 2641 1094 2667 enim
1109 2638 1190 2666 divini
1204 2637 1266 2664 doni
1280 2635 1444 2670 benignitas,
1461 2640 1488 2660 ut
1503 2635 1560 2661 sine
1573 2634 1713 2660 sudoribus
1724 2633 1812 2666 justos

1057 2719 1065 2734 ι
1084 2720 1205 2747 tntcrpres
1221 2719 1292 2740 vetus
1309 2713 1380 2745 legit,
1401 2710 1465 2737 omni
1480 2710 1611 2743 iniquitate.
1629 2713 1655 2734 et
1671 2711 1765 2739 melius,
1785 2712 1814 2734 ut

1026 2750 1129 2776 videtur.

1057 2792 1093 2822 tu)
1110 2794 1164 2814 Haec
1175 2795 1230 2822 qua:
1241 2787 1333 2811 uncinis
1344 2784 1486 2822 clauduntur
1499 2785 1603 2822 inltestn
1612 2782 1722 2811 deerant,
1735 2779 1777 2805 sed
1790 2781 1813 2804 iu

1028 2815 1135 2849 editione.
1147 2815 1262 2845 Sat-ilium:
1272 2825 1302 2842 cx
1313 2818 1449 2848 conjectura
1461 2815 1611 2846 supplentur.

1743 2914 1769 2941 \
