1983 3125
158 116 211 143 ΞΞἸ

159 173 267 200 uilici-at.
283 171 348 199 Nam
361 171 383 198 si
398 170 568 205 Imperatoris
588 170 700 204 epistola
720 170 813 205 paucis
835 169 956 197 conscri-

160 224 205 253 pta
219 217 318 250 literis,
333 216 480 244 innumeris
495 223 557 243 reos
571 216 729 242 criminibus
750 215 849 243 liberos
863 214 955 242 dimit-

158 265 201 297 tit,
216 263 283 290 alios
297 267 387 290 autem
399 261 432 289 ad
447 261 577 289 honorem
591 262 671 288 etiam
684 261 774 289 evehit
793 261 955 292 maximum;

159 309 242 337 multo
257 309 342 345 magis
357 313 466 336 sanctus
480 308 526 335 Dei
542 307 667 342 Spiritus,
684 308 728 342 qui
745 308 836 335 omnia
850 311 956 342 potest,

157 356 231 383 omni
246 362 295 382 nos
310 355 427 390 nequitia
440 354 575 386 liberabit,
590 354 702 381 multam
715 353 846 388 justitiam
861 353 957 388 largie-

158 406 211 434 tur,
228 401 310 428 multa
327 400 449 436 implebit
465 399 571 428 ﬁducia.
587 400 627 427 Ac
641 399 867 434 quemadmodum
886 399 957 426 scin-

158 447 214 474 tilla
239 446 355 474 mediam
380 446 406 474 in
431 445 517 481 pelagi
533 445 687 480 voraginem
709 444 846 477 incidens,
866 445 956 471 statim

157 493 337 527 exstinguitur
351 496 378 520 et
392 492 546 525 evanescit,
566 498 696 526 aquarum
711 490 736 517 vi
757 490 879 518 demersa
896 498 903 516 :
918 490 957 517 sic

159 545 185 567 et
199 539 285 567 omnis
299 539 414 566 humana
430 538 546 573 nequitia
557 558 565 570 ,
580 545 641 565 cum
661 537 688 564 in
707 537 836 572 piscinant
849 536 953 564 divino-

159 592 218 612 rum
241 583 401 612 ﬁuentorum
426 584 568 615 inciderit,
593 583 672 610 citius
695 582 853 617 faciliusque
876 588 955 617 quam

159 631 274 660 scintilla
294 631 458 666 demergitur
476 635 503 657 et
521 629 635 657 deletur.
650 630 685 656 At
705 635 765 662 cur,
789 627 911 663 inquies,
932 627 956 654 si

161 682 270 713 peccata
281 677 359 704 nobis
369 677 459 704 omnia
471 676 606 703 lavacrum
619 675 743 708 remittit,
755 682 809 702 non
821 675 955 701 lavacrum

160 723 326 751 remissionis
341 727 527 758 peccatorum,
549 729 602 749 non
626 721 759 749 lavacrum
775 720 954 756 purgationis,

159 769 206 797 sed
218 769 349 796 lavacrum
361 767 572 803 regenerationis
583 767 713 794 vocatur?
723 767 789 801 Quia
804 774 856 794 non
867 766 956 794 solum

160 815 238 842 nobis
250 818 358 849 peccata
377 814 507 847 remittit,
523 821 611 848 neque
632 813 719 840 solum
733 812 829 840 delicta
849 816 953 848 purgat,

160 862 206 889 sed
223 862 258 888 ita
273 861 298 889 id
313 866 420 896 pratstat
435 869 466 888 ac
484 861 507 888 si
526 860 615 888 denuo
629 860 748 896 generati
764 867 894 887 essemus.
907 860 955 887 Et-

161 908 234 936 enim
251 914 299 934 nos
311 907 402 934 denuo
416 911 507 940 creat,
522 911 550 934 et
564 906 678 939 format,
696 913 749 933 non
763 913 797 933 ex
811 911 881 933 terra
893 913 955 933 rur-

159 963 218 983 sum
231 954 371 989 eflingens,
387 953 434 981 sed
444 961 477 981 es
489 953 543 980 alio
553 953 696 985 elemento,
708 960 837 988 aquarum
851 951 956 980 scilicet

160 1005 269 1033 natura,
286 1007 396 1032 creatis;
413 1007 466 1027 non
482 999 553 1026 enim
569 1006 616 1026 vas
631 998 790 1033 simpliciter
809 997 953 1034 abstergit,

159 1045 207 1073 sed
231 1050 315 1072 totum
335 1044 435 1072 conﬁat
458 1044 556 1072 denuo.
578 1043 644 1072 Nam
669 1051 729 1078 qua:
749 1043 953 1078 absterguntur,

160 1092 264 1120 etiamsi
277 1095 401 1118 accurate
413 1090 577 1118 mundentttr
587 1089 721 1125 qualitatis
733 1089 842 1125 vestigia
855 1093 882 1116 et
895 1095 955 1116 sor-

161 1137 236 1165 dium
249 1137 377 1172 reliquias
392 1137 526 1169 retinent;
551 1144 611 1171 qute
634 1143 698 1163 vero
720 1135 747 1163 in
768 1134 955 1163 conﬁatorium

160 1183 340 1210 immittuntur
355 1203 363 1214 ,
377 1186 426 1210 eta
440 1181 545 1210 ﬂamma
556 1187 728 1214 renovantur,
744 1189 852 1209 omnem
873 1180 956 1216 depo-

161 1228 251 1256 nentia
265 1230 395 1256 maculam
406 1248 414 1261 ,
430 1235 465 1256 ex
479 1227 585 1255 camino
597 1227 692 1255 educta
703 1248 710 1261 ,
726 1227 860 1260 eumdem,
875 1233 954 1262 quem

159 1282 271 1311 prorsus
285 1282 371 1308 nova,
387 1273 558 1310 splendorem
573 1274 708 1301 emittunt.
723 1272 953 1308 Quemadmodum

158 1322 182 1349 si
195 1321 255 1356 quis
269 1328 377 1348 auream
398 1324 513 1348 statuam
526 1341 534 1353 ,
554 1325 689 1355 tempore,
712 1319 799 1352 fumo,
825 1319 953 1354 pulvere,

160 1369 284 1403 rubigine
299 1367 423 1395 foedatam
434 1388 442 1400 ,
455 1366 544 1394 denuo
557 1366 729 1399 conﬁavcrit,
744 1373 803 1393 eam
816 1365 892 1394 nobis
904 1373 954 1400 pu-

160 1414 293 1442 rissimam
307 1418 386 1448 atque
407 1413 549 1448 fulgentem
573 1412 687 1440 rcs1ituit
701 1412 760 1440 :sic
781 1417 808 1439 et
830 1416 951 1438 naturam

160 1465 281 1488 nostram
310 1460 397 1493 Deus,
415 1459 517 1494 peccati
535 1458 656 1493 rubigine
678 1457 803 1486 foedatam
818 1457 955 1492 multoque

161 1505 281 1533 affectam
295 1505 452 1532 delictorum
467 1504 551 1537 fumo,
566 1503 610 1531 illa
623 1502 821 1538 pulchritudine
838 1502 954 1530 destitu-

161 1556 215 1579 tam
227 1571 235 1584 ,
249 1558 329 1586 quam
344 1550 392 1585 ipsi
407 1550 440 1578 ab
456 1550 531 1578 initio
546 1549 693 1582 indiderat,
707 1549 795 1577 denuo
808 1549 953 1582 conflavit,

162 1602 190 1624 et
203 1597 229 1624 in
240 1603 322 1632 aquas
334 1603 385 1624 ceu
400 1596 427 1624 in
439 1595 625 1623 conflatorium
639 1595 760 1630 injiciens
770 1615 778 1628 ,
793 1600 820 1623 et
832 1603 881 1630 pro
894 1595 955 1630 igne

159 1642 273 1677 Spiritus
283 1641 394 1677 gratiam
403 1641 560 1674 immittens,
573 1640 635 1668 hinc
646 1644 797 1673 rcnovatos,
808 1649 869 1669 cum
882 1641 954 1668 sola-

161 1687 235 1714 ribus
256 1686 338 1714 radiis
360 1686 503 1722 splendore
525 1685 694 1714 decertantes
717 1685 817 1718 educit,
839 1686 956 1714 contrito

160 1733 244 1760 veleri
254 1732 372 1765 homine,
388 1739 460 1759 novo
471 1735 559 1760 autem
573 1731 753 1767 splendidiore
764 1752 771 1765 ,
785 1739 865 1766 quam
878 1736 956 1760 vetus

161 1783 229 1813 crat,
245 1778 364 1806 condito.

199 1826 227 1852 4.
249 1825 324 1852 Hanc
347 1832 429 1860 porro
452 1823 529 1851 nobis
551 1823 738 1851 contritionem
763 1824 956 1860 mysticamqne

161 1871 345 1906 purgationem
376 1870 548 1898 subindicans
570 1870 699 1905 pr0pheta
712 1890 720 1901 ,
743 1869 849 1898 dicebat
870 1869 933 1897 olim
946 1891 954 1904 ,

163 1917 302 1952 Tamquam
325 1925 369 1944 uas
390 1916 462 1952 ﬁguli
488 1921 601 1943 conteres
617 1924 660 1943 eos
680 1916 772 1951 (Paul.
785 1916 813 1943 2.
828 1916 874 1951 9).
888 1916 955 1944 Nam

159 1963 230 1997 quod
244 1963 283 1990 .de
304 1962 426 1990 ﬁdelibus
447 1963 572 1996 loquatur
593 1962 665 1990 clare
688 1962 805 1990 indicant
826 1971 874 1996 ea,
896 1971 956 1998 qua:

160 2007 314 2042 praecedunt
328 2016 335 2033 :
349 2008 448 2035 etenim
462 2007 518 2034 ait:
533 2007 618 2034 Filius
632 2016 702 2035 meus
715 2016 741 2034 es
756 2012 783 2034 tu
798 2015 807 2035 ι
821 2016 866 2043 ego
882 2009 957 2035 Itodie

159 2054 235 2089 genui
249 2058 283 2080 te.
299 2052 406 2080 Postulo
423 2061 439 2079 a
451 2061 504 2086 me,
518 2057 540 2080 et
550 2053 616 2080 dabo
628 2053 672 2080 tibi
683 2057 769 2089 gentes
784 2053 955 2081 Imercditatem

161 2105 241 2133 tuam,
255 2103 277 2126 el
296 2099 475 2134 possessionem
488 2104 556 2126 tuum
569 2099 688 2126 terminos
701 2103 775 2126 terrae
787 2100 795 2134 (
807 2098 874 2126 Ibid.
891 2107 914 2126 υ.
927 2100 954 2126 7.

159 2146 200 2180 8).
215 2144 336 2173 Vidistin'
349 2144 483 2180 quomodo
494 2144 638 2171 Ecclesium
654 2145 772 2180 gentium
789 2152 955 2172 commemo-

159 2191 244 2225 ravit,
265 2195 293 2218 et
314 2190 414 2225 ubique
431 2189 603 2217 constitutunt
623 2189 722 2216 Christi
744 2197 855 2224 regnum
870 2190 955 2217 dixit?

159 2236 259 2264 Deinde
267 2243 372 2263 rursum
381 2236 428 2269 ait,
439 2235 532 2262 Fasces
544 2243 586 2263 eos
598 2236 625 2262 in
633 2236 703 2271 uirga
717 2237 799 2272 ferrea
808 2245 817 2269 ;
830 2243 883 2263 non
895 2243 955 2271 gra-

160 2283 194 2315 vi,
205 2282 252 2309 sed
267 2281 330 2309 forti
342 2290 349 2309 :
360 2286 488 2317 tamquam
502 2289 546 2309 vas
559 2281 631 2317 ﬁguli
641 2285 753 2308 conteres
763 2289 805 2308 eos
816 2280 869 2315 (Ib.
881 2288 904 2307 υ.
914 2281 953 2316 9).

160 2329 230 2357 Ecce
253 2328 387 2356 lavacrum
409 2328 493 2363 magis
517 2328 630 2363 mystico
655 2334 730 2354 more
750 2327 885 2354 sumitur:
901 2335 953 2355 non

158 2375 230 2402 enim
249 2374 409 2409 simpliciter
426 2374 494 2401 dixit
504 2381 567 2401 vasa
585 2378 699 2401 testacea
709 2393 718 2406 ,
732 2373 779 2401 sed
793 2381 854 2401 vasa
870 2373 954 2409 ﬁguli.

160 2421 260 2448 Verum
271 2420 409 2448 attendite.
422 2420 550 2447 Testacea
559 2419 657 2454 quippe
671 2427 732 2446 vasa
745 2419 870 2452 contrita,
882 2419 954 2447 reﬁci

161 2475 215 2494 tton
228 2470 357 2501 possunt,
373 2465 408 2493 ob
422 2466 546 2493 duritiem
565 2473 661 2500 nempe
674 2465 707 2492 ab
723 2466 783 2500 igne
796 2471 932 2500 acceptam
946 2474 952 2493 :

160 2519 223 2539 vasa
236 2516 325 2539 autem
339 2511 411 2546 ﬁguli
424 2519 476 2538 non
491 2515 553 2538 sunt
566 2515 692 2544 testacea,
707 2510 754 2538 sed
769 2518 801 2537 ex
817 2510 873 2537 luto
885 2518 956 2538 com-

159 2558 264 2593 posita;
287 2563 370 2592 quare
393 2556 415 2584 si
441 2555 570 2584 labefacta
592 2556 705 2587 fuerint,
722 2555 831 2583 artiﬁcis
845 2556 955 2584 solertia

159 2603 264 2631 facilius
282 2603 316 2630 ad
334 2601 480 2630 secundam
502 2602 613 2629 formant
633 2601 724 2630 reduci
744 2607 866 2637 possunt.
887 2602 954 2630 Cum

159 2650 250 2684 itaque
264 2649 441 2676 calamitatem
462 2649 636 2676 insanabilem
656 2653 803 2682 memorat,
824 2657 876 2676 non
891 2657 954 2677 vasa

161 2695 234 2730 ﬁguli
248 2694 322 2729 dicit,
335 2694 384 2722 sed
398 2702 444 2722 vas
463 2699 620 2722 testaceum.
635 2694 702 2721 Nam
721 2702 782 2722 cum
798 2695 954 2730 prophetam

159 2746 187 2768 et
201 2739 307 2768 Judteos
320 2740 419 2769 docere
431 2740 531 2774 vellet,
546 2747 576 2768 se
588 2740 731 2767 calamitati
754 2740 896 2768 insanabili
910 2749 955 2768 ur-

161 2786 222 2814 hem
236 2786 385 2819 tradidisse,
398 2786 476 2821 jussit
488 2793 549 2813 cum
564 2785 685 2820 accipere
696 2792 743 2812 vas
758 2789 913 2819 testaceum,
928 2790 955 2813 et

161 2841 252 2862 coram
266 2833 390 2862 universo
402 2833 499 2869 populo
507 2831 684 2868 confringere,
695 2831 835 2867 dicereque
847 2831 952 2869 (Jcrem.

532 113 560 140 S.
580 111 719 140 JOANNIS
737 111 973 140 CIIRYSOSTOMI
994 111 1152 140 ARClllEl’.
1168 112 1433 142 CONSTANTINOP.

1755 115 1807 142 223

1013 168 1070 204 l9),
1085 169 1128 196 Sic
1141 170 1229 204 peribit
1245 170 1303 197 urbs
1316 179 1346 197 ac
1360 170 1805 207 conteretizr(1arcm.l9.ll):cnm

1012 220 1101 242 atttem
1125 216 1220 242 bonam
1241 216 1305 251 ipsis
1325 223 1399 251 spem
1421 217 1496 245 oﬁ‘crt
1510 239 1517 250 ,
1535 219 1560 245 in
1576 218 1710 246 oflicinam
1733 219 1805 255 ﬁguli

1011 260 1166 296 prophetam
1182 261 1304 295 deducit,
1319 271 1369 290 nec
1382 263 1432 298 ipsi
1448 272 1493 291 vas
1510 269 1653 292 testaceum
1670 266 1804 298 ostendit,

1009 306 1058 334 sed
1070 314 1118 334 vas
1135 307 1236 335 luteutn
1256 315 1272 335 e
1292 316 1372 336 manu
1388 309 1459 344 ﬁguli
1473 310 1600 337 decidens
1610 331 1616 341 ,
1630 319 1661 338 ac
1674 311 1807 339 subiofcrt

1011 351 1051 379 Itis
1065 352 1154 380 verbis
1167 361 1173 379 :
1186 353 1217 380 Si
1231 353 1324 389 ﬁgulus
1342 355 1383 382 hic
1400 363 1444 382 tias
1463 356 1531 389 quod
1546 356 1658 389 decidit,
1674 363 1807 392 acceptum

1009 398 1092 426 denuo
1111 400 1272 434 reformavit,
1291 409 1375 428 annon
1395 401 1475 429 multo
1491 403 1572 438 magis
1593 412 1639 438 ego
1659 409 1745 438 potero
1763 413 1807 432 vos

1010 444 1129 479 delapsos
1144 446 1278 473 emendare
1291 447 1300 482 (
1311 446 1406 474 Jerent.
1422 448 1464 475 l8.
1479 446 1525 484 6)?
1540 449 1630 476 Potest
1644 449 1723 484 igitur
1736 450 1806 477 Dens

1009 497 1059 518 nos
1074 491 1160 518 luteos
1183 499 1237 519 non
1262 492 1342 519 ntodo
1365 501 1413 528 per
1436 495 1570 522 lavacrum
1595 495 1806 529 regenerationis

1009 536 1170 570 emendare,
1192 538 1239 565 sed
1257 538 1372 573 Spiritus
1392 544 1502 574 accepta
1523 540 1638 572 virtute,
1655 541 1807 575 iterumque

1010 582 1101 618 lapsos
1116 590 1164 618 per
1178 583 1309 612 sinceram
1323 585 1505 619 pmnitentiam
1517 586 1543 612 in
1552 587 1692 621 pristinum
1706 591 1805 614 statum

1009 635 1144 656 revocare.
1157 628 1211 657 Sed
1227 637 1279 657 non
1290 634 1396 666 tempus
1409 635 1450 659 est
1465 639 1513 658 vos
1525 631 1558 659 de
1568 633 1723 666 poenitentia
1739 633 1807 660 allo-

1007 674 1064 709 qui,
1080 674 1134 702 imo
1149 675 1235 710 potius
1257 676 1358 703 utinam
1381 677 1454 704 nullo
1475 685 1600 712 umquam
1623 682 1744 713 tempore
1763 679 1807 706 his

1009 719 1136 747 remediis
1149 728 1216 756 opus
1229 721 1350 750 habeatis
1360 744 1367 755 ,
1390 723 1436 750 sed
1455 731 1562 759 semper
1574 731 1605 752 ea
1620 730 1724 752 servata
1744 726 1800 760 pul-

1010 764 1162 793 chritudine
1175 773 1276 801 eosque
1288 767 1430 802 splendore
1437 769 1658 804 maneatis,quem
1674 777 1745 797 nunc
1757 777 1804 797 ac-

1007 811 1113 845 cepturi
1127 811 1202 840 estis.
1218 812 1254 840 Ut
1267 812 1356 848 itaque
1368 814 1394 840 in
1408 821 1440 841 eo
1455 815 1585 842 maneatis
1595 836 1601 847 ,
1616 823 1664 851 age
1673 836 1682 848 ,
1695 816 1730 843 de
1744 817 1804 843 vita:

1008 857 1129 885 instituto
1143 866 1226 894 pattca
1240 859 1316 887 vobis
1330 860 1495 888 disseramus
1508 870 1515 889 :
1529 869 1590 888 nam
1611 862 1637 889 in
1653 862 1703 889 hac
1721 863 1805 897 palla:-

1008 908 1063 931 stra
1078 903 1238 932 athletarum
1253 905 1343 941 lapsus
1364 906 1482 941 periculo
1500 911 1595 934 vacant
1609 916 1616 934 :
1633 915 1692 937 cum
1708 907 1805 935 dome-

1007 949 1083 977 sticis
1097 950 1168 978 enim
1183 950 1338 985 decertant,
1351 956 1378 979 et
1393 952 1417 978 in
1432 956 1626 987 praeceptorum
1646 952 1806 987 corporibus

1007 996 1096 1023 omnia
1109 996 1280 1024 meditantur.
1291 997 1358 1024 Cum
1372 1005 1436 1024 vero
1447 998 1623 1025 cerlaminum
1640 1003 1746 1033 tempus
1757 998 1802 1025 ad.

1006 1041 1121 1074 venerit,
1136 1048 1197 1069 cum
1212 1041 1329 1070 stadium
1344 1047 1466 1078 apertum
1481 1043 1571 1076 fuerit,
1585 1051 1646 1071 cum
1661 1051 1756 1071 omnes
1770 1044 1805 1071 ad

1006 1085 1188 1120 spectaculum
1207 1087 1377 1122 congregati,
1402 1087 1480 1116 sedes
1502 1095 1608 1116 sursum
1630 1090 1804 1124 occuparint,

1008 1135 1140 1165 przesente
1161 1132 1343 1167 agonotheta:
1362 1138 1425 1161 tunc
1447 1140 1558 1161 necesse
1580 1139 1621 1161 est
1644 1139 1690 1162 aut
1711 1135 1807 1170 ignave

1006 1181 1115 1212 agentes
1129 1177 1217 1212 dejici,
1232 1185 1263 1205 ac
1277 1185 1337 1206 cum
1351 1179 1493 1214 ignominia
1507 1179 1661 1212 discedere,
1676 1187 1723 1209 aut
1733 1188 1805 1209 stre-

1007 1231 1060 1251 nue
1073 1227 1193 1259 agentes,
1209 1231 1323 1252 coronas
1334 1228 1362 1252 et
1374 1225 1466 1252 bravia
1479 1226 1626 1261 consequi;
1648 1227 1687 1254 sic
1704 1227 1732 1254 hi
1757 1228 1807 1255 tri-

1007 1269 1080 1304 ginta
1093 1269 1151 1297 dies
1163 1269 1239 1297 vobis
1252 1270 1383 1305 palmstrte
1392 1292 1400 1304 ,
1415 1272 1614 1307 gymnasiorum
1634 1277 1660 1299 et
1674 1273 1807 1301 exercita-

1008 1315 1087 1342 tionis
1100 1315 1160 1343 loco
1180 1320 1251 1343 sunt.
1263 1315 1322 1344 Jam
1342 1316 1405 1344 hinc
1421 1316 1556 1344 discamus
1569 1317 1712 1353 malignum
1728 1319 1806 1347 illum

1007 1360 1156 1388 dtemoncm
1172 1361 1277 1389 vincere
1293 1370 1300 1388 :
1316 1369 1377 1389 nam
1392 1367 1484 1390 contra
1498 1363 1572 1390 illum
1593 1368 1653 1398 post
1671 1364 1805 1399 baptisma

1007 1405 1034 1433 in
1047 1413 1156 1434 arenam
1171 1406 1334 1435 descendere
1345 1407 1484 1440 debemus,
1495 1413 1588 1436 contra
1600 1409 1674 1436 illum
1686 1418 1806 1445 pugnare

1007 1457 1034 1480 et
1048 1451 1196 1480 decertare.
1210 1453 1269 1480 .lam
1283 1453 1346 1482 hinc
1358 1461 1422 1489 ergo
1437 1455 1546 1482 insidias
1563 1454 1620 1490 ejus
1635 1456 1803 1490 ediscamus,

1007 1498 1140 1526 undenam
1155 1500 1288 1535 malignus
1302 1500 1356 1534 sit,
1377 1501 1510 1528 undenam
1533 1501 1612 1530 facile
1633 1511 1683 1530 nos
1705 1503 1805 1532 laedere

1007 1546 1114 1581 poterit,
1129 1551 1158 1573 ut
1171 1546 1324 1574 certaminis
1346 1552 1466 1582 tentpore
1487 1556 1541 1575 non
1562 1549 1710 1584 inexperti,
1727 1551 1806 1577 novis

1006 1592 1158 1626 conspectis
1180 1593 1369 1620 certaminibus
1392 1598 1551 1626 terreamur,
1573 1594 1620 1622 sed
1641 1595 1696 1630 jam
1719 1596 1803 1630 parati

1007 1638 1180 1674 meditatiquc
1190 1659 1197 1671 ,
1213 1639 1324 1674 ejusque
1338 1639 1448 1667 insidias
1461 1647 1556 1667 omnes
1569 1639 1673 1673 edocti,
1689 1641 1806 1668 ﬁdenter

1007 1684 1151 1712 certamina
1164 1692 1225 1712 cum
1241 1685 1286 1712 illo
1300 1685 1438 1713 adeamus.

1044 1729 1150 1765 Lingute
1162 1735 1222 1766 quot
1237 1735 1261 1758 et
1274 1732 1362 1766 quanti
1377 1731 1475 1767 lapsus.
1491 1746 1526 1752 —
1539 1732 1660 1768 Undique
1674 1741 1737 1760 vero
1753 1742 1805 1760 no-

1007 1776 1049 1804 bis
1063 1784 1161 1804 nocere
1175 1777 1254 1810 solet,
1269 1777 1317 1805 sed
1331 1778 1356 1805 in
1371 1779 1463 1813 primis
1478 1778 1566 1814 lingua
1586 1784 1614 1807 et
1626 1786 1684 1807 ore.
1695 1779 1804 1807 Nullum

1007 1822 1079 1850 enim
1095 1822 1134 1850 illi
1155 1823 1190 1850 ita
1205 1828 1384 1859 opportunum
1400 1831 1528 1859 organum
1551 1825 1584 1851 ad
1607 1825 1728 1852 fraudem
1744 1833 1806 1860 pcr-

1008 1868 1160 1904 niciemque
1174 1874 1304 1902 nostram,
1319 1874 1348 1897 ut
1365 1869 1547 1904 intemperans
1562 1870 1650 1904 lingua
1663 1875 1688 1897 et
1703 1878 1733 1897 os
1749 1879 1806 1897 non

1008 1914 1171 1942 obturatum.
1182 1914 1250 1942 llinc
1262 1915 1339 1942 nobis
1352 1915 1441 1950 lapsus
1452 1915 1568 1950 plurimi,
1581 1915 1643 1942 hinc
1656 1916 1733 1942 nobis
1744 1923 1806 1950 gra-

1007 1960 1050 1987 via
1063 1960 1186 1987 crintina.
1201 1960 1285 1993 Quam
1299 1960 1377 1988 facile
1392 1961 1426 1987 sit
1440 1968 1488 1988 ore
1502 1960 1565 1994 labi,
1580 1961 1619 1988 sic
1635 1961 1743 1996 quidam
1757 1961 1805 1988 du-

1007 2006 1118 2034 claravit
1129 2015 1136 2033 :
1153 2006 1229 2034 Multi
1241 2007 1351 2034 accidere
1363 2007 1460 2042 gladio,
1475 2008 1520 2035 sed
1533 2016 1583 2034 non
1596 2013 1632 2035 tot
1646 2013 1705 2043 quot
1718 2009 1806 2043 lingua

1010 2052 1103 2087 (Eccli.
1119 2052 1163 2080 28.
1178 2053 1224 2088 ‘22)
1241 2062 1248 2080 :
1265 2053 1375 2088 ipseque
1387 2061 1492 2081 rursum
1507 2062 1586 2089 quam
1600 2055 1689 2089 gravis
1702 2055 1737 2081 sit
1752 2055 1805 2082 hn-

1004 2098 1123 2134 jnsmodi
1139 2100 1230 2135 lapsus
1245 2100 1371 2128 indicavit
1391 2100 1432 2128 his
1446 2101 1550 2133 verbis,
1564 2101 1664 2136 Lapsus
1682 2102 1714 2129 de
1730 2103 1804 2137 pavi-

1008 2149 1092 2172 mento
1103 2146 1185 2181 potius
1195 2154 1270 2180 quant
1281 2147 1367 2182 lapsus
1379 2147 1410 2174 de
1420 2147 1507 2181 lingua
1520 2147 1530 2182 (
1541 2147 1621 2174 Eccli.
1634 2147 1678 2175 ΞΟ.
1690 2147 1743 2183 20)
1757 2157 1762 2174 :
1778 2148 1805 2176 id

1007 2196 1066 2224 est,
1082 2192 1177 2219 melius
1198 2196 1239 2219 est
1255 2193 1305 2219 labi
1320 2193 1476 2227 conterique
1490 2201 1598 2228 corpus,
1615 2201 1695 2228 quam
1710 2194 1803 2229 hujus-

1007 2237 1080 2264 modi
1096 2237 1206 2265 verbum
1221 2238 1351 2272 proferre,
1367 2239 1437 2273 quod
1451 2239 1535 2274 possit
1547 2239 1663 2266 animam
1684 2244 1803 2267 nostram

1007 2283 1129 2318 perdere.
1141 2282 1232 2318 Neque
1247 2283 1337 2318 lapsus
1350 2288 1452 2311 tantum
1469 2288 1609 2318 memorat,
1622 2284 1669 2311 sed
1684 2284 1805 2312 hortatur

1008 2334 1037 2357 ut
1047 2336 1169 2364 magnam
1178 2329 1382 2357 sollicitudinem
1394 2338 1528 2365 geramus,
1543 2339 1576 2358 nc
1587 2331 1803 2366 supplantemur,

1008 2374 1049 2402 his
1059 2375 1157 2406 verbis,
1174 2374 1227 2401 Fac
1238 2376 1275 2402 ori
1289 2380 1332 2402 tuo
1340 2376 1449 2410 januam
1456 2380 1479 2402 et
1490 2381 1568 2403 vectes
1578 2375 1670 2412 (Ecclt'.
1683 2377 1728 2405 28.
1739 2378 1802 2413 28);

1008 2427 1062 2446 non
1075 2424 1104 2447 ιιι
1116 2427 1180 2447 vere
1193 2419 1288 2454 januas
1307 2425 1334 2447 et
1348 2425 1437 2448 vectes
1459 2428 1583 2455 paremus
1594 2442 1601 2454 ,
1625 2422 1673 2449 sed
1695 2428 1724 2450 ιιι
1743 2430 1803 2450 ευιιι

1008 2473 1104 2500 magna
1128 2466 1233 2494 cautela
1258 2466 1379 2494 absurdis
1395 2467 1483 2495 verbis
1506 2467 1622 2503 linguatn
1637 2469 1802 2496 clandantns.

1007 2513 1176 2548 Rursumque
1190 2513 1253 2540 alibi
1267 2513 1410 2541 ostendens
1425 2521 1474 2541 nos
1488 2518 1515 2541 et
1529 2521 1589 2541 cum
1604 2514 1693 2542 studio
1711 2520 1803 2542 nostro

1009 2563 1036 2586 ct
1058 2563 1121 2586 ante
1142 2558 1259 2586 studium
1279 2563 1400 2586 nostrutn
1414 2567 1531 2594 superno
1547 2568 1627 2595 egere
1641 2561 1758 2594 auxilio,
1775 2566 1803 2588 ut

1008 2604 1077 2632 hanc
1090 2604 1172 2631 feram
1186 2603 1471 2638 intus‘contineamus,
1485 2606 1519 2633 ad
1534 2606 1616 2633 Deum
1633 2615 1728 2634 manus
1744 2612 1802 2634 ιιῚι-

1007 2650 1076 2678 dens
1090 2650 1217 2685 propheta
1233 2649 1357 2678 dicebat:
1373 2650 1488 2679 Elevatio
1501 2660 1621 2679 manuum
1634 2661 1748 2680 mearum
1761 2662 1801 2680 sa-

1010 2693 1336 2727 triﬁciumtwpertinum.
1350 2692 1431 2726 Pone,
1451 2693 1571 2726 Domine,
1592 2694 1740 2720 custodiam
1758 2694 1798 2720 ori

1010 2748 1076 2773 meo,
1092 2745 1117 2767 et
1131 2740 1225 2767 ostium
1240 2740 1446 2767 circumstantia
1458 2740 1533 2767 labiis
1552 2740 1616 2766 meis
1632 2739 1717 2772 (Pml.
1735 2740 1795 2767 140.

1008 2785 1035 2811 2.
1047 2785 1086 2819 5).
1102 2784 1134 2812 Et
1144 2785 1190 2820 qui
1203 2785 1278 2820 prius
1293 2785 1407 2818 monuit,
1419 2792 1526 2812 rursum
1539 2784 1591 2812 ait:
1604 2784 1667 2816 Quis
1675 2785 1749 2811 dabit
1757 2785 1796 2811 ori

1008 2838 1064 2858 meo
1078 2831 1231 2864 custodiam,
1249 2836 1273 2858 et
1286 2831 1362 2859 labiis
1374 2831 1436 2859 meis
1448 2831 1561 2866 sigillum
1573 2836 1689 2858 astutum
1701 2831 1792 2866 (Eulit
