1983 3125
149 184 201 212 ἓξῡ

151 243 195 270 2'2.
208 242 252 275 53)
262 242 274 268 ‘2
285 242 386 270 \‘iden'
402 244 526 279 singulos
541 243 694 278 hujusmodi
710 243 801 278 lapsus
814 243 950 274 timentes,

157 287 285 322 lugentes,
299 287 418 314 consilia
432 288 537 321 dantes,
552 292 702 322 precantes,
715 292 744 314 ut
753 287 822 315 circa
837 287 952 322 linguam

159 340 248 368 magna
263 332 370 359 cautela
385 332 565 360 adhibeatur?
578 333 613 360 At
625 341 682 367 cur,
695 333 808 368 inquies,
821 333 842 360 si
853 337 954 360 tantam

162 379 235 406 nobis
248 378 396 413 perniciem
411 378 463 406 hoc
474 379 677 406 instrumentum
689 379 792 411 afferat,
807 380 893 413 ipsum
907 387 955 406 no-

162 425 200 452 bis
220 432 235 450 a
258 423 391 458 principio
416 424 510 451 indidit
536 424 623 451 Deus?
644 424 709 458 Quia
730 432 852 459 magnam
876 424 956 452 etiam

163 471 236 497 affert
249 469 406 503 utilitatetn,
421 476 448 498 et
464 471 485 497 si
497 477 637 497 caveamus
648 491 655 503 ,
674 470 812 497 utilitatem
836 474 936 497 tantum
947 489 955 502 ,

162 515 304 550 perniciem
322 523 389 542 vero
405 516 507 543 nullam
521 515 608 542 affert.
623 515 691 543 Audi
710 516 782 543 enim
802 516 864 551 quid
887 517 958 543 dicat

162 570 195 593 IS,
209 562 254 596 qui
269 562 343 595 prius
357 562 404 588 illa
418 562 538 589 dixerat:
552 561 584 588 In
595 570 672 588 manu
685 562 778 597 lingua:
791 563 842 589 vita
853 567 875 589 ct
890 570 959 589 mors

163 606 251 643 (Prov.
268 607 313 634 18.
323 606 382 642 21).
401 608 553 642 Eademque
574 608 630 642 ipsa
647 607 769 635 Christus
782 607 899 635 declarat
918 607 960 635 his

163 653 263 685 verbis,
273 653 311 680 De
316 654 472 680 sermonibus
479 654 526 680 tuis
535 654 747 686 condemnaberis,
755 659 828 688 atque
834 653 865 680 de
870 662 961 681 sermo-

162 698 235 725 nibus
249 698 298 725 luis
309 699 493 733 justiﬁcaberis
506 698 615 733 (Matt/1.
632 699 677 725 i2.
691 699 724 726 57
734 699 754 734 ).
767 699 852 726 Media
863 698 960 734 quippe

162 750 214 772 stat
227 745 319 780 lingua
331 745 402 772 inter
418 750 559 780 utrumque
572 753 666 778 usum;
680 750 708 773 tu
727 746 850 773 dominus
867 753 906 774 es.
922 746 961 773 lta

163 796 192 818 et
203 791 308 826 gladius
317 790 390 825 jacet
401 791 523 824 medius;
535 792 558 818 si
572 791 617 818 illo
628 796 720 819 contra
731 791 854 819 inimicos
867 792 959 824 utaris,

164 837 283 864 salutare
297 837 346 863 tibi
360 837 568 864 instrumentum
582 837 713 870 efficitur;
726 837 767 864 sin
782 837 827 864 libi
840 837 891 871 ipsi
904 838 963 864 vul-

164 890 215 910 nus
229 882 346 917 infligas,
363 890 417 909 non
433 883 497 910 ferri
508 887 611 915 natura,
626 883 672 910 sed
689 883 815 917 iniquitas
826 887 870 910 tua
882 883 964 910 caedis

164 936 245 956 causa
258 934 310 956 est.
323 929 361 956 lta
374 934 402 956 et
415 929 447 956 de
461 929 549 964 lingua
563 929 712 964 cogitemus
731 937 737 956 :
756 928 860 963 gladius
876 933 918 956 est
937 929 963 956 in

165 975 255 1002 medio
266 976 371 1009 jacens,
383 982 450 1002 acue
465 975 536 1002 illam
550 975 582 1001 ad
598 979 624 1002 te
635 975 668 1002 de
683 975 800 1010 peccatis
815 974 866 1002 tuis
883 981 964 1001 accu-

165 1021 290 1053 sandum,
307 1029 341 1048 ne
353 1021 428 1047 fratri
441 1021 537 1048 vulnus
552 1020 664 1056 infligas.
687 1020 750 1047 ideo
770 1020 843 1048 illam
863 1020 964 1055 duplici

167 1075 245 1094 muro
261 1066 332 1094 Deus
345 1067 574 1100 circumvallavit,
589 1066 708 1094 dentium
731 1073 828 1101 nempe
850 1071 926 1101 septo
939 1071 966 1094 et

170 1112 301 1140 Iabiorum
323 1113 425 1140 ambitu
436 1133 443 1146 ,
467 1120 501 1140 ne
520 1112 595 1140 facile
608 1116 635 1140 et
649 1112 797 1140 inconsulte
816 1112 897 1139 verba
912 1120 966 1139 non

169 1157 344 1192 congruentia
360 1157 486 1191 proferat.
502 1157 618 1184 Refrena
633 1157 706 1184 illam
719 1157 799 1184 intus.
813 1157 911 1184 Verum
923 1157 965 1184 illa

170 1211 222 1230 non
238 1203 264 1230 id
280 1203 531 1238 patitur?dentibus
550 1203 622 1230 illam
644 1204 754 1239 castiga,
779 1204 897 1238 ipsorum
918 1210 967 1230 ceu

170 1249 326 1277 carnificum
346 1250 447 1276 morsui
461 1249 532 1276 illam
549 1249 657 1277 tradens
674 1258 681 1276 :
697 1249 794 1277 melius
813 1249 912 1284 quippe
927 1253 969 1276 est

172 1295 242 1322 illam
257 1303 329 1322 nunc
347 1299 501 1330 peccantem
516 1295 640 1323 dentibus
658 1295 774 1322 morderi
787 1316 794 1329 ,
810 1302 890 1330 quant
905 1299 969 1322 tunc

171 1340 274 1368 aridam
288 1345 315 1368 et
329 1348 406 1375 aquae
418 1341 517 1368 stillam
537 1346 701 1376 qumrentem
725 1341 769 1368 illa
784 1341 969 1369 consolatione

174 1386 281 1421 privari.
298 1386 327 1413 ln
343 1386 434 1413 multis
448 1393 513 1413 sane
527 1386 586 1414 aliis
601 1393 715 1421 peccare
729 1386 772 1413 illa
784 1387 863 1421 solet,
875 1388 969 1414 convi-

172 1433 220 1460 ciis
233 1440 341 1468 nempe,
357 1432 540 1467 blasphemiis,
555 1433 643 1460 verbis
657 1433 800 1467 obscoenis,
817 1434 968 1469 sycophan-

173 1479 226 1509 tiis.
240 1479 411 1514 juramentis,
428 1479 561 1514 perjuriis.

208 1525 235 1552 5.
258 1525 385 1552 Aduersus
393 1525 502 1560 jurandi
516 1525 728 1553 consuetudinem.
742 1541 778 1546 —
791 1526 842 1554 Sed
857 1534 891 1554 ne
906 1534 970 1554 con-

173 1570 262 1598 fet-tim
288 1572 378 1598 omnia
404 1571 523 1598 dicentes
553 1576 671 1598 mentem
702 1571 896 1600 confundamus
922 1580 971 1600 ve-

174 1621 266 1649 stram,
289 1624 369 1643 unatu
385 1616 460 1643 vobis
473 1616 558 1651 legem
580 1617 703 1651 ponimus
716 1616 749 1644 de
771 1617 886 1644 vitandis
897 1617 971 1652 jura-

175 1663 285 1695 mentis,
301 1662 354 1690 boc
369 1662 445 1690 vobis
459 1663 668 1697 prienuntiantes
681 1667 708 1690 ct
721 1663 866 1694 edicentes,
881 1664 904 1690 si
917 1672 970 1691 non

176 1709 256 1736 modo
279 1708 408 1743 perjuria,
424 1708 470 1735 sed
484 1709 563 1736 etiam
575 1708 726 1743 juramenla
741 1708 776 1736 ob
794 1709 893 1743 justam
907 1717 971 1736 cau-

175 1763 231 1781 iam
247 1754 362 1789 prolata,
379 1762 432 1781 non
449 1755 563 1788 fugiatis,
579 1762 622 1782 me
636 1762 688 1782 non
701 1754 772 1782 aliud
786 1760 971 1790 argumentum

176 1805 363 1828 tractatui-um.
378 1799 444 1827 Nam
460 1800 603 1828 absurdum
625 1805 706 1833 esset,
720 1801 753 1833 si,
769 1801 832 1828 dum
858 1801 972 1828 ludima-

175 1847 249 1882 gistri
274 1854 328 1874 non
356 1847 421 1873 alias
449 1847 538 1881 pueris
566 1847 674 1874 tradunt
698 1847 863 1881 disciplinas,
887 1847 973 1874 donec

175 1894 283 1921 videant
308 1893 424 1928 priorem
446 1894 472 1921 in
498 1893 616 1928 ipsorum
640 1894 769 1921 memoria
793 1893 904 1929 pulchre
918 1893 972 1920 hce-

177 1947 249 1972 rerc,
263 1946 314 1966 nos
337 1947 397 1966 cum
414 1939 517 1976 priores
540 1938 694 1974 disciplinas
707 1939 825 1966 nondum
840 1939 973 1967 inculcare

177 1985 355 2019 potuerimus,
370 1985 468 2012 alteras
487 1984 576 2012 denuo
590 1985 741 2019 ingeramus
758 1993 764 2011 :
780 1985 806 2012 id
821 1985 892 2013 enim
907 1985 973 2012 nihil

176 2030 247 2057 aliud
261 2034 333 2057 esset
346 2038 426 2066 quam
442 2031 469 2058 in
491 2035 598 2065 pertuso
613 2030 684 2057 dolio
708 2030 823 2058 haurire.
837 2030 876 2058 Ne
895 2031 975 2065 igitur

177 2084 208 2103 os
219 2076 298 2103 nobis
317 2076 458 2108 claudatis,
474 2083 596 2111 magnam
621 2076 659 2102 rei
674 2083 766 2103 curam
787 2075 892 2103 habete.
907 2075 974 2103 Nam

178 2129 258 2156 grave
282 2126 419 2156 peccatum
443 2125 503 2155 est,
523 2120 720 2156 admodumque
744 2128 845 2156 grave:
862 2121 975 2159 ideoque

179 2168 322 2195 admodum
338 2175 430 2203 grave,
445 2168 507 2203 quia
521 2175 573 2195 non
597 2168 701 2195 videtur
711 2175 792 2203 grave
804 2175 863 2195 esse
880 2176 887 2195 :
902 2167 975 2195 ideo-

181 2222 233 2249 que
245 2214 333 2248 ipsum
347 2213 472 2246 formido,
488 2214 548 2248 quia
563 2220 642 2240 nemo
662 2213 786 2240 formidat
802 2222 810 2240 :
824 2213 884 2240 ideo
898 2213 974 2240 incu-

179 2261 269 2287 nihilis
295 2260 415 2294 morbus,
436 2260 496 2295 quia
518 2261 626 2288 morbus
648 2268 701 2287 non
715 2267 774 2288 esse
789 2259 910 2292 videtur;
927 2259 975 2287 sed

180 2306 403 2341 quemadmodum
419 2314 507 2334 sermo
522 2306 635 2341 simplex
653 2307 754 2334 crimen
768 2313 820 2333 non
834 2311 883 2337 est,
900 2306 934 2333 ila
948 2310 976 2333 et

181 2352 232 2380 hoc
254 2353 356 2380 crimen
379 2360 440 2380 esse
463 2359 516 2380 nou
541 2352 656 2384 videtur,
671 2352 718 2379 sed
742 2352 906 2379 confidenter
926 2353 976 2379 hoc

181 2397 283 2425 facinus
307 2398 478 2430 admittitur;
495 2398 516 2426 si
540 2399 599 2434 quis
623 2406 688 2425 vero
710 2398 860 2433 redarguat,
886 2399 974 2425 statim

182 2445 251 2471 risus
265 2450 292 2472 et
305 2444 429 2471 cachinni
445 2444 557 2478 profusi,
581 2452 631 2471 non
653 2444 780 2471 adversus
802 2452 859 2477 eos,
875 2444 919 2479 qui
932 2444 976 2479 ju-

184 2496 302 2519 ratuenta
315 2491 488 2526 redarguunt,
504 2491 550 2518 sed
571 2491 699 2518 adversus
714 2499 770 2524 eos,
794 2491 838 2526 qui
853 2491 975 2518 morbum

182 2545 278 2565 curare
299 2538 402 2564 volunt.
431 2537 492 2564 ideo
517 2537 623 2571 longum
645 2537 695 2564 hac
715 2539 749 2564 de
769 2544 799 2564 re
825 2544 976 2564 sermonem

183 2583 269 2611 habeo
286 2592 292 2610 :
307 2583 389 2609 altam
403 2582 473 2609 enim
496 2582 611 2609 radicem
635 2582 750 2609 evellere
773 2582 861 2616 cupio,
877 2586 904 2609 et
917 2581 977 2609 diu-

184 2634 288 2655 turnum
304 2628 397 2655 delere
421 2627 535 2660 malum;
551 2636 602 2654 nou
618 2627 732 2662 perjuria
747 2627 832 2654 solum
845 2628 915 2660 dico,
930 2627 977 2654 sed

181 2679 208 2701 et
230 2674 384 2709 juramenta
410 2672 481 2707 juste
504 2673 616 2707 prolata.
643 2674 687 2705 At,
703 2672 815 2707 inquies,
841 2672 884 2700 ille
897 2672 978 2699 homo

183 2721 330 2752 modestus,
354 2720 532 2747 sacerdotium
555 2727 661 2754 gerens,
685 2719 727 2754 pie
748 2723 978 2754 temperanterque

184 2767 286 2797 Vivens.
305 2766 384 2800 'jurat
406 2770 503 2792 tamen.
525 2765 563 2792 Ne
577 2764 640 2791 mihi
655 2765 803 2792 modestum
819 2765 891 2791 illum
914 2764 979 2791 alle-

182 2820 238 2848 ges,
263 2817 472 2846 temperantem,
491 2811 572 2845 pium,
598 2813 624 2838 in
646 2811 795 2838 saecrdotio
819 2811 978 2846 degentem:

180 2858 228 2886 sed
249 2858 272 2885 si
286 2858 327 2884 vis
352 2865 423 2891 pone
449 2857 554 2884 Petrum
569 2864 627 2884 esse
650 2857 691 2884 vel
706 2857 827 2888 Paulum,
844 2857 884 2883 vel
900 2864 981 2885 ance-

182 2907 244 2936 lum,
262 2905 307 2940 qui
322 2904 358 2931 de
374 2904 441 2931 caelo
459 2903 624 2931 descenderit
640 2912 646 2930 :
665 2911 696 2931 ne
711 2903 749 2930 sic
764 2903 869 2938 quidem
883 2910 975 2938 perso-

676 187 720 215 AD
739 185 995 216 lLLUMlN.\NDOS
1013 182 1228 212 CATECllESlS
1247 184 1266 210 l.

1746 183 1800 210 ‘23!)

1008 248 1102 267 narum
1117 240 1270 275 dignitatem
1293 239 1442 274 respiciam.
1458 239 1524 267 Nam
1539 240 1623 275 legem
1637 248 1690 268 non
1714 243 1798 268 servi-

1008 286 1074 318 lem,
1091 285 1137 313 sed
1152 286 1311 312 dominicam
1326 286 1360 313 de
1376 285 1529 320 jurameuto
1543 286 1602 321 lego
1617 295 1624 314 :
1637 295 1698 314 cum
1713 292 1800 315 autem

1008 331 1178 366 imperatoria
1188 331 1287 365 scripta
1297 331 1430 366 leguntur,
1442 331 1528 359 omnis
1538 339 1674 359 servorum
1687 332 1798 367 dignitas

1009 378 1140 412 quiescat.
1157 377 1223 404 Nam
1245 378 1267 404 si
1282 377 1372 404 dicere
1396 381 1473 412 potes
1498 377 1632 405 Christum
1653 378 1800 413 juramenla

1010 424 1178 458 praecepisse,
1193 428 1238 451 aut
1249 423 1382 451 Christum
1408 424 1464 459 ipsa
1484 424 1599 452 admissa
1624 433 1676 452 non
1692 427 1800 459 ulcisci,
1828 440 1834 446 -
1850 437 1855 448 ι

1011 469 1122 496 ostende
1145 469 1220 502 mihi,
1242 475 1270 496 et
1285 477 1385 496 morem
1407 477 1508 503 geram.
1525 470 1600 503 Quod
1614 470 1637 497 si
1651 475 1723 497 tanta
1737 478 1800 498 cura

1013 515 1098 550 ipsum
1112 520 1192 547 vetat,
1209 520 1236 542 et
1249 519 1349 542 tantam
1364 515 1441 550 hujus
1457 516 1494 543 rei
1511 515 1701 551 providentiam
1722 518 1802 551 gerit,

1014 566 1044 588 ut
1058 569 1117 588 cum
1132 561 1247 595 maligno
1259 561 1392 595 juzanteni
1405 562 1550 589 constituat
1561 562 1570 596 (
1581 562 1655 595 Quod
1669 566 1753 588 autem
1767 562 1806 588 his

1013 606 1182 633 abundantius
1200 611 1246 639 est,
1261 607 1307 639 ait,
1322 614 1426 641 nempe,
1442 611 1477 633 est
1501 610 1528 633 ct
1541 615 1601 640 non,
1615 615 1630 633 a
1644 606 1744 633 diabolo
1766 611 1803 633 est

1015 650 1178 689 [Matth.5]),
1191 652 1253 688 quid
1265 653 1329 680 mihi
1343 652 1414 680 hunc
1428 658 1455 680 et
1470 653 1544 680 illum
1559 653 1584 680 in
1610 653 1726 680 medium
1742 661 1806 688 pro-

1015 698 1090 726 ducis
1101 699 1111 725 7
1121 698 1179 726 Non
1195 698 1267 726 enim
1279 706 1312 726 ex
1327 705 1515 726 conservorum
1528 698 1697 733 negligentia,
1712 699 1759 726 sed
1774 706 1808 726 ex

1015 742 1102 778 legum
1116 751 1225 771 suarum
1247 748 1392 779 prmcepto,
1415 743 1485 771 hunc
1501 743 1571 771 Deus
1586 743 1652 771 feret
1666 744 1807 771 calculum.

1016 788 1097 822 Jussi,
1121 789 1206 824 inquit
1224 798 1230 815 :
1247 789 1432 824 obtemperare
1455 789 1606 824 oportebat,
1629 796 1682 816 non
1699 789 1769 816 hunc
1783 793 1811 817 et

1016 836 1090 863 illum
1105 836 1281 870 praetendere,
1296 844 1382 871 neque
1400 836 1485 863 aliena
1501 835 1570 863 maia
1592 836 1723 863 curiosius
1735 836 1811 864 inve-

1017 881 1125 916 stigare.
1141 881 1359 916 Quandoquidem
1383 889 1494 916 magnus
1518 881 1562 909 ille
1586 881 1668 909 David
1691 882 1716 908 in
1732 889 1812 916 grave

1019 931 1156 961 peccaturo
1179 927 1269 961 lapsus
1292 931 1332 954 est
1346 935 1354 953 :
1368 926 1462 954 ideone
1472 948 1479 959 ,
1497 934 1598 961 qumso,
1621 927 1679 954 sine
1693 927 1813 962 periculo

1019 980 1130 1007 peccare
1143 973 1310 1007 poterimus?
1325 972 1493 1007 Quapropter
1505 971 1556 999 hoc
1578 980 1672 1000 cavere
1686 977 1791 1008 oportet
1803 993 1812 1005 ,

1019 1024 1100 1054 atque
1115 1024 1187 1046 recta
1212 1023 1314 1046 tantum
1329 1023 1480 1045 sanctorum
1502 1024 1576 1054 gesta
1592 1019 1700 1046 imitari.
1723 1019 1814 1047 Sicubi

1020 1074 1086 1093 vero
1109 1065 1268 1101 negligentia
1291 1066 1331 1093 vel
1356 1066 1530 1101 transgressio
1553 1066 1618 1101 legis
1642 1071 1773 1099 occurrat,
1788 1066 1814 1093 id

1021 1119 1127 1139 summa
1152 1111 1329 1139 sollicitudine
1344 1110 1497 1146 fugiendum
1513 1115 1562 1139 est.
1587 1111 1645 1138 Non
1659 1112 1732 1139 enim
1753 1119 1814 1138 cum

1020 1158 1167 1190 conservis,
1179 1157 1224 1185 sed
1238 1165 1298 1184 cum
1313 1158 1425 1184 Domino
1437 1158 1505 1185 ratio
1519 1158 1594 1185 nobis
1609 1163 1660 1190 est,
1674 1166 1816 1194 rerumque

1021 1203 1047 1229 in
1061 1203 1113 1229 vita
1127 1208 1262 1238 gestarum
1275 1204 1392 1230 omnium
1407 1203 1537 1231 rationem
1549 1203 1597 1238 ipsi
1611 1204 1760 1231 reddemus.
1776 1204 1816 1231 Ad

1022 1248 1087 1276 illud
1101 1250 1189 1283 itaque
1205 1249 1320 1276 tribunal
1334 1256 1383 1276 nos
1398 1256 1576 1284 prmparcmus
1589 1258 1595 1275 :
1608 1257 1668 1276 nam
1681 1255 1817 1284 quantum-

1022 1294 1064 1321 vis
1078 1294 1250 1321 admirandus
1264 1299 1291 1322 et
1305 1301 1415 1329 magnus
1430 1295 1465 1321 sit
1479 1295 1502 1321 is
1515 1294 1559 1329 qui
1577 1295 1646 1322 hanc
1659 1295 1743 1330 legem
1758 1296 1817 1321 vio—

1022 1340 1069 1373 lat,
1082 1341 1200 1375 reposito
1215 1340 1275 1367 huic
1289 1341 1498 1375 przevaricationi
1511 1342 1641 1376 supplicio
1653 1341 1723 1369 haud
1736 1342 1817 1370 dubie

1022 1386 1153 1421 plectetur
1163 1395 1168 1412 :
1180 1394 1232 1413 non
1247 1387 1318 1413 enim
1332 1394 1460 1421 personas
1472 1387 1568 1421 accipit
1581 1387 1661 1414 Deus.
1677 1387 1819 1421 Quomodo

1023 1436 1112 1459 autem
1125 1439 1210 1466 quave
1224 1432 1326 1459 ratione
1339 1436 1426 1466 potest
1439 1432 1490 1459 hoc
1505 1437 1641 1467 peccatum
1653 1433 1729 1460 vitari
1740 1433 1753 1460 Y
1766 1441 1818 1460 non

1023 1479 1095 1506 enim
1120 1485 1168 1512 par
1192 1482 1234 1504 est
1256 1485 1335 1512 quam
1359 1485 1439 1512 grave
1467 1477 1501 1505 sit
1526 1481 1662 1512 peccatum
1685 1478 1820 1507 dumtaxat

1023 1523 1174 1554 ostendere.
1201 1523 1248 1550 sed
1270 1523 1421 1556 consilium,
1445 1531 1497 1558 quo
1518 1523 1552 1550 ab
1567 1531 1599 1551 eo
1615 1524 1720 1552 liberari
1735 1524 1821 1560 possi-

1023 1577 1084 1597 mus
1093 1569 1207 1604 aperire.
1218 1569 1266 1596 Est
1275 1569 1320 1596 tibi
1339 1569 1446 1604 conjux.
1458 1574 1519 1596 sunt
1530 1570 1577 1597 tibi
1588 1570 1643 1602 ﬁlii,
1655 1575 1696 1598 est
1706 1572 1818 1605 amicus,

1024 1621 1162 1652 cognatus,
1175 1615 1277 1643 vicinus
1293 1624 1299 1642 :
1316 1615 1358 1643 his
1370 1616 1494 1643 omnibus
1506 1616 1573 1643 hanc
1586 1624 1667 1652 super
1679 1617 1720 1644 his
1731 1623 1822 1644 custo-

1024 1661 1094 1689 diam
1118 1662 1259 1689 demanda.
1275 1661 1368 1689 Gravis
1391 1669 1434 1689 res
1457 1665 1499 1689 est
1522 1663 1697 1696 consuetudo,
1713 1663 1820 1691 difficile

1024 1712 1067 1735 est
1080 1715 1139 1735 eam
1153 1707 1186 1734 de
1199 1707 1287 1734 medio
1303 1707 1405 1739 tollere,
1421 1707 1532 1734 arduum
1547 1713 1587 1735 est
1601 1708 1634 1735 ab
1648 1708 1690 1736 illa
1705 1716 1800 1736 cavere
1810 1729 1821 1743 ,

1025 1754 1122 1782 invitos
1136 1762 1207 1790 saepe
1230 1758 1257 1781 et
1281 1754 1463 1788 imprudentes
1486 1754 1596 1782 invadit.
1621 1755 1701 1789 igitur
1723 1760 1822 1790 quanto

1025 1801 1152 1835 majorem
1166 1801 1234 1827 nosti
1246 1801 1299 1827 vim
1310 1800 1520 1832 consuetudinis,
1533 1804 1606 1827 tanto
1617 1801 1700 1835 magis
1711 1809 1724 1826 a
1738 1809 1817 1835 prava

1025 1847 1218 1875 consuetudine
1243 1846 1348 1874 liberari
1363 1851 1453 1881 satage
1465 1851 1492 1873 et
1515 1847 1548 1873 ad
1562 1847 1640 1873 aliam
1656 1847 1822 1874 utilissimam

1027 1898 1052 1920 te
1066 1894 1189 1920 transfer.
1206 1892 1435 1927 Quemadmodum
1458 1892 1528 1918 enim
1545 1897 1571 1918 te
1593 1892 1664 1919 illam
1685 1897 1824 1933 curantem

1027 1947 1109 1975 smpe,
1125 1939 1158 1966 ab
1172 1939 1214 1966 illa
1229 1943 1370 1966 caventem
1389 1942 1467 1973 teque
1481 1937 1593 1965 sollicite
1606 1938 1798 1965 custodientem
1814 1959 1821 1970 ,

1027 1986 1112 2021 potuit
1134 1985 1315 2020 supplantare,
1330 1984 1365 2011 ita
1385 1984 1407 2010 si
1429 1988 1456 2011 te
1482 1985 1507 2010 in
1530 1983 1626 2010 bonam
1642 1991 1694 2010 non
1717 1978 1830 2018 jurandi

1026 2031 1245 2058 consuetudinem
1271 2029 1424 2062 transferas,
1447 2037 1495 2056 nec
1519 2029 1616 2056 invitus
1631 2035 1753 2064 umquam
1775 2037 1824 2056 nec

1028 2084 1121 2104 socors
1148 2076 1248 2111 poteris
1269 2076 1294 2102 in
1306 2075 1452 2110 juramenti
1475 2074 1578 2108 lapsum
1602 2073 1710 2101 deferri.
1730 2074 1822 2109 Magna

1028 2123 1118 2158 utique
1137 2129 1180 2149 res
1198 2122 1372 2152 consuetudo,
1396 2128 1455 2155 quin
1477 2125 1579 2147 naturae.
1602 2120 1654 2147 vim
1680 2120 1768 2148 habet.
1783 2120 1824 2148 Ne

1029 2168 1108 2203 igitur
1121 2168 1147 2195 id
1168 2168 1320 2202 frequenter
1340 2174 1459 2201 agamus,
1476 2167 1502 2194 in
1524 2166 1602 2193 aliam
1617 2174 1665 2194 nos
1678 2171 1821 2194 consuetu-

1028 2214 1117 2241 dinem
1135 2213 1324 2241 transferamus
1340 2220 1373 2240 :a
1387 2212 1498 2247 singulis
1513 2217 1600 2239 tecum
1624 2213 1774 2241 viventibus
1796 2218 1825 2241 et

1028 2260 1194 2288 versantibus
1222 2260 1290 2287 hanc
1312 2260 1423 2294 gratiam
1447 2259 1562 2293 postula,
1583 2263 1612 2286 ut
1633 2263 1659 2286 te
1684 2259 1824 2287 hortentur

1028 2311 1108 2340 atque
1122 2306 1248 2332 inducant
1261 2305 1294 2332 ad
1319 2305 1454 2332 vitandum
1466 2304 1655 2340 juramentutn.
1671 2305 1824 2340 deprchen-

1029 2360 1086 2380 sum
1099 2357 1220 2387 arguant.
1240 2351 1307 2379 Nam
1320 2359 1412 2379 eorum
1435 2352 1506 2378 circa
1521 2355 1548 2378 te
1562 2351 1681 2379 custodia
1698 2352 1741 2379 vel
1758 2353 1822 2387 ipsis

1029 2398 1170 2425 consilium
1184 2402 1211 2424 et
1225 2397 1376 2425 adhortatio
1397 2398 1484 2424 estad
1506 2402 1579 2425 recte
1593 2398 1734 2433 agendum.
1756 2399 1822 2426 Nam

1029 2444 1073 2478 qui
1085 2443 1198 2470 alterum
1209 2443 1242 2470 de
1253 2443 1404 2477 jurameuto
1423 2448 1539 2476 accusat,
1561 2451 1614 2470 non
1629 2443 1705 2471 facile
1726 2445 1782 2479 ipse
1799 2445 1824 2471 in

1030 2489 1080 2516 hoc
1092 2488 1244 2516 barathrum
1266 2488 1373 2515 incidet.
1391 2488 1549 2515 Barathrum
1561 2489 1630 2516 enim
1646 2497 1698 2516 non
1714 2497 1824 2524 parvum

1031 2540 1072 2562 est
1094 2534 1200 2569 juraudi
1230 2534 1387 2569 frequentia,
1403 2541 1457 2560 non
1480 2534 1559 2561 tnodo
1574 2542 1634 2561 cum
1653 2534 1688 2562 de
1709 2535 1825 2563 minimis

1031 2581 1120 2614 rebus,
1131 2581 1177 2608 sed
1192 2588 1251 2608 cum
1263 2580 1295 2607 de
1306 2580 1428 2607 maximis
1436 2581 1530 2615 agitur.
1540 2580 1593 2607 Nos
1603 2585 1689 2607 autem
1700 2581 1739 2608 vel
1753 2582 1826 2608 olera

1031 2631 1160 2659 ementes,
1173 2626 1249 2654 valde
1258 2626 1291 2653 de
1299 2626 1402 2653 duobus
1413 2626 1497 2653 obolis
1505 2626 1692 2660 disceptantes,
1703 2626 1728 2653 in
1742 2626 1827 2654 famu-

1031 2673 1071 2701 los
1083 2673 1120 2700 ira
1132 2673 1257 2701 commoti
1271 2678 1297 2700 et
1309 2674 1511 2707 comminantes,
1527 2674 1608 2701 Deum
1623 2682 1729 2709 semper
1742 2675 1822 2701 advo-

1031 2726 1122 2746 camus
1139 2724 1242 2746 testem.
1258 2719 1397 2746 Hominem
1412 2719 1520 2754 quidem
1545 2720 1687 2755 ingenuum
1712 2721 1753 2747 vel
1773 2720 1824 2748 levi

1031 2764 1160 2799 dignitate
1179 2764 1329 2798 prtedilum,
1343 2764 1376 2790 ad
1390 2764 1538 2799 hujusmodi
1561 2773 1604 2792 res
1620 2765 1644 2791 in
1659 2765 1716 2791 foro
1731 2770 1824 2792 testem

1033 2811 1162 2838 advocare
1174 2818 1225 2837 non
1236 2810 1328 2844 amics,
1345 2810 1386 2838 vel
1401 2811 1423 2838 si
1436 2811 1544 2844 audeas,
1556 2812 1722 2838 contumelia:
1734 2818 1825 2846 pinnas

1033 2857 1127 2888 dabis;
1150 2857 1274 2883 ca-lorum
1299 2860 1387 2882 autem
1407 2856 1505 2891 [tegent
1520 2861 1547 2883 et
1561 2857 1712 2891 angelorum
1738 2857 1826 2882 Domi-

1035 2913 1109 2937 nutu,
1133 2903 1188 2931 sive
1211 2903 1245 2931 dc
1268 2903 1416 2936 venalibus,
1441 2903 1496 2931 sive
1517 2903 1549 2931 de
1572 2903 1700 2938 pecuniis,
1714 2902 1771 2930 sive
1792 2901 1827 2928 dc
