1983 3125
194 210 240 237 SIBI
547 209 576 236 S.
596 207 734 235 JOANNIS
753 205 992 235 CIIRYSOSTOMI
1013 205 1172 234 ARCIIIEP.
1185 205 1450 235 CONSTANTINOP.

195 266 309 293 minimis
335 264 415 292 rebus
439 271 590 290 sermonem
616 263 729 294 habeas,
754 264 779 290 in
805 262 986 290 testimonium

195 311 296 343 trahis;
312 311 430 338 lucccine
453 309 583 336 ferenda?
598 309 736 342 Quotttodo
764 309 908 342 poterimus
923 315 987 343 ergo

193 358 226 384 ah
245 356 295 383 hac
307 356 375 384 mala
389 355 583 384 consuetudine
597 355 723 382 liberari?
735 355 763 381 Si
775 354 910 386 custodes,
921 361 989 388 quos

191 403 258 434 dixi,
280 402 350 429 circa
373 409 421 429 nos
440 408 582 437 ponamus,
600 405 757 435 tempusque
778 399 855 428 nobis
878 400 942 435 ipsis
954 400 988 428 ad

194 447 391 482 correptionem
406 447 609 479 constituamus,
625 453 784 480 poenamque
797 445 872 473 nobis
886 445 988 472 indica-

193 500 263 526 mus,
277 493 300 520 si
310 493 402 529 elapso
413 496 531 527 tempore
540 499 592 519 non
603 491 736 519 emendati
746 491 885 519 fuerimus.
897 491 990 525 Quod-

194 546 254 566 nam
271 543 374 574 tempus
387 537 421 565 ad
445 537 497 565 hoc
518 537 583 565 satis
604 537 676 564 erit"!
698 536 755 564 Non
775 541 838 572 puto
862 544 919 570 eos,
943 537 989 572 qui

193 585 337 613 admodum
368 585 478 619 vigilant
504 591 612 620 suntque
637 583 762 611 eurandm
788 583 866 610 saluti
894 583 989 610 intenti

193 636 266 663 sunt,
284 631 342 666 plus
356 630 448 658 decem
472 629 565 657 diebus
579 637 646 664 opus
662 629 770 662 habere,
785 633 814 656 ut
828 636 842 655 a
863 628 931 655 mala
944 628 988 663 ju-

193 681 375 704 ramentorum
389 676 580 703 consuetudine
603 683 712 710 prorsus
735 674 889 702 liberentur.
912 674 989 708 Quod

195 723 217 750 si
234 727 293 757 post
317 722 376 749 illos
400 721 493 749 decem
521 721 578 749 dies
598 721 719 756 juranles
733 719 966 755 deprehendamur
979 740 987 754 ,

194 775 300 803 pmnam
322 767 399 794 nobis
413 767 618 800 constituamus,
635 766 831 793 damnationem
846 770 873 793 et
887 765 988 801 suppli-

1784 211 1838 238 252

1040 262 1111 288 cium
1136 269 1184 297 pro
1198 263 1417 297 przrvaricatione
1440 265 1594 292 maximum.
1610 267 1694 300 Quam
1707 275 1771 296 vero
1787 269 1834 295 da-

1043 308 1227 335 mnationem?
1243 308 1269 335 ld
1284 317 1336 336 non
1355 317 1405 344 ego
1417 308 1553 344 definiam,
1576 311 1624 339 sed
1638 319 1685 339 vos
1698 315 1838 341 sententia:

1041 352 1164 380 dominos
1177 354 1322 382 constituo.
1336 354 1380 382 Sic
1395 363 1437 388 ea,
1449 363 1508 391 quae
1520 364 1568 383 nos
1581 362 1714 392 spectant,
1729 359 1838 394 dispen-

1041 406 1142 431 semus,
1167 408 1218 427 non
1244 399 1325 428 modo
1348 401 1418 429 circa
1440 401 1602 437 iuramenta,
1626 404 1672 432 sed
1692 405 1764 432 circa
1786 406 1839 433 alia

1041 445 1167 479 quaalibet
1189 445 1305 477 delicta;
1330 454 1362 474 ac
1393 451 1498 482 tempus
1521 448 1598 476 nobis
1624 450 1839 484 constituentes,

1041 492 1206 526 gravissimis
1220 493 1353 529 deputatis
1368 494 1465 529 pomis,
1481 495 1503 522 si
1519 495 1662 530 aliquando
1675 497 1701 523 in
1721 505 1752 524 ea
1768 497 1839 525 inci-

1041 537 1146 571 damus,
1169 539 1227 573 puri
1240 539 1273 566 ad
1296 539 1438 567 Dominum
1462 546 1583 568 nosuum
1598 542 1769 575 accedemus,
1785 549 1812 571 et
1826 551 1841 570 a

1041 583 1162 618 gehenna
1176 585 1244 620 ignis
1257 585 1438 620 liberabimur,
1455 586 1619 622 ﬁdenterque
1632 588 1763 617 stabimus
1778 594 1842 617 ante

1042 629 1157 657 tribunal
1179 630 1277 658 Christi
1295 640 1301 658 :
1317 631 1387 666 quod
1408 640 1458 659 nos
1471 633 1579 668 assequi
1595 634 1741 669 contingat,
1756 635 1842 670 gratia

1041 680 1069 703 et
1090 675 1252 711 benignitate
1274 677 1379 705 Domini
1406 678 1490 705 nostri
1515 678 1578 706 Jesu
1599 679 1708 714 Christi,
1731 680 1843 715 quicum

1042 721 1113 748 Patri
1128 721 1213 757 gloria
1229 730 1280 749 una
1296 730 1355 750 cum
1371 723 1472 758 Spiritu
1485 730 1588 758 sancto,
1605 725 1631 752 in
1644 726 1741 753 secula
1754 732 1843 754 sarcu-

1041 765 1140 795 lorum.
1153 768 1249 796 Amen;

748 833 1838 848 Ἦ

722 870 824 924 ΟΑ
830 871 926 923 ΤΕ
932 871 1164 926 CHESI
1167 873 1209 927 S
1244 874 1317 928 ΙΙ

196 983 236 1004 ΑΒ
257 981 502 1009 ιιιυυιιηκῠοε,
526 981 566 1002 ΕΤ
587 981 628 1002 DE
650 980 843 1003 MULIERIBUS
865 980 902 1002 SE
923 980 996 1002 T031

1057 982 1203 1006 CRINIBUS
1224 985 1265 1007 ET
1298 987 1384 1009 Δί]Βο
1404 987 1615 1018 οιιΝΑΝΤΙΒυε,
1639 991 1679 1012 ΕΤ
1699 992 1743 1013 DE
1764 992 1843 1014 SEC-

233 1032 387 1055 TANTIBUS
407 1031 581 1059 VATICINIA,
604 1031 664 1052 νει
685 1030 871 1059 LIGATURAS,
894 1031 955 1053 νει
980 1032 996 1053 ll

1050 1033 1230 1057 .NTATIONES

233 1084 314 1106 SUNT
334 1082 460 1105 ΔιιΕΝΑ.

1253 1037 1261 1057 ζ
1284 1036 1356 1063 QUE
1390 1038 1513 1061 CUNCTA
1539 1041 1559 1062 Δ
1594 1041 1843 1066 CHRISTIANISIO

906 1143 1128 1164 mm

231 1218 257 1245 1.
272 1217 360 1252 Nuper
372 1216 503 1243 dictorum
518 1214 589 1250 apud
610 1213 747 1241 caritatem
761 1218 876 1241 vestram
889 1213 994 1242 fructus

195 1273 210 1292 a
226 1265 301 1292 vobis
316 1263 477 1298 repetiturus
499 1261 594 1289 adveni
612 1269 619 1288 :
636 1268 689 1288 non
705 1260 776 1288 enim
795 1265 937 1296 propterea
952 1261 991 1288 lo-

195 1313 312 1347 quimnr,
336 1315 362 1337 ul
380 1313 482 1336 tantum
504 1307 629 1340 audiatis,
645 1314 738 1334 verum
761 1310 791 1334 ut
811 1310 838 1334 et
861 1306 995 1333 dictorum

198 1357 355 1386 memoriam
380 1354 502 1386 servetis,
525 1358 553 1381 et
568 1361 615 1388 per
638 1360 718 1387 opera
741 1352 817 1380 nobis
839 1351 995 1379 memoriam

196 1402 404 1434 demonstretis;
420 1401 473 1428 imo
495 1406 560 1427 vero
581 1406 634 1426 non
651 1398 738 1430 nobis,
754 1398 801 1425 sed
817 1398 872 1426 Deo
893 1398 991 1425 mentis

196 1457 293 1478 arcana
312 1448 416 1476 scienti.
441 1447 586 1482 Propterea
608 1450 635 1473 et
648 1445 806 1478 catechesis,
823 1445 849 1472 id
863 1450 904 1472 est
919 1445 997 1472 insti-

201 1497 278 1529 tutio,
301 1496 408 1527 dicitur,
424 1497 456 1521 ut
476 1498 504 1521 et
523 1492 678 1520 absentibus
693 1492 770 1519 nobis
792 1499 882 1519 sermo
907 1496 998 1519 noster

197 1547 301 1570 mentes
323 1547 426 1568 vestras
449 1540 578 1567 instituat.
594 1539 626 1566 Et
648 1546 681 1566 ne
695 1538 840 1571 miremini,
856 1539 878 1566 si
903 1539 997 1566 decem

197 1589 293 1618 diebus
309 1593 414 1616 tantum
429 1586 571 1615 transactis
583 1585 716 1614 seminum
739 1584 839 1612 fructus
860 1584 997 1620 repetituri

197 1636 320 1663 venimus
338 1643 346 1661 :
361 1634 460 1662 etenim
484 1633 527 1661 die
553 1639 606 1660 una
632 1632 695 1660 licet
721 1631 820 1667 pariter
843 1635 871 1660 et
895 1631 998 1659 semina

197 1689 324 1717 spargere
338 1685 364 1708 et
379 1687 495 1708 messem
519 1679 605 1707 iacere
622 1687 629 1705 :
645 1686 698 1706 non
713 1678 783 1706 enim
806 1677 914 1713 propria
936 1681 996 1704 tan-

199 1733 254 1755 tum
269 1728 376 1757 virtute.
392 1734 485 1753 verum
501 1730 529 1753 et
550 1725 642 1752 divino
655 1725 755 1752 auxilio
768 1724 897 1757 roborati,
912 1723 951 1751 sic
964 1724 997 1751 ad

201 1774 348 1802 certamina
361 1779 498 1799 vocamur.
513 1771 680 1806 Quicumque
695 1770 775 1806 igitur
786 1770 857 1798 dicta
872 1777 999 1805 suscepe-

202 1826 266 1848 runt
279 1825 305 1848 et
321 1828 367 1855 per
380 1827 462 1854 opera
475 1818 662 1853 impleverunt,
677 1821 803 1844 maneant
816 1824 845 1844 se
855 1817 999 1845 extenden-

201 1872 242 1894 tes
252 1867 277 1893 in
293 1866 438 1893 anteriora.
451 1864 619 1899 Quicumque
632 1871 696 1891 vero
709 1863 806 1890 bonam
819 1863 886 1891 hanc
901 1871 998 1898 opera-

202 1913 301 1939 tionem
329 1911 446 1939 nondum
473 1910 634 1945 attigerunt,
660 1909 715 1944 jam
741 1909 886 1944 attingant,
912 1914 942 1936 ut
965 1917 999 1936 ex

202 1963 312 1997 torpore
326 1961 415 1984 natam
430 1956 628 1983 damnationem
645 1954 733 1982 futuro
745 1954 833 1982 studio
854 1954 996 1989 repellant.

204 2004 278 2031 Licet
290 2004 372 2035 enim,
387 2003 460 2035 licet,
477 2003 595 2038 inquam,
611 2009 672 2029 eum
685 2001 730 2036 qui
752 2001 863 2029 multum
879 2001 977 2036 torpuit
990 2021 998 2034 ,

204 2055 264 2085 post
277 2049 335 2076 haec
347 2048 481 2084 diligentia
493 2047 602 2079 utendo,
614 2047 742 2082 prtetcriti
755 2047 881 2082 temporis
893 2054 1000 2074 omnem

203 2097 303 2125 sarcire
313 2095 455 2130 iacturam.
470 2094 572 2121 Idcirco
585 2093 682 2121 dicitur
699 2103 706 2120 :
723 2093 807 2120 Hodie
816 2094 838 2120 si
852 2102 935 2120 vocem
946 2094 1001 2129 eius

201 2143 342 2175 audieritis,
351 2141 559 2169 uoliteabdurare
569 2141 650 2181 corde
660 2145 741 2168 vestra
754 2141 818 2167 sicut
828 2141 854 2167 in
869 2140 1001 2167 exacerba-

203 2192 270 2218 tiane
291 2189 376 2226 (Psat.
403 2188 448 2216 9L.
464 2188 504 2223 8).
521 2188 577 2215 Hoc
600 2193 690 2215 autem
714 2187 789 2220 dicit,
814 2187 961 2214 admonens
974 2192 1002 2215 et

205 2237 349 2264 consulens
364 2242 508 2270 numquam
531 2234 685 2269 desperare,
709 2234 758 2261 sed
780 2234 866 2262 donec
889 2234 931 2261 hic
954 2242 1001 2262 su-

207 2289 276 2315 mus,
289 2282 383 2309 bonam
396 2281 495 2308 habere
508 2288 582 2315 spem
595 2284 623 2308 et
635 2281 769 2308 anteriora
784 2279 1001 2315 apprehendendi

205 2334 235 2356 ct
248 2328 367 2355 bravium
379 2335 501 2362 superum
514 2327 560 2354 Dei
575 2327 721 2354 vocationis
736 2327 911 2362 persequendi
926 2326 1002 2360 (ΡΙιί-

206 2375 271 2408 lipp.
296 2373 323 2400 3.
340 2372 395 2407 14).
416 2364 572 2406 ιιοοἹείιυι·
592 2371 731 2405 faciamus,
756 2376 783 2399 et
798 2380 900 2408 magna:
923 2373 1002 2407 hujus

208 2419 359 2447 donationis
372 2418 479 2445 nomina
488 2419 668 2453 exquiramus.
684 2418 758 2446 Sicut
769 2418 840 2446 enim
851 2419 914 2446 dum
929 2419 1003 2453 igno-

210 2470 282 2492 ratur
293 2464 430 2499 dignitatis
445 2463 607 2498 magnitudo,
628 2463 766 2498 segniores
778 2468 840 2490 sunt
854 2464 871 2491 ii
893 2464 937 2499 qui
952 2464 1002 2491 ho-

210 2509 409 2538 noranturzita
424 2509 447 2536 si
474 2514 610 2541 noscatur,
635 2514 727 2544 gratos
753 2509 840 2537 reddit
867 2514 894 2537 et
919 2510 1003 2545 magis

209 2557 344 2584 studiosos
358 2554 450 2582 efﬁcit.
465 2555 589 2589 Alioquin
608 2559 635 2582 et
650 2560 725 2589 turpe
740 2560 811 2582 esset
822 2559 849 2582 et
863 2555 1002 2582 ridiculum

208 2608 282 2630 tanto
305 2602 437 2636 pollentes
455 2600 524 2634 apud
549 2601 630 2627 Deum
655 2600 768 2633 honore,
793 2608 842 2628 ncc
857 2601 926 2628 scire
940 2600 1002 2636 quid

208 2649 290 2684 ipsius
305 2646 412 2674 tandem
429 2647 534 2673 nomina
556 2646 706 2681 signiﬁcare
721 2647 812 2674 vclint.
838 2647 870 2674 Et
891 2646 955 2682 quid
969 2646 1003 2674 de

211 2693 261 2721 huc
277 2700 387 2720 munere
406 2692 485 2719 dico?
498 2691 520 2719 si
539 2692 610 2719 enim
633 2700 775 2720 commune
799 2693 904 2727 generis
920 2692 1004 2719 nostri

210 2747 307 2766 nomen
320 2737 487 2774 cogitaveris,
502 2738 644 2765 maximam
665 2737 698 2765 ad
712 2738 835 2765 virtutem
859 2738 947 2773 capies
961 2738 1004 2766 di-

209 2785 346 2820 sciplinam
363 2789 390 2812 et
402 2783 625 2811 exhortationem.
641 2783 697 2810 lloc
709 2784 780 2811 enim
794 2791 902 2817 nomen,
917 2784 1002 2817 homo,

209 2839 259 2859 nos
274 2840 326 2859 non
340 2831 486 2860 secundum
499 2836 626 2859 externos
638 2830 791 2864 deﬁnimus,
806 2831 852 2858 scd
873 2836 901 2858 ut
915 2830 1003 2858 divina

209 2878 289 2913 jussit
304 2878 451 2913 Scriptura.
465 2877 533 2905 Nam
555 2876 636 2904 homo
648 2884 701 2904 non
715 2881 756 2904 est
768 2877 926 2912 quicumque
938 2877 1004 2904 sim-

211 2924 316 2960 pliciter
330 2932 424 2952 manus
438 2924 518 2952 habet
529 2927 556 2952 et
569 2923 650 2959 pedes
667 2922 808 2957 humanos,
823 2931 872 2951 nec
885 2923 1005 2959 quicum-

1048 1223 1100 1251 que
1114 1221 1216 1245 tantum
1231 1219 1367 1248 rationalis
1377 1225 1436 1253 est;
1449 1221 1497 1250 sed
1506 1222 1667 1259 quicumque
1680 1224 1807 1259 pietatem
1818 1229 1846 1253 et

1048 1263 1173 1291 virtutem
1188 1271 1248 1292 cum
1263 1266 1358 1294 ﬁducia
1383 1272 1503 1295 exercet.
1519 1268 1588 1295 Audi
1604 1276 1719 1304 namque
1731 1270 1796 1305 quid
1811 1270 1847 1298 de

1047 1308 1097 1336 Job
1109 1308 1182 1337 dicit.
1197 1310 1265 1338 Cum
1280 1312 1352 1338 enim
1367 1311 1482 1340 dixisset
1503 1313 1574 1348 quod
1596 1313 1629 1340 In
1645 1319 1713 1342 terra
1727 1315 1845 1342 Ausitide

1050 1355 1125 1382 homo
1138 1361 1202 1390 erat,
1217 1363 1269 1384 non
1282 1364 1316 1384 ex
1331 1357 1363 1385 iis
1377 1365 1437 1386 eum
1452 1358 1580 1386 describit
1602 1360 1734 1393 terminis,
1749 1361 1848 1396 quibus

1050 1400 1161 1434 ethnici,
1186 1409 1237 1429 nec
1251 1402 1302 1430 hoc
1324 1403 1400 1437 dicit,
1423 1403 1494 1438 quod
1518 1404 1586 1432 duos
1600 1405 1681 1439 pedes
1696 1405 1849 1434 haberetet

1051 1455 1152 1483 ungues
1166 1448 1235 1476 latos
1250 1458 1258 1482 ;
1272 1449 1319 1477 sed
1342 1450 1438 1477 indicia
1461 1451 1568 1486 pietatis
1583 1451 1654 1480 illius
1669 1452 1792 1487 praebens
1807 1452 1850 1479 di-

1050 1494 1137 1527 cebat,
1150 1494 1253 1529 Justus,
1268 1498 1353 1530 uerax,
1366 1497 1450 1525 colens
1469 1497 1562 1531 Deum,
1584 1498 1710 1526 abstinens
1731 1500 1764 1526 ab
1778 1499 1850 1526 omni

1052 1540 1121 1567 mata
1140 1549 1167 1568 re
1182 1540 1242 1575 (Job
1258 1542 1283 1569 l.
1299 1542 1337 1578 l),
1352 1542 1538 1572 demonstrans
1551 1544 1622 1579 quod
1640 1544 1690 1572 hoc
1701 1550 1742 1572 est
1756 1544 1848 1578 homo,

1050 1588 1121 1615 sicut
1147 1588 1249 1616 scilicet
1263 1594 1290 1616 et
1317 1589 1386 1617 alius
1406 1590 1501 1623 inquit,
1525 1590 1607 1617 Deum
1629 1591 1704 1624 time,
1726 1595 1750 1618 et
1769 1591 1851 1625 ipsius

1050 1634 1170 1660 mundata
1184 1635 1292 1667 custodi,
1315 1636 1432 1670 quoniam
1447 1636 1494 1663 hoc
1507 1640 1543 1663 est
1564 1637 1646 1664 omnis
1661 1636 1735 1664 homo
1750 1636 1849 1671 (Eccle.

1051 1679 1095 1707 12.
1111 1679 1167 1716 15).
1184 1680 1212 1708 Si
1225 1686 1313 1708 autem
1329 1682 1379 1709 hoc
1393 1689 1489 1709 nomen
1505 1682 1586 1709 homo
1599 1687 1699 1710 tantam
1713 1683 1746 1710 ad
1761 1683 1849 1710 virtu-

1052 1731 1106 1754 tem
1121 1726 1222 1762 przebet
1236 1727 1461 1762 exhortationem,
1477 1729 1560 1756 multo
1573 1729 1658 1764 magis
1669 1729 1743 1761 illud,
1755 1729 1850 1762 ﬁdelis.

1051 1772 1150 1800 Fidelis
1161 1772 1232 1799 enim
1249 1772 1309 1800 ideo
1324 1774 1444 1807 vocaris,
1462 1774 1586 1809 quoniam
1603 1779 1630 1802 et
1643 1775 1731 1802 credis
1745 1774 1812 1808 Deo,
1823 1779 1853 1803 et

1050 1819 1085 1846 ab
1107 1826 1140 1846 eo
1165 1819 1293 1846 creditam
1317 1819 1374 1854 ipse
1394 1820 1524 1855 justitiam
1545 1820 1638 1853 habes,
1661 1821 1852 1855 sanctitatem,

1051 1863 1208 1891 munditiam
1233 1865 1339 1898 animat,
1367 1866 1393 1892 in
1417 1865 1500 1893 ﬁlium
1526 1866 1709 1902 adoptionem,
1735 1875 1849 1904 regnum

1050 1909 1189 1942 caelorum,
1204 1915 1230 1937 et
1243 1909 1301 1938 hzec
1315 1911 1362 1938 tibi
1385 1911 1593 1939 commendavit.
1608 1912 1647 1940 'l‘u
1660 1913 1778 1940 vicissim
1801 1914 1853 1948 ipsi

1051 1955 1101 1981 alia
1114 1955 1252 1984 credidisti
1261 1960 1288 1983 et
1298 1957 1503 1991 commendasti,
1518 1958 1729 1994 eleemosynam,
1745 1966 1851 1993 preces,

1055 2000 1212 2028 modestiam
1236 2006 1264 2029 et
1276 2009 1383 2030 onmem
1407 2003 1486 2030 aliam
1500 2003 1635 2032 virtutem.
1658 2004 1691 2031 Et
1713 2005 1777 2039 quid
1792 2004 1855 2032 dico

1052 2046 1271 2082 eleemosynam‘!
1286 2048 1308 2075 si
1324 2048 1364 2075 vel
1390 2048 1512 2084 frigidum
1526 2049 1576 2084 ipsi
1595 2049 1700 2077 dederis
1713 2050 1853 2085 poculum,

1054 2100 1104 2120 nec
1118 2092 1168 2120 hoc
1185 2094 1290 2121 amittes
1315 2093 1420 2129 (Matt/1.
1446 2094 1490 2122 10.
1506 2095 1563 2131 42),
1586 2103 1678 2122 verum
1703 2100 1731 2123 et
1756 2095 1807 2123 hoc
1826 2096 1854 2123 in

1054 2138 1128 2165 illum
1151 2144 1271 2166 reservat
1295 2140 1388 2167 sedulo
1413 2140 1494 2173 diem,
1515 2146 1542 2168 et
1565 2149 1627 2168 cum
1649 2141 1731 2169 multa
1759 2142 1855 2170 reddet

1055 2184 1323 2218 superabundantia:
1344 2186 1395 2213 hoc
1416 2187 1514 2221 quippe
1535 2187 1692 2215 admirabile
1714 2193 1766 2221 est,
1782 2188 1855 2223 quod

1055 2240 1109 2260 non
1135 2235 1238 2259 tantum
1263 2231 1384 2267 deposita
1410 2237 1509 2266 servet,
1537 2241 1628 2260 verum
1643 2238 1671 2261 et
1695 2234 1856 2269 multiplicat

1055 2277 1285 2305 retributionibus.

1090 2323 1244 2357 “luminati,
1257 2332 1301 2351 seu
1315 2324 1436 2359 baptismi
1450 2324 1568 2359 ofﬁcium.
1584 2339 1621 2344 —
1634 2324 1691 2352 Hoc
1709 2329 1737 2352 et
1759 2329 1786 2351 te
1808 2332 1854 2352 se-

1053 2370 1170 2398 cundum
1186 2370 1331 2404 potentiam
1346 2374 1417 2396 tuam
1431 2370 1519 2397 iacere
1529 2369 1609 2404 jussit
1626 2370 1652 2397 in
1667 2370 1710 2403 iis,
1723 2377 1783 2405 quae
1807 2370 1855 2397 tibi

1054 2416 1156 2443 credita
1180 2419 1241 2442 sunt
1258 2424 1265 2442 :
1283 2422 1379 2450 nempe
1403 2415 1582 2447 sanctitatem,
1597 2423 1677 2449 quam
1705 2415 1854 2450 accepisti,

1055 2462 1204 2494 intendere,
1217 2466 1245 2488 et
1256 2469 1289 2488 ex
1304 2461 1409 2489 lavacro
1420 2461 1550 2496 justitiam
1563 2461 1676 2489 reddere
1698 2461 1853 2494 clariorem,

1056 2512 1082 2535 et
1092 2507 1203 2543 gratiam
1216 2507 1390 2534 illustriorem
1406 2506 1494 2535 facere
1510 2516 1517 2535 :
1530 2507 1598 2535 sicut
1612 2508 1703 2542 utique
1717 2512 1744 2535 et
1755 2508 1855 2536 Paulus

1056 2553 1128 2587 fecit,
1144 2553 1318 2588 sequentibus
1345 2553 1480 2580 laboribus
1504 2558 1532 2581 et
1553 2553 1643 2581 studio
1662 2554 1855 2589 diligentiaque

1055 2607 1156 2634 augens
1177 2600 1265 2627 omnia
1280 2607 1340 2634 qua:
1362 2600 1465 2634 accepit
1488 2599 1567 2627 bona.
1580 2599 1614 2627 Et
1638 2606 1701 2627 nota
1722 2601 1768 2627 Dei
1791 2609 1856 2636 pro-

1057 2645 1201 2673 videntiam
1219 2655 1225 2672 :
1242 2653 1292 2672 nec
1319 2645 1365 2672 tibi
1384 2649 1468 2672 totum
1492 2644 1544 2673 hoc
1567 2645 1663 2678 dedit,
1689 2653 1776 2681 neque
1798 2651 1855 2673 toto

1057 2692 1185 2726 privavit;
1206 2691 1253 2719 sed
1275 2692 1332 2719 hree
1354 2691 1448 2724 dedit,
1476 2691 1519 2719 illa
1547 2691 1678 2726 promisit.
1707 2692 1742 2719 Et
1771 2700 1855 2727 quare

1057 2745 1110 2765 non
1126 2737 1168 2764 hic
1181 2741 1264 2764 totum
1280 2737 1371 2764 dedit?
1385 2736 1419 2765 Ut
1437 2741 1465 2764 tu
1486 2736 1565 2764 ﬁdem
1587 2737 1614 2764 in
1633 2737 1719 2772 ipsum
1739 2738 1854 2766 demou-

1056 2789 1136 2816 stres,
1149 2783 1266 2811 nondum
1282 2783 1351 2811 datis
1371 2791 1405 2811 ex
1425 2783 1507 2818 ipsius
1533 2784 1710 2818 promissione
1724 2785 1781 2812 sola
1796 2793 1854 2813 cre-

1056 2831 1133 2858 dens.
1149 2830 1238 2863 Quare
1253 2838 1317 2857 vero
1338 2839 1442 2857 rursum
1465 2838 1518 2858 non
1538 2830 1629 2858 omnia
1651 2831 1704 2859 illic
1719 2833 1853 2865 servavit,

1057 2878 1104 2905 sed
1118 2877 1190 2904 dedit
1201 2882 1227 2904 et
1238 2876 1354 2912 Spiritus
1371 2878 1482 2912 gratiam
1493 2881 1520 2904 et
1535 2877 1667 2912 justitiam
1687 2883 1714 2906 et
1733 2880 1856 2906 sanctiﬁ-

1057 2924 1191 2951 cationem
1201 2923 1213 2951 Ἰ
1222 2923 1255 2951 Ut
1269 2923 1316 2951 tibi
1327 2923 1432 2951 labores
1446 2923 1518 2952 leves
1529 2922 1618 2957 faciat,
1631 2929 1657 2952 et
1672 2932 1702 2952 ex
1715 2925 1770 2960 jam
1785 2926 1856 2952 datis
