1983 3125
110 165 162 195 9.33

119 223 194 251 etiam
212 220 246 248 de
260 219 361 247 futuris
376 223 405 247 te
418 218 498 246 bona:
513 216 569 252 spei
587 214 915 249 constituat.‘Propterea-

120 278 169 305 qtte
181 271 303 296 recenter
315 266 487 293 illuminatus
497 263 587 291 vocari
599 262 680 290 debes
691 270 699 289 :
712 261 838 296 quoniam
848 266 917 287 nova

123 316 165 342 lnx
184 320 289 348 semper
312 311 373 344 libi,
389 312 413 339 si
435 310 515 343 velis,
529 313 555 336 et
569 314 714 342 numquam
729 306 915 341 exstinguitur.

123 360 193 387 lianc
206 365 303 392 nempe
315 357 407 384 lucem
422 361 451 383 et
464 354 615 383 volentibus
626 352 704 380 nobis
716 356 744 380 et
762 351 916 380 nolentibus

122 413 171 433 nox
186 404 379 439 subsequitur;
392 403 468 430 illum
485 408 548 429 vero
558 399 662 428 radium
676 398 792 427 tenebrae
806 405 858 425 non
868 405 918 425 no.

121 456 182 479 runt
199 460 205 478 :
223 450 283 477 Lua:
296 449 371 477 enim
386 449 413 475 in
430 447 535 475 tenebris
549 450 613 473 lucet
624 466 630 478 ,
645 450 667 473 et
680 445 787 472 tenebrae
799 452 854 471 eam
865 451 916 471 non

120 496 361 532 comprehenderunt
378 493 468 530 (Joan.
484 495 509 520 l.
524 493 560 528 5).
576 492 634 520 Non
649 492 689 519 sic
707 491 778 519 enim
802 490 917 518 mundus

120 548 159 571 est
172 543 261 570 clarus
274 542 381 569 oriente
396 540 481 571 radio,
491 543 521 566 ut
530 539 617 566 anima
629 538 776 565 illustratur
789 540 817 564 et
828 536 916 571 splen-

118 588 207 616 didior
220 588 250 614 fit
264 594 281 614 a
296 586 399 620 Spiritu
418 585 531 620 gratiam
553 583 711 618 suscipiens.
727 582 761 610 Et
777 581 916 609 considera

118 633 275 669 diligentius
289 639 380 659 rerum
395 636 526 658 naturam.
537 629 620 656 Noote
633 629 704 656 enim
715 632 799 655 terras
809 631 917 655 tenente

117 685 142 707 et
155 678 276 706 tenebris
285 676 548 712 caligantibus,srepe
559 674 706 702 funiculutn
719 673 778 709 quis
789 680 913 706 cernens,

119 730 273 761 serpentem
289 732 350 752 esse
364 723 475 758 putavit,
492 727 518 750 et
530 721 644 748 amicum
657 720 829 748 accedentem
845 724 916 746 tam-

118 781 198 809 quam
213 772 353 800 inimicum
366 770 441 805 fugit,
449 774 477 797 et
490 769 628 803 strepitum
639 767 790 802 quempiam
799 766 916 794 sentiens

119 818 240 854 trepidus
253 818 339 844 factus
351 820 409 848 est;
425 816 531 842 lucente
542 821 608 841 vero
625 813 669 840 die
691 813 757 840 nihil
776 812 828 839 tale
847 811 918 839 acci-

120 865 202 898 derit,
216 863 265 891 sed
291 863 381 891 omnia
400 862 486 896 qualia
504 865 565 888 sunt
579 863 731 894 apparent:
751 858 822 894 quod
842 862 870 885 et
889 857 917 885 in

119 910 207 937 anima
216 914 311 936 nostra
325 907 465 942 contingit.
476 906 619 940 Postquam
630 905 701 932 enim
709 905 793 940 gratia
807 903 918 931 veniens

120 960 209 983 mente
222 953 350 982 tenebras
369 951 513 987 expulerit,
523 958 613 977 rerum
623 949 764 977 veritatem
777 948 914 981 discimus,

121 1005 148 1028 et
156 1001 237 1028 nobis
250 1000 318 1027 fiunt
331 998 510 1033 despicabiles
529 1004 573 1024 res
592 996 665 1031 prius
686 995 832 1023 tremendae
847 1003 853 1021 :
868 1002 919 1022 nec

120 1047 190 1075 enim
208 1046 325 1081 amplius
352 1050 466 1072 mortem
494 1044 628 1076 timemus,
651 1042 794 1077 diligenter
814 1049 846 1069 ex
868 1041 918 1068 bac

121 1101 195 1121 sacra
221 1092 376 1120 initiatione
399 1091 547 1123 discentes,
561 1093 674 1116 mortem
699 1096 751 1116 non
768 1095 829 1116 esse
847 1095 918 1115 mor-

123 1145 185 1171 tem,
208 1138 256 1166 sed
281 1145 407 1165 somnum
433 1141 461 1164 et
487 1135 675 1163 dormitionem
707 1134 916 1168 temporariam:

123 1193 175 1212 non
190 1184 358 1220 pauperiem,
375 1191 428 1210 non
444 1182 578 1215 morbum,
595 1188 648 1208 non
663 1180 735 1207 aliud
750 1180 812 1215 quid
828 1180 918 1214 hujus-

124 1231 194 1258 modi
209 1229 419 1258 reformidamus
429 1250 437 1261 ,
452 1229 567 1256 scientes
581 1233 632 1254 nos
645 1227 679 1254 ad
701 1227 837 1254 meliorem
859 1231 918 1253 ten-

123 1277 185 1304 dere
199 1277 281 1304 vitam
292 1297 300 1308 ,
313 1275 492 1303 immortalem
505 1279 532 1302 et
547 1275 727 1308 incorruptam
741 1294 748 1306 ,
762 1277 789 1301 et
800 1273 834 1301 ab
846 1273 918 1301 omni

126 1323 168 1349 tali
184 1322 295 1349 liberam
311 1321 503 1356 inaequalitate.

157 1368 183 1395 εὶ.
203 1368 243 1395 Ne
259 1368 341 1402 igitur
358 1366 473 1401 amplius
487 1365 519 1393 ad
539 1365 661 1392 mortalia
672 1371 829 1392 maneamus
841 1363 919 1390 bian-

125 1419 173 1447 tes,
190 1421 241 1441 nec
256 1414 330 1440 circa
352 1420 454 1440 mensa:
472 1411 592 1444 delicias,
608 1418 658 1439 nec
681 1411 753 1438 circa
775 1411 921 1438 vestimen-

126 1465 211 1487 torum
226 1463 354 1486 omatum
370 1466 376 1484 :
390 1457 472 1485 habes
483 1457 554 1485 enim
566 1457 710 1483 maximum
722 1455 918 1489 indumentum,

126 1505 205 1533 babes
219 1512 344 1532 mensam
359 1503 524 1539 spiritualem
537 1523 544 1535 ,
561 1503 644 1530 habes
657 1503 771 1538 gloriam
790 1509 917 1537 superne,

128 1555 153 1578 ct
164 1551 255 1578 omnia
273 1550 322 1577 tibi
336 1549 461 1577 Christus
471 1548 556 1576 factus
567 1551 620 1580 est,
637 1552 663 1574 et
677 1555 768 1575 mensa
779 1568 786 1581 ,
799 1552 826 1575 et
840 1547 922 1575 vesti-

127 1601 255 1627 mentum,
269 1600 297 1623 et
319 1595 427 1628 domus,
446 1598 474 1622 et
497 1598 585 1629 caput,
599 1598 626 1620 et
647 1593 733 1620 radix.
748 1592 875 1627 Quotquot
895 1593 921 1620 in

126 1641 222 1669 Christo
233 1641 307 1669 enim
322 1640 445 1675 baptizati
459 1639 516 1666 estis
525 1659 533 1672 ,
550 1637 680 1666 Christum
692 1638 809 1666 induisti:
820 1638 919 1674 (Galot.

127 1689 143 1716 3
168 1688 225 1720 27).
256 1687 327 1715 Ecce
353 1685 490 1722 quomodo
515 1685 706 1713 vestimentum
732 1684 778 1712 tibi
801 1689 851 1712 est.
876 1684 922 1712 Vis

127 1735 229 1762 discere
240 1734 380 1769 quomodo
393 1737 421 1760 et
435 1739 525 1759 mensa
541 1731 589 1759 tibi
603 1731 659 1759 sit?
675 1731 725 1765 Qui
745 1739 783 1758 me
796 1731 920 1764 comedit,

128 1780 230 1815 inquit,
248 1779 314 1806 sicut
340 1786 386 1814 ego
407 1778 461 1804 υἱυο
485 1782 588 1812 propter
614 1775 738 1809 Patrem,
753 1776 816 1803 vivet
839 1780 862 1802 et
881 1776 924 1802 ille

129 1831 228 1860 propter
237 1823 375 1860 me(Joan.
391 1823 417 1851 6.
433 1822 489 1858 58).
505 1821 582 1856 Quod
594 1825 684 1849 autem
699 1821 795 1848 domus
807 1821 842 1848 sit
855 1820 921 1848 tibi:

130 1871 178 1904 Qui
190 1871 300 1898 comedit
320 1878 424 1897 carnem
448 1877 530 1896 meam
540 1889 548 1902 ,
564 1869 590 1895 in
609 1877 650 1895 me
667 1872 750 1895 manet
762 1872 785 1895 et
797 1876 841 1904 ego
855 1868 882 1895 in
894 1876 924 1895 eo

129 1917 180 1952 (Ib.
196 1925 220 1944 υ.
235 1917 295 1951 5η.
312 1916 346 1943 Et
358 1915 429 1951 quod
436 1915 531 1958 .radix,
542 1923 649 1942 rursum
663 1914 749 1949 inquit
764 1923 770 1941 :
788 1914 843 1950 Ego
856 1915 922 1947 vitis,

129 1973 170 1992 vos
192 1964 321 2000 palmites.
349 1963 383 1989 Et
396 1961 468 1997 quod
493 1961 586 1992 frater.
603 1965 631 1988 et
648 1961 750 1988 amicus
762 1981 769 1993 ,
786 1968 899 1996 sponsus
915 1969 922 1986 :

130 2010 190 2037 Non
200 2010 312 2044 antplius
323 2017 368 2036 vos
382 2009 465 2035 dicam
475 2016 567 2035 servos.
583 2006 633 2034 Vos
646 2007 711 2034 enim
723 2007 798 2033 amici
805 2006 852 2034 mei
868 2007 925 2034 estis

130 2056 218 2091 (Joan.
231 2056 276 2083 i5.
289 2055 317 2083 5.
332 2059 355 2082 et
371 2055 416 2089 15)
431 2063 438 2081 :
453 2058 480 2081 et
494 2053 606 2081 Paulus:
621 2052 748 2088 Despondi
759 2061 801 2080 vos
816 2053 860 2079 uni
873 2054 925 2080 viro

130 2103 251 2138 virginem
264 2106 361 2128 costam
369 2100 483 2128 exhibere
492 2099 591 2127 Christo
599 2099 639 2134 (2.
647 2099 706 2126 Cor.
716 2100 759 2132 ll,
767 2099 796 2130 2)
809 2108 816 2132 ;
829 2103 856 2126 et
865 2107 924 2126 rur-

130 2156 203 2176 sum:
217 2147 253 2175 Ut
265 2148 299 2175 rit
311 2147 366 2183 ipse
377 2147 555 2182 primogenita:
566 2146 592 2172 in
607 2145 694 2172 multis
707 2145 827 2180 fratribus
837 2144 924 2181 (Rom.

130 2197 157 2223 8.
168 2195 226 2228 '29).
241 2194 298 2222 Nec
319 2194 416 2221 fratres
431 2197 532 2220 tantum
553 2192 645 2227 ipsius,
663 2199 755 2219 verum
773 2195 801 2219 et
822 2191 925 2226 pueruli

129 2248 239 2269 sumus:
253 2240 318 2267 Ecce
327 2240 404 2272 enim,
420 2238 515 2273 inquit,
529 2246 574 2273 ego
584 2242 607 2264 et
621 2237 729 2273 pueruli,
744 2244 806 2272 quor
817 2236 924 2263 tradidit

131 2288 193 2314 mihi
206 2287 274 2314 Deus
289 2285 364 2321 (hui.
379 2286 407 2313 8.
425 2284 479 2321 l8).
493 2284 551 2312 Non
579 2284 630 2311 hoc
656 2288 746 2311 autem
768 2282 866 2316 solum,
880 2290 926 2310 ve-

130 2342 191 2361 rum
204 2338 231 2361 et
243 2333 362 2361 membra
374 2332 456 2368 ipsius
468 2336 495 2360 et
506 2338 603 2366 corpus
615 2330 672 2365 ejus
685 2331 728 2366 (Ι.
740 2329 799 2357 Cor.
813 2329 857 2356 12.
868 2328 924 2364 ‘27).

130 2382 280 2416 Tamquam
295 2380 369 2407 enim
384 2386 437 2406 non
457 2377 612 2405 sufﬁcerent
624 2383 666 2409 ea,
680 2384 740 2412 qua;
754 2376 861 2403 dixerat
871 2395 879 2409 ,
893 2374 926 2401 ad

130 2425 368 2455 demonstrandam
394 2423 617 2456 benevolentiam,
637 2427 664 2450 et
684 2422 823 2450 caritatem
846 2429 925 2456 quam

130 2480 195 2508 erga
210 2480 261 2500 nos
273 2471 396 2504 exhibet,
409 2474 437 2497 et
447 2469 518 2497 aliud
530 2469 571 2497 bis
591 2468 677 2503 majus
698 2472 726 2496 et
749 2467 858 2503 propius
874 2474 924 2504 po-

130 2521 202 2552 sttit,
229 2526 259 2546 se
282 2522 364 2553 caput
387 2522 508 2544 nostrum
527 2515 664 2551 appellans
689 2513 800 2551 (Ephes.
826 2514 851 2541 l.
867 2514 924 2549 9.2).

132 2565 196 2592 Hac
209 2564 299 2592 omnia
314 2567 390 2591 certo
404 2562 501 2594 sciens,
511 2561 622 2593 dilecte,
638 2561 676 2588 sis
691 2564 781 2596 gratus
794 2567 859 2593 erga
880 2560 926 2587 be-

129 2609 298 2638 nefactorem
311 2613 387 2636 tuum
399 2608 498 2643 optima
519 2606 736 2637 conversatione.
753 2609 780 2632 et
803 2604 926 2632 sacrificii

129 2655 344 2691 magnitudinem
361 2653 492 2688 cogitans,
507 2659 572 2680 orna
593 2652 714 2687 corporis
731 2652 768 2678 tui
787 2650 925 2678 membra:

130 2702 219 2737 cogita
231 2700 297 2736 quid
311 2706 394 2727 manu
408 2698 508 2734 capias,
521 2705 570 2725 nec
584 2704 708 2732 umquam
727 2696 811 2724 ullum
830 2695 928 2723 verbe-

132 2754 193 2774 rare
217 2746 339 2778 audeas,
362 2751 413 2772 nec
436 2747 509 2770 tanto
529 2742 680 2770 decoratam
702 2748 829 2774 munere,
843 2741 929 2776 plagae

134 2791 247 2819 crimine
271 2790 447 2819 dedecores:
469 2788 555 2824 cogita
576 2787 640 2823 quid
661 2794 742 2816 manu
766 2787 876 2822 capias,
902 2790 929 2814 et

136 2839 218 2873 ipsam
234 2838 270 2865 ab
283 2836 362 2864 omni
383 2835 492 2862 avaritia
505 2840 532 2862 et
546 2834 638 2869 rapina
657 2834 768 2863 liberam
788 2842 927 2862 conserva.

137 2883 238 2918 Reputa
254 2881 328 2919 quod
343 2889 397 2908 non
411 2884 511 2908 tantum
527 2887 606 2907 manu
621 2880 710 2914 capias
720 2902 727 2913 ,
742 2888 834 2908 verum
850 2885 873 2908 et
889 2881 929 2908 ori

295 2930 436 2960 ΡΑτιιοὶ..
460 2931 517 2961 Gn.
539 2931 565 2960 Χ
575 2929 650 2961 LIX.

600 160 646 187 AD
665 156 917 187 ILLUMINANDOS
929 156 1139 187 CATECHESIS
1150 157 1183 187 ll.

1705 165 1758 196 93!.

969 213 1124 247 admoveas,
1137 218 1165 241 et
1178 213 1293 250 linguam
1306 216 1410 244 custodi
1431 224 1445 244 a
1461 220 1660 249 contumeliosis
1681 230 1760 250 mun-

968 258 1030 285 dam
1041 263 1068 286 et
1083 259 1204 294 turpibus
1216 260 1314 294 verbis,
1330 261 1504 298 blasphemia,
1515 266 1645 301 perjurio,
1659 272 1686 295 et
1700 268 1759 296 aliis

968 304 1092 333 omnibus
1118 305 1279 341 hujusmodi.
1294 306 1400 335 Etenim
1423 310 1600 343 perniciosum
1623 317 1681 347 est,
1704 318 1758 341 tam

969 349 1115 378 tremendis
1132 351 1327 379 ministrantem
1354 354 1489 388 mysteriis
1509 355 1625 391 linguam
1648 363 1675 385 et
1698 365 1759 386 san-

968 395 1048 430 guine
1061 396 1106 423 tali
1120 402 1343 432 purpuratam,,et
1356 397 1452 426 factam
1465 407 1585 434 auream,
1596 402 1711 437 gladium
1723 404 1756 432 ad

968 441 1087 469 convicia
1111 446 1138 469 et
1159 443 1334 471 contumelias
1358 449 1387 471 et
1407 446 1581 481 scurrilitates
1605 449 1759 478 transferre.

969 486 1104 515 Reverere
1117 488 1245 516 honorem
1257 498 1310 524 quo
1321 490 1390 518 Deus
1403 491 1487 526 ipsam
1501 492 1650 528 honoravit,
1665 504 1715 523 nec
1726 496 1759 524 ad

968 533 1072 568 peccati
1087 540 1162 561 usum
1174 534 1258 570 ipsam
1267 535 1384 564 deducas
1396 545 1403 569 ;
1416 538 1462 565 sed
1477 546 1581 567 rursum
1597 541 1761 570 animadver-

970 583 1038 613 tens,
1055 580 1124 615 quod
1133 586 1193 615 pust
1206 589 1313 609 manum
1325 587 1352 610 et
1363 583 1478 618 linguam
1496 592 1544 612 cor
1557 587 1685 622 suscipiat
1702 593 1758 616 tre-

969 625 1094 653 mendum
1109 626 1173 653 illud
1188 628 1343 663 mysterium
1357 650 1364 662 ,
1376 637 1410 656 ne
1425 638 1550 666 umquam
1567 632 1595 659 in
1608 633 1758 668 proximum

968 677 1082 698 consuas
1096 671 1196 705 dolum,
1211 673 1258 700 sed
1277 679 1395 702 mentem
1415 679 1487 703 tuam
1509 677 1543 704 ab
1564 679 1637 706 omni
1660 679 1760 708 malitia

968 717 1096 745 mundam
1115 726 1262 753 conserva;
1277 720 1316 748 sic
1338 725 1365 748 et
1387 722 1495 756 oculos,
1508 727 1535 751 et
1557 731 1635 753 aures
1655 727 1761 755 munire

970 762 1080 797 poteris.
1095 763 1236 796 Quomodo
1253 765 1326 792 enim
1348 773 1400 793 non
1417 771 1458 794 est
1469 767 1613 797 absurdum
1629 775 1690 806 post
1703 779 1762 807 my-

968 808 1062 835 sticam
1085 809 1157 836 illam
1184 818 1276 838 vocem
1301 819 1317 839 e
1344 812 1417 840 crelis
1431 813 1557 848 delatam,
1578 823 1594 842 a
1615 815 1760 845 Cherubim

968 853 1040 888 dico,
1053 856 1212 884 meretriciis
1232 857 1354 885 cantibus
1375 863 1403 886 et
1422 858 1512 887 fractis
1535 861 1658 890 melodiis
1679 870 1759 892 aures

968 900 1128 935 inquinare?
1141 903 1275 937 quomodo
1287 911 1351 931 vero
1364 912 1418 932 non
1429 910 1547 934 extrema
1562 915 1639 942 poena
1652 909 1760 945 dignum

968 950 1028 977 est,
1045 947 1129 974 oculis
1149 947 1246 982 quibus
1266 955 1363 976 arcana
1376 949 1451 977 vides
1465 956 1492 978 et
1507 953 1644 980 tremenda
1664 960 1761 991 myste-

969 991 1019 1024 ria,
1034 991 1076 1019 his
1103 993 1259 1021 meretrices
1284 999 1417 1029 spectare,
1441 1000 1468 1023 et
1485 1001 1575 1025 mente
1601 998 1760 1028 adulterium

969 1038 1116 1065 exercere?
1131 1039 1171 1066 Ad
1187 1040 1292 1074 nuptias
1306 1045 1417 1069 vocatus
1431 1049 1461 1070 es
1473 1062 1480 1075 ,
1496 1043 1610 1072 dilecte:
1625 1053 1659 1073 ne
1677 1046 1761 1075 intres

969 1083 1085 1111 sordidis
1102 1084 1211 1112 indutus
1231 1086 1408 1120 vestimentis,
1429 1088 1476 1116 sed
1501 1090 1600 1125 nuptiis
1617 1098 1759 1127 congruam

969 1137 1035 1164 cape
1044 1135 1159 1158 vestem.
1180 1131 1209 1159 Si
1229 1132 1300 1159 enim
1314 1133 1348 1160 ad
1362 1134 1470 1169 nuptias
1484 1136 1623 1165 sensibiles
1638 1137 1761 1167 homines

970 1175 1080 1209 invitati,
1100 1177 1151 1205 etsi
1174 1179 1293 1206 omnium
1317 1181 1480 1215 pauperrimi
1501 1183 1571 1216 sint,
1597 1189 1689 1212 mutuo
1712 1193 1759 1213 su-

969 1226 1073 1250 mentes
1086 1230 1157 1258 saape
1167 1223 1209 1252 vel
1222 1229 1342 1253 ementes
1357 1226 1543 1255 vestimentum
1562 1230 1689 1258 mundum
1699 1251 1706 1264 ,
1722 1231 1761 1260 sic

972 1275 1002 1296 se
1015 1269 1172 1297 vocantibus
1184 1276 1328 1298 occurrunt
1343 1281 1349 1298 τ
1365 1277 1391 1299 et
1406 1277 1432 1300 tu
1447 1273 1480 1300 ad
1492 1275 1597 1309 nuptias
1611 1277 1762 1311 spirituales

970 1319 997 1341 et
1008 1315 1119 1350 prandia
1130 1320 1240 1343 vocatus
1255 1317 1366 1352 regalia,
1379 1318 1533 1347 consideres
1552 1321 1629 1356 quale
1652 1322 1762 1358 dignum

970 1360 1005 1387 sit
1017 1365 1043 1388 te
1054 1361 1172 1396 nuptiale
1185 1363 1373 1390 vestimentum
1386 1371 1553 1399 comparare.
1568 1367 1666 1395 Verum
1691 1370 1763 1398 enim

971 1413 1036 1433 vero
1047 1413 1096 1433 nec
1107 1413 1175 1441 opus
1188 1411 1229 1435 est
1243 1415 1409 1443 comparare,
1424 1410 1472 1437 sed
1488 1410 1545 1445 ipse
1559 1412 1602 1446 qui
1616 1417 1694 1441 vocat
1715 1415 1763 1442 tibi

971 1451 1017 1479 dat
1040 1453 1140 1487 gratis,
1160 1461 1195 1481 ne
1206 1455 1247 1482 vel
1269 1460 1452 1490 paupertatem
1473 1459 1640 1492 praetendere
1662 1462 1761 1490 valeas.

973 1497 1069 1526 Serves
1084 1499 1172 1534 itaque
1189 1501 1259 1535 quod
1279 1502 1405 1537 accepisti
1426 1505 1614 1534 vestimentum
1627 1515 1634 1540 ;
1646 1508 1669 1535 si
1686 1516 1764 1536 nam-

972 1551 1024 1579 que
1052 1544 1214 1579 perdideris,
1233 1546 1347 1582 amplius
1368 1550 1535 1578 commodato
1560 1550 1682 1587 accipere
1709 1563 1762 1582 non

974 1590 1073 1625 poteris
1086 1611 1093 1624 ,
1116 1595 1162 1618 aut
1189 1598 1278 1619 emere
1295 1601 1301 1619 :
1323 1601 1453 1629 nusquam
1474 1595 1545 1623 enim
1566 1597 1691 1626 venditur
1712 1600 1764 1628 tale

973 1636 1279 1666 vestimentum.Audisti
1294 1640 1427 1674 quomodo
1440 1647 1598 1676 gemuerunt
1609 1643 1671 1671 olim
1683 1645 1765 1673 sacris

974 1682 1135 1716 introducti,
1155 1687 1182 1711 et
1208 1689 1299 1719 pectus
1316 1691 1519 1721 percusserunt,
1541 1695 1588 1715 eos
1613 1689 1766 1719 stimulante

974 1729 1136 1756 conscientia
1148 1730 1156 1745 ¹
1165 1730 1177 1756 'I
1186 1730 1330 1758 Considera
1343 1732 1422 1767 igitur
1435 1737 1463 1760 et
1476 1738 1515 1767 tu,
1528 1734 1640 1769 dilecte,
1656 1745 1691 1765 ne
1704 1745 1765 1766 um-

974 1783 1053 1810 quam
1067 1774 1118 1803 hoc
1132 1776 1250 1811 patiaris.
1262 1776 1401 1810 Quomodo
1413 1783 1501 1806 autem
1513 1788 1566 1807 non
1580 1782 1697 1816 patieris,
1713 1791 1767 1812 non

975 1821 1083 1855 expulsa
1103 1829 1182 1856 prava
1208 1822 1338 1850 malorum
1358 1825 1569 1853 consuetudine?
1582 1827 1726 1863 Propterea
1740 1834 1768 1857 et

975 1867 1049 1902 prius
1064 1867 1117 1895 dixi
1138 1872 1166 1895 et
1189 1875 1260 1896 nunc
1282 1868 1352 1901 dico,
1366 1873 1393 1897 et
1405 1869 1493 1898 dicere
1516 1878 1571 1899 non
1589 1873 1731 1908 desistam,
1744 1875 1768 1902 si

976 1913 1035 1948 quis
1047 1920 1151 1940 morum
1162 1913 1223 1941 vitia
1237 1921 1289 1941 non
1304 1915 1420 1942 correxit
1430 1923 1481 1943 nec
1499 1916 1549 1944 sibi
1567 1917 1670 1945 facilem
1688 1927 1768 1954 para-

976 1961 1014 1987 vit
1031 1961 1155 1988 virtutem
1167 1981 1174 1993 ,
1190 1968 1224 1988 ne
1248 1961 1406 1996 baptizetur.
1421 1962 1515 1990 Priora
1537 1971 1632 2000 nempe
1656 1967 1767 1994 crimina

976 2006 1111 2034 lavacrum
1126 2006 1233 2034 abluere
1246 2012 1349 2042 potest;
1362 2007 1441 2035 timor
1457 2013 1545 2037 autem
1559 2019 1611 2038 non
1628 2019 1723 2046 parvus
1741 2018 1769 2040 ct

977 2054 1122 2088 periculum
1134 2061 1186 2080 non
1199 2053 1343 2087 mediocre,
1355 2061 1389 2082 ne
1398 2062 1504 2082 rursum
1519 2056 1552 2083 ad
1565 2057 1658 2085 eadem
1671 2058 1767 2086 redea-

978 2106 1053 2132 mus,
1068 2104 1096 2126 et
1115 2098 1142 2126 in
1161 2099 1257 2126 vulnus
1278 2099 1355 2127 nobis
1373 2099 1505 2128 medicina
1521 2105 1650 2130 vertatur.
1664 2102 1768 2137 Quanto

977 2153 1090 2181 namque
1109 2145 1194 2180 major
1207 2145 1276 2173 facta
1292 2149 1332 2173 est
1345 2146 1444 2182 gratia,
1462 2150 1535 2175 tanto
1546 2148 1658 2183 amplior
1675 2154 1767 2186 postea
1793 2167 1796 2170 ι

978 2191 1147 2227 peccantibus
1160 2198 1249 2226 poena.
1746 2188 1749 2198 ³

1013 2237 1040 2264 5.
1061 2236 1099 2264 Ne
1111 2237 1190 2272 igitur
1202 2236 1234 2263 ad
1248 2236 1389 2271 pristinum
1405 2237 1545 2265 redeamus
1557 2239 1684 2267 vomitum
1694 2260 1701 2272 ,
1713 2240 1767 2276 jam

978 2290 1028 2310 nos
1040 2283 1111 2317 ipsos
1123 2283 1284 2310 erudiamus.
1297 2283 1372 2317 Quod
1387 2284 1459 2311 enim
1480 2289 1602 2319 oporteat
1623 2285 1695 2320 prius
1708 2295 1769 2323 ρω-

978 2328 1090 2356 nituisse
1104 2333 1131 2356 et
1144 2335 1157 2355 a
1169 2328 1303 2363 prioribus
1316 2329 1450 2357 destitisse
1465 2330 1552 2369 malis,
1564 2335 1591 2358 et
1610 2331 1649 2359 sic
1665 2332 1698 2360 ad
1710 2341 1771 2368 gra-

978 2375 1041 2402 tiam
1063 2374 1208 2407 accedere,
1221 2374 1282 2402 audi
1304 2375 1367 2409 quid
1386 2375 1502 2403 Joannes
1525 2376 1606 2409 dicat,
1621 2377 1684 2413 quid
1705 2387 1785 2406 vero.

979 2419 1102 2455 princeps
1113 2420 1293 2454 apostolorum
1306 2420 1432 2454 baptizari
1442 2421 1609 2450 debentibus.
1617 2423 1663 2451 Ille
1671 2431 1772 2460 nempe

978 2465 1043 2493 dicit
1058 2473 1065 2492 :
1081 2464 1169 2492 Facite
1183 2466 1293 2501 fructum
1309 2465 1412 2501 dignum
1426 2467 1578 2502 paenitentia:
1590 2475 1600 2494 :
1614 2473 1638 2495 et
1656 2477 1688 2496 ne
1706 2469 1772 2496 inci-

980 2512 1054 2546 piatis
1066 2511 1147 2538 dicere
1158 2511 1225 2538 intra
1237 2519 1289 2545 vos,
1304 2510 1408 2538 Patrem
1424 2511 1543 2540 habemus
1554 2512 1682 2541 Abraham
1693 2514 1769 2551 (Luc.

980 2557 1006 2584 5.
1016 2557 1055 2593 8).
1070 2557 1119 2584 llic
1133 2562 1220 2584 autem
1229 2557 1454 2592 interrogantibus
1475 2565 1568 2586 rursus
1587 2559 1674 2587 aiebat
1686 2569 1693 2588 :
1707 2559 1769 2588 Ρω-

980 2602 1108 2630 nitentiam
1120 2603 1196 2638 agite,
1211 2607 1235 2629 et
1255 2602 1394 2637 baptizetur
1417 2603 1520 2639 quisque
1539 2609 1648 2632 vestrum
1669 2606 1696 2632 in
1720 2614 1768 2633 no-

980 2648 1047 2674 mine
1068 2647 1173 2675 Domini
1196 2648 1276 2675 nostri
1289 2647 1352 2675 Iesu
1365 2647 1458 2675 Christi
1472 2648 1539 2685 (Act.
1551 2649 1578 2677 2.
1588 2649 1647 2687 58).
1659 2650 1708 2685 Qui
1721 2658 1770 2678 au-

981 2697 1034 2721 tem
1054 2694 1107 2728 agit
1129 2693 1323 2728 pmnitentiam,
1338 2701 1390 2721 non
1411 2695 1524 2730 amplius
1550 2696 1644 2725 eadem
1666 2698 1770 2733 attingit

981 2739 1101 2774 negotia,
1117 2746 1230 2773 quorum
1243 2739 1366 2774 pcenituit
1381 2748 1388 2767 :
1403 2739 1515 2776 ideoque
1523 2741 1648 2776 iubemur
1659 2742 1767 2771 dicere:

982 2784 1147 2812 Abreuuntio
1159 2784 1217 2818 tibi,
1232 2788 1339 2818 satana,
1353 2792 1387 2813 ne
1401 2786 1514 2821 amplius
1528 2786 1562 2814 ad
1580 2787 1666 2823 ipsum
1679 2797 1769 2817 rever-

1014 2852 1024 2890 ξ
1039 2851 1209 2890 Quidam‘tttssq
1228 2839 1310 2883 pectus
1326 2855 1501 2884 percusserunt,
1525 2852 1707 2884 madentium.
1721 2860 1771 2890 pa:-

982 2883 1175 2915 pergefacieutes.

1561 2922 1597 2952 15
