1983 3125
237 123 291 152 255

239 188 335 210 tamur.
357 181 431 210 Sicut
457 181 537 218 igitur
557 183 584 210 in
608 183 753 218 pictoribus
785 184 882 211 accidit
895 204 903 216 ,
932 184 971 211 sic
995 188 1023 211 et

237 235 309 255 nunc
325 227 388 260 fiat;
403 228 502 255 etenim
521 228 560 255 illi
574 229 676 257 tabulas
691 234 888 264 proponentes,
902 234 930 257 et
950 229 1023 257 albas

236 273 465 300 circumducenles
491 273 589 304 lineas.
601 277 629 301 et
649 275 735 308 regias
748 274 919 309 depingentes
933 274 1024 309 imagi-

236 326 300 350 nes,
314 319 468 353 priusquam
492 319 612 346 colorum
636 320 775 347 veritatem
800 320 1021 354 superinducant,

233 370 294 390 cum
308 363 380 391 omni
393 364 513 390 libertate
527 363 584 391 haec
597 363 702 398 quidem
717 362 825 398 delent,
839 364 883 392 illa
897 372 961 392 vero
980 372 1022 392 re-

233 409 360 444 pingunt,
374 413 401 436 et
417 414 505 436 errata
529 410 692 445 corrigentes
703 414 730 437 et
750 409 819 437 male
842 417 872 438 se
896 410 1020 438 habentia

233 459 437 490 transponentes
453 464 460 482 :
475 460 614 491 postquam
628 463 691 483 vero
708 456 762 491 jam
781 456 896 484 colorem
911 457 1021 484 induxe-

233 501 296 533 rint,
310 509 363 528 non
380 501 494 536 amplius
506 501 654 529 libertatem
670 501 768 529 habent
790 509 895 529 rursum
915 502 1019 530 delendi

231 550 259 573 et
269 546 439 581 depingendi,
455 547 579 581 quoniam
601 547 723 582 imaginis
737 547 924 582 pulchritudini
939 555 1019 576 noce-

233 597 304 626 rent,
318 597 345 620 et
358 593 415 619 sine
429 593 507 627 culpa
523 592 580 620 ﬁeri
600 601 653 620 non
667 598 757 628 posset
773 602 779 621 :
795 594 846 621 hoc
865 598 893 621 tu
912 602 1018 630 quoque

231 636 271 664 fac
286 646 293 664 :
307 643 368 672 puta
390 638 505 665 animam
529 645 589 666 esse
610 638 657 666 tibi
683 639 837 674 imaginem.
860 639 1017 675 Priusquam

230 684 309 718 igitur
323 685 493 719 superveniat
506 692 567 712 vera
581 684 695 721 Spiritus
707 687 829 718 tinctura,
841 687 909 714 male
924 687 1017 715 insitas

231 729 277 756 tibi
294 729 499 757 consuetudines
523 730 582 758 dele
597 739 603 757 :
621 731 677 759 sive
690 729 799 766 jurare,
814 732 871 760 sive
895 732 1014 766 mentiri,

228 774 284 802 sive
296 775 469 803 contumelias
483 775 581 803 inferre
590 796 598 808 ,
611 777 666 804 sive
679 778 764 811 turpia
777 777 866 812 loqui,
881 778 937 805 sive
949 778 1014 805 ridi-

228 820 288 847 cula
303 821 390 848 lacere
400 821 495 849 solitus
507 830 547 856 es,
564 823 620 850 sive
631 823 694 857 quid
708 823 779 850 aliud
794 823 943 859 hujusmodi
960 832 1014 852 non

228 866 328 893 licitum
344 866 457 894 faciendi
468 867 686 896 consuetudinem
697 868 797 903 habes,
818 877 882 897 erue
899 877 1013 897 consue-

226 911 345 939 tudinem
357 913 376 945 ³,
389 920 422 940 ne
432 916 492 948 post
513 913 643 947 baptisma
656 921 761 941 rursum
775 914 808 941 ad
823 915 906 951 ipsam
922 922 1014 950 regre-

225 957 317 984 diaris.
343 957 454 985 Peccata
481 957 551 985 delet
571 958 728 988 lavacrum:
745 964 771 986 tu
793 960 1012 988 consuetudinem

224 1003 328 1037 corrige
340 1023 347 1035 ,
361 1011 395 1031 ne
406 1004 462 1038 jam
479 1003 593 1032 inductis
607 1005 740 1032 coloribus
760 1010 786 1033 et
799 1006 928 1033 illustrata
946 1007 1013 1034 imae

223 1049 284 1084 gine
298 1049 379 1084 regia,
393 1050 505 1085 amplius
522 1050 623 1084 deleas,
639 1055 667 1078 et
689 1051 797 1079 vulnera
822 1058 849 1081 et
874 1053 1011 1081 cicatrices

223 1093 322 1121 inferas
341 1102 355 1121 a
370 1095 425 1122 Deo
447 1095 494 1122 tibi
507 1096 568 1123 dato
587 1096 686 1124 decori.
700 1098 810 1132 Corripe
831 1098 911 1133 igitur
932 1099 1009 1131 iram,

223 1139 360 1174 exstingue
374 1140 500 1173 furorem,
514 1141 570 1168 sive
583 1142 642 1176 quis
657 1142 754 1170 afﬁciat
767 1142 862 1178 injuria
875 1143 932 1171 sive
944 1151 1009 1171 con-

222 1185 330 1212 tumelia
341 1207 348 1218 ,
365 1185 489 1222 lacrymis
511 1187 586 1214 illum
604 1195 771 1223 prosequere
787 1197 794 1216 :
810 1196 844 1216 ne
865 1189 1010 1224 indigneris

221 1235 265 1262 tu,
281 1230 404 1263 condole,
418 1239 451 1258 ne
465 1232 632 1260 exacerberis
647 1242 653 1260 :
671 1241 704 1261 ne
717 1233 801 1267 dicas,
817 1234 844 1261 in
858 1235 945 1262 anima
959 1242 1008 1270 pa-

222 1278 273 1305 tior
287 1277 419 1312 injuriam.
440 1278 524 1306 Nemo
541 1283 583 1306 est
599 1279 626 1306 in
643 1280 730 1307 anima
745 1280 867 1315 injuriam
888 1283 1006 1316 patiens,

221 1324 271 1351 nisi
295 1323 343 1351 nos
357 1324 428 1359 ipsos
448 1325 474 1352 in
496 1325 584 1352 anima
603 1325 699 1360 injuria
718 1325 881 1360 afﬁciamus;
893 1331 922 1354 et
940 1335 1008 1362 quo~

221 1369 301 1397 modo
315 1369 340 1397 id
356 1370 392 1396 ita
410 1370 524 1404 sit,jam
537 1370 738 1401 dicam,Ablata
753 1376 794 1399 est
813 1379 857 1399 res
879 1376 940 1405 tua;
953 1380 1007 1400 non

221 1422 315 1449 passus
332 1423 361 1443 es
375 1416 401 1443 in
416 1416 513 1448 anima,
528 1416 575 1444 sed
589 1416 615 1444 in
629 1417 748 1452 pecuniis
762 1426 768 1444 :
782 1418 804 1445 si
817 1423 845 1446 tu
862 1426 925 1446 vero
945 1419 1008 1446 mali

221 1461 378 1488 memoriam
400 1469 501 1496 serves,
513 1462 539 1489 in
561 1462 650 1489 anima
665 1467 692 1490 tu
709 1464 821 1498 teipsum
834 1464 925 1492 lazsisti
941 1472 1008 1500 :pe-

221 1506 305 1534 cuniaz
319 1507 389 1534 enim
410 1508 504 1534 ablata:
517 1508 582 1535 nihil
596 1509 711 1536 animam
726 1509 861 1544 laeserunt,
875 1518 967 1539 verum
981 1517 1008 1540 et

221 1552 397 1586 adjuverunt;
421 1557 449 1580 tu
461 1561 525 1580 vero
536 1561 589 1581 non
606 1554 671 1581 iram
686 1554 832 1589 dimittens,
848 1563 941 1591 poenas
954 1557 1008 1584 illic

221 1597 298 1632 hujus
313 1603 426 1625 servata:
440 1598 570 1626 malorum
583 1599 718 1627 memorize
728 1600 813 1628 dabis.
827 1600 960 1631 Conviciis
981 1608 1007 1631 te

220 1644 349 1678 quispiam
363 1647 390 1671 et
401 1645 569 1672 contumeliis
582 1645 685 1673 affecit?
697 1650 722 1674 te
736 1647 772 1674 nil
785 1647 811 1674 in
825 1648 912 1676 anima
927 1649 1006 1682 laesit,

219 1688 266 1715 sed
284 1696 333 1716 nec
347 1689 373 1716 in
388 1697 509 1724 corpore.
525 1691 563 1718 Tu
576 1691 692 1719 vicissim
710 1694 885 1722 contumelias
899 1698 926 1722 et
939 1703 1006 1723 con-

220 1735 286 1762 vicia
302 1735 433 1763 intulisti?
446 1737 559 1772 teipsum
578 1737 604 1765 in
618 1739 705 1766 anima
729 1739 830 1773 laesisti,
840 1749 932 1768 eorum
946 1749 1007 1776 quae

220 1781 319 1813 dixisti,
329 1781 381 1807 illic
391 1788 484 1816 poenas
497 1782 641 1810 subiturus.
654 1783 688 1811 Et
701 1784 751 1811 hoc
761 1785 879 1813 omnium
890 1787 1006 1815 maxime

220 1832 265 1852 vos
286 1831 388 1853 certum
411 1827 482 1854 scire
503 1828 583 1861 volo,
598 1828 777 1857 Christianum
800 1835 827 1858 et
849 1830 955 1859 ﬁdelem
978 1832 1005 1860 in

218 1871 305 1898 anima
325 1879 403 1906 posse
422 1872 519 1900 laedere
541 1874 738 1910 neminem,nec
752 1877 837 1911 ipsum
859 1878 1003 1906 diabolum.

217 1916 271 1944 Nec
282 1916 332 1944 hoc
347 1922 448 1945 tantum
460 1918 676 1954 estadmirabile,
689 1921 760 1956 quod
775 1930 824 1950 nos
839 1923 908 1951 Deus
919 1925 1004 1952 omni-

215 1962 267 1989 bus
280 1963 382 1990 insidiis
394 1964 613 1999 inexpugnabiles
628 1965 730 2000 fecerit,
740 1976 832 1996 verum
847 1973 874 1997 et
887 1971 957 2005 quod
970 1972 1004 1999 ad

216 2016 323 2036 omnem
337 2009 442 2037 virtutis
457 2011 638 2045 operationem
651 2020 700 2041 nos
714 2018 790 2048 aptos
808 2017 941 2049 paraverit
956 2025 962 2044 :
978 2021 1005 2045 et

216 2055 433 2090 impedimentum
446 2058 545 2085 nullum
555 2063 606 2093 est,
615 2060 638 2086 si
653 2060 774 2095 velimus,
786 2062 849 2090 licet
862 2071 1002 2098 pauperes,

216 2101 272 2128 sive
285 2108 398 2136 corpore
412 2102 559 2132 imbecilles
568 2125 575 2137 ,
591 2105 646 2133 sive
656 2106 752 2142 abjecti
762 2128 769 2141 ,
785 2109 841 2136 sive
855 2110 984 2145 ignobiles
995 2133 1002 2145 ,

216 2146 272 2174 sive
283 2147 363 2174 servi.
378 2147 433 2175 Nec
445 2149 516 2177 enim
530 2156 682 2186 paupertas,
694 2160 744 2180 nec
758 2154 939 2190 imbecillitas,
953 2164 1003 2185 nec

215 2193 337 2227 corporis
366 2193 509 2228 mutilatio,
523 2203 576 2223 non
597 2198 722 2231 servitus,
739 2206 791 2226 non
814 2200 885 2228 aliud
909 2202 1002 2230 talium

215 2237 349 2271 quidpiam
363 2238 396 2265 ad
416 2239 541 2268 virtutem
556 2242 772 2277 impedimentum
787 2253 846 2273 esse
859 2251 948 2281 queat.
971 2249 1003 2276 Et

213 2282 276 2316 quid
290 2282 350 2310 dico
362 2291 505 2318 pauperem
521 2291 548 2314 et
557 2295 662 2315 servum
679 2293 706 2316 et
716 2291 877 2324 ignobilem?
889 2293 967 2320 etiam
980 2294 1002 2321 si

212 2328 333 2362 captivus
348 2329 395 2362 sis,
410 2338 460 2358 nee
470 2330 521 2359 hoc
536 2332 582 2360 tibi
596 2333 628 2360 ad
640 2335 764 2363 virtutem
780 2337 999 2372 impedimentum

210 2374 241 2402 ﬁt
253 2381 259 2405 ;
273 2378 301 2401 et
311 2382 365 2409 quo
378 2375 404 2403 id
414 2377 494 2405 modo
508 2378 552 2411 sit,
566 2379 782 2415 dicam.Quidam
795 2383 1001 2413 domesticorum

214 2425 240 2448 te
257 2420 425 2449 contristavit
439 2427 467 2450 et
485 2423 681 2461 irritavit?ipsi
704 2427 769 2455 iram
787 2430 901 2457 remitte.
916 2430 999 2458 Num-

210 2464 274 2498 quid
290 2466 336 2493 tibi
354 2466 387 2494 ad
403 2466 454 2496 hoc
475 2468 578 2498 vincula
598 2475 625 2499 et
639 2478 781 2508 paupertas
799 2479 826 2502 et
851 2476 1000 2510 ignobilitas

213 2511 436 2545 impedimentum
446 2513 515 2542 facta
530 2517 613 2544 sunt?
627 2517 659 2544 Et
671 2519 734 2553 quid
747 2520 807 2547 dico
821 2521 998 2556 impedimen-

211 2564 265 2586 tum
277 2558 290 2585 γ
303 2562 331 2585 et
346 2560 433 2593 potius
446 2560 554 2595 quidem
567 2563 692 2598 adjuvant
706 2574 714 2593 :
727 2574 842 2603 namque
860 2573 886 2596 et
899 2576 997 2604 coope-

211 2608 302 2631 rantur
316 2604 350 2632 ad
379 2607 529 2640 superbiam
549 2611 787 2644 comprimendam.
803 2614 896 2643 Vidisti
915 2616 998 2644 alium

209 2649 322 2677 feliciter
341 2653 484 2686 agentem?
498 2662 531 2681 ne
544 2655 664 2684 invideas
676 2665 683 2690 ;
694 2666 755 2686 nam
769 2667 818 2688 nec
830 2660 873 2688 hic
889 2669 1000 2696 pauper-

211 2699 251 2723 tas
264 2696 480 2731 impedimentum
494 2705 543 2728 est.
557 2701 671 2730 Rursum
692 2712 752 2732 cum
770 2713 848 2734 orare
862 2709 997 2741 convenit,

210 2741 297 2769 sobria
309 2746 336 2770 et
349 2742 420 2777 vigili
435 2749 524 2774 mente
537 2747 588 2775 hoc
604 2753 700 2782 praesta
713 2770 721 2783 ,
737 2755 764 2778 et
779 2759 827 2779 nec
847 2752 890 2780 hic
914 2753 996 2781 ullum

240 2827 249 2843 ³
264 2829 308 2869 1tuti
317 2836 371 2855 cum
387 2831 465 2862 Savil.,
478 2834 532 2859 dele
541 2836 742 2863 consuetudinem.

604 126 633 154 S.
652 125 792 156 JOANNIS
810 126 1045 156 CIIRYSOSTOMI
1065 128 1221 159 ARCHIEP.
1243 132 1510 167 CONSTANTINOP.

1812 145 1869 172 ξω

1078 186 1130 213 erit
1163 188 1340 219 obstaculum.
1386 193 1596 232 Benignitatem,
1632 203 1868 233 mansuctudhtem

1076 238 1182 279 omnem
1205 235 1318 269 exhibe.
1334 239 1508 274 modestiam,
1523 243 1689 274 honestatem
1703 257 1710 275 :
1727 257 1777 277 nec
1790 251 1868 279 enim

1075 276 1124 304 ista
1139 280 1300 309 exteriorum
1314 283 1432 319 indigent
1444 288 1612 317 auxiliorum.
1633 292 1666 320 Et
1681 293 1731 322 hoe
1749 301 1791 323 est
1814 297 1868 324 im-

1075 323 1169 374 primis
1183 327 1328 374 maximum
1343 330 1368 362 ',
1383 332 1456 366 quod
1469 341 1523 360 non
1536 335 1644 370 divitiis,
1659 346 1711 366 non
1726 323 1865 374 potentia,

1074 377 1127 397 non
1139 371 1233 405 gloria,
1246 381 1299 401 non
1317 375 1368 403 alia
1392 379 1516 413 quapiam
1530 381 1620 409 talium
1634 391 1723 411 rerum
1733 393 1801 420 opus
1815 387 1866 413 lia-

1073 414 1144 449 beat,
1156 418 1203 445 sed
1217 420 1305 446 anima
1327 425 1428 449 tantum
1450 426 1630 460 sanctiﬁcata,
1645 433 1672 455 et
1689 430 1726 457 nil
1745 414 1864 465 amplius

1073 460 1197 496 inquirat.
1214 463 1327 500 Respice
1340 475 1404 495 vero
1425 473 1452 496 et
1472 470 1498 497 in
1516 472 1599 505 gratia
1614 473 1665 500 hoc
1677 474 1763 509 ipsum
1778 460 1837 504 ﬁeri
1852 486 1863 505 :

1072 507 1128 534 sive
1141 509 1199 542 quis
1213 511 1283 537 enim
1294 511 1436 547 claudicet,
1451 519 1478 542 et
1490 517 1589 544 evulsis
1601 518 1637 545 sit
1647 507 1731 547 oculis
1742 542 1749 553 ,
1764 526 1791 548 et
1800 529 1864 549 eor-

1070 558 1136 586 pore
1163 555 1282 589 mutilus,
1303 557 1358 585 sive
1378 558 1404 586 in
1428 565 1575 589 extremam
1598 563 1722 599 delapsus
1745 566 1862 594 infirmi-

1071 601 1164 631 tatem,
1180 599 1214 627 ab
1227 601 1322 629 horum
1336 604 1409 631 nullo
1418 607 1503 640 gratia
1513 609 1605 636 venire
1618 611 1783 644 prohibetur.
1794 615 1862 641 Ani-

1069 650 1140 670 mam
1154 645 1225 673 enim
1238 649 1353 682 exquirit
1372 650 1456 678 solam
1481 659 1511 680 se
1531 661 1593 681 cum
1610 655 1749 685 alacritate
1769 660 1860 687 susci-

1069 689 1186 722 pientem
1200 711 1208 724 ,
1232 697 1259 720 et
1288 694 1345 722 haec
1381 697 1472 724 omnia
1502 700 1634 728 exteriora
1665 705 1858 737 praetercurrit.

1068 734 1245 780 Externorum
1259 739 1365 774 quidem
1382 742 1495 770 militum
1508 749 1534 772 et
1549 734 1673 780 corporis
1683 752 1813 777 staturam
1830 755 1861 778 et

1066 779 1164 829 bonam
1177 784 1266 811 carnis
1286 785 1470 816 habitudinem
1484 779 1627 824 exquirunt
1640 794 1686 828 qui
1700 794 1773 829 ipsos
1786 796 1859 824 mili-

1067 825 1110 852 tiae
1132 827 1304 863 adscribunt;
1321 839 1374 859 non
1407 833 1465 861 haec
1487 840 1576 864 autem
1597 825 1656 865 sola
1679 825 1859 870 militaturum

1065 877 1172 906 oportet
1186 874 1296 908 habere,
1313 884 1406 906 verum
1426 884 1455 907 et
1474 880 1676 916 libertatem;si
1699 886 1761 920 quis
1781 888 1856 915 enim

1065 918 1102 945 sit
1124 926 1218 947 servus
1233 942 1240 955 ,
1265 922 1385 957 rejicitur
1405 925 1552 954 :czelorum
1578 933 1666 957 autem
1689 918 1747 968 Rex
1762 933 1772 948 ³
1788 933 1856 961 nihil

1064 965 1117 993 tale
1126 967 1249 1001 requirit,
1262 969 1310 996 sed
1323 974 1350 997 et
1363 978 1455 999 servos
1469 972 1494 1000 in
1511 976 1658 1003 exercitum
1674 965 1752 1005 suum
1765 979 1855 1007 susci-

1064 1013 1114 1046 pit,
1131 1018 1159 1040 et
1173 1021 1262 1048 senes,
1276 1019 1303 1042 et
1325 1015 1455 1045 invalidos
1477 1021 1606 1048 membris
1616 1043 1624 1055 ,
1639 1030 1725 1057 neque
1735 1031 1798 1052 eum
1814 1030 1856 1053 ta-

1064 1059 1127 1087 lium
1145 1062 1225 1096 pudet
1241 1071 1248 1088 :
1263 1071 1316 1098 quo
1330 1065 1393 1099 quid
1410 1066 1551 1096 humanius
1566 1074 1613 1096 aut
1625 1069 1766 1106 benignius
1778 1073 1854 1107 cogi-

1063 1106 1112 1133 tari
1127 1108 1232 1141 potest?
1246 1108 1294 1136 Hic
1305 1111 1377 1138 enim
1389 1118 1421 1139 ea
1435 1113 1612 1147 solummodo,
1627 1123 1687 1151 quae
1709 1117 1737 1144 in
1761 1106 1854 1146 nostra

1062 1156 1195 1186 potestate
1218 1154 1269 1182 sita
1292 1160 1363 1189 sunt,
1378 1158 1492 1191 quaerit;
1508 1159 1544 1186 illi
1563 1167 1629 1188 vero
1651 1169 1711 1196 qua;
1729 1163 1780 1190 sita
1797 1171 1854 1191 non

1061 1202 1134 1225 sunt.
1149 1198 1269 1227 Servitus
1289 1202 1360 1229 enim
1372 1203 1421 1230 ‘vel
1439 1203 1549 1232 libertas
1564 1205 1590 1233 in
1607 1211 1738 1241 potestate
1759 1213 1852 1236 nostra

1061 1243 1112 1271 sita
1125 1251 1177 1272 non
1192 1250 1255 1273 sunt
1266 1267 1273 1280 ,
1289 1248 1511 1281 quemadmodum
1528 1258 1615 1287 neque
1635 1253 1784 1287 proceritas
1794 1258 1852 1281 sta—

1062 1295 1128 1316 turne
1154 1295 1200 1318 aut
1217 1291 1354 1326 brevitas,
1370 1301 1457 1329 neque
1481 1296 1596 1331 senium,
1622 1302 1650 1325 et
1675 1306 1853 1335 quaccumque

1062 1336 1142 1368 talia;
1158 1343 1324 1366 mansuetum
1340 1344 1428 1368 autem
1443 1346 1470 1369 et
1485 1343 1578 1370 mitem
1593 1351 1662 1377 esse,
1678 1350 1706 1372 et
1720 1345 1762 1373 his
1776 1347 1853 1373 simi-

1060 1381 1114 1414 lia,
1130 1383 1274 1411 voluntatis
1296 1390 1396 1414 nostrae
1422 1392 1493 1415 sunt.
1511 1388 1545 1416 Et
1572 1389 1630 1417 haec
1649 1390 1706 1418 sola
1732 1400 1747 1419 a
1773 1392 1852 1419 nobis

1061 1426 1131 1455 Deus
1152 1429 1251 1464 exigit,
1266 1438 1380 1465 quorum
1404 1440 1453 1460 nos
1475 1433 1578 1462 domini
1600 1442 1709 1469 sumus,
1726 1441 1754 1464 et
1772 1438 1852 1465 valde

1059 1479 1240 1507 congruenter
1255 1484 1261 1502 :
1277 1483 1330 1503 non
1345 1477 1415 1504 enim
1427 1483 1536 1513 propter
1545 1480 1680 1515 propriam
1693 1482 1849 1516 utilitatem,

1060 1521 1106 1547 sed
1121 1526 1230 1556 propter
1243 1521 1446 1550 beneﬁcentiam
1461 1532 1510 1552 nos
1523 1525 1558 1552 ad
1580 1533 1656 1554 suam
1669 1528 1782 1561 gratiam
1800 1536 1850 1556 vo-

1059 1570 1110 1598 cat,
1126 1574 1204 1601 reges
1218 1575 1282 1595 vero
1295 1568 1329 1595 ad
1343 1569 1519 1597 ministerium
1531 1579 1608 1598 suum
1626 1581 1633 1598 :
1648 1577 1676 1599 et
1691 1573 1728 1599 illi
1741 1573 1850 1608 quidem

1059 1610 1093 1638 ad
1116 1611 1214 1639 bellum
1230 1612 1337 1641 trahunt
1357 1615 1484 1643 sensibile
1496 1636 1503 1649 ,
1523 1615 1568 1643 hic
1586 1620 1673 1644 autem
1682 1617 1714 1645 ad
1733 1625 1850 1653 pugnam

1059 1657 1233 1691 spiritualem.
1247 1658 1302 1687 Nec
1315 1659 1342 1686 in
1356 1659 1432 1688 bellis
1446 1665 1546 1688 tantum
1560 1663 1678 1691 externis
1690 1683 1698 1696 ,
1712 1671 1805 1691 verum
1819 1669 1850 1692 et

1059 1702 1085 1729 in
1096 1703 1286 1731 certaminibus
1296 1705 1417 1733 eamdem
1428 1707 1487 1741 quis
1500 1707 1631 1735 rationem
1649 1708 1738 1736 videre
1753 1710 1848 1744 possit.

1059 1748 1087 1776 ln
1101 1749 1165 1777 illud
1180 1751 1251 1778 enim
1264 1751 1396 1779 theatrum
1414 1753 1459 1788 qui
1476 1753 1599 1782 trahendi
1609 1760 1681 1788 sunt,
1697 1763 1751 1783 non
1772 1757 1850 1791 prius

1058 1794 1222 1823 descendunt
1245 1797 1271 1823 in
1293 1799 1437 1825 certamina
1451 1819 1459 1831 ,
1484 1799 1569 1827 donec
1599 1801 1672 1835 ipsos
1707 1808 1850 1830 assumens

1059 1849 1146 1876 praeco
1161 1842 1210 1869 sub
1223 1843 1343 1870 omnium
1362 1844 1446 1871 oculis
1464 1845 1647 1873 circumducat
1661 1846 1795 1879 clamans,
1809 1840 1850 1874 at-

1058 1894 1109 1921 que
1122 1887 1214 1915 dicens
1229 1898 1236 1915 :
1251 1888 1319 1916 Num
1339 1890 1398 1925 quis
1418 1890 1488 1918 hunc
1501 1892 1631 1929 acqusat?
1645 1893 1695 1920 etsi
1718 1893 1772 1920 illic
1793 1902 1848 1922 non

1057 1933 1163 1968 animae,
1179 1934 1226 1961 sed
1239 1936 1359 1969 corporis
1375 1944 1469 1971 pugnae
1483 1937 1536 1965 sint
1546 1947 1552 1964 :
1563 1946 1645 1973 quare
1660 1939 1740 1974 igitur
1753 1940 1850 1967 nobili-

1057 1981 1118 2007 tatis
1129 1982 1246 2009 rationes
1260 1983 1393 2017 requiris?
1406 1983 1454 2011 llic
1465 1991 1530 2011 vero
1543 1984 1608 2012 nihil
1621 1985 1683 2017 tale,
1698 1986 1745 2013 sed
1761 1991 1848 2014 totum

1057 2027 1218 2055 contrarium
1245 2037 1252 2054 :
1274 2035 1334 2055 cum
1364 2036 1417 2056 non
1445 2030 1472 2057 in
1507 2038 1632 2058 manuum
1660 2032 1849 2060 collationibus

1058 2073 1111 2100 sint
1135 2073 1213 2100 nobis
1233 2074 1389 2107 certamina,
1405 2075 1454 2103 sed
1478 2075 1504 2103 in
1528 2076 1609 2103 animi
1627 2077 1797 2112 philosophia
1819 2083 1850 2106 et

1056 2118 1154 2145 utentis
1168 2119 1276 2153 virtute,
1290 2121 1452 2148 contrarium
1465 2121 1626 2156 agonotheta
1645 2127 1737 2150 noster
1759 2123 1822 2151 facit
1838 2132 1846 2151 :

1057 2172 1109 2192 non
1125 2165 1211 2200 ipsum
1226 2173 1365 2194 assumens
1379 2167 1563 2200 circumducit,
1579 2172 1607 2195 et
1617 2167 1694 2196 dicit:
1705 2168 1773 2195 Num
1786 2170 1848 2204 quis

1057 2209 1127 2237 hunc
1151 2211 1280 2238 accusat?
1299 2212 1346 2239 sed
1360 2212 1479 2239 clamat:
1496 2212 1571 2240 Licet
1593 2221 1687 2241 omnes
1711 2213 1847 2248 homines,

1056 2255 1117 2284 licet
1130 2256 1265 2285 dzemones
1277 2265 1336 2285 cum
1350 2259 1457 2287 diabolo
1467 2260 1603 2288 constituti
1617 2261 1703 2296 ipsum
1717 2267 1848 2290 accusent

1055 2302 1089 2329 de
1102 2303 1260 2338 turpissimis
1273 2309 1300 2332 et
1314 2305 1426 2332 occultis
1442 2306 1607 2339 criminibus,
1622 2314 1674 2334 non
1690 2307 1782 2341 rejicio
1796 2316 1848 2335 nec

1055 2348 1204 2382 abominor,
1217 2349 1264 2376 sed
1277 2349 1310 2376 ab
1323 2351 1523 2379 accusatoribus
1538 2352 1624 2387 ipsum
1638 2353 1755 2380 liberans
1766 2359 1794 2381 et
1811 2354 1847 2381 ab

1056 2393 1194 2428 iniquitate
1215 2395 1374 2429 absolvens,
1399 2397 1438 2424 sic
1460 2397 1494 2424 ad
1517 2398 1663 2426 certamina
1687 2398 1757 2426 duco
1772 2408 1780 2426 :
1796 2407 1846 2427 nec

1056 2439 1197 2467 immerito.
1215 2441 1269 2468 lllic
1284 2442 1355 2468 enim
1368 2443 1528 2477 agonotheta
1545 2444 1581 2471 nil
1596 2445 1762 2472 certantibus
1777 2452 1845 2472 con-

1056 2486 1104 2512 l'ert
1115 2485 1148 2512 ad
1160 2487 1296 2514 victoriam
1306 2508 1313 2520 ,
1325 2488 1372 2515 scd
1383 2488 1486 2516 medius
1502 2490 1661 2518 constitutus
1671 2496 1726 2523 est;
1741 2491 1785 2518 hic
1798 2499 1846 2518 au-

1055 2536 1107 2559 tem
1132 2533 1291 2568 agonotheta
1308 2535 1413 2569 pietatis
1433 2538 1673 2571 propugnatoribus
1695 2539 1845 2565 commilito

1054 2578 1083 2604 iit
1098 2582 1124 2605 et
1138 2579 1288 2613 auxiliator,
1303 2587 1364 2608 cum
1385 2581 1449 2616 ipsis
1464 2588 1555 2610 contra
1570 2583 1706 2611 diabolum
1729 2592 1844 2620 pugnam

1053 2627 1232 2654 committens.

1088 2673 1114 2700 4.
1129 2672 1182 2701 Nec
1196 2673 1245 2701 hoc
1258 2679 1358 2702 tantum
1371 2680 1412 2703 est
1422 2677 1586 2711 admirabile,
1603 2678 1673 2713 quod
1688 2679 1766 2707 nobis
1780 2687 1843 2716 pee-

1085 2784 1092 2795 ‘
1114 2787 1162 2811 un.
1175 2785 1218 2820 hoc
1229 2789 1263 2820 est
1280 2785 1501 2820 imprnrtist'irtulis
1516 2787 1666 2820 maximum;
1680 2789 1732 2819 alii,
1744 2789 1797 2815 [ια
1807 2791 1842 2815 ut

1053 2819 1170 2847 immunis
1182 2817 1274 2842 virtutis
1285 2817 1432 2847 magnitudo.

1086 2847 1095 2861 ¹
1107 2844 1166 2873 Alii.
1177 2844 1338 2873 inmemorum
1347 2852 1424 2873 autem
1437 2852 1495 2874 Res.
