1983 3125
121 151 175 180 ἳ57

124 209 189 244 ἡμῖν
205 207 238 234 τὰ
253 206 446 242 ἁμαρτήματα,
463 205 572 232 ἀλλ’ὅτι
597 205 667 232 αὐτὰ
693 205 754 231 οὐδὲ
780 203 956 232 ἐκκαλύπτει.

123 252 184 280 οὐδὲ
196 253 268 279 ποιεῖ
281 250 385 286 φανερά
395 250 442 276 καὶ
455 249 533 285 δῆλα.
545 249 606 277 οὐδὲ
615 249 764 283 ἀναγκάζει
774 248 958 284 παρελθόντας

124 298 164 328 εἰς
179 296 260 332 μέσον
273 294 391 327 ἐξειπεῖν
405 295 440 320 τά
454 293 721 329 πεπλημμελημένα,
730 293 787 320 ἀλλ’
795 291 869 327 αὐτῷ
885 291 958 327 μόνῳ

122 338 342 375 ἀπολογήσασθαι
350 337 456 364 κελεύει
468 337 515 364 καὶ
527 337 596 373 πρὸς
606 336 688 364 αὑτὸν
698 335 956 371 ἐξομολογήσασθαι.

122 385 219 412 Καίτοι
240 392 271 417 γε
287 385 319 410 ἐκ
334 382 388 408 τῶν
403 381 502 415 ἔξωθεν
516 380 650 408 δικαστῶν
663 381 690 407 ετ
702 389 745 412 τις
761 377 823 406 εἰπέ
837 388 890 406 τινι
904 379 958 406 τῶν

123 429 240 456 ἁλόντων
255 426 360 464 λῃστῶν
374 426 390 461 ἦ
408 424 606 461 τυμϐωρύχων,
618 425 705 451 εἰπεῖν
717 424 752 451 τὰ
764 423 958 459 πεπλημμελη-

123 472 202 508 μένα,
217 471 264 498 καὶ
284 470 418 506 ἀφεθῆναι
432 471 482 504 τῆς
505 469 652 501 κολάσεως,
673 468 748 503 πάσῃ
768 467 908 503 προθυμίᾳ
925 467 958 494 ἂν

121 515 298 547 κατεδέξαντο
319 513 410 546 τοῦτο,
427 514 459 548 τῇ
476 512 527 547 τῆς
546 512 683 548 σωτηρίας
703 510 835 547 ἐπιθυμία
849 511 899 546 τῆς
914 511 954 537 αί-

121 559 223 595 σχύνης
251 556 496 593 καταφρονοῦντες.
516 555 649 583 Ἐνταῦθα
682 555 710 582 δέ
736 555 812 581 οὐδὲν
839 554 958 582 τοιοῦτόν

121 606 205 637 ἐστιν,
218 604 285 631 ἀλλά
298 604 344 630 καὶ
356 603 453 637 ἀφίησι
464 601 499 628 τὰ
509 600 766 638 ἀμαρτήματα,‹καὶ
777 600 826 627 ούκ
837 601 958 633 ἀναγκά-

121 649 163 682 ζει
182 648 324 684 παρόντων
343 645 423 673 τινῶν
442 645 512 672 αὐτὰ
529 644 726 680 ἐκπομπεύειν,
752 644 809 671 ἀλλ’
825 644 854 670 ἓν
879 643 958 679 μόνον

121 693 205 728 ζητεῖ,
221 693 295 722 ὃπως
313 690 394 721 αὐτὸς
409 691 422 716 6
436 691 485 725 τῆς
507 689 631 724 ἀφέσεως
648 687 792 716 ἀπολαύων
815 687 896 723 μάθοι
909 687 958 722 τῆς

119 737 224 772 δωρεᾶς
239 736 268 762 τὸ
285 733 408 770 μέγεθος.
429 733 491 765 Πῶς
512 731 559 759 οὖν
575 733 625 759 οὐκ
640 733 739 759 ἄτοπον
761 733 790 758 ἐν
812 729 853 763 οἷς
877 731 958 764 αὐτὸς

119 781 194 816 ἡμᾶς
207 779 347 814 εὐεργετεῖ
357 778 380 804 εἰ
391 778 500 813 ἀρκοῖτο
511 777 543 812 τῇ
555 776 620 812 παρ’
634 776 712 812 ἡμῶν
725 775 864 811 μαρτυρίᾳ
878 775 956 811 μόνῃ,

120 825 200 859 ἡμεῖς
214 823 241 850 δὲ
254 824 283 849 ἐν
298 819 338 854 οἷς
350 821 430 848 αὑτὸν
441 820 639 856 θεραπεύομεν,
654 820 763 855 ἑτέρους
775 819 958 854 ἐπιζητοῦμεν

121 869 261 903 μάρτυρας
277 866 324 892 καὶ
339 865 406 900 πρὸς
419 864 548 896 ἐπίδειξίν
562 873 589 890 τι
602 863 746 899 ποιοῦμεν;
763 863 958 898 Θαυμάσαντες

119 911 208 938 τοίνυν
226 910 275 946 τὴν
290 909 371 937 αὐτοῦ
386 907 586 943 φιλοφροσύνην
609 906 808 942 ἐπιδειξὼμεθα
830 906 864 933 τὰ
892 907 957 942 παρ’

119 955 208 991 ἡμῶν,
226 954 274 980 καὶ
298 953 351 988 πρὸ
378 952 432 979 τῶν
456 951 543 978 ἄλλων
559 952 687 978 ἁπάντων
701 951 750 986 τὴν
771 951 820 986 τῆς
835 950 958 985 γλώττης

120 999 312 1034 χαλινώσωμεν
331 996 430 1032 ῥύμην,
447 996 495 1022 καὶ
511 995 547 1031 μὴ
560 995 604 1022 ἀεὶ
617 994 817 1029 φθεγγώμεθα·
843 995 889 1020 Ἐκ
904 995 958 1030 γὰρ

120 1042 306 1077 πολυλογίας
323 1041 378 1068 οὐκ
391 1039 522 1074 ἐκφεύξῃ
543 1039 698 1073 ἁμαρτίαν.
705 1039 753 1065 “Av
771 1038 819 1073 μέν
835 1036 882 1065 οὗν
894 1038 959 1073 ἔχῃς

119 1097 146 1114 τι
175 1087 312 1122 χρήσιμον
342 1077 440 1114 είπεῖνξ
456 1083 560 1115 ἄνοιξον
587 1083 622 1109 τὰ
649 1082 737 1118 χείλη,
766 1083 799 1110 ἂν
821 1082 849 1109 δὲ
876 1082 960 1117 μηδὲν

121 1131 270 1164 ἀναγκαῖόν
283 1127 311 1165 ᾗ,
327 1128 392 1162 σίγα
401 1135 409 1142 ⁸
425 1127 530 1162 βέλτιον
540 1126 605 1162 γάρ.

157 1174 337 1209 Χειροτέχνης
363 1170 404 1204 ET;
432 1170 612 1205 καθεζόμενος
625 1169 727 1204 ψάλλε·
749 1169 807 1196 ἀλλ’
821 1169 850 1196 οὐ
869 1169 958 1205 βούλει

120 1217 160 1253 τῷ
174 1217 287 1252 στόματι
296 1215 424 1250 ψάλλεινς
436 1215 470 1249 τῇ
484 1213 589 1249 διανοίᾳ
603 1213 682 1239 τοῦτο
695 1213 782 1239 ποίει·
796 1213 883 1248 μέγας
895 1221 959 1240 συν-

120 1262 213 1297 όμιλος
230 1262 244 1288 6
258 1259 376 1295 ψαλμός.
390 1258 473 1285 Οὐδὲν
489 1257 614 1284 ἐντεῦθεν
631 1257 771 1291 ὑποστήσῃ
789 1256 886 1288 δεινὸν,
901 1257 958 1283 ἀλλ’

119 1305 158 1337 ὡς
170 1305 199 1331 ἐν
210 1303 384 1340 μοναστηρίῳ
395 1303 424 1329 ἐν
437 1301 475 1337 τῷ
486 1301 660 1337 ἐργαστηρίῳ
669 1300 772 1336 δυνήσῃ
784 1299 958 1332 καθέζεσθαιι

121 1349 151 1376 οὐ
166 1348 220 1384 γὰρ
234 1348 325 1374 τόπων
342 1345 541 1381 ἐπιτηδειότης,
562 1343 631 1371 ἀλλά
644 1343 753 1380 τρόπων
770 1343 896 1379 ἀκρίϐεια
911 1343 960 1379 τὴν

121 1392 237 1428 ἡσυχίαν
252 1392 318 1426 ἡμῖν
341 1389 500 1424 παρέξεται.
521 1387 628 1419 Παῦλος
650 1386 716 1422 γοῦν
738 1388 767 1414 ἐν
784 1387 960 1423 ἐργαστηρίῳ

120 1438 154 1472 τῇ
182 1436 264 1471 τέχνῃ
291 1434 470 1470 κεχρημένος,
496 1432 572 1458 οὐδὲν
599 1432 639 1463 εἰς
661 1431 710 1467 τὴν
735 1431 838 1458 οίκείαν
859 1431 960 1467 ἀρετὴν

122 1479 294 1516 παρεϐλάϐη.
311 1478 357 1513 Μὴ
372 1477 462 1504 τοίνυν
476 1476 539 1510 λέγε
560 1475 592 1501 σύ
605 1483 612 1490 ·
632 1475 694 1506 Πῶς
708 1474 857 1510 δυνήσομαι
871 1484 960 1511 χειρο-

121 1524 218 1559 τέχνης
231 1522 268 1548 ῶν
283 1522 330 1549 καὶ
344 1521 429 1556 πένης
445 1520 618 1555 φιλοσοφεῖν;
633 1519 683 1546 Διά
698 1519 776 1546 τοῦτο
790 1519 840 1555 μέν
850 1518 896 1547 οὖν
907 1521 959 1556 μά-

121 1569 200 1595 λιστα
216 1567 316 1602 δυνήσῃ
334 1565 500 1600 φιλοσοφεῖν.
518 1564 572 1591 Καὶ
594 1563 649 1598 γὰρ
672 1563 753 1590 πενία
772 1563 898 1597 πλούτου,
914 1566 959 1592 καὶ

121 1612 238 1649 ἐργασία
256 1611 355 1647 ἀργίας
372 1610 440 1646 πρὸς
456 1608 600 1635 εὐλάϐειαν
612 1609 677 1643 ἡμῖν
688 1607 913 1644 ἐπιτηδειότερον,
922 1608 960 1641 ὡς

121 1659 136 1685 ὃ
149 1665 180 1690 γε
196 1655 308 1686 πλοῦτος
324 1655 381 1686 τοῖς
397 1653 435 1688 μὴ
450 1652 615 1688 προσέχουσι
637 1651 683 1678 καὶ
703 1652 830 1687 ἐμπόδιον
843 1652 958 1686 γίνεται.

123 1702 207 1728 Ὅταν
224 1699 278 1735 γάρ
292 1698 376 1734 ὀργὴν
390 1697 437 1733 δέῃ
454 1697 573 1731 ἀφεῖναι,
588 1696 651 1722 όταν
672 1695 767 1722 σϐέσαι
783 1695 959 1730 φθόνον,δταν

123 1745 261 1780 χαλᾶσαια
278 1742 374 1777 θυμὸν.
398 1742 461 1768 ὅταν
486 1740 567 1775 εὐχὴν
583 1739 779 1778 ἐπιδείξασθαι,
794 1739 858 1766 ὅταν
871 1741 958 1767 ἐπιεί-

123 1797 201 1814 κειαν
217 1787 265 1814 καὶ
289 1785 442 1821 πραότητα,
457 1785 521 1811 ὅταν
541 1783 742 1818 φιλοφροσύνην
764 1783 811 1810 καὶ
835 1784 957 1819 ἀγάπην,

123 1832 175 1859 ποῦ
187 1830 284 1866 γένοιτ’
295 1830 327 1856 ἂν
342 1829 456 1864 κώλυμα
471 1828 488 1863 ἡ
504 1827 600 1860 πενία;
615 1827 654 1854 Οὐ
665 1827 720 1862 γὰρ
733 1827 864 1863 ἀργύριον
875 1837 960 1854 κατα-

123 1876 254 1906 ϐαλόντας
273 1873 359 1901 ταῦτα
380 1873 476 1899 ἀνύσαι
501 1871 585 1903 ἔστιν,
602 1870 669 1897 ἀλλά
692 1872 852 1906 προαίρεσιν
876 1872 959 1907 ὀρθὴν

123 1918 352 1954 ἐπιδειξαμένους.
362 1915 546 1951 Ἐλεημοσύνη
565 1914 682 1950 μάλιστά
692 1915 765 1941 ἐστιν
780 1916 796 1950 ὴ
811 1916 959 1950 χρημάτων

122 1963 248 1998 δεομένη,
263 1961 330 1988 ἀλλά
342 1960 390 1987 καὶ
402 1959 470 1994 αὑτὴ
483 1958 526 1985 διὰ
535 1959 585 1993 τῆς
599 1958 694 1989 πενίας
709 1958 838 1993 μειζόνως
849 1959 960 1993 ἐξέλαμ-

122 2007 175 2042 ψε·
201 2006 248 2033 καὶ
271 2006 326 2041 γὰρ
346 2006 362 2040 ὴ
380 2004 442 2035 τοὺς
465 2003 512 2030 δύο
535 2002 645 2033 ὀϐολοὺς
658 2001 732 2038 [241]
755 2002 958 2035 καταϐαλοῦσα,

124 2051 252 2078 ἁπάντων
269 2047 420 2083 ἀνθρώπιον
441 2045 476 2082 ἦν
501 2045 663 2081 πενεστέρα,
679 2046 726 2072 καὶ
749 2045 853 2078 πάντας
877 2046 960 2082 ὑπερ-

123 2094 259 2130 ηκόντισε.
274 2093 320 2126 Μὴ
337 2091 427 2118 τοίνυν
445 2090 517 2126 μέγα
531 2098 558 2116 τι
571 2089 727 2125 νομίζωμεν
744 2088 813 2116 εἶναι
833 2089 958 2122 πλοῦτον,

126 2137 193 2172 μηδέ
208 2135 295 2171 πηλοῦ
311 2134 432 2169 βελτίονα
451 2131 521 2159 εἶναι
545 2132 591 2159 τὸν
615 2132 715 2168 χρυσὸν
739 2131 925 2168 λογιζώμεθα·
941 2135 958 2168 ὴ

123 2181 179 2216 γὰρ
192 2180 258 2216 τιμὴ
273 2179 323 2214 τῆς
338 2178 403 2213 ὖλης
416 2177 466 2203 οὑκ
481 2176 536 2203 ἀπὸ
555 2178 605 2211 τῆς
625 2175 741 2211 φύσεως,
765 2176 822 2203 ἀλλ’
835 2177 890 2204 ἀπὸ
910 2177 960 2213 τῆς

124 2224 261 2260 ἡμετέρας
277 2222 394 2253 διανοίας
407 2222 491 2248 ἐστίν,
508 2221 540 2247 El
556 2220 610 2256 γάρ
626 2229 667 2252 τις
680 2220 801 2255 ἀκριϐῶς
812 2219 958 2253 ἐξετάσειε,

124 2266 192 2292 πολὺ
208 2265 255 2291 τοῦ
270 2263 370 2300 χρυσοῦ
386 2263 494 2298 σίδηρος
516 2262 727 2297 ἀναγκαιότερος
737 2270 743 2277 ’
760 2263 775 2289 6
790 2262 839 2298 μὲν
853 2263 907 2299 γὰρ
920 2264 960 2295 εἰς

124 2310 170 2337 τὸν
197 2309 253 2344 βίον
280 2307 408 2343 οὐδεμίαν
428 2307 534 2341 εἰσάγει
549 2306 654 2341 χρείαν,
669 2304 747 2338 οὗτος
770 2306 798 2332 δὲ
825 2306 855 2333 τὸ
881 2307 959 2334 πλέον

124 2354 191 2389 ἡμῖν
203 2351 388 2379 κατεσκεύασε
399 2350 450 2386 τῆς
461 2350 555 2386 χρείας
569 2350 679 2385 μυρίαις
690 2350 798 2384 τέχναις
813 2350 961 2386 ὑπηρετού-

127 2405 218 2432 μενος.
236 2396 290 2422 Καὶ
304 2395 329 2421 τί
341 2395 413 2429 λέγω
429 2393 530 2430 χρυσοῦ
546 2394 594 2420 καὶ
606 2393 716 2429 σιδήρου
729 2393 892 2430 σύγκρισιν;
906 2395 960 2422 τῶν

125 2439 180 2475 γὰρ
203 2437 354 2465 πολυτελῶν
376 2437 457 2464 λίθων
480 2436 688 2471 ἀναγκαιότεροι
700 2436 724 2462 οί
739 2436 809 2464 λίθοι
824 2434 913 2464 οὗτοι·
931 2437 961 2470 ἐξ

126 2483 237 2509 ἐκείνων
254 2481 302 2516 μὲν
316 2481 370 2516 γὰρ
387 2479 464 2506 οὐδὲν
480 2479 513 2506 ἀν
528 2479 632 2513 γένοιτο
645 2479 772 2515 χρηστὸν,
789 2480 842 2506 ἀπὺ
858 2480 886 2507 δέ
899 2481 960 2507 τού-

126 2534 180 2553 των
196 2526 279 2553 οίκίαι
294 2533 324 2551 τε
340 2524 386 2551 καὶ
401 2523 479 2558 τείχη
503 2524 548 2550 καὶ
565 2523 655 2555 πόλεις
672 2523 800 2559 ἔστησαν.
819 2525 855 2551 Σὺ
869 2524 897 2551 δέ
914 2534 960 2560 μοι

125 2570 223 2603 δεῖξον,
239 2570 266 2596 τί
286 2569 317 2596 τὸ
342 2569 437 2604 κέρδος
463 2567 517 2594 ἀπὸ
538 2567 592 2594 τῶν
619 2568 799 2604 μαργαριτῶν
813 2569 913 2603 γένοιτ’
927 2570 960 2596 ἂν

125 2615 238 2646 τούτων,
253 2614 351 2650 μᾶλλον
365 2613 393 2640 δὲ
405 2613 480 2640 ποῖον
491 2612 540 2638 οὐκ
552 2611 585 2638 ἂν
596 2612 700 2646 γένοιτο
712 2612 824 2647 βλάϐος;
842 2614 896 2640 Καὶ
907 2614 960 2650 γὰρ

127 2660 171 2686 ἵνα
190 2659 222 2685 σὺ
239 2658 338 2684 κόκκον
352 2657 401 2684 ἐνα
423 2656 552 2692 φορέσῃς,
571 2655 662 2691 μυρίοι
684 2655 723 2692 τῷ
748 2655 820 2692 λιμῷ
845 2657 960 2692 πένητες

126 2705 270 2739 ἄγχονται·
287 2703 368 2733 ποίας
380 2699 426 2728 οὖν
447 2700 595 2734 ἀπολογίας
615 2699 718 2736 τεύξῃ;
742 2700 816 2733 τίνος
837 2701 960 2736 συγγνώ-

128 2753 198 2780 PJK;
230 2763 232 2766 -

161 2790 255 2816 Βούλει
269 2789 405 2825 κοσμῆσαι
417 2788 447 2816 τὺ
461 2787 620 2824 πρόσωπον;
636 2787 674 2823 μὴ
690 2788 882 2823 μαργαρίταις,
893 2788 961 2816 ἀλλὰ

129 2833 286 2870 σωφροσύνῃ
307 2835 353 2861 καὶ
376 2833 539 2869 σεμνότητι·
564 2831 635 2858 οὕτω
659 2832 836 2866 χαριεστέραν
865 2832 960 2867 δψεται

159 2903 171 2917 ³
181 2902 228 2926 Alii
241 2902 380 2932 χαλινῶσαι.

504 148 535 176 S.
555 146 698 176 JOANMS
718 144 961 175 CHRYSOSTOMI
978 144 1139 173 ARCIHEP.
1160 145 1436 174 CONSTANTINOP.

1795 148 1849 176 938

1009 203 1057 236 τὴν
1074 203 1134 237 ἃψιν
1146 205 1160 230 ό
1176 204 1254 239 ἀνήρ.
1265 204 1383 235 Ἐκεῖνος
1401 204 1450 239 μέν
1466 203 1521 239 γὰρ
1536 205 1550 231 ὁ
1562 204 1662 240 κόσμος
1678 205 1726 232 καὶ
1743 206 1784 238 είς
1794 204 1846 240 ζη-

1009 246 1137 278 λοτυπίας
1159 247 1275 282 ὑποψίαν
1298 247 1443 283 ἐμϐάλλειν
1457 247 1552 274 εἴωθεν
1565 248 1613 275 καὶ
1628 249 1668 280 είς
1680 249 1782 285 ἔχθρας
1798 251 1849 277 καὶ

1008 290 1174 325 φιλονεικίας
1190 292 1236 318 καὶ
1255 291 1345 327 μάχας
1355 299 1363 308 ·
1378 292 1456 319 οὐδὲν
1470 291 1525 328 γὰρ
1537 292 1644 330 ὅψεωςῇ
1659 293 1849 329 ὑποτπευομέ-

1008 343 1057 370 νης
1074 335 1251 371 ἀηδέστερον·
1266 337 1281 363 6
1293 336 1322 362 δέ
1338 337 1387 372 τῆς
1403 336 1586 372 ἐλεημοσύνης
1601 337 1648 363 καὶ
1667 338 1849 372 σωφροσύνης

1008 379 1110 414 κόσμος
1133 380 1222 407 πᾶσαν
1238 381 1287 416 μὲν
1301 380 1428 407 ἐκϐάλλει
1444 381 1565 416 πονηρὰν
1588 382 1726 412 ὑπόνοιαν,
1745 383 1849 413 παντὸς

1008 423 1036 449 δέ
1049 422 1149 458 δεσμοῦ
1164 424 1340 460 σφοδρότερον
1354 425 1535 452 ἐπισπάσεται
1546 425 1592 452 τὸν
1602 425 1779 453 σύνοικον.οὺ
1791 427 1848 462 γὰρ

1009 466 1079 494 οὕτω
1098 467 1213 500 κάλλους
1234 467 1314 503 φύσις
1331 468 1469 504 εὔμορφον
1489 470 1561 496 ποιεῖ
1573 469 1695 504 γίνεσθαι
1708 470 1757 505 τὴν
1772 470 1846 505 δψιν,

1009 510 1046 543 ὡς
1059 512 1075 546 ἡ
1090 510 1137 538 τοῦ
1153 511 1320 548 θεωροῦντος
1332 512 1417 548 αὐτὴν
1431 512 1555 545 διάθεσις
1567 521 1574 528 ·
1588 513 1707 540 διάθεσιν
1719 514 1748 540 δὲ
1767 515 1848 541 οὐδὲν

1008 555 1104 593 ούτως,
1116 556 1154 587 ώς
1170 556 1329 592 σωφροσύνη
1342 557 1389 583 καὶ
1405 557 1539 593 σεμνότης
1554 559 1641 584 ποιεῖν
1654 558 1847 586 εἴωθεν.”Ωστε

1009 600 1059 628 κᾶν
1076 599 1239 638 εὔμορφος
1250 610 1304 633 τις,
1316 602 1444 637 ἀπεχθῶς
1455 603 1483 629 δὲ
1496 602 1565 638 πρὸς
1580 603 1665 638 αὐτὴν
1676 605 1689 630 6
1700 604 1772 639 ἀνὴρ
1784 604 1846 640 ἔχῃ,

1009 646 1115 673 πάντων
1132 647 1296 683 αἰσχροτέρα
1309 647 1382 682 αὐτῷ
1399 648 1521 682 φανεῖται
1530 657 1537 663 ·
1553 648 1604 675 κᾶν
1621 648 1658 684 μὴ
1670 649 1739 684 τύχῃ
1752 658 1794 680 τις
1803 649 1848 675 εὑ-

1009 691 1118 726 πρεπὴς
1136 689 1214 723 οὖσα,
1227 692 1314 727 ἡδέως
1327 692 1355 719 δὲ
1371 691 1438 727 πρὸς
1454 691 1539 727 αὐτὴν
1551 693 1565 718 ό
1577 692 1648 728 ἀνὴρ
1661 692 1720 729 ἔχῃ,
1734 693 1846 720 πάντων

1008 734 1196 770 εὐμορφοτέρα
1219 735 1294 770 αὐτῷ
1310 737 1450 769 φανεῖταισ
1466 735 1496 762 οὐ
1511 735 1567 770 γὰρ
1588 736 1618 761 ἐν
1637 738 1670 772 τῇ
1693 736 1774 771 φύσει
1789 736 1847 763 τῶν

1007 779 1163 814 ὁρωμένων,
1180 779 1237 805 ἀλλ’
1249 781 1277 805 ἐν
1291 780 1323 814 τῇ
1347 779 1465 806 διαθέσει
1487 779 1542 805 τῶν
1563 779 1688 815 ὁρώντων
1711 781 1740 806 αἱ
1759 780 1846 815 ψῆφοι

1009 823 1138 857 γίνονται.
1157 822 1332 857 Κριλλώπισον
1347 823 1435 849 τοίνυν
1450 823 1500 858 τὴν
1516 823 1576 858 ὄψιν
1592 824 1764 860 σωφροσύνῃ,
1779 833 1847 859 σεμ-

1009 868 1110 902 νότητι,
1126 866 1306 902 ἐλεημοσύνη,
1319 866 1519 902 φιλανθρωπίᾳ,
1533 868 1640 905 ἀγάπῃ,
1654 870 1686 904 τῇ
1710 870 1776 905 περὶ
1798 869 1847 896 τῦν

1009 911 1092 947 ἀνδρα
1114 911 1306 947 φιλοφροσύνῃ,
1325 911 1470 947 ἐπιεικείᾳ,
1495 912 1639 947 πραότητι,
1662 912 1826 949 ἀνεξικακίᾳ
1839 922 1845 927 ·

1009 956 1096 983 ταῦτα
1109 956 1159 991 τῆς
1176 955 1277 991 ἀρετῆς
1298 955 1333 982 τὰ
1357 955 1508 991 χρώματα⁸
1525 956 1569 983 διὰ
1582 956 1683 983 τούτων
1700 958 1846 991 ἀγγέλους,

1009 1000 1058 1027 οὐκ
1081 999 1241 1035 ἀνθρώπους
1265 999 1381 1035 ἐραστὰς
1405 999 1555 1036 ἑπισπάσῃ,
1574 1000 1618 1027 διά
1638 1001 1740 1028 τούτων
1763 1003 1847 1029 αὑτὸν

1009 1044 1080 1078 ἐχεις
1104 1044 1148 1070 τον
1164 1044 1230 1070 Θεὸν
1243 1043 1403 1079 ἐπαινέτην”
1421 1044 1485 1070 ὅταν
1504 1044 1533 1070 δὲ
1555 1045 1569 1070 6
1584 1045 1650 1076 Θεὸς
1670 1045 1845 1080 ἀποδέξηται,

1010 1089 1058 1115 καὶ
1080 1089 1125 1115 τὸν
1141 1088 1225 1122 ἀνδρα
1239 1096 1280 1115 σοι
1295 1087 1423 1120 ὑποτάξει
1443 1089 1562 1119 πάντως.
1587 1089 1619 1115 El
1633 1089 1687 1125 γὰρ
1701 1090 1781 1124 σοφία
1799 1091 1847 1117 ἀν.

1009 1133 1119 1168 θρώπου
1144 1132 1256 1166 φωτίζει
1282 1132 1313 1158 τὸ
1344 1132 1500 1167 πρόσωπον,
1527 1132 1614 1168 πολλῷ
1638 1134 1737 1169 μᾶλλον
1760 1135 1846 1170 ἁρετὴ

1008 1178 1135 1213 γυναικὸς
1149 1177 1260 1212 φωτίζει
1271 1177 1320 1213 τὴν
1335 1177 1406 1211 όψιν.
1429 1178 1461 1204 Εί
1477 1177 1505 1203 δὲ
1522 1178 1609 1213 μέγαν
1631 1179 1753 1214 νομίζεις
1775 1178 1847 1207 εἶναι

1007 1223 1102 1249 τοῦτον
1123 1222 1169 1248 τὸν
1190 1221 1302 1256 κόσμον,
1319 1221 1380 1248 εἰπέ
1397 1229 1452 1256 μοι,
1468 1221 1494 1248 τί
1516 1230 1556 1248 σοι
1570 1222 1600 1249 τὸ
1612 1222 1707 1257 ὄφελος
1724 1222 1779 1249 ἀπὸ
1791 1223 1846 1249 τῶν

1010 1266 1188 1303 μαργαριτῶν
1200 1265 1302 1292 τούτων
1314 1266 1342 1292 ὲν
1355 1265 1448 1302 ἐκείνῃ
1463 1267 1496 1302 τῇ
1511 1266 1603 1302 ἡμέρα
1615 1267 1778 1302 γενήσεταις
1791 1268 1846 1294 Καὶ

1008 1311 1034 1338 τί
1050 1312 1102 1347 χρὴ
1119 1311 1209 1344 λέγειν
1229 1309 1280 1345 τὴν
1303 1310 1411 1346 ἡμέραν
1427 1311 1545 1346 ἐκείνην,
1559 1311 1620 1344 ἐξὸν
1644 1312 1691 1338 καὶ
1713 1312 1769 1339 ἀπὸ
1790 1311 1847 1338 τῶν

1009 1356 1151 1391 παρόντων
1164 1354 1251 1382 ταῦτα
1266 1353 1406 1386 ἀποδεῖξαι
1422 1355 1526 1388 πάντα;
1545 1356 1610 1382 Ὂτε
1629 1356 1695 1390 γοῦν
1716 1357 1741 1383 of.
1758 1356 1847 1389 δόξαν·

1008 1409 1053 1431 τες
1068 1401 1108 1431 είς
1122 1399 1167 1426 τὸν
1183 1398 1295 1434 βασιλέα
1307 1398 1458 1434 ὑϐρικέναι,
1475 1399 1517 1430 είς
1532 1399 1563 1426 τὸ
1576 1399 1753 1436 δικαστήριον
1764 1407 1775 1420 ε
1792 1401 1847 1428 εἴλ-

1008 1452 1088 1471 κοντο
1102 1444 1148 1470 καὶ
1160 1444 1223 1479 περὶ
1237 1443 1292 1470 τῶν
1305 1444 1428 1478 ἐσχάτων
1442 1443 1620 1475 ἐκινδύνευον,
1640 1444 1701 1471 τότε
1717 1446 1744 1471 αἱ
1764 1446 1847 1481 μητέ-

1009 1497 1056 1523 ρες
1071 1488 1117 1514 καὶ
1131 1488 1160 1514 αἱ
1174 1488 1302 1521 γυναῖκες
1320 1487 1357 1513 τὰ
1376 1487 1553 1522 περιδέρραια
1572 1490 1619 1514 καὶ¹
1635 1489 1670 1515 τὰ
1684 1489 1784 1524 χρυσία
1800 1491 1847 1517 καὶ

1008 1533 1072 1565 τοὺς
1096 1531 1267 1568 μαργαρίτας
1283 1530 1450 1566 ἀποθέμεναι
1476 1532 1523 1558 καὶ
1545 1532 1592 1558 τὸν
1614 1533 1717 1568 κόσμον
1738 1533 1848 1560 ἅπαντα

1009 1578 1056 1604 καὶ
1080 1577 1115 1603 τὰ
1139 1576 1234 1612 ἱμάτια
1256 1575 1291 1602 τὰ
1317 1576 1416 1610 χρυσᾶ.
1434 1575 1509 1611 λιτὴν
1527 1576 1574 1602 καὶ
1593 1576 1688 1611 εὐτελῆ
1713 1576 1845 1604 λαϐοῦσαι

1007 1621 1120 1656 ἐσθῆτα,
1134 1621 1182 1647 καὶ
1196 1620 1291 1646 σποδὸν
1304 1619 1544 1654 καταπασάμεναι,
1559 1619 1607 1646 καὶ
1622 1620 1675 1656 πρὸ
1686 1621 1741 1647 τῶν
1757 1621 1848 1656 θυρῶν

1007 1665 1055 1692 τοῦ
1075 1664 1250 1699 δικαστηρίου
1274 1663 1488 1698 κυλινδούμεναι,
1504 1664 1576 1690 οὕτω
1598 1665 1662 1696 τοὺς
1686 1665 1846 1697 δικάζοντας

1008 1710 1193 1744 ἐπέκαμπτον.
1210 1709 1241 1734 Εἰ
1253 1708 1280 1734 δέ
1292 1708 1339 1734 ἐπὶ
1351 1708 1405 1734 τῶν
1419 1707 1537 1734 ἐνταῦθα
1552 1708 1734 1744 δικαστηρίων
1750 1710 1785 1736 τὰ
1799 1710 1848 1745 μὲν

1009 1753 1107 1789 χρυσία
1122 1752 1168 1779 καὶ
1180 1753 1205 1778 οἱ
1224 1753 1392 1786 μαργαᾲται
1406 1751 1454 1778 καὶ
1469 1752 1486 1787 ἠ
1500 1752 1608 1787 ποικίλη
1621 1752 1702 1788 ἐσθὴς
1715 1753 1847 1788 ἐπιϐουλὴ

1009 1798 1056 1824 καὶ
1080 1796 1211 1831 προδοσία
1233 1795 1306 1831 [262]
1325 1795 1424 1829 γένοιτ’
1436 1795 1479 1827 ἂν,
1504 1797 1521 1832 ἡ
1545 1796 1574 1823 δὲ
1601 1797 1734 1824 ἐπιείκεια
1758 1797 1806 1824 καὶ
1830 1799 1848 1834 ἡ

1009 1841 1131 1876 πραότης
1146 1840 1193 1866 καὶ⁸
1205 1840 1222 1874 ὴ
1235 1839 1322 1874 τέφρα
1337 1839 1384 1866 καὶ
1394 1839 1428 1865 τὰ
1444 1839 1548 1875 δάκρυα
1561 1841 1608 1867 καὶ
1623 1840 1657 1867 τά
1673 1841 1770 1875 εὖτελῆ
1785 1842 1849 1876 ἱμά-

1008 1893 1053 1910 τια
1075 1883 1174 1920 μᾶλλον
1195 1883 1344 1910 ἐπισπᾶται
1357 1883 1402 1910 τὸν
1418 1883 1558 1919 δικαστὴν,
1573 1884 1663 1919 πολλῷ
1681 1885 1782 1920 μᾶλλον
1801 1886 1848 1912 ἐπὶ

1008 1928 1058 1962 τῆς
1072 1927 1221 1954 ἀδεκάστου
1243 1926 1334 1962 ψήφου
1360 1926 1408 1953 καὶ
1432 1927 1552 1962 φοϐερᾶς
1573 1927 1680 1962 ἐκείνης
1701 1929 1801 1962 γένοιτ’
1814 1928 1849 1956 ἂν

1008 1972 1097 1998 τοῦτο.
1110 1971 1177 1997 Τίνα
1200 1970 1255 2006 γὰρ
1279 1970 1360 2002 ἔξεις,
1385 1971 1445 1997 είπέ
1468 1979 1524 2005 μοι,
1545 1971 1624 2005 λόγον
1649 1972 1747 2003 εἰπεῖν,
1770 1973 1849 1999 ποίαν

1009 2015 1168 2048 ἀπολογίαν,
1184 2015 1247 2041 ὅταν
1263 2015 1277 2040 6
1291 2015 1430 2050 Δεσπότης
1449 2015 1552 2051 ἐγκαλῇ
1566 2023 1607 2041 σοι
1628 2016 1693 2051 περὶ
1709 2015 1764 2042 τῶν
1779 2025 1848 2052 μαρ-

1009 2059 1130 2095 γαριτῶν
1144 2058 1255 2090 τούτων,
1272 2058 1318 2085 καὶ
1334 2059 1396 2090 τοὺς
1411 2059 1529 2093 πένητας
1551 2059 1591 2091 είς
1607 2059 1688 2093 μέσον
1703 2061 1795 2095 ἀγάγῃ
1811 2061 1851 2095 τῷ

1009 2103 1080 2139 λιμῷ
1095 2103 1307 2138 διαφθαρένταςς
1325 2102 1376 2128 Διὰ
1394 2102 1472 2128 τοῦτο
1486 2102 1500 2128 ό
1516 2102 1621 2133 Παῦλος
1638 2102 1732 2137 ἔλεγε·
1750 2104 1799 2138 Μὴ
1815 2105 1850 2132 ἐγ

1009 2148 1190 2182 πλέγμασιν,
1199 2146 1218 2180 ἢ
1235 2147 1359 2181 χρυσίῳ,
1369 2146 1389 2180 ἢ
1398 2147 1602 2181 μαργαρίταις,
1614 2147 1632 2181 ἢ
1643 2147 1790 2183 Ιματισμῷ
1800 2155 1851 2175 πο.

1009 2191 1139 2220 λυτελεῖ.
1149 2191 1288 2218 Ἐντεῦθεν
1302 2190 1352 2226 μὲν
1368 2192 1448 2226 γὰρὴ
1463 2191 1592 2226 ἐπιϐουλὴ
1607 2192 1705 2226 γένοιτ’
1715 2192 1750 2219 ἄν
1761 2201 1767 2208 ·
1783 2193 1807 2219 εί
1822 2193 1850 2220 δὲ

1010 2237 1056 2263 καὶ
1066 2236 1197 2272 διηνεκῶς
1208 2235 1296 2262 αὐτῶν
1307 2235 1522 2271 ἀπολαύσαιμεν,
1530 2236 1598 2263 ἀλλά
1610 2235 1649 2271 τῷ
1663 2236 1773 2272 θανάτῳ
1786 2238 1851 2264 πάν-

1009 2290 1063 2313 τως
1078 2279 1373 2316 ἀποστησόμεθα.⁴Απὸ
1392 2279 1421 2306 δὲ
1435 2280 1534 2314 ἀρετῆς
1551 2280 1684 2314 ἀσφάλεια
1701 2281 1786 2308 πᾶσα.
1802 2282 1851 2308 καὶ

1011 2325 1147 2361 μεταϐολὴ
1154 2326 1202 2352 καὶ
1211 2325 1383 2360 μετάπτωσις
1389 2324 1509 2359 οὐδεμία.
1517 2324 1585 2351 ἀλλά
1592 2325 1639 2351 καὶ
1650 2324 1766 2352 ἐνταῦθα
1774 2326 1792 2361 ἡ
1797 2327 1850 2360 μᾶς

1009 2371 1227 2407 ἀσφαλεστέρους
1252 2371 1334 2402 ποιεῖ,
1356 2370 1405 2397 καὶ
1429 2371 1488 2397 ἐκεῖ
1507 2369 1735 2404 συμμεθίσταται.
1754 2371 1850 2398 Βούλει

1010 2414 1162 2450 κτήσασθαι
1181 2414 1364 2450 μαργαρίτας,
1379 2413 1484 2440 καὶτὸν
1510 2412 1624 2440 πλοῦτον
1646 2413 1741 2440 τοῦτον
1765 2414 1847 2449 μηδὲ-

1011 2467 1076 2485 ποτε
1087 2457 1236 2484 ἀποθέσθαι
1247 2466 1254 2490 ς
1267 2457 1447 2492 περιελομένη
1458 2457 1503 2483 τὸν
1513 2457 1614 2492 κόσμον
1627 2457 1736 2484 ἅπαντα
1749 2458 1790 2490 εἰς
1802 2458 1850 2490 τὰς

1010 2503 1057 2530 τοῦ
1071 2501 1190 2538 Χριστοῦ
1208 2503 1303 2537 χεῖρας
1315 2501 1416 2528 ἀπόθου
1429 2500 1473 2527 διὰ
1493 2500 1549 2527 τῶν
1572 2501 1696 2536 πενήτων
1709 2509 1716 2516 ·
1744 2502 1849 2534 ἐκεῖνος

1011 2555 1052 2574 σοι
1070 2546 1183 2582 φυλάξει
1195 2546 1241 2572 τὸν
1253 2545 1366 2572 πλοῦτον
1382 2544 1500 2577 ἅπαντα,
1519 2545 1629 2572 ἐπειδὰν
1642 2546 1783 2581 ἀναστήσῃ
1802 2554 1848 2572 σου

1009 2591 1040 2618 τὸ
1056 2591 1135 2627 σῶμα
1154 2591 1223 2626 μετὰ
1244 2590 1346 2624 πολλῆς
1357 2590 1408 2625 τῆς
1418 2589 1610 2625 λαμπρότητος
1621 2598 1628 2605 θ
1643 2590 1704 2616 τότε
1726 2599 1768 2617 σοι
1791 2590 1850 2625 βελ-

1009 2635 1085 2663 τίονα
1099 2634 1242 2670 περιθήσει
1258 2633 1373 2661 πλοῦτον
1396 2634 1443 2660 καὶ
1465 2633 1566 2669 κόσμον
1585 2634 1706 2668 μείζονα,
1723 2634 1763 2666 ὡς
1786 2635 1800 2662 δ
1817 2643 1849 2670 γε

1010 2679 1107 2716 παρὼν
1129 2675 1206 2711 οὗτος
1221 2678 1332 2713 εὐτελὴς
1352 2678 1399 2704 καὶ
1416 2677 1628 2711 καταγέλαστος.
1637 2678 1782 2714 Ἐννόησον
1803 2677 1850 2706 οῦν

1010 2725 1081 2752 τίσιν
1104 2724 1232 2759 ἀρέσκειν
1247 2723 1345 2758 βούλει,
1364 2722 1411 2748 καὶ
1423 2721 1467 2748 διὰ
1480 2721 1554 2753 τίνας
1568 2721 1723 2757 περίκεισαι
1744 2722 1791 2749 τὸν
1805 2723 1850 2749 κός

1011 2777 1080 2804 σμον
1091 2767 1196 2800 τοῦτον,
1211 2767 1254 2794 ἵνα
1266 2767 1280 2793 ό
1292 2766 1508 2801 σχοινοστρόφος,
1525 2765 1572 2792 καὶ
1583 2767 1597 2792 6
1611 2765 1792 2801 χαλκοτύπος.
1806 2769 1852 2794 καὶ

1011 2813 1025 2840 6
1039 2813 1169 2848 ἀγοραῖος
1188 2811 1287 2842 ἰδόντες
1303 2809 1480 2844 θαυμάσωσιν
1492 2817 1499 2826 '
1520 2808 1580 2837 εἶτα
1594 2810 1645 2836 οὐκ
1657 2809 1777 2847 αἰσχύνῃ
1791 2811 1849 2838 οὺδέ

1043 2866 1058 2886 ι
1071 2866 1172 2896 Aliquot
1187 2870 1244 2896 mss:
1257 2863 1298 2887 καὶ
1309 2863 1386 2896 μάχας
1396 2862 1482 2896 ἐνάγει,
1493 2862 1561 2896 οὐδὲν
1571 2862 1598 2886 δὲ
1611 2862 1697 2896 δψεως.

1045 2899 1056 2913 ε
1070 2893 1187 2928 Δηῖπρὸς
1196 2896 1223 2919 τὸ
1233 2895 1392 2925 δικαστήριον.
1407 2894 1469 2918 Infra
1478 2893 1509 2918 al.
1521 2893 1664 2925 μαργαρίτας
1674 2895 1847 2924 ἁποτιθέμεναι.
