1983 3125
156 192 205 220 237

152 257 205 277 cata
225 249 349 282 dimittat.
367 257 461 278 verum
475 254 503 278 et
521 249 590 285 quod
613 249 669 285 ipsa
692 258 745 277 non
766 250 867 278 revelet
889 257 939 278 nec

152 297 287 324 manifeSIa
304 297 397 329 faciat,
413 305 464 325 nec
485 297 642 325 accedentes
655 301 733 332 cogat
754 297 779 324 in
794 296 883 324 medio
895 304 941 332 pa-

151 348 213 370 trata
223 342 340 376 edicere,
353 343 401 370 scd
414 343 464 371 sibi
480 343 528 370 soli
540 343 670 370 rationem
684 342 796 370 reddere
809 342 900 377 jubeat
914 347 941 370 et

149 388 196 415 sibi
208 389 341 416 conﬁteri.
358 389 464 417 Etenim
475 397 508 417 ex
519 389 690 417 szecularibus
701 389 836 424 judicibus
849 389 870 417 si
881 389 940 424 quis

148 433 224 461 alicui
237 440 378 469 captorum
392 435 524 462 latronum
534 435 576 463 vel
587 443 679 463 eorum
689 435 734 471 qui
745 435 865 470 sepulcra
875 435 941 462 eﬂ'o—

147 479 220 506 diuut
232 480 345 512 diceret,
364 485 394 507 ut
407 485 515 516 peccata
529 482 712 514 conliteretur,
727 489 781 516 quo
795 481 846 509 sibi
861 488 939 516 ptrna

147 525 333 558 dimitteretur,
347 533 408 553 cum
422 527 495 553 omni
510 531 583 554 certe
600 527 740 554 alacritate
755 527 806 554 hoc
819 527 940 561 suscipe-

148 575 221 604 rent,
236 571 333 599 salutis
353 572 498 608 cupiditate
513 573 641 607 pudorem
664 577 876 600 contemnentes.
891 572 939 599 llic

146 624 206 644 vero
227 617 295 645 nihil
318 618 372 646 tale
393 622 444 652 est,
461 626 550 645 verum
570 623 598 646 et
616 623 725 653 peccata
749 618 868 653 dimittit,
889 625 939 645 nec

143 663 212 697 cogit
235 663 416 697 praesentibus
437 664 595 699 quibusdam
618 664 674 699 ipsa
703 664 835 691 enuntiari
857 673 864 691 :
890 663 938 690 sed

144 715 221 736 unum
235 709 325 737 solum
339 710 436 745 exigit,
452 715 480 738 ut
501 711 558 745 ipse
581 711 739 738 remissione
754 711 855 744 fruens,
876 710 938 738 doni

144 754 350 788 magnitudinem
366 755 460 783 discat.
475 755 615 788 Quomodo
626 756 706 791 igitur
715 763 768 783 non
782 755 936 788 absurdum,

143 804 170 826 ut
183 800 208 827 in
223 801 322 835 quibus
336 809 386 828 nos
397 802 454 836 ipse
467 802 597 829 beneficio
607 802 699 834 afllcit,
714 802 773 829 solo
786 801 938 829 testimonio

143 851 229 874 nostro
241 852 386 875 contentus
397 849 447 881 sit;
459 855 508 875 nos
521 853 609 875 autem
624 848 650 875 in
664 848 759 884 quibus
770 849 856 883 ipsum
870 848 937 875 coli—

141 899 206 924 mus,
220 893 288 920 alios
300 898 385 921 testes
396 902 547 929 quaeramus
560 898 586 921 et
597 894 629 921 ad
640 894 846 921 ostentationem
857 893 936 928 quid-

142 946 215 972 quam
231 938 383 966 faciamus?
399 939 483 973 Ipsius
497 939 576 974 igitur
590 939 780 974 benignitatem
795 939 935 970 admirati,

142 987 226 1010 nostra
242 984 293 1018 ipsi
309 984 502 1017 exhibeamus,
516 989 543 1012 et
557 992 612 1019 pra:
626 985 750 1012 omnibus
767 985 864 1019 lingua:
884 985 935 1011 im-

142 1035 226 1064 petum
241 1030 423 1065 refrenemus,
439 1036 511 1059 etne
524 1039 631 1067 semper
648 1033 795 1067 loquamur.
812 1032 854 1058 Ex
868 1032 935 1058 mul-

141 1077 239 1109 tiloquio
253 1086 367 1112 namque
380 1087 430 1105 non
444 1078 695 1114 elfugies'peccalum
710 1078 800 1115 (Prov.
815 1079 858 1106 I0.
877 1077 933 1113 19).

140 1124 165 1150 Si
181 1132 275 1158 nempe
287 1124 432 1152 dicendum
446 1125 511 1153 utile
525 1125 587 1160 quid
601 1125 693 1158 habes,
716 1125 789 1159 aperi
810 1125 878 1152 labia
892 1133 898 1151 :
912 1125 935 1152 si

140 1170 198 1196 nihil
214 1170 249 1196 sit
263 1171 464 1203 necessarium,
481 1175 537 1198 tace
550 1180 556 1198 :
569 1171 663 1198 melius
673 1175 714 1198 est
724 1170 806 1198 enim.

173 1215 269 1250 Ubique
286 1216 357 1243 Deus
379 1216 429 1243 coli
450 1221 542 1251 potest.
555 1232 590 1236 —
604 1216 710 1244 Artifex
734 1217 864 1244 manualis
887 1216 935 1244 es?

138 1261 231 1289 sedens
245 1263 354 1297 psalle;
371 1263 418 1290 sed
443 1271 496 1290 non
519 1263 558 1290 vis
580 1271 627 1290 ore
639 1263 771 1298 psallere?
784 1263 836 1290 hoc
855 1263 936 1291 facias

140 1312 226 1336 mente
243 1317 250 1334 :
267 1317 385 1343 magnus
410 1309 608 1337 contubernalis
631 1310 758 1345 psalmus.
779 1310 850 1337 Nihil
873 1309 936 1337 hinc

137 1363 214 1390 grave
227 1356 390 1388 sustinebis,
405 1356 451 1384 sed
465 1361 600 1391 tamquam
615 1356 641 1383 in
656 1356 819 1384 monasterio
833 1356 859 1383 in
873 1355 933 1383 0Πί-

137 1401 192 1428 cina
207 1402 306 1430 sedere
318 1403 437 1437 poteris:
454 1410 506 1430 non
521 1402 592 1430 enim
607 1403 727 1430 locorum
742 1403 933 1436 commoditas,

137 1447 181 1474 Sed
196 1454 306 1474 morum
324 1447 443 1482 probitas
460 1448 576 1482 quietem
591 1447 668 1475 nobis
683 1447 821 1483 prmbcbit.
837 1448 935 1476 Paulus

136 1492 202 1519 enim
217 1493 243 1520 in
257 1493 370 1520 oflicina
391 1498 476 1520 artem
491 1501 566 1521 suam
585 1497 721 1526 tractans,
736 1493 803 1521 nihil
818 1494 851 1521 ad
871 1502 934 1529 pro-
958 1508 963 1514 η

137 1539 217 1573 priam
225 1540 358 1567 virtutem
371 1540 450 1567 laesus
460 1544 502 1568 est
512 1540 581 1574 (Act.
597 1540 641 1568 18.
652 1540 692 1575 3).
705 1540 743 1568 Ne
753 1540 826 1568 dicas
836 1540 915 1576 igitur
926 1550 932 1568 :

135 1585 273 1619 Quomodo
290 1590 396 1620 potero,
413 1593 474 1613 cum
487 1586 582 1613 artifex
602 1591 629 1614 et
650 1593 752 1621 pauper
768 1587 830 1619 sim,
845 1586 934 1621 philo-

138 1631 265 1665 wphari?
292 1631 441 1665 Propterea
463 1639 559 1666 nempe
582 1632 666 1666 magis
688 1632 789 1667 poteris
814 1632 933 1667 philoso-

134 1676 216 1710 phari.
232 1676 303 1704 Nam
327 1681 471 1711 paupertas
495 1677 610 1710 divitiis,
624 1681 652 1704 et
673 1677 808 1713 negotium
830 1678 884 1705 otio
901 1678 934 1705 ad

134 1722 258 1756 pietatem
281 1722 364 1750 nobis
381 1727 424 1750 est
443 1723 620 1758 Opportunius
635 1731 641 1749 :
656 1723 753 1758 quippe
768 1731 828 1751 cum
849 1728 877 1751 et
890 1724 932 1751 di-

135 1768 201 1794 vitiae
221 1776 277 1795 non
297 1768 502 1796 advertentibus
527 1768 746 1803 impedimentum
770 1770 844 1797 ﬁant.
865 1769 933 1798 Cum

133 1815 200 1840 enim
215 1814 285 1841 iram
307 1814 443 1841 dimittere
457 1819 594 1848 oporteat,
609 1822 670 1842 cum
694 1815 820 1843 invidiam
833 1816 934 1843 exstin-

133 1867 221 1894 guere,
235 1868 302 1888 cum
323 1860 461 1888 remittere
486 1861 621 1894 furorem,
637 1868 696 1888 cum
720 1862 869 1890 orationem
891 1862 934 1889 of-

133 1904 214 1937 ferre,
238 1913 306 1932 cum
331 1905 522 1940 benignitatem
546 1910 574 1933 et
597 1906 844 1940 mansuetudinem,
873 1914 934 1934 cum

134 1951 294 1978 modestiam
309 1956 335 1979 et
351 1952 490 1979 caritatem
503 1951 642 1985 exhibere,
657 1952 701 1980 ubi
722 1958 866 1988 paupertas
885 1953 935 1980 im-

136 1997 322 2031 pedimentum
345 2005 405 2025 esse
423 1997 528 2024 valeat?
541 1997 599 2025 Non
620 1998 691 2025 enim
714 2002 853 2033 argentum
874 2006 935 2027 ero-

133 2048 223 2075 gantes
237 2042 302 2070 haec
316 2046 424 2077 oportet
436 2042 521 2076 obire,
537 2043 584 2070 sed
598 2049 699 2070 rectam
713 2044 871 2072 exhibentes
884 2052 932 2071 vo-

134 2088 278 2116 luntatem.
297 2089 476 2126 Eleemosyna
489 2092 604 2118 maxime
619 2092 739 2126 pecuniis
754 2096 824 2127 eget,
840 2099 933 2120 verum

133 2141 159 2162 et
172 2136 229 2170 ipsa
247 2144 300 2171 per
314 2142 500 2172 paupertatem
516 2138 600 2173 magis
614 2138 722 2173 effulget
739 2148 745 2166 :
761 2139 859 2166 etenim
874 2146 934 2174 quae

133 2180 198 2208 duos
218 2182 321 2209 obolos
344 2183 473 2218 erogavit.
496 2184 614 2211 omnium
629 2184 767 2211 hominum
789 2188 846 2211 erat
867 2192 933 2219 pau-

133 2227 247 2259 perrima
271 2248 280 2261 ,
305 2231 333 2254 et
360 2235 454 2255 omnes
476 2229 611 2263 superavit
632 2228 707 2265 (Luc.
731 2229 776 2256 21.
798 2229 868 2264 2-4).
895 2229 934 2258 Ne

134 2279 263 2307 magnum
290 2273 370 2308 igitur
383 2273 446 2308 quid
467 2274 573 2302 divitias
585 2282 644 2302 esse
664 2280 798 2310 putemus,
814 2283 864 2302 nec
879 2275 934 2303 luto

133 2320 229 2347 melius
242 2328 342 2347 aurum
355 2329 415 2348 esse
430 2322 591 2356 cogitemus;
609 2322 727 2349 materia!
742 2330 857 2357 namque
872 2330 932 2357 pre-

133 2365 197 2392 tium
211 2374 268 2393 non
295 2373 328 2393 ex
342 2371 436 2393 natura
451 2372 491 2394 est
504 2387 512 2400 ,
527 2366 574 2394 sed
588 2374 621 2394 ex
635 2367 761 2402 opinione
780 2373 880 2395 nostra.
905 2367 933 2395 Si

133 2412 192 2446 quis
213 2413 291 2440 enim
314 2412 455 2447 diligenter
474 2413 639 2448 inquireret,
664 2413 747 2441 multo
764 2413 848 2448 magis
868 2421 934 2440 auro

132 2457 234 2485 ferrum
248 2459 432 2485 necessarium
446 2467 454 2485 :
470 2458 535 2486 illud
550 2466 664 2493 namque
675 2459 777 2486 nullum
789 2459 851 2486 vita:
866 2466 933 2485 con-

135 2503 287 2536 fcrtusnm,
304 2504 356 2531 hoc
371 2509 458 2532 autem
480 2505 607 2540 pleraque
627 2506 777 2532 necessaria
799 2505 876 2533 nobis
887 2513 934 2533 ex-

135 2549 218 2585 pedit,
235 2550 387 2578 innumeris
401 2550 502 2578 artibus
516 2551 647 2578 serviens.
672 2551 705 2578 Et
718 2551 781 2586 quid
800 2551 861 2579 dico
875 2552 933 2579 auri

134 2600 161 2622 et
184 2595 250 2623 ferri
275 2597 523 2631 comparationem?
545 2597 572 2624 hi
594 2598 665 2625 enim
685 2599 806 2634 vulgares
832 2599 934 2634 lapides

136 2642 221 2675 magis
235 2642 383 2669 necessarii
405 2647 484 2676 sunt,
507 2651 585 2678 quam
610 2644 718 2678 pretiosi
736 2653 743 2671 :
763 2652 823 2671 nam
837 2652 868 2672 ex
893 2645 933 2672 his

137 2687 201 2714 nihil
219 2688 284 2715 utile
299 2688 357 2715 ﬁeri
378 2693 478 2723 posset,
492 2697 526 2716 ex
541 2689 594 2716 illis
612 2697 676 2718 vero
698 2690 793 2717 domus
807 2695 834 2718 et
848 2691 932 2724 muri,

137 2737 163 2758 et
179 2732 261 2760 nrbes
274 2738 437 2761 constructa:
451 2739 522 2761 sunt.
538 2734 577 2762 Tu
596 2742 659 2762 vero
680 2735 746 2762 mihi
760 2735 913 2763 demonstra
924 2756 932 2768 ,

138 2785 196 2811 qum
216 2778 249 2805 de
272 2779 424 2814 margaritis
444 2779 545 2807 utilitas
568 2780 636 2814 istis,
656 2781 776 2816 quinimo
790 2781 860 2816 quod
879 2788 932 2808 non

139 2822 200 2849 inde
217 2823 344 2850 damnum
361 2824 485 2851 evvniat?
499 2824 604 2852 Etenim
626 2830 654 2852 ut
668 2830 695 2853 tn
716 2826 785 2853 feras
807 2826 932 2854 unionem

139 2876 232 2902 unum,
248 2870 383 2897 innumeri
409 2878 538 2905 pauperes
562 2871 630 2899 fame
653 2877 828 2907 premuntur:
853 2880 932 2908 quam

141 2913 218 2948 igitur
229 2915 423 2949 defensionem,
439 2924 520 2951 quam
533 2917 635 2946 veniam
648 2918 798 2954 assequeris
814 2919 825 2945 ?

699 192 745 220 AD
765 191 1018 221 ILLUMINANDOS
1037 194 1248 224 CATECIIESIS
1265 196 1303 226 11.

1735 199 1787 229 958

1034 250 1112 278 Verus
1125 253 1238 280 mulieris
1251 258 1365 280 ornatus.
1381 268 1417 274 —
1431 253 1477 281 Vis
1490 262 1586 283 ornare
1602 255 1696 284 faciem
1708 258 1720 284 ?
1734 265 1786 285 non

995 298 1145 332 margaritis
1154 306 1232 331 orna,
1245 299 1292 326 sed
1301 299 1431 327 modestia
1446 305 1473 327 et
1484 301 1633 335 honestate,
1647 303 1739 338 sicque
1747 305 1788 331 vir

994 344 1137 378 gratiorem
1161 343 1256 371 faciem
1281 349 1381 372 cernet.
1406 345 1452 373 Ille
1469 354 1566 382 nempe
1590 352 1700 375 ornatus
1712 353 1740 376 et
1760 349 1787 376 in

994 389 1133 425 zelotypixe
1144 389 1323 424 suspicionem
1343 390 1453 424 injicere
1470 398 1541 426 saepe
1554 393 1622 420 solet
1634 397 1661 420 et
1674 392 1790 421 inimici-

994 433 1044 460 tias
1058 439 1085 460 et
1106 435 1291 462 contentiones
1304 439 1330 462 et
1349 442 1450 470 pugnas
1464 444 1471 462 :
1484 436 1521 462 nil
1546 442 1634 464 autem
1657 438 1787 465 vultusu-

993 484 1085 514 specto
1099 480 1217 514 turpius;
1229 481 1407 515 eleemosyna:
1418 488 1481 508 vero
1494 485 1522 508 et
1533 482 1669 510 modestiae
1677 489 1786 510 ornatus

993 532 1100 553 omnem
1131 525 1240 560 quidem
1263 526 1416 560 improbam
1449 527 1627 562 suspicionem
1660 529 1786 564 expellit,

992 571 1065 598 omni
1080 574 1168 598 autem
1182 571 1289 598 vinculo
1304 572 1404 599 firmius
1418 573 1558 608 conjugem
1572 574 1696 602 conciliat
1711 583 1717 601 :
1732 582 1786 603 non

992 617 1063 644 enim
1084 621 1137 644 tam
1152 617 1276 645 decoram
1299 623 1391 645 natura
1412 624 1487 654 parat
1502 619 1608 653 faciem,
1622 628 1701 656 quam
1721 629 1785 656 spe-

992 664 1088 690 ctantis
1113 663 1224 691 allectus
1249 673 1255 691 :
1282 664 1404 692 affectum
1423 674 1487 693 vero
1512 667 1579 694 nihil
1599 667 1638 694 sic
1664 672 1693 694 nt
1727 676 1786 694 mo-

991 709 1076 737 destia
1108 715 1134 737 et
1167 710 1292 737 honestas
1321 712 1463 739 conciliare
1490 713 1568 740 solet.
1601 712 1692 748 Itaque
1725 713 1787 740 licet

992 756 1101 790 pulchra
1125 756 1159 784 sit
1178 757 1284 790 mulier,
1301 758 1342 784 vir
1355 762 1445 785 autem
1467 766 1530 794 erga
1547 759 1632 793 ipsam
1655 759 1725 786 male
1747 759 1788 787 af-

990 801 1076 829 fectus
1092 803 1135 836 sit,
1150 803 1268 830 omnium
1284 803 1334 838 ipsi
1350 804 1502 839 turpissima
1517 804 1668 838 videbitur;
1683 805 1705 832 si
1720 813 1785 833 vero

991 855 1044 876 non
1058 856 1118 876 esse
1138 849 1277 884 pulchram
1298 850 1411 885 aliquam
1426 851 1578 886 contingat,
1590 851 1634 878 illa
1653 856 1751 884 tamen,
1763 853 1786 879 si

990 895 1048 922 viro
1059 902 1108 922 suo
1121 895 1235 930 placeat,
1249 896 1367 923 omnium
1379 896 1428 930 ipsi
1444 897 1622 931 pulcherrima
1637 904 1697 924 esse
1709 897 1784 924 vidc-

989 939 1077 972 bitur;
1093 947 1146 967 non
1158 941 1231 968 enim
1248 941 1274 968 in
1292 948 1404 974 eorum,
1419 949 1477 976 qum
1500 947 1654 975 cernuntur,
1678 946 1784 974 natura,

989 987 1036 1014 sed
1050 987 1076 1014 in
1089 988 1257 1015 cernentium
1274 988 1370 1015 affectu
1382 988 1483 1022 judicia
1506 988 1582 1016 finiit.
1598 989 1720 1023 Speciem
1728 989 1784 1024 'igi-

989 1036 1032 1059 tur
1044 1033 1098 1060 oris
1111 1040 1210 1060 exorna
1224 1033 1365 1066 modestia,
1380 1033 1531 1067 honesmtc,
1543 1035 1724 1070 eleemosyna,
1736 1035 1785 1062 hn-

989 1077 1126 1111 manitate,
1142 1079 1263 1112 caritate,
1281 1086 1344 1114 erga
1359 1079 1446 1106 virum
1460 1080 1614 1110 dilectione.
1627 1085 1784 1108 mansuetu-

989 1123 1062 1156 dine,
1079 1124 1258 1159 benignitate,
1274 1125 1404 1153 malorum
1426 1126 1568 1153 tolerantia
1584 1135 1590 1153 ε
1609 1127 1635 1154 hi
1655 1131 1717 1154 sunt
1730 1127 1783 1153 vir-

989 1169 1053 1196 tutis
1065 1170 1180 1202 colores,
1197 1177 1246 1205 per
1256 1170 1305 1198 hos
1320 1170 1422 1198 allicies
1441 1171 1560 1206 angelos,
1576 1179 1630 1199 non
1644 1172 1764 1200 homines
1774 1194 1782 1205 ,

989 1222 1037 1249 per
1050 1215 1100 1243 hos
1115 1216 1200 1251 ipsum
1217 1216 1328 1245 habebis
1341 1217 1425 1244 Deum
1444 1217 1610 1245 laudatorem
1625 1226 1632 1245 :
1646 1224 1706 1245 cum
1718 1225 1784 1245 vero

989 1261 1060 1289 Deus
1072 1263 1250 1297 acccptaverit
1260 1283 1267 1294 ,
1280 1269 1306 1290 et
1329 1263 1414 1290 virum
1428 1264 1537 1291 omnino
1551 1264 1599 1291 tibi
1616 1264 1739 1299 placabit.
1754 1265 1782 1291 Si

987 1307 1059 1334 enim
1083 1307 1133 1335 viri
1155 1308 1285 1343 Sapientia
1307 1308 1401 1336 faciem
1424 1309 1571 1342 illuminat,
1596 1309 1678 1337 multo
1699 1311 1783 1344 magis

987 1352 1072 1380 virtus
1083 1352 1201 1381 mulieris
1210 1354 1310 1381 vultum
1326 1354 1457 1382 illuminat
1471 1354 1569 1389 (Eccle.
1583 1355 1610 1383 8.
1624 1356 1659 1390 l).
1673 1355 1701 1382 Si
1720 1363 1783 1382 vero

988 1403 1066 1434 putas
1076 1406 1137 1427 esse
1149 1406 1274 1434 magnum
1288 1399 1359 1427 hunc
1370 1405 1503 1432 ornatum,
1519 1400 1562 1428 dic
1571 1400 1645 1433 mihi,
1657 1409 1716 1436 quae
1729 1401 1783 1428 uti-

988 1445 1049 1472 litas
1071 1445 1118 1472 tibi
1133 1445 1160 1472 in
1177 1445 1222 1473 die
1245 1446 1289 1473 illa
1313 1446 1348 1473 de
1372 1446 1526 1481 margaritis
1549 1446 1607 1474 istis
1628 1447 1735 1474 veniet?
1751 1447 1784 1474 Et

988 1491 1053 1526 quid
1073 1498 1140 1526 opus
1155 1491 1228 1519 diem
1251 1492 1324 1520 illam
1338 1499 1552 1520 cenimemorare
1562 1513 1570 1526 ,
1585 1500 1646 1520 cum
1664 1493 1744 1520 liceat
1757 1499 1783 1520 et

987 1544 1019 1564 ex
1036 1537 1212 1572 praesentibus
1226 1537 1283 1565 haec
1297 1538 1387 1565 omnia
1407 1538 1613 1566 demonstrare?
1627 1538 1696 1566 Cum
1710 1539 1782 1566 cnim

987 1583 1017 1616 ii,
1031 1583 1076 1618 qui
1091 1583 1247 1618 Imperatori
1262 1584 1452 1612 contumeliam
1468 1584 1632 1617 intulerant,
1647 1585 1680 1612 ad
1698 1584 1782 1612 tribu-

988 1629 1032 1656 nal
1047 1629 1221 1657 trahebantur
1234 1635 1261 1657 et
1277 1630 1311 1658 de
1327 1632 1456 1658 extremis
1470 1630 1703 1666 periclitabantur,
1721 1635 1783 1658 tunc

987 1680 1088 1703 matres
1100 1680 1128 1703 et
1149 1684 1246 1704 uxores
1267 1676 1377 1703 monilia
1389 1684 1469 1704 aurea
1487 1681 1514 1703 et
1527 1677 1683 1711 margaritas
1699 1676 1783 1711 depo-

988 1725 1083 1748 nentes
1105 1725 1346 1757 ornamentumque
1363 1729 1443 1749 omne
1465 1726 1493 1749 et
1511 1722 1669 1749 vestimenta
1690 1729 1782 1753 aurea,

988 1769 1066 1796 vilem
1084 1773 1111 1796 et
1126 1768 1256 1803 abjectam
1271 1772 1373 1796 vestem
1395 1772 1542 1801 sumentes,
1555 1773 1583 1796 et
1603 1768 1721 1795 cinerem
1740 1767 1782 1795 in-

988 1819 1145 1850 spergentes
1158 1814 1220 1847 sibi,
1236 1819 1263 1842 et
1278 1819 1341 1842 ante
1353 1815 1506 1849 forijanuas
1521 1822 1551 1842 se
1564 1815 1730 1847 volutantes,
1744 1814 1783 1841 sic

986 1860 1089 1896 judiccs
1099 1861 1256 1888 exorabant.
1270 1861 1299 1889 Si
1313 1865 1400 1888 autem
1412 1861 1438 1888 in
1453 1861 1494 1888 his
1505 1861 1614 1896 judiciis
1629 1867 1709 1888 aurea
1722 1860 1782 1895 qui-

987 1906 1049 1934 dem
1072 1906 1181 1933 monilia
1205 1911 1233 1934 et
1256 1907 1370 1934 uniones
1384 1910 1411 1934 et
1429 1906 1502 1933 varia
1525 1906 1608 1933 vetitis
1633 1904 1736 1932 insidiae
1756 1909 1783 1932 et

988 1953 1103 1988 proditio
1114 1952 1221 1985 fuerint,
1231 1952 1408 1980 mansuetudo
1419 1957 1520 1982 autem.
1532 1952 1693 1986 benignitas,
1703 1951 1781 1987 cinis,

988 1999 1113 2034 Iacrym:e
1136 2003 1163 2026 et
1178 1999 1240 2026 vilia
1262 2000 1422 2025 vestimenta
1445 1999 1529 2032 magis
1550 1997 1668 2032 judicem
1693 1997 1784 2024 conci-

987 2043 1054 2071 liant
1068 2052 1074 2070 :
1088 2044 1176 2071 multo
1196 2044 1281 2079 magis
1296 2045 1321 2070 in
1334 2043 1435 2078 judicio
1459 2043 1505 2070 illo
1519 2043 1664 2070 inevitabili
1683 2047 1711 2069 et
1726 2047 1781 2069 tre-

987 2089 1086 2117 mendo
1113 2090 1163 2117 hoc
1191 2090 1247 2117 fiet.
1270 2089 1354 2123 Quam
1381 2090 1453 2117 enim
1480 2089 1612 2116 rationem
1641 2088 1781 2116 dicendam

988 2135 1116 2163 habebis?
1130 2144 1219 2170 quam,
1241 2135 1283 2163 die
1305 2135 1378 2167 mihi,
1402 2135 1601 2162 excusationem
1612 2155 1619 2166 ,
1633 2134 1741 2169 quando
1753 2139 1780 2161 te

988 2182 1117 2209 Dominus
1141 2181 1276 2208 accusabit
1297 2181 1330 2208 de
1346 2181 1496 2216 margaritis
1515 2181 1583 2213 istis,
1600 2184 1629 2208 et
1649 2186 1780 2214 pauperes

989 2227 1058 2255 fame
1082 2227 1200 2262 perditos
1225 2227 1250 2254 in
1274 2227 1390 2254 medium
1411 2226 1491 2261 aget?
1513 2227 1659 2260 Propterea
1682 2225 1782 2252 Paulus

987 2273 1092 2300 (licebat
1108 2282 1113 2300 ε
1131 2272 1192 2300 Νοη
1217 2273 1243 2300 in
1258 2273 1330 2300 tortis
1351 2272 1461 2298 crinibus
1471 2293 1477 2303 ,
1492 2271 1530 2298 vel
1544 2280 1617 2303 auro,
1631 2271 1669 2297 vel
1680 2279 1781 2306 marga-

987 2320 1052 2352 ritis,
1066 2319 1104 2346 vel
1115 2319 1258 2346 vestimento
1269 2319 1378 2354 pretioso
1387 2319 1425 2353 (I.
1438 2318 1503 2344 Tim.
1515 2318 1541 2344 2.
1551 2317 1590 2351 9).
1604 2317 1671 2344 Hinc
1685 2325 1782 2351 nempe

987 2368 1123 2393 struentur
1143 2364 1246 2392 insidia:
1273 2373 1280 2391 :
1307 2364 1357 2391 etsi
1379 2368 1468 2391 autem
1489 2363 1588 2398 jngiter
1614 2362 1678 2398 ipsis
1707 2361 1781 2389 frua-

988 2419 1058 2443 mur,
1073 2415 1162 2438 tamen
1176 2411 1286 2438 omnino
1308 2418 1355 2445 per
1377 2414 1489 2437 mortem
1505 2410 1538 2437 ab
1553 2409 1618 2444 ipsis
1640 2409 1780 2443 separabi-

987 2464 1057 2484 mur.
1071 2456 1110 2483 Ex
1119 2456 1218 2483 virtute
1231 2463 1294 2483 vero
1307 2455 1437 2483 securitas
1449 2455 1547 2486 omnis,
1561 2458 1589 2481 et
1602 2455 1714 2481 mutatio
1728 2454 1781 2480 rui-

989 2510 1056 2530 nave
1069 2502 1152 2534 nulla,
1167 2509 1260 2529 verum
1280 2506 1307 2529 et
1327 2501 1371 2528 hic
1393 2509 1441 2528 nos
1462 2509 1493 2528 ea
1508 2499 1596 2528 reddit
1616 2500 1737 2532 tutiores,
1756 2504 1783 2526 et

987 2548 1051 2576 illuc
1061 2548 1211 2575 comitatur.
1235 2547 1281 2575 Vis
1300 2547 1456 2582 margaritas
1477 2546 1629 2581 possidere.
1646 2553 1695 2573 nec
1715 2553 1777 2572 um-

987 2602 1066 2630 quam
1078 2594 1125 2622 has
1137 2594 1244 2621 divitias
1265 2593 1417 2629 deponere?
1431 2598 1553 2620 ornatum
1577 2599 1684 2619 omnem
1705 2591 1779 2618 anfe-

987 2649 1049 2669 rens
1063 2641 1089 2667 in
1103 2641 1202 2668 Christi
1217 2647 1311 2667 manus
1327 2647 1375 2674 per
1389 2646 1519 2674 pauperes
1530 2645 1631 2673 repone
1648 2647 1653 2665 :
1669 2637 1714 2664 ille
1729 2637 1777 2664 tibi

986 2692 1096 2714 cunctas
1118 2685 1251 2713 custodiet
1274 2685 1396 2718 divitias,
1421 2688 1561 2719 postquam
1585 2690 1682 2718 corpus
1703 2686 1778 2710 tuum

987 2733 1070 2760 multa
1085 2740 1146 2760 cum
1160 2732 1281 2759 claritate
1293 2731 1503 2764 resuscitaverit,
1520 2735 1582 2758 tunc
1593 2730 1638 2758 tibi
1654 2730 1779 2757 meliores

987 2779 1171 2813 circumponet
1193 2777 1299 2805 divitias
1320 2782 1349 2806 et
1369 2781 1490 2804 ornatum
1513 2776 1658 2811 majorem,
1679 2776 1784 2816 quippe,

986 2831 1048 2852 cum
1063 2825 1098 2852 sit
1112 2824 1156 2852 hic
1168 2831 1286 2860 praesens
1298 2824 1358 2852 vilis
1371 2828 1398 2852 et
1408 2823 1545 2851 ridiculus.
1559 2822 1650 2857 Cogita
1663 2828 1779 2857 namque

988 2871 1085 2906 quibus
1099 2871 1138 2898 vis
1153 2871 1270 2906 placere,
1285 2875 1312 2898 et
1325 2875 1434 2905 propter
1455 2876 1521 2904 quos
1540 2868 1610 2895 hunc
1630 2869 1717 2895 imlnis
1730 2875 1777 2893 or-

987 2921 1090 2951 natum,
1104 2921 1133 2944 ut
1147 2916 1268 2944 funarius
1280 2922 1306 2944 ct
1325 2916 1434 2944 aerarius
1447 2919 1475 2943 ct
1493 2915 1598 2942 institor
1612 2914 1775 2941 admirentur
