1983 3125
193 185 247 212 239

192 245 339 277 compleat:
351 248 455 269 :annon
466 240 670 268 confunderiset
679 241 813 269 erubescis
828 245 854 268 te
872 239 925 267 illis
943 247 990 267 os-

194 295 312 321 tcutans,
327 293 356 316 et
371 295 440 323 quos
453 295 503 315 nec
521 287 702 323 appellatione
715 291 759 315 tua
772 287 868 323 dignos
880 293 983 320 censes,

193 339 304 370 propter
315 334 363 360 hos
375 333 466 362 omnia
479 333 598 361 faciens?

235 380 314 407 Verba
333 380 359 407 in
370 379 493 414 baptismo
505 379 615 415 prolata.
628 394 665 399 â€”
674 379 814 413 Quomodo
829 379 908 414 igitur
919 378 987 405 hanc

191 433 299 454 omnem
313 425 459 452 vanitatem
476 423 633 452 deridebis?
645 424 674 452 Si
689 424 761 452 vocis
777 424 848 452 illius
860 423 987 451 recorde-

192 473 241 505 ris,
255 479 333 507 quam
344 471 407 499 dum
419 471 502 499 sacris
518 471 670 505 initiareris,
684 471 795 499 emisisti
820 480 827 498 :
844 471 987 498 Abrenun-

193 518 230 545 tio
241 517 299 549 tibi,
320 522 423 550 satana,
445 521 472 545 et
487 524 590 552 pompa:
610 521 662 544 tua:
681 521 708 544 et
729 517 810 544 cultui
832 521 877 544 tuo
892 526 898 543 :
915 517 985 544 circa

192 562 393 598 margaritarum
410 563 481 590 enim
496 563 597 590 cultum
619 563 721 590 insania
734 567 776 590 est
795 570 890 598 pompa
913 567 985 589 sata-

192 609 263 637 nica.
278 610 377 637 Aurum
391 609 462 637 enim
477 610 580 644 cepisti,
592 617 645 637 non
658 613 688 637 ut
698 617 796 644 corpus
812 610 924 640 viucias,
938 609 985 637 sed

194 660 224 684 ut
239 664 369 691 pauperes
382 657 473 683 solvas
485 661 511 684 et
525 656 652 684 enutrias.
670 656 716 684 Dic
728 655 807 691 igitur
821 655 984 691 frequenter,

193 703 360 731 Abrenuntio
388 703 444 736 tibi,
476 702 666 730 satanaznihil
685 702 736 730 hac
759 703 841 730 tutius
860 709 936 735 voce,
963 702 985 729 si

191 748 276 784 ipsam
286 756 334 784 per
346 756 426 783 opera
440 748 623 776 exhibeamus.

229 794 257 823 5.
273 794 346 822 Hanc
359 799 387 822 et
400 802 448 822 vos
462 795 581 822 initiandi
608 800 636 822 ut
646 794 764 829 discatis,
779 795 892 823 obsecro
905 804 912 823 :
928 795 986 823 hate

191 840 263 868 enim
276 848 326 867 vox
340 840 531 868 confoederatio
543 848 603 868 cum
615 840 732 868 Domino
743 845 794 868 est.
809 841 843 868 Et
855 841 922 869 sicut
934 848 985 868 nos

195 893 290 913 servos
301 891 431 919 ementes,
443 886 515 921 ipsos
529 887 573 922 qui
584 887 744 920 venduntur,
754 888 828 921 prius
837 887 985 922 interroga-

193 939 254 959 mus
268 939 302 959 an
315 932 392 960 nobis
415 932 515 960 servire
542 932 625 960 velint
639 941 646 959 :
662 933 697 960 ita
715 933 777 960 facit
801 938 830 960 et
847 932 984 966 Christus;

191 977 296 1012 quando
306 977 386 1005 debet
401 982 426 1005 te
439 977 466 1005 in
480 978 634 1005 servitutem
648 985 756 1013 capere,
772 978 846 1013 prius
867 979 983 1006 interro-

191 1027 237 1058 gat
250 1031 283 1050 an
305 1023 371 1051 velis
395 1024 469 1051 illum
489 1024 625 1052 crudelem
647 1028 789 1059 tyrannum
807 1024 942 1052 dimittere
960 1028 987 1052 et

191 1068 344 1102 immitem,
369 1073 396 1096 et
418 1069 451 1096 ad
477 1069 579 1097 foedera
601 1069 731 1104 suscipit:
760 1077 813 1097 non
832 1070 902 1097 enim
922 1077 986 1097 coa-

191 1119 264 1144 ctum
277 1119 319 1141 est
336 1115 420 1148 ipsius
433 1115 583 1150 imperium.
600 1115 634 1142 Et
653 1115 713 1152 vide
729 1115 775 1142 Dei
784 1115 984 1151 benignitatetn.

192 1159 248 1187 Nos
262 1168 358 1196 nempe
382 1162 534 1196 priusquam
558 1162 672 1196 pretium
695 1169 847 1197 erogemus,
870 1163 988 1190 interro-

191 1215 285 1242 gamus
306 1216 354 1235 eos
374 1209 419 1244 qui
443 1208 604 1242 venduntur,
621 1214 648 1236 et
665 1216 725 1236 cum
747 1209 918 1236 didicerimus
939 1217 986 1237 eos

191 1253 272 1286 Velle,
297 1257 360 1281 tunc
382 1254 496 1288 pretium
516 1261 667 1288 erogamus.
680 1253 803 1282 Christus
826 1259 914 1281 autem
932 1262 986 1282 non

191 1298 243 1331 ita;
258 1306 352 1326 verum
371 1303 399 1326 et
418 1299 530 1334 pretium
553 1299 673 1334 erogavit
689 1307 738 1334 pro
763 1299 886 1327 omnibus
909 1300 987 1327 nobis

191 1345 338 1380 pretiosum
363 1346 518 1380 sanguinem
545 1353 623 1373 suum
645 1353 652 1372 :
676 1345 764 1373 Pretio
785 1346 867 1380 enim,
890 1347 984 1382 inquit,

193 1392 272 1426 empti
290 1392 348 1419 estis
360 1392 405 1427 (l.
420 1391 479 1419 Cor.
491 1392 517 1419 7.
533 1392 568 1419 25
583 1392 592 1428 )
607 1401 613 1419 :
628 1396 655 1419 et
675 1397 764 1420 tamen
774 1400 859 1428 neque
869 1393 909 1420 sic
916 1393 987 1429 cogit

190 1437 242 1464 sibi
255 1438 357 1465 servire
367 1438 500 1471 nolentes,
516 1438 563 1465 sed
577 1438 627 1465 nisi
642 1439 755 1473 gratiam
769 1439 867 1466 habeas
881 1443 908 1466 et
922 1446 937 1466 a
959 1444 985 1467 te

191 1482 252 1517 ipso
261 1487 288 1510 et
298 1487 393 1518 sponte
405 1483 464 1518 ejus
477 1483 542 1511 velis
555 1483 701 1511 dominatui
711 1483 984 1520 adscribi,Noncogo,
1002 1507 1007 1512 .

190 1528 286 1564 inquit,
301 1536 387 1563 neque
400 1529 542 1564 compello.
554 1530 588 1557 Et
602 1536 650 1556 nos
664 1529 771 1564 quidem
783 1529 919 1564 improbos
927 1537 985 1558 ser-

190 1580 239 1600 vos
257 1581 291 1601 nc
312 1575 425 1601 emimus
449 1575 555 1610 quidem
570 1584 576 1601 :
591 1575 661 1610 quod
685 1575 708 1602 si
724 1575 832 1610 quando
853 1583 984 1608 emamus,

191 1627 274 1655 pravo
293 1621 405 1648 consilio
420 1621 473 1648 tale
488 1621 602 1657 pretium
617 1628 777 1657 erogamus:
797 1621 918 1649 Christus
939 1629 986 1649 au-

191 1669 245 1693 tem
259 1665 376 1701 ingratos
388 1674 480 1694 emens
500 1667 718 1702 servosiniquos,
733 1667 825 1702 optimi
839 1668 908 1695 servi
924 1675 986 1702 pre-

191 1711 257 1739 tium
271 1712 391 1747 erogavit
403 1722 410 1739 :
424 1712 478 1740 imo
491 1720 555 1741 vero
565 1713 649 1740 multo
662 1713 758 1748 majus,
769 1720 800 1740 ac
813 1717 887 1741 tanto
899 1713 986 1749 majus

191 1762 222 1784 ut
235 1764 321 1793 neque
339 1759 408 1786 ratio
420 1765 506 1794 neque
525 1766 603 1795 mens
621 1759 704 1794 ipsius
718 1759 924 1794 magnitudinem
939 1767 985 1787 ca-

192 1803 270 1838 piat:
286 1811 338 1831 non
350 1804 421 1831 enim
440 1804 535 1832 caelum
549 1809 577 1832 et
590 1809 688 1832 terram
711 1809 738 1833 et
751 1813 824 1833 mare
841 1805 918 1837 dans,
937 1806 985 1833 sed

195 1850 320 1878 omnibus
333 1850 374 1877 his
384 1850 566 1885 pretiosiorem
578 1851 732 1886 sanguinem
746 1859 822 1878 suum
834 1851 984 1884 effundens,

191 1895 229 1923 ita
238 1902 286 1924 nos
295 1896 408 1924 redemit
419 1905 425 1923 :
438 1901 465 1924 et
478 1896 601 1931 posthaec
609 1897 696 1924 omnia
709 1904 761 1924 non
775 1901 855 1925 testes
867 1905 881 1924 a
896 1898 983 1932 nobis,

192 1949 247 1969 non
262 1941 436 1977 chirographa
447 1942 543 1977 exigit,
558 1942 605 1970 sed
617 1943 673 1970 sola
689 1947 829 1970 contentus
844 1948 886 1971 est
900 1951 983 1971 voce:

191 1980 252 2016 etsi
261 1987 334 2016 dicas
344 1995 376 2016 ex
387 1987 478 2021 corde,
490 1989 656 2016 Abrenuntio
666 1989 723 2022 tibi,
733 1993 836 2021 satana,
847 1994 874 2016 et
882 1997 985 2024 pompae

191 2038 260 2067 luat,
276 2038 361 2062 totum
375 2035 487 2069 recepit.
504 2035 560 2062 Hoc
574 2035 655 2070 igitur
668 2035 788 2062 dicamus
797 2056 805 2068 ,
819 2035 986 2063 Abrenuntio

190 2080 250 2111 tibi,
263 2084 354 2107 satana
367 2089 374 2107 :
389 2085 523 2115 tamquam
537 2081 562 2107 in
574 2081 617 2108 illa
629 2081 673 2109 die
684 2081 761 2116 hujus
771 2081 844 2109 vocis
855 2082 984 2109 rationem

191 2125 333 2160 reddituri,
345 2129 374 2154 et
387 2126 472 2161 ipsam
482 2126 673 2159 custodiamus,
689 2131 718 2154 ut
732 2127 833 2154 salvum
849 2131 912 2154 tunc
922 2127 984 2154 red-

191 2171 287 2199 damus
301 2171 462 2207 depositum.
474 2172 574 2207 Pompa
588 2180 651 2200 vero
663 2173 780 2200 satanica
795 2177 856 2200 sunt
866 2172 967 2200 theatra
976 2193 983 2206 ,

192 2218 337 2251 circenses,
362 2224 389 2246 et
412 2226 493 2246 omne
514 2224 667 2254 peccatum,
689 2219 793 2246 dierum
816 2219 982 2252 observatio,

193 2265 346 2299 prrcstigize,
355 2269 382 2292 et
390 2264 489 2292 omina.

228 2309 356 2338 Aduersus
370 2310 555 2338 omina.â€”Et
575 2310 638 2345 quid
659 2309 765 2338 tandem
789 2315 852 2338 sunt
875 2311 985 2338 omina?

191 2355 270 2391 Saepe
283 2356 363 2384 domo
382 2357 442 2392 quis
454 2365 503 2384 sua
517 2364 641 2393 egressus
654 2356 789 2384 hominem
803 2356 868 2383 vidit
881 2365 983 2385 unocu-

191 2402 265 2435 lum,
288 2401 331 2429 vel
351 2402 561 2436 claudicantem,
584 2407 612 2430 et
633 2402 767 2429 ominatus
788 2405 838 2429 est.
861 2402 923 2429 llzcc
943 2407 986 2430 est

191 2454 287 2482 pompa
303 2448 418 2475 satanica
434 2457 440 2474 :
456 2456 508 2476 non
520 2448 591 2476 enim
613 2448 728 2475 hominis
743 2455 869 2475 occursus
887 2448 984 2476 malum

191 2492 254 2520 facit
266 2492 348 2525 diem,
363 2493 409 2521 sed
424 2494 451 2520 in
466 2494 582 2529 peccatis
597 2494 695 2521 vivere.
707 2493 774 2521 Cum
786 2494 865 2529 igitur
875 2494 983 2528 exieris,

191 2547 273 2566 unum
296 2539 375 2567 modo
393 2547 468 2571 cave,
488 2548 522 2568 ne
543 2545 665 2568 occurrat
688 2540 734 2568 tibi
756 2545 915 2575 peccatum:
934 2540 986 2568 hoc

189 2586 262 2613 enim
275 2591 317 2613 est
328 2586 399 2620 quod
413 2586 576 2621 supplantat,
595 2591 692 2622 praeter
712 2586 763 2614 hoc
781 2595 845 2614 vero
860 2595 910 2614 nec
927 2587 984 2622 ipse

190 2631 312 2659 diabolus
333 2639 384 2659 nos
405 2632 537 2668 quidpiam
563 2633 660 2660 laedere
687 2633 794 2667 poterit.
815 2632 883 2666 Quid
901 2632 984 2660 dicis?

190 2675 326 2705 hominem
350 2678 453 2711 cernis,
476 2682 504 2705 et
523 2679 664 2712 ominaris,
679 2685 729 2706 nec
750 2679 839 2706 cernis
860 2679 982 2713 laqueum

190 2722 353 2751 diabolicum
364 2724 372 2739 '
382 2744 389 2756 ,
405 2724 540 2758 quomodo
550 2728 577 2752 te
590 2724 638 2758 illi,
654 2725 698 2759 qui
713 2729 738 2752 te
753 2724 823 2752 nulla
841 2724 929 2752 alIecit
943 2724 985 2751 in-

187 2767 270 2803 juria,
284 2769 371 2796 reddit
386 2770 540 2797 inimicum?
553 2771 686 2806 quomodo
703 2775 730 2799 te
750 2771 826 2799 fratri
845 2771 984 2799 constituit

190 2814 371 2842 adversarium
382 2823 414 2843 ex
427 2816 496 2843 nulla
505 2816 575 2850 justa
586 2817 743 2845 occasione?
753 2817 785 2844 Et
798 2817 865 2844 Deus
874 2817 983 2852 quidem

190 2861 232 2888 vel
247 2861 369 2888 inimicos
381 2868 472 2889 amare
485 2861 636 2897 nosjussit;
653 2866 680 2889 tu
691 2866 778 2889 autem
793 2862 829 2889 nil
844 2862 986 2891 laedentem

190 2907 335 2940 aversaris,
349 2907 384 2934 nil
397 2906 577 2934 accusandum
592 2907 704 2939 habens,
716 2915 766 2935 nec
777 2908 887 2942 cogitas,
899 2916 986 2943 quan-

192 2957 234 2981 tus
247 2953 329 2988 risus,
343 2957 472 2988 quantum
487 2952 613 2988 dedecus,
628 2953 682 2981 imo
695 2960 759 2982 vero
773 2958 899 2989 quantum
914 2954 985 2990 peri-

565 182 593 211 S.
614 183 707 212 JOAN.
728 184 915 213 CIIRYSOST.
937 186 1095 215 ARCIIIEP.
1115 185 1380 216 CONSTANTINOP.

1776 187 1831 216 240

1035 238 1143 267 culum?
1165 240 1291 268 Dicamne
1316 245 1343 268 et
1365 242 1436 268 aliud
1460 242 1649 270 ridiculosius?
1673 242 1830 271 Confttndor

1034 293 1131 321 nempe
1144 291 1172 314 et
1191 288 1331 320 erubesco,
1345 287 1393 315 sed
1415 296 1496 323 cogor
1517 295 1626 324 propter
1648 290 1762 318 salutem
1778 299 1829 318 ve-

1034 335 1117 360 stram
1128 332 1227 360 dicere.
1242 333 1269 360 Si
1279 333 1366 368 virgo,
1378 333 1473 369 inquit,
1485 335 1643 368 occurrerit,
1659 336 1759 363 sterilis
1769 335 1830 363 dies

1033 378 1101 410 erit;
1125 379 1147 406 si
1171 387 1235 407 vero
1258 380 1395 414 meretrix,
1420 380 1533 408 dextera
1553 386 1582 409 et
1603 381 1684 415 bona,
1699 386 1726 410 et
1746 382 1830 409 multa

1033 425 1198 453 mercatione
1212 425 1299 460 plena.
1312 425 1500 460 Occultamini,
1513 431 1540 454 et
1553 427 1666 455 frontem
1677 428 1829 463 percutitis,

1033 475 1061 497 et
1073 470 1106 498 ad
1120 476 1217 499 terram
1231 471 1365 499 inclinatis
1381 480 1388 498 :
1404 471 1451 499 sed
1466 480 1518 499 non
1534 480 1604 500 nunc
1623 473 1686 500 dum
1700 473 1831 500 dicuntur

1033 516 1123 547 verba,
1137 516 1185 544 sed
1195 524 1255 544 cum
1271 517 1337 544 fiunt
1349 524 1441 552 opera,
1455 517 1665 546 erubescendum
1680 523 1747 546 erat.
1762 519 1830 546 Vide

1034 568 1132 596 nempe
1144 561 1277 596 quomodo
1292 566 1318 589 et
1334 562 1377 589 hic
1389 562 1510 590 diabolus
1523 562 1613 590 dolum
1629 563 1784 595 abscondit,
1801 568 1832 590 ut

1033 607 1183 635 modestam
1199 607 1305 643 quidem
1326 616 1497 642 aversemur,
1516 608 1675 643 impudicam
1691 617 1754 637 vero
1768 617 1832 644 gra-

1034 657 1087 680 tam
1112 653 1258 681 habeamus
1277 658 1305 682 et
1328 661 1458 682 amemus.
1482 654 1613 689 Quoniam
1636 655 1708 683 enim
1729 655 1833 682 audivit

1033 698 1169 726 Christum
1192 700 1339 733 dicentem,
1357 699 1409 733 Qui
1427 701 1517 734 aspicit
1533 701 1665 728 mulierem
1685 701 1719 727 ad
1735 709 1832 728 cancu-

1033 745 1189 778 piscendum,
1195 746 1251 780 jam
1261 745 1400 773 mmo/tatus
1408 750 1444 773 est
1450 753 1505 772 eam
1513 745 1617 782 (Matth.
1627 747 1654 775 5.
1663 746 1720 782 28),
1728 751 1756 774 et
1764 747 1832 774 vidit

1033 789 1131 817 multos
1156 790 1291 818 lasciviam
1311 791 1429 824 vincere,
1444 791 1537 819 volens
1551 799 1656 819 rursum
1678 800 1725 827 per
1747 792 1829 819 aliam

1033 836 1103 863 viam
1118 836 1190 871 ipsos
1206 837 1232 864 in
1248 841 1387 872 peccatum
1402 836 1549 872 impellere,
1561 845 1609 873 per
1618 838 1686 865 hanc
1698 837 1827 865 observa-

1035 882 1135 910 tionem
1148 883 1293 911 meritoriis
1301 883 1458 911 mulieribus
1467 883 1582 911 libenter
1591 883 1684 911 oculos
1691 883 1830 911 intendere

1035 928 1178 962 persuasit.

1070 973 1154 1002 Erga
1169 974 1309 1002 Alexandri
1324 975 1364 1002 Îœ.
1386 977 1540 1003 numismala
1560 976 1732 1012 superstitiose
1745 984 1823 1003 usur-

1035 1027 1104 1057 pata.
1115 1037 1148 1043 -â€”
1164 1022 1232 1056 Quid
1247 1030 1311 1050 vero
1323 1023 1426 1050 diceret
1439 1023 1537 1058 aliquis
1555 1023 1589 1050 de
1609 1023 1651 1055 iis,
1665 1024 1710 1058 qui
1726 1024 1827 1050 carmi-

1035 1067 1113 1095 nibus
1131 1072 1158 1095 et
1178 1068 1296 1103 ligaturis
1327 1073 1446 1102 utuntur,
1475 1072 1503 1096 et
1527 1068 1560 1096 de
1585 1068 1830 1103 circumligantibus

1035 1121 1105 1142 :erea
1120 1114 1263 1143 Alexandri
1276 1114 1428 1143 Macedonis
1441 1115 1599 1142 nomismata
1608 1115 1687 1150 capiti
1697 1115 1739 1142 vel
1755 1114 1830 1149 pedi-

1035 1160 1105 1187 bus?
1119 1161 1166 1188 Dic
1180 1161 1255 1193 mihi,
1271 1169 1304 1188 an
1319 1161 1361 1188 hze
1373 1161 1659 1196 suntexspectationes
1674 1165 1784 1193 nostrae,
1800 1164 1830 1187 ut

1036 1210 1097 1241 post
1110 1214 1217 1234 crucem
1233 1212 1260 1234 et
1274 1212 1386 1234 mortem
1403 1207 1568 1234 Dominicam
1591 1206 1617 1233 in
1637 1206 1743 1242 gentilis
1759 1206 1829 1241 regis

1036 1252 1152 1287 imagine
1164 1260 1239 1288 spem
1255 1253 1350 1280 salutis
1363 1252 1529 1279 habeamus?
1538 1251 1646 1287 Ignoras
1657 1256 1754 1287 quanta
1763 1259 1829 1278 crux

1036 1297 1169 1332 perfecit?
1186 1303 1298 1325 mortem
1314 1297 1457 1332 dissolvit,
1474 1302 1612 1333 peccatum
1627 1297 1774 1330 exstinxit,
1788 1305 1830 1325 or-

1035 1352 1096 1372 cum
1110 1345 1215 1372 inanem
1231 1345 1357 1378 reddidit,
1372 1344 1476 1372 diaboli
1490 1344 1567 1372 solvit
1580 1345 1724 1380 potentiam
1734 1365 1741 1376 ,
1756 1349 1784 1371 et
1795 1344 1828 1371 ad

1036 1391 1157 1426 corporis
1171 1391 1312 1418 sanitatem
1336 1391 1513 1426 praestandam
1536 1399 1589 1418 non
1605 1395 1647 1418 est
1662 1390 1712 1418 fide
1725 1391 1804 1425 digna
1817 1392 1830 1417 á¼²

1037 1441 1121 1464 totum
1136 1436 1229 1464 orbem
1241 1437 1425 1470 exsuscitavit,
1440 1441 1468 1464 et
1482 1442 1508 1463 tu
1523 1436 1548 1463 in
1563 1437 1622 1471 ipsa
1636 1444 1689 1463 non
1705 1436 1830 1463 conï¬dis?

1036 1488 1064 1511 et
1076 1483 1139 1519 quid
1153 1484 1207 1518 pati
1221 1483 1318 1518 dignus
1345 1491 1399 1510 non
1421 1482 1525 1511 fueris?
1547 1482 1604 1510 Non
1628 1482 1752 1517 ligaturas
1765 1489 1830 1509 vero

1037 1535 1157 1564 tantum,
1171 1531 1217 1559 sed
1235 1531 1317 1558 etiam
1331 1534 1537 1558 excantamenta
1562 1530 1610 1557 tibi
1633 1529 1828 1561 circumducis,

1036 1577 1138 1605 vetulas
1151 1576 1238 1604 ebrias
1249 1582 1277 1604 et
1288 1576 1431 1604 titubantes
1444 1576 1553 1603 domum
1567 1575 1669 1603 ducens
1684 1584 1692 1602 :
1706 1583 1756 1603 nec
1765 1583 1832 1602 con-

1036 1622 1168 1655 funderis,
1186 1629 1236 1650 nec
1251 1623 1398 1654 erubescis,
1415 1627 1476 1657 post
1490 1625 1590 1649 tantam
1616 1621 1649 1648 ad
1672 1621 1729 1648 haec
1749 1621 1831 1655 trepi-

1036 1668 1104 1696 dans
1117 1668 1284 1703 disciplinam
1298 1677 1305 1696 :
1316 1672 1343 1696 et
1357 1667 1427 1703 quod
1439 1667 1546 1703 gravius
1557 1672 1598 1694 est
1610 1674 1712 1700 errore,
1722 1666 1831 1701 quando

1038 1714 1096 1742 haec
1108 1714 1285 1742 admonemus
1302 1718 1330 1741 et
1344 1713 1531 1741 dissuademus
1543 1734 1551 1746 ,
1567 1717 1692 1747 putantes
1705 1720 1734 1739 se
1749 1720 1832 1740 excu-

1036 1762 1100 1795 sari,
1112 1761 1214 1794 dicunt,
1228 1760 1377 1788 Christiana
1386 1765 1433 1800 est
1445 1760 1542 1787 mulier
1558 1759 1613 1786 haec
1631 1762 1788 1791 excantans,
1803 1763 1833 1786 et

1036 1807 1102 1835 nihil
1121 1806 1191 1833 aliud
1219 1806 1356 1841 loquitur,
1371 1813 1451 1840 quam
1472 1806 1519 1833 Dei
1548 1812 1656 1833 nomen.
1683 1804 1832 1838 Propterea

1037 1860 1152 1888 namque
1167 1852 1336 1887 potissimum
1354 1851 1438 1886 ipsam
1455 1850 1499 1878 odi
1527 1854 1556 1877 et
1574 1857 1690 1882 aversor,
1699 1849 1769 1884 quod
1784 1850 1831 1877 Dei

1036 1898 1145 1926 nomine
1158 1898 1190 1925 ad
1201 1897 1391 1926 contumeliam
1406 1901 1509 1928 utatur,
1524 1895 1596 1931 quod
1612 1904 1642 1923 se
1655 1896 1750 1923 dicens
1770 1903 1834 1924 esse

1036 1944 1224 1978 Christianam,
1246 1943 1384 1979 gentilium
1407 1950 1488 1978 opera
1503 1942 1582 1969 faciat
1595 1951 1602 1968 :
1616 1942 1714 1970 etenim
1729 1946 1758 1969 et
1773 1941 1832 1968 daa-

1036 1998 1129 2018 mones
1145 1990 1191 2018 Dei
1204 1997 1300 2017 nomen
1317 1989 1497 2024 proferebant,
1517 1988 1565 2016 sed
1581 1994 1668 2015 tamen
1682 1991 1762 2015 erant
1776 1987 1834 2014 da:-

1037 2044 1140 2069 mones,
1150 2041 1178 2064 et
1193 2037 1228 2063 ita
1243 2036 1351 2063 Christo
1367 2035 1491 2063 dicebant
1507 2044 1514 2062 :
1538 2035 1639 2063 Scimus
1659 2039 1701 2068 te,
1715 2035 1760 2070 qui
1784 2035 1833 2068 sis,

1036 2087 1137 2110 sanctus
1152 2082 1201 2110 Dei
1218 2082 1314 2119 (Marc.
1328 2083 1353 2110 Î¹.
1367 2082 1415 2118 25)
1434 2091 1440 2109 :
1455 2087 1482 2110 et
1493 2086 1581 2109 tamen
1595 2082 1668 2117 ipsos
1682 2082 1835 2116 increpavit

1036 2134 1062 2157 et
1081 2129 1170 2164 ejecit.
1182 2129 1327 2164 Propterea
1342 2129 1440 2164 quippe
1452 2128 1529 2156 vobis
1541 2128 1661 2162 supplico
1671 2148 1681 2162 ,
1695 2131 1725 2155 ut
1735 2127 1770 2154 ab
1781 2126 1835 2154 hac

1036 2176 1095 2203 sitis
1109 2175 1210 2203 fallacia
1231 2176 1289 2210 puri
1302 2196 1309 2208 ,
1321 2179 1350 2203 et
1362 2180 1496 2210 tamquam
1510 2173 1634 2201 baculum
1652 2174 1704 2201 hoc
1718 2173 1833 2201 verbum

1037 2222 1167 2250 habeatis.
1182 2221 1216 2248 Et
1237 2223 1306 2249 sicut
1324 2222 1383 2248 sine
1401 2219 1588 2248 calceamentis
1607 2219 1648 2246 vel
1663 2219 1833 2247 vestimentis

1037 2272 1154 2297 vestrum
1170 2275 1250 2296 nemo
1271 2268 1297 2294 in
1318 2267 1405 2294 forum
1425 2265 1591 2294 descendere
1604 2265 1703 2293 vellet:
1721 2266 1756 2292 ita
1772 2266 1833 2293 sine

1035 2315 1118 2342 verbo
1132 2314 1183 2342 hoc
1201 2320 1345 2348 numquam
1371 2313 1399 2340 in
1420 2312 1506 2339 forum
1521 2311 1647 2346 prodeas,
1663 2311 1710 2338 sed
1725 2319 1787 2338 cum
1801 2319 1833 2338 es

1034 2361 1123 2395 januae
1147 2359 1277 2387 vestibula
1298 2363 1532 2393 transgressurus,
1555 2356 1606 2384 hoc
1625 2357 1699 2392 prius
1720 2357 1833 2392 loquere

1037 2407 1158 2437 verbum,
1181 2405 1347 2433 Abrenuntio
1363 2405 1409 2432 tibi
1422 2425 1429 2436 ,
1445 2409 1538 2431 satana
1553 2424 1561 2436 ,
1575 2407 1602 2430 et
1613 2410 1720 2438 pompa:
1733 2407 1786 2430 tua:
1804 2407 1833 2430 et

1036 2451 1117 2479 cultui
1132 2456 1177 2479 tuo
1188 2471 1196 2485 ,
1212 2456 1240 2479 et
1258 2450 1406 2486 conjungor
1419 2449 1485 2483 tibi,
1500 2449 1617 2476 Christe.
1638 2448 1677 2476 Ne
1702 2456 1832 2483 umquam

1037 2497 1137 2532 absque
1151 2497 1201 2524 hac
1214 2503 1280 2524 voce
1294 2503 1374 2524 exeas
1389 2504 1395 2522 :
1416 2495 1474 2523 haec
1487 2495 1538 2523 erit
1558 2494 1605 2522 tibi
1620 2493 1732 2522 baculus
1744 2514 1751 2526 ,
1774 2494 1832 2521 haec

1037 2548 1170 2571 armatura
1182 2563 1190 2576 ,
1206 2542 1264 2570 haac
1275 2542 1354 2569 turris
1368 2540 1589 2577 inexpugnabilis.
1603 2539 1670 2568 Cum
1686 2539 1738 2567 hoc
1748 2540 1832 2567 verbo

1036 2593 1064 2617 ct
1084 2596 1188 2616 crucem
1210 2588 1236 2615 iu
1252 2587 1340 2615 fronte
1356 2587 1480 2622 imprime
1495 2595 1501 2613 :
1518 2586 1557 2614 sic
1571 2586 1643 2613 enim
1657 2593 1710 2612 non
1726 2590 1830 2612 tantum

1037 2635 1118 2662 homo
1127 2642 1279 2667 occurrens,
1292 2641 1386 2661 verum
1397 2640 1446 2660 nec
1455 2633 1512 2668 ipse
1520 2632 1642 2660 diabolus
1652 2632 1829 2667 teqnitiquam

1037 2681 1136 2710 lmdere
1151 2681 1256 2716 poterit.
1272 2688 1332 2707 cum
1347 2679 1390 2708 his
1403 2684 1429 2707 te
1441 2686 1555 2707 cernens
1568 2678 1649 2706 armis
1664 2678 1763 2714 ubique
1780 2686 1830 2712 ap-

1036 2732 1183 2763 parentem.
1200 2727 1233 2754 Et
1247 2727 1304 2754 haec
1318 2727 1430 2761 teipsum
1440 2726 1493 2760 jam
1509 2725 1571 2752 hinc
1583 2724 1660 2758 doce,
1675 2729 1704 2751 ut
1714 2732 1776 2752 eum
1790 2725 1829 2752 si-

1039 2780 1120 2807 gnum
1142 2772 1256 2808 ceperis,
1273 2772 1309 2800 sis
1331 2772 1407 2800 miles
1420 2774 1576 2806 paratus.et
1585 2775 1679 2798 contra
1692 2769 1829 2797 diabolum

1037 2822 1166 2852 tropaeum
1194 2818 1299 2852 erigens
1311 2836 1320 2850 ,
1347 2816 1456 2850 justitiat
1472 2821 1600 2842 coronam
1620 2813 1736 2848 accipias
1751 2818 1832 2846 quam

1040 2869 1090 2890 nos
1114 2869 1207 2889 omnes
1233 2861 1338 2896 assequi
1363 2861 1508 2895 contingat,
1521 2859 1604 2895 gratia
1623 2863 1650 2886 et
1670 2856 1832 2893 benignitate

1037 2907 1141 2935 Domini
1168 2907 1250 2935 nostri
1276 2906 1338 2934 Jcsu
1361 2906 1470 2938 Christi,
1489 2913 1549 2933 cum
1572 2912 1625 2940 quo
1651 2903 1722 2931 Patri
1745 2903 1828 2938 gloria

1037 2954 1116 2984 simul
1126 2959 1152 2984 et
1164 2957 1257 2983 sancto
1271 2952 1389 2989 Spiritui,
1399 2952 1426 2981 in
1441 2952 1537 2981 saecula
1551 2951 1718 2980 saeculorum.
1729 2951 1824 2978 Amen.
