1983 3125
75 166 122 194 239

79 223 197 261 ἐρυθριᾷς
218 225 339 258 ἐκείνοις
355 225 574 261 ἐπιδεικνυμένη,
588 225 634 252 καὶ
653 225 700 258 οὓς
729 225 790 251 οὐδὲ
813 224 906 256 ἀξίους

80 267 143 296 εἶναι
154 268 273 305 νομίζεις
283 270 335 306 τῆς
349 270 401 306 σῆς
414 270 602 306 προσρήσεως,
616 269 660 295 διά
674 269 785 300 τούτους
799 268 906 295 ᾶπαντα

79 321 152 340 ποίου
155 322 188 340 σα
193 334 202 346 ,

112 357 172 389 Πῶς
195 354 241 384 οὖν
265 357 466 392 καταγελάσεις
488 357 538 392 τῆς
560 357 710 391 φαντασίας
722 356 840 392 ταύτης;
857 357 907 382 'Av

79 401 305 437 ἀναμνησθῇςτῆς
316 402 410 437 φωνῆς
422 401 539 436 ἐκείνης,
548 401 581 436 ἢν
591 400 701 436 ἀφῆκας
712 407 906 436 μυσταγωγου-

82 446 154 481 μένη·
172 445 376 481 ’Δποτάσσομαί
392 453 443 478 σοι,
456 446 572 478 Σατανᾶ,
585 445 632 471 καὶ
644 446 677 481 τῇ
691 446 787 480 πομπῇ
801 452 848 470 σου
859 443 907 470 καὶ

80 490 109 524 τῇ
123 489 236 525 λατρεία
252 497 300 516 σου
311 497 318 504 ·
331 489 348 525 ἡ
368 489 423 525 γάρ
439 489 503 525 περὶ
516 489 561 515 τὸν
577 488 680 524 κόσμον
699 488 753 514 τῶν
769 495 907 523 μαργαρι-

79 534 128 560 τῶν
144 533 228 568 μανία
249 533 347 568 πομπὴ
369 533 499 568 σατανική
514 533 582 559 ἐστι.
597 531 715 567 Χρυσίον
730 531 784 567 γὰρ
799 531 906 562 ἐλαὸες,

79 577 123 612 οὐχ
138 577 181 603 ῖνα
207 576 240 603 τὸ
266 576 346 612 σῶμα
363 576 529 612 καταδήσῃς,
555 575 612 603 ἀλλ’
631 576 675 602 ἵνα
698 576 761 607 τοὺς
787 575 906 611 πένητας

79 621 155 657 λύσῃς
170 621 218 647 καὶ
230 620 388 657 διαθρέψῃς.
406 620 477 655 Λέγε
487 620 577 647 τοίνυν
591 619 720 655 συνεχῶς·
743 620 906 646 Ἀποτάσσο-

80 664 124 700 μαι
137 673 187 695 σοι,
203 664 328 691 Σατανᾶ·
344 664 420 691 οὐδὲν
441 663 543 699 ταύτης
570 664 772 699 ἀσφαλέστερον
783 663 833 699 τῆς
850 672 906 698 φω-

79 709 131 744 νῆς,
147 709 171 734 εί
187 708 233 734 διὰ
240 708 297 735 τῶν
306 708 395 744 ἔργων
407 708 491 744 αὐτὴν
507 707 707 743 ἐπιδειξόμεθα.

101 755 135 779 ε’.
155 751 266 786 Ταύτην
283 752 332 778 καὶ
347 752 419 787 ὑμᾶς
429 753 493 783 τοὺς
509 751 745 787 μυσταγωγεῖσθαι
756 750 905 786 μέλλοντας

79 795 168 831 μαθεῖν
184 796 270 829 ἀξιῶ·
301 795 370 830 αὕτη
399 795 454 831 γὰρ
481 797 498 831 ή
522 796 598 831 φωνὴ
622 795 742 830 συνθήκη
765 794 833 830 πρὸς
859 794 905 821 τὸν

77 840 210 875 Δεσπότην
232 840 301 867 ἐστί.
318 840 373 867 Kal
390 839 515 875 καθάπερ
530 841 612 875 ἡμεῖς
628 839 737 870 οἰκέτας
755 838 904 874 ἀγοράζον-

76 893 126 916 τες,
139 884 240 916 αὐτοὺς
254 884 318 915 τοὺς
330 883 520 919 πωλουμένους
536 883 667 918 πρότερον
687 882 833 917 ἐρωτῶμεν
844 891 865 915 ·,
880 883 904 909 εἰ

76 929 210 964 βούλονται
231 930 297 965 ἡμῖν
312 928 465 961 δουλεῦσαι,
489 928 560 955 οὕτω
581 928 628 955 καὶ
646 929 661 955 ό
680 928 796 964 Χριστὸς
814 929 902 954 ποιεῖ·

77 973 162 1008 ἐπειδὴ
190 973 284 1008 μέλλει
311 981 342 999 σε
371 973 413 1005 είς
440 973 561 1000 δουλείαν
589 972 748 1008 λαμϐάνειν,
772 972 905 1008 πρότερον

75 1017 169 1053 ἐρωτᾷ,
183 1018 209 1043 εί
222 1017 313 1052 βούλει
326 1017 372 1044 τὸν
379 1017 512 1052 τύραννον
524 1017 626 1043 ἐκεῖνον
642 1018 752 1052 ἀφεῖναι
766 1016 812 1044 τὸν
829 1017 904 1052 ὠμὸν

75 1061 118 1087 καὶ
137 1061 242 1095 ἀπηνῆ,
269 1061 317 1088 καὶ
337 1060 476 1095 συνθήκας
497 1060 602 1095 δέχεται
626 1061 702 1097 παρά
719 1060 784 1087 σοῦ’
805 1061 835 1087 οὐ
851 1061 904 1096 γὰρ

76 1105 320 1141 κατηναγκασμένη
341 1105 426 1132 αὑτοῦ
443 1106 460 1140 ή
482 1105 625 1132 δεσποτεία
648 1105 717 1132 ἐστί.
735 1106 791 1132 Kal
808 1105 904 1132 σκόπει

75 1149 136 1176 Θεοῦ
147 1149 364 1185 φιλανθρωπίαν.
387 1149 483 1184 Ἡμεῖς
497 1149 545 1183 μὲν
560 1148 614 1184 γὰρ
629 1149 693 1184 πρὶν
707 1149 723 1184 ἢ
735 1149 785 1184 τὴν
797 1157 821 1175 τι
825 1149 879 1184 μὴν
889 1149 903 1169 b

74 1193 244 1226 κιταόαλεῖν,
258 1192 409 1228 ἐρωτῶμεν
430 1194 492 1224 τοὺς
516 1193 717 1228 πωλουμένους,
730 1193 778 1219 καὶ
794 1193 904 1219 ἐπειδὰν

74 1238 214 1273 μάθωμεν,
229 1239 271 1264 ὅτι
290 1237 442 1272 βούλονται,
454 1237 512 1263 τότε
527 1237 576 1271 τὴν
588 1237 670 1272 τιμὴν
681 1236 886 1272 καταϐάλλομεν
895 1245 902 1252 ·

73 1282 122 1308 ὀδὲ
138 1281 258 1317 Χριστὸς
273 1282 322 1316 οὐχ
344 1281 443 1313 οὕτως,
459 1280 526 1308 ἀλλὰ
546 1281 592 1307 καὶ
612 1281 661 1316 τὴν
686 1280 769 1316 τιμὴν
785 1281 903 1308 κατέϐα-

73 1325 116 1352 λεν
134 1325 205 1361 ὑπὲρ
220 1326 347 1352 ἁπάντων
358 1324 449 1359 ἡμῶν,
464 1324 494 1351 τὸ
510 1324 600 1360 τίμιον
615 1324 698 1351 αὑτοῦ
714 1323 782 1360 αἷμα
795 1333 801 1339 ·
815 1324 903 1360 Τιμῆς

72 1370 133 1404 γὰρ,
150 1369 244 1404 φησὶν,
261 1368 462 1403 ἠγοράσθητεε
478 1369 524 1394 καὶ
540 1368 615 1403 ὅμως
639 1368 699 1394 οὐδὲ
715 1367 803 1400 οὕτως
819 1369 904 1402 ἀναγ-

72 1413 146 1446 κάζει
164 1413 203 1448 μὴ
214 1412 395 1447 βουλομένους
409 1411 481 1446 αὑτῷ
495 1411 648 1443 δουλεῦσαι,
662 1411 719 1438 ἀλλ’
731 1413 755 1438 εί
773 1412 809 1447 μὴ
823 1412 904 1448 χάριν

71 1457 151 1492 ἔχεις,
167 1457 247 1491 φησὶ,
261 1456 309 1482 καὶ
328 1456 406 1491 παρά
426 1455 522 1482 σαι)τοῦ
544 1456 590 1481 καὶ
606 1455 676 1481 ἑκὼν
691 1455 777 1487 θέλεις
789 1457 905 1492 ἐπιγρά-

72 1502 171 1536 ψασθαι
194 1501 244 1536 τὴν
267 1501 438 1532 δεσποτείαν,
456 1501 505 1526 οὐκ
522 1499 669 1534 ἀναγκάζω
688 1500 748 1526 οὐδὲ
763 1500 902 1536 βιάζομαι.

72 1546 124 1573 Kal
134 1547 217 1581 ἡμεῖς
229 1545 279 1581 μὲν
293 1545 344 1571 οὐκ
358 1545 391 1571 ἂν
400 1550 411 1564 ο
427 1544 554 1579 ἑλοίμεθα
568 1545 702 1580 πονηροὺς
710 1544 819 1576 οἰκέτας
827 1545 905 1580 πρία-

73 1591 147 1618 σθαι·
165 1592 191 1617 εί
209 1591 239 1617 δέ
257 1590 306 1617 καὶ
325 1589 453 1624 ἐλοίμεθά
473 1597 548 1620 ποτε,
570 1589 675 1624 αἱρέσει
697 1591 768 1625 κακῇ
792 1589 905 1622 τούτους

71 1636 254 1672 ἀγοράζομεν,
268 1636 317 1662 καὶ
328 1634 455 1669 τοιαύτην
465 1633 676 1669 καταὸάλλομεν
688 1635 770 1670 τιμήν
781 1643 787 1650 ’
803 1635 817 1661 ό
828 1634 904 1671 [245]

70 1681 97 1708 δέ
115 1680 234 1716 Χριστὸς
256 1678 420 1714 ἀγνώμονας
436 1678 542 1709 οἰκέτας
561 1678 704 1713 ἀγοράζων
722 1679 768 1705 καὶ
788 1680 907 1714 παρανό-

73 1733 151 1759 μους,
168 1723 306 1759 πρωτείου
322 1722 416 1748 δούλου
431 1721 512 1757 τιμὴν
527 1721 670 1753 κατέϐαλε,
686 1722 785 1757 μᾶλλον
799 1723 827 1749 δὲ
841 1723 906 1750 πολ-

70 1766 106 1800 λῷ
123 1765 248 1800 μείζονα,
265 1765 313 1790 καὶ
332 1763 451 1798 τοσούτῳ
472 1763 592 1798 μείζονα,
607 1764 645 1795 ὼς
661 1764 729 1799 μηδέ
744 1764 822 1798 λόγον
839 1765 906 1800 μηδὲ

70 1806 172 1832 ἔννοιαν
193 1805 282 1840 αὐτῆς
297 1804 471 1840 παραστῆσαι
483 1805 513 1831 τὸ
528 1804 658 1840 μέγεθος³
675 1805 705 1831 οὺ
723 1805 776 1840 γὰρ
793 1806 906 1841 οὐρανὸν

70 1849 116 1875 καὶ
137 1848 190 1882 γῆν
213 1847 264 1874 καὶ
285 1845 425 1873 θάλασσαν
447 1845 518 1877 δοὺς,
544 1846 611 1872 ἀλλά
629 1846 660 1872 τὸ
679 1846 787 1873 πάντων
803 1847 906 1875 τούτων

67 1888 246 1924 τιμιώτερον,
263 1887 294 1914 τδ
323 1885 442 1913 ἐαυτοῦ⁶
461 1884 530 1922 αἷμα
556 1887 695 1919 καταθεὶς,
718 1887 805 1920 οὕτως
832 1889 906 1924 ἡμᾶς

68 1931 222 1966 ἐξηγόρασε
232 1938 239 1945 ·
256 1928 305 1957 καὶ
316 1928 392 1965 ’μετὰ
403 1928 491 1956 ταῦτα
504 1928 591 1956 πάντα
612 1928 643 1954 οὐ
659 1930 801 1965 μάρτυρας
819 1931 904 1965 ἡμᾶς,

67 1972 119 1998 οὐκ
141 1966 678 2005 ἐγγραφαὼιαιτεῖ,ἀλλ’ἀρκεῐταιψιλῇ
694 1971 726 2005 τῇ
750 1972 836 2006 φωνῇ,
853 1972 905 1999 κᾶν

68 2015 149 2049 εῖπῃς
165 2013 221 2040 ἀπὸ
234 2012 366 2043 διανοίας·
389 2010 592 2046 Ἀποτάσσομαί
607 2019 659 2044 σοι,
672 2012 791 2045 Σατανᾶ,
809 2014 855 2039 καὶ
871 2015 904 2050 τῇ

69 2056 179 2089 πομπῇο
195 2063 256 2086 σου,
277 2053 315 2080 τὸν
330 2054 384 2080 πᾶν
407 2053 552 2088 ἀπείληφε,
568 2053 653 2079 Τοῦτο
667 2053 757 2080 τοίνυν
771 2053 906 2090 λέγωμεν,

75 2095 342 2131 Ἀποτάσσομαίσοι,
357 2095 474 2126 Σατανᾶ,
487 2094 524 2126 ὡς
536 2095 594 2120 ἐκεῖ
610 2094 763 2129 μέλλοντες,
776 2096 848 2122 κατὰ
859 2097 907 2132 τὴν

71 2137 176 2173 ἡμέραν
190 2137 301 2172 ἐκείνην
312 2141 336 2168 ο,
351 2136 453 2170 ταύτην
469 2135 642 2162 ἀπαιτεῖσθαι
663 2136 714 2171 τὴν
743 2138 845 2173 φωνὴν,
861 2139 908 2165 καὶ

71 2179 236 2214 φυλάξωμεν
258 2178 355 2214 αὐτὴν,
368 2178 412 2204 ἵνα
437 2177 509 2204 σώαν
526 2177 575 2212 τὴν
590 2177 827 2214 παρακαταθήκην
841 2180 908 2206 ταύο

69 2229 118 2256 την
136 2221 285 2256 ἀποδῶμεν
308 2220 386 2246 τότε·
412 2219 508 2255 πομπὴ
533 2218 561 2245 δὲ
587 2219 718 2254 σατανική
733 2220 791 2246 ἐστι
806 2219 908 2256 θέατρα

70 2263 117 2288 καὶ
140 2261 333 2297 ἱπποδρομίαι,
350 2260 397 2287 καὶ
421 2261 497 2287 πᾶσα
516 2260 639 2295 ἁμαρτία
654 2260 701 2287 καὶ
716 2262 908 2297 παρατήρησις

54 2304 192 2339 ,ἡμερῶν,
205 2304 253 2330 καὶ
269 2302 397 2338 κληδόνες
414 2302 460 2328 καὶ
477 2301 610 2337 σύμϐολα.

104 2346 161 2372 Kal
175 2345 204 2372 τί
228 2344 295 2371 ποτέ
310 2345 368 2370 ἐστι
384 2343 523 2379 σύμϐολα;
546 2344 621 2378 φησί.
642 2343 777 2376 Πολλάκις
791 2344 907 2377 ἐξελθών

69 2396 111 2419 τις
124 2387 174 2423 τὴν
187 2387 278 2414 οίκίαν
295 2386 344 2422 τὴν
361 2385 470 2417 ἑαυτοῦ,
485 2383 554 2413 εἶδεν
573 2385 715 2422 ἄνθρωπον
743 2387 907 2423 ἑτερόφθαλ-

71 2437 119 2464 μον
127 2429 146 2464 ἢ
154 2428 323 2464 χωλεύοντα,
333 2427 381 2454 καὶ
390 2427 540 2454 οίωνίσατο.
549 2427 633 2454 Τοῦτο
643 2428 739 2464 πομπὴ
755 2430 888 2465 σατανική
899 2438 906 2447 ι

69 2469 100 2495 οὗ
117 2469 174 2505 γὰρ
190 2470 208 2505 ή
226 2468 380 2504 ἀπάντησις
396 2467 443 2494 τοῦ
467 2467 609 2504 ἀνθρώπου
627 2469 749 2504 πονηρὰν
772 2470 909 2506 ποιεῖτὴν

68 2511 178 2546 ἡμέραν
192 2510 333 2545 γενέσθαι,
351 2509 419 2536 ἀλλά
435 2509 464 2536 τὺ
477 2511 505 2536 ἐν
521 2510 670 2546 ἁμαρτίαις
681 2511 741 2547 ζῇν.
756 2511 840 2539 ὀταν
852 2512 909 2539 τοί-

68 2562 117 2579 νυν
131 2552 255 2588 ἐξέλθῃς,
270 2551 300 2578 ἓν
323 2552 402 2587 μόνον
416 2551 543 2586 φύλαξαι,
563 2553 600 2587 μὴ
617 2552 741 2588 ἁμαρτία
764 2561 805 2580 σοι
821 2554 910 2580 ἀπαν-

175 2593 247 2629 agn}
260 2593 315 2629 γάρ
325 2594 400 2620 ἐστιν
413 2594 430 2628 ἡ
450 2594 524 2629 ἡμᾶς
539 2593 769 2628 ὑποσκελίζουσα,
787 2596 871 2631 χωρὶς
881 2596 909 2622 δέ

69 2635 174 2671 ταύτης
187 2635 263 2662 οὐδὲν
281 2636 297 2662 ὁ
314 2634 437 2666 διάϐολος
448 2635 522 2670 ἡμᾶς
538 2634 638 2670 βλάψαι
649 2635 806 2671 δυνήσεται.
820 2637 853 2663 Τί
868 2637 912 2664 λέ-

70 2685 147 2711 γεις;
161 2677 308 2713 ἄνθρωπον
325 2677 402 2712 ὁρᾷς,
426 2677 472 2703 καὶ
495 2676 616 2712 οίωνίζῃ,
635 2677 683 2703 καὶ
710 2677 759 2712 οὐχ
777 2678 843 2714 όρᾷς
859 2678 909 2714 τὴν

71 2718 164 2752 πάγην
175 2717 185 2736 ί
204 2717 254 2753 τὴν
282 2717 450 2753 διαϐολικὴν,
466 2716 524 2749 πῶς
551 2716 699 2752 ἐκπολεμοῖ
726 2726 758 2744 σε
774 2717 812 2753 τῷ
827 2718 911 2754 μηδὲν

103 2787 118 2820 ξ
129 2787 232 2818 Quidam
244 2787 294 2820 alii
301 2788 412 2820 ἐρόμιθα.

103 2816 118 2854 ξ
129 2816 177 2854 ἑιίί
188 2819 297 2854 πρὸ.τοῦ
308 2816 353 2847 τὴν
371 2819 450 2854 τιμήν.

106 2849 286 2881 ξμδοοέσῆριὶ
293 2856 346 2881 ,που
356 2849 427 2881 pauci
439 2849 479 2873 καὶ
488 2849 554 2879 ἡμεῖς
565 2849 667 2880 μάλιστα
679 2850 721 2881 μὲν
741 2850 783 2874 οὐκ
793 2851 829 2875 ἀν.

104 2877 299 2912 ἀΗιυσ-δεῧῆᾒ
314 2877 448 2912 lgciionem
462 2877 605 2910 recépim'us,
618 2887 662 2912 pro
680 2877 714 2905 'eo
730 2881 794 2912 quod
816 2881 909 2907 editum

78 2909 160 2939 tum,
166 2910 212 2936 τοῦ
223 2909 307 2935 αὐτοῦ.
321 2911 392 2935 Enn.

106 2941 115 2952 '
126 2942 190 2966 [aus
199 2942 292 2970 ἐιιιίνην
303 2942 348 2969 τὴν
361 2941 470 2971 φοϐερὰν,
482 2941 576 2969 ταύτην.

110 2971 121 2993 ί
132 2973 204 2999 Sui].
217 2975 244 2999 et
255 2973 360 3004 quidam
373 2977 432 2996 mss.
443 2973 484 2999 τὴν
494 2973 590 3002 πληγήν

603 168 650 196 ΔΙ)
669 166 930 196 ILLUMINANDOS
954 166 1168 195 (IATECHESIS
1189 168 1218 195 l1.

1732 169 1788 198 1ιο

959 224 1115 259 ἡδικηκότις
1134 226 1192 258 πῶς
1206 225 1300 261 ἐχθρὸν
1316 234 1345 252 σε
1365 225 1509 261 καθίστησι
1525 224 1564 261 τῷ
1579 225 1684 262 ἀδελφῷ
1700 228 1729 261 ἐξ
1740 228 1788 255 (αύ-

957 263 1054 298 δεμιᾶς
1068 263 1175 296 δικαίας
1194 265 1371 300 προφάσεως;
1388 266 1442 292 Kal
1461 267 1475 292 ὁ
1491 265 1541 301 μὲν
1561 266 1626 298 Θεδς
1651 268 1698 294 κοὶ
1723 268 1786 299 τοὺς

957 302 1071 338 ἐχθροὺς
1085 304 1171 337 φιλεῖν
1191 304 1328 337 ἐκέλευσε,
1343 306 1376 331 σὺ
1389 304 1417 331 δέ
1433 305 1481 332 καὶ
1493 305 1539 332 τὸν
1550 305 1626 332 οὐδὲν
1638 306 1786 341 ἠδικηκότα

956 343 1116 380 ἀποστρέφῃ
1134 344 1216 379 μηδὲν
1233 343 1302 379 ἐχων
1317 344 1453 379 ἐγκαλεῖν,
1467 345 1514 372 καὶ
1530 345 1580 372 οὐκ
1590 346 1689 376 ἐννοεῖς
1705 343 1786 374 πόσος

956 382 970 407 δ
985 381 1081 415 γέλως,
1095 383 1165 419 πόση
1179 384 1196 419 ἡ
1209 384 1336 419 αἰσχύνη,
1354 384 1454 419 μᾶλλον
1476 384 1504 411 δέ
1527 385 1608 416 πόσος
1622 386 1636 411 ὁ
1647 384 1783 417 κίνδυννςς

956 421 1034 448 Εἴπω
1049 422 1096 448 καὶ
1116 422 1209 458 ἕτερον
1235 423 1518 459 καταγελαστότερονς
1543 423 1709 460 Αἰσχύνομαι
1736 424 1785 459 μὲν

956 460 1004 486 καὶ
1021 460 1149 497 ἐρυθριῶ,
1164 462 1356 498 ἀναγκάζομαι
1372 462 1401 489 δὲ
1424 463 1498 498 ὅμως
1521 462 1565 490 διὰ
1584 463 1632 498 τὴν
1651 463 1787 498 ὑμετέραν

957 500 1094 535 σωτηρίαν
1117 502 1220 528 είπεῖν·
1259 502 1322 528 Ἐὰν
1345 502 1491 537 ἀπαντήσῃ
1518 502 1661 538 παρθένος,
1692 503 1785 536 φησὶν,

956 538 1095 578 ἀπρακτος
1110 542 1126 576 ή
1142 541 1232 577 ήμέρα
1243 541 1360 576 γίνεται·
1373 541 1420 568 ἐὰν
1434 542 1462 568 δὲ
1477 542 1620 578 ἀπαντήσῃ
1636 541 1733 577 πόρνη,
1743 541 1786 567 δε·

956 577 1001 610 ξιά
1015 580 1061 606 καὶ
1072 580 1176 615 χρηστὴ
1202 580 1248 607 καὶ
1269 581 1370 616 πολλῆς
1387 581 1521 617 ἐμπορίας
1536 577 1669 616 γέμουσα.
1688 581 1786 614 Ἐγκα-

954 618 1100 653 λύπτεσθε,
1116 620 1163 647 καὶ
1173 621 1203 647 τὸ
1218 621 1342 656 μέτωπον
1352 621 1513 657 ἐκρούσατε,
1531 621 1578 648 καὶ
1592 621 1661 657 πρὸς
1671 621 1720 656 τὴν
1734 619 1786 654 γῆν

956 659 1145 694 κατεκύψατε;
1168 660 1236 687 ἀλλὰ
1257 661 1293 695 μὴ
1314 660 1361 687 νῦν
1383 660 1438 687 τῶν
1462 661 1591 696 ῥημάτων
1619 660 1786 695 λεγομένων.

955 697 1023 725 ἀλλὰ
1031 699 1083 725 τῶν
1095 699 1263 735 πραγμάτων
1277 700 1436 735 γινομένων,
1447 700 1517 735 Ὅρα
1528 699 1593 733 γοῦν
1605 700 1651 726 καὶ
1659 698 1787 732 ἐνταῦθα,

956 738 1015 769 πῶς
1027 738 1073 765 τδν
1086 739 1159 766 δόλον
1176 739 1293 774 ἔκρυψεν
1307 739 1321 765 ὁ
1331 739 1462 771 διάὸολος,
1479 741 1523 766 ἵνα
1538 739 1586 774 τὴν
1609 739 1657 774 μὲν
1679 738 1787 772 σώφρο-

955 785 988 804 να
1005 778 1018 797 ⁸
1037 778 1280 814 ἀποπρεφώμεθα,
1301 779 1350 814 τὴν
1376 779 1404 805 δὲ
1426 779 1572 805 ἀκόλαστον
1600 777 1787 812 ἀσπαζώμεθα

955 818 1003 844 καὶ
1019 817 1153 853 φιλῶμεν.
1177 818 1284 854 Ἐπειδὴ
1302 819 1357 855 γὰρ
1377 819 1477 854 ἢκουσε
1499 818 1547 845 τοῦ
1562 817 1680 853 Χριστοῦ
1698 817 1789 850 λέγον-

955 866 1011 889 τος,
1037 859 1079 885 ὅτι
1101 858 1128 885 '0
1149 858 1303 893 ἐμϐλέψας
1319 858 1436 893 γυναικὶ
1460 857 1535 892 πρὸς
1548 858 1581 884 τὸ
1595 855 1786 891 ἐπιθυμῆσαι,

955 897 1014 931 ἤδη
1028 898 1209 932 ἐμοίχευσεν
1224 898 1331 931 αὐτὴν,
1349 898 1397 925 καὶ
1413 895 1467 924 εἶδε
1479 897 1593 929 πολλοὺς
1609 896 1788 933 περιγενομέ-

955 945 1016 968 νους
1032 937 1190 969 ἀκολασίας,
1203 937 1362 973 βουλόμενος
1373 938 1405 964 δι’
1418 938 1517 973 ἐτέρας
1533 937 1592 964 ὀδοῦ
1605 938 1685 964 πάλιν
1701 936 1786 971 ἐμϐα-

954 976 1010 1003 λεῖν
1024 977 1123 1009 αὐτοὺς
1138 978 1178 1009 εἰς
1192 977 1240 1013 τὴν
1263 979 1411 1014 ἁμαρτίαν,
1423 978 1467 1005 διά
1479 977 1580 1013 ταύτης
1599 978 1649 1014 τῆς
1665 985 1788 1012 παρατη-

956 1017 1073 1052 ρήσεως,
1087 1017 1204 1053 ἐταιρίσι
1220 1017 1342 1051 γυναιξὶν
1356 1018 1442 1053 ἡδέως
1457 1018 1602 1053 προσέχειν
1614 1017 1750 1044 ἀνέπεισε.

990 1056 1022 1082 Τί
1038 1057 1069 1084 ἄν
1089 1066 1131 1089 τις
1154 1057 1225 1084 εἴποι
1250 1057 1314 1093 περὶ
1336 1057 1390 1084 τῶν
1421 1058 1539 1093 ἐπῳδαῖς
1562 1057 1608 1085 καί
1626 1057 1787 1092 περιάπτοις

954 1096 1141 1132 κεχρημένων,
1166 1097 1213 1124 καὶ
1237 1097 1393 1132 νομίσματα
1418 1098 1506 1132 χαλκᾶ
1534 1097 1710 1133 Ἀλεξάνδρου
1738 1097 1786 1123 τοῦ

954 1136 1108 1168 Μακεδόνος
1122 1138 1183 1168 ταῖς
1195 1138 1325 1171 κεφαλαῖς
1338 1137 1448 1169 καὶτοῖς
1462 1138 1525 1164 ποσὶ
1539 1137 1786 1172 περιδεσμούντων;

954 1171 1040 1202 Αὒται
1052 1177 1079 1202 αί
1093 1176 1200 1208 ἐλπίδες
1214 1177 1301 1211 ἡμῶν,
1316 1176 1378 1202 εἰπέ
1394 1185 1448 1211 μοι,
1463 1177 1506 1203 ἵνα
1523 1171 1592 1212 μετά
1609 1171 1724 1212 σταυρὸν
1740 1176 1789 1203 καὶ

954 1214 1071 1241 θάνατον
1093 1215 1256 1242 Δεσποτικδν
1270 1217 1310 1247 είς
1320 1215 1452 1250 Ἕλληνος
1468 1216 1601 1251 βασιλέως
1624 1215 1717 1242 εἰκόνα
1737 1216 1788 1247 τάς

954 1254 1064 1285 ἐλπίδας
1075 1254 1124 1289 τῆς
1139 1254 1275 1290 σωτηρίας
1291 1255 1411 1289 ἐχωμεν;
1430 1255 1487 1281 Οὺκ
1505 1253 1578 1287 οἶδας
1595 1255 1665 1281 πόσα
1681 1254 1788 1289 κατώρ-

955 1293 1065 1320 θωσενό
1082 1293 1214 1328 σταυρός;
1232 1294 1277 1320 τὸν
1293 1294 1406 1321 θάνατον
1419 1294 1561 1328 κατέλυσε,
1578 1295 1627 1329 τὴν
1651 1294 1787 1330 ἁμαρτίαν

954 1332 1061 1364 ἔσϐεσε,
1077 1332 1124 1359 τὸν
1150 1332 1216 1368 ᾅδην
1234 1332 1371 1368 ἄχρηστον
1385 1334 1508 1368 ἐποίησε,
1537 1333 1584 1360 τοῦ
1599 1333 1723 1360 διαϐόλου
1737 1333 1787 1368 τὴν

953 1372 1069 1408 δύναμιν
1086 1371 1206 1406 ἐξέλυσε,
1232 1373 1280 1400 καὶ
1305 1374 1345 1405 είς
1369 1373 1494 1408 σώματος
1520 1373 1595 1409 1244]
1619 1374 1724 1407 ὑγίειαν
1738 1374 1788 1400 οὐκ

954 1413 1028 1439 ἐστιν
1042 1412 1221 1446 ἀξιόπιστοςε
1244 1413 1294 1448 τὴν
1314 1413 1477 1448 οἰκουμένην
1506 1413 1652 1448 ἀνέστησεν
1668 1413 1787 1444 ἅπασαν,

954 1452 1002 1479 καὶ
1019 1452 1051 1478 σὺ
1064 1451 1137 1487 αὐτῷ
1153 1452 1184 1478 οὐ
1197 1452 1324 1487 θαῤῥεῖςς
1350 1453 1397 1478 καὶ
1411 1451 1483 1483 τίνος
1506 1452 1539 1479 ἂν
1553 1451 1628 1484 ἄξιος
1642 1451 1711 1488 εἴης,
1729 1452 1789 1478 εἰπέ

956 1500 1016 1528 μοις
1033 1491 1070 1518 ού
1089 1491 1227 1527 περίαπτα
1252 1491 1281 1517 δέ
1305 1491 1395 1526 μόνον,
1412 1491 1481 1518 ἀλλά
1507 1491 1554 1518 καὶ
1571 1490 1679 1525 ἐπῳδὰς
1697 1491 1789 1526 σαυτῷ

954 1531 1108 1566 περιάγεις,
1122 1530 1232 1566 γραῖδια
1256 1529 1390 1565 μεθύοντα
1412 1531 1460 1556 καὶ
1479 1531 1674 1566 παραπαίοντα
1688 1531 1727 1561 είς
1741 1530 1790 1565 τὴν

955 1570 1042 1597 οἰκίαν
1064 1578 1109 1596 σου
1136 1570 1270 1604 εἰσάγων·
1289 1570 1335 1596 καὶ
1357 1569 1407 1596 οὒκ
1431 1569 1545 1605 αίσχύνῃ
1573 1569 1633 1596 οὐδὲ
1661 1570 1790 1606 ἐρυθριᾷς

956 1608 1026 1644 μετὰ
1043 1608 1178 1644 τοσαύτην
1190 1608 1350 1644 φιλοσοφίαν
1361 1609 1429 1644 πρὸς
1441 1609 1525 1636 ταῦτα
1541 1609 1724 1644 ἐπτοημένος;
1736 1610 1791 1635 Καὶ

954 1649 984 1675 τὸ
991 1647 1180 1684 χαλεπώτερον
1190 1648 1238 1683 τῆς
1246 1648 1353 1683 ἀπάτης
1361 1656 1367 1663 ·
1381 1648 1444 1674 ὃταν
1453 1648 1507 1683 γὰρ
1518 1657 1555 1674 πα
1560 1648 1694 1683 ραινῶμεν
1705 1648 1790 1674 ταῦτα

955 1689 1002 1714 καὶ
1017 1688 1179 1724 ἀπάγωμεν,
1191 1687 1333 1719 δοκοῦντες
1357 1687 1547 1721 ἀπολογεῖσθαί
1563 1696 1656 1722 φασιν,
1670 1688 1711 1714 ὅτι
1722 1689 1788 1723 Χρι-

957 1728 1050 1762 στιανή
1062 1729 1134 1754 ἐστιν
1150 1728 1167 1762 ἡ
1180 1727 1249 1762 γυνὴ
1259 1728 1276 1762 ἡ
1290 1727 1375 1753 ταῦτα
1386 1728 1532 1762 ἐπᾴδουσα,
1548 1728 1595 1753 καὶ
1606 1727 1682 1753 οὐδὲν
1698 1727 1791 1762 ἕτερον

956 1766 1114 1801 φθέγγεται,
1128 1766 1144 1802 ἢ
1156 1767 1187 1793 τὺ
1196 1766 1243 1793 τοῦ
1257 1766 1323 1792 Θεοῦ
1332 1766 1426 1802 ὄνομα.
1438 1766 1488 1793 Διά
1496 1766 1575 1793 τοῦτο
1590 1767 1639 1802 μὲν
1649 1765 1696 1793 οὖν
1708 1766 1791 1802 αὐτὴν

958 1807 1075 1842 μάλιστα
1092 1805 1163 1841 μισῶ
1183 1806 1230 1833 καὶ
1250 1806 1468 1841 ἀποστρέφομαι,
1482 1807 1524 1833 ὃτι
1545 1806 1584 1842 τῷ
1607 1806 1718 1840 ὀνόματι
1744 1805 1790 1832 τοῦ

956 1845 1023 1872 Θεοῦ
1035 1845 1103 1880 πρὸς
1123 1845 1202 1881 ὕϐριν
1219 1845 1434 1882 κατακέχρηται,
1453 1846 1493 1872 ὅτι
1508 1845 1624 1880 λέγουσα
1640 1845 1791 1881 Χριστιανὴ

957 1882 1035 1914 εἶναι.
1051 1885 1085 1911 τὰ
1100 1885 1155 1911 τῶν
1177 1885 1312 1920 Ἑλλήνων
1332 1885 1527 1913 ἐπιδείκνυται.
1550 1886 1606 1912 Kal
1628 1885 1683 1921 γάρ
1704 1887 1750 1912 καὶ
1767 1888 1791 1913 οἱ

956 1924 1082 1960 δαίμονες
1097 1924 1126 1951 τὺ
1142 1924 1190 1950 τοῦ
1207 1924 1276 1951 Θεοῦ
1294 1924 1380 1959 ὄνομα
1396 1925 1570 1959 ἐφθέγγοντο,
1585 1924 1642 1951 ἀλλ’
1655 1923 1724 1959 ἦσαν
1736 1925 1792 1952 δαί-

959 1971 1048 1998 μονες,
1065 1963 1112 1989 κα¹ι
1130 1962 1216 1995 οὕτως
1231 1963 1323 1998 ἐλεγον
1334 1963 1403 1998 πρὸς
1417 1963 1464 1989 τὸν
1474 1963 1600 1999 Χριστόψ
1614 1964 1743 1998 οἴδαμέν
1755 1973 1790 1992 σι

957 2003 1003 2034 τίς
1014 2000 1050 2033 εἷ,
1063 2003 1080 2028 ό
1091 2001 1175 2035 ἅγιος
1187 2002 1241 2028 τοῦ
1257 2001 1331 2029 Θεοῦ
1342 2010 1348 2016 ·
1367 2001 1415 2028 καὶ
1429 2002 1504 2037 ὅμως
1517 2002 1683 2038 ἐπετίμησεν
1699 2004 1791 2035 αὐτοῖς

957 2041 1004 2067 xal
1019 2041 1155 2076 ἀπήλασε.
1177 2041 1226 2067 Διὰ
1241 2041 1274 2076 δὴ
1293 2040 1379 2067 ταῦτα
1393 2041 1547 2076 παρακαλῶ
1561 2042 1611 2077 τῆς
1623 2043 1732 2078 ἀπάτης
1745 2052 1790 2071 κα·

958 2079 1082 2116 θαρεύειν
1096 2081 1208 2116 ταύτης,
1224 2081 1270 2107 καὶ
1285 2081 1410 2115 καθάπερ
1425 2080 1574 2116 βακτηρίαν
1588 2081 1660 2116 ἐχειν
1671 2083 1701 2109 τὺ
1717 2083 1748 2118 ρῆ
1754 2092 1791 2117 μα

957 2119 1046 2146 τοῦτο.
1064 2120 1118 2146 Καὶ
1137 2120 1231 2155 ὥσπερ
1248 2121 1331 2155 χωρὶς
1344 2120 1526 2156 ὑποδημάτων
1543 2121 1560 2157 ἢ
1574 2121 1687 2156 ίματίων
1697 2123 1746 2149 ούκ
1758 2124 1791 2150 ἂν

958 2159 1044 2186 ἐλοιτό
1061 2168 1104 2192 τις
1120 2159 1197 2194 ὑμῶν
1209 2161 1249 2191 είς
1264 2160 1313 2195 τὴν
1332 2160 1436 2195 ἀγορὰν
1459 2160 1598 2188 καθεῖναι·
1621 2161 1692 2188 οὕτω
1706 2163 1791 2197 χωρὶς

957 2198 1004 2225 τοῦ
1026 2200 1145 2234 ῥήματος
1165 2199 1260 2226 τούτου
1277 2199 1411 2234 μηδέποτε
1425 2200 1464 2231 είς
1472 2199 1522 2234 τὴν
1539 2200 1642 2236 ἀγορὰν
1655 2200 1790 2237 ἐμϐάλῃς,

958 2237 1014 2265 ἀλλ’
1024 2239 1088 2265 ὅταν
1103 2238 1204 2274 μέλλῃς
1218 2238 1392 2274 ὑπερϐαίνειν
1401 2238 1436 2265 τά
1451 2239 1576 2274 πρόθυρα
1592 2238 1639 2266 τοῦ
1656 2240 1789 2272 πυλῶνος.

957 2277 1036 2304 τοῦτο
1055 2277 1169 2312 φθέγξαι
1191 2278 1222 2304 τὸ
1246 2278 1325 2313 ῥῆμα
1354 2278 1496 2313 πρότερον·
1519 2279 1722 2314 Ἀποτάσσομαί
1738 2288 1790 2312 σοι,

959 2318 1075 2349 Σατανᾶ,
1087 2317 1135 2344 καὶ
1147 2318 1180 2352 τῇ
1200 2319 1296 2353 πομπῇ
1311 2326 1358 2344 σου
1368 2318 1417 2344 καὶ
1427 2319 1459 2353 τῇ
1471 2318 1584 2354 λατρεία
1596 2327 1652 2352 σου,
1670 2320 1717 2346 καὶ
1728 2327 1791 2347 συν-

958 2357 1093 2392 τάσσομαί
1109 2365 1160 2387 σοι,
1175 2357 1287 2392 Χριστέ⁹
1309 2357 1356 2384 καὶ
1380 2357 1514 2392 μηδέποτε
1537 2358 1621 2394 χωρὶς
1633 2359 1683 2394 τῆς
1700 2361 1790 2394 φωνῆς

958 2397 1058 2432 ταύτης
1072 2395 1197 2432 ἐξέλθῃς
1212 2396 1292 2423 τοῦτό
1304 2404 1344 2423 σοι
1360 2396 1494 2432 βακτηρία
1504 2396 1590 2429 ἐσται,
1604 2397 1683 2425 τοῦτο
1697 2398 1790 2429 ὅπλον,

959 2436 1038 2463 τοῦτο
1061 2436 1165 2472 πύργος
1184 2437 1300 2472 ἄμαχος.
1323 2437 1379 2464 Καὶ
1408 2437 1477 2472 μετὰ
1498 2437 1546 2463 τοῦ
1560 2438 1682 2473 ῥήματος
1696 2439 1791 2465 τούτου

959 2476 1006 2503 καλ¹
1025 2475 1069 2503 τὸν
1094 2475 1211 2510 σταυρὸν
1234 2475 1280 2502 ἐπὶ
1298 2475 1344 2502 τοῦ
1366 2476 1492 2511 μετώπου
1517 2476 1702 2504 διατύπωσον’
1721 2477 1791 2505 οὕτω

959 2515 1013 2551 γὰρ
1023 2515 1053 2542 οὐ
1070 2515 1148 2550 μόνον
1161 2514 1304 2549 ἄνθρωπος
1318 2514 1459 2548 ἀπαντῶν,
1472 2515 1530 2542 ἀλλ’
1538 2516 1598 2542 οὐδὲ
1613 2517 1695 2548 αὐτὸς
1708 2518 1722 2544 ὁ
1734 2517 1792 2544 διά-

961 2557 1039 2588 ϐολος
1061 2556 1160 2592 βλάψαι
1176 2565 1202 2583 τι
1218 2556 1373 2592 δυνήσεται,
1389 2557 1458 2592 μετά
1471 2557 1573 2584 τούτων
1596 2566 1626 2584 σε
1648 2558 1718 2594 ὁρῶν
1736 2558 1791 2584 τῶν

960 2597 1050 2624 ὅπλων
1064 2596 1202 2631 πανταχοῦ
1222 2596 1394 2632 φαινόμενον.
1408 2597 1464 2624 Kal
1474 2597 1560 2624 ταῦτα
1580 2598 1678 2625 σαυτὸν
1700 2598 1792 2625 ἐντεῦ-

961 2635 1006 2663 θεν
1021 2636 1071 2671 ήδη
1089 2636 1241 2668 παίδευσον,
1252 2636 1295 2663 ἵνα
1305 2636 1369 2664 ὃταν
1385 2636 1434 2672 τὴν
1454 2637 1588 2671 σφραγῖδα
1604 2636 1794 2673 λάδῃς,ἐμπα-

963 2675 1095 2711 ράσκευος
1108 2673 1143 2712 ᾖς
1156 2675 1335 2711 στρατιώτης,
1347 2676 1394 2702 καὶ
1408 2676 1438 2702 τὸ
1452 2677 1524 2704 κατά
1537 2676 1585 2703 τοῦ
1596 2676 1717 2704 διαϐόλου
1730 2677 1792 2712 τρό‹

962 2723 1042 2742 παιον
1058 2715 1172 2750 στήσας,
1189 2715 1252 2751 δέξῃ
1269 2715 1315 2742 τὸν
1339 2715 1389 2750 τῆς
1403 2715 1575 2751 δικαιοσύνης
1592 2715 1740 2750 στέφανον·
1760 2713 1791 2742 οὗ

962 2756 1066 2789 γένοιτο
1083 2755 1186 2786 πάντας
1201 2756 1276 2790 ἡμᾶς
1294 2757 1443 2791 ἐπιτυχεῖν.
1458 2756 1549 2791 χάριτι
1572 2755 1617 2783 καὶ
1640 2756 1792 2790 φιλανθρω-

961 2794 1013 2830 πίᾳ
1026 2794 1073 2821 τοῦ
1092 2794 1195 2830 Κυρίου
1219 2795 1297 2830 ἡμῶν
1319 2795 1405 2830 Ἰησοῦ
1418 2794 1547 2831 Χριστοῦ,
1562 2795 1621 2831 μεθ’
1638 2791 1668 2822 οὗ
1684 2795 1722 2831 τῷ
1737 2796 1792 2823 lla.-

962 2835 1008 2869 τρὶ
1021 2834 1038 2869 ἠ
1052 2833 1115 2867 δόξα
1132 2834 1190 2870 αμα
1202 2835 1241 2870 τῷ
1257 2834 1327 2870 ἀγίῳ
1338 2834 1488 2870 Πνεύματι,
1503 2835 1543 2868 είς
1551 2835 1613 2868 τοὺς
1626 2835 1727 2867 αἰῶνας
1738 2836 1794 2862 τῶν

965 2872 1081 2902 αἰώνων.
1101 2873 1196 2908 Ἀμήν.

993 2974 1008 2996 Π
1016 2974 1065 3000 Alii
1080 2976 1130 3004 πῶς
1140 2976 1182 3004 τὴν
1192 2975 1233 3006 μὲν
1245 2975 1365 3013 σώφρονα..
