1983 3125
169 136 223 165 115

170 199 243 222 tores
256 199 310 221 nou
323 192 454 225 desinam,
467 196 494 220 et
507 192 643 220 assiduam
658 199 779 219 mensam
793 191 868 219 vobis
882 198 964 226 appo—

170 246 242 271 nam,
258 246 290 266 ac
312 239 420 274 plenum
443 241 558 264 statuam
575 237 703 264 doctrina:
717 241 859 264 craterem.
873 236 962 270 Siqui-

169 284 232 312 dem
247 284 325 312 video
340 291 397 317 vos,
411 283 456 311 ubi
468 288 552 311 totum
567 283 641 310 illum
653 283 840 316 exhauseritis,
852 282 964 309 sitibun-

169 330 220 357 dos
245 337 338 357 rursus
352 329 500 357 discedere.
524 329 611 364 Atque
635 329 686 355 hoc
711 328 818 363 quidem
841 328 874 354 ab
888 327 963 354 omni

171 380 295 410 tempore
306 375 361 409 jam
383 375 509 408 innotuit,
526 374 673 410 pratserlim
694 379 783 401 autem
798 381 813 400 a
829 374 963 401 Dominica

172 420 323 455 superiore.
338 420 486 455 Numquam
496 420 566 447 enirn
580 419 669 446 divina
684 418 759 446 vobis
773 418 877 453 eloquia
892 417 965 445 fasti-

172 464 246 492 dium
269 473 374 501 parere,
390 465 447 493 dies
470 465 514 493 ille
539 465 685 500 przesertim
700 465 835 497 indicavit,
846 472 898 500 quo
912 471 964 491 non

172 511 272 539 debere
295 519 343 539 vos
364 517 456 539 mutuo
479 512 554 539 vobis
578 511 737 539 maledicere
752 511 897 543 doeebam;
912 518 965 545 quo

173 557 254 584 etiam
269 561 388 592 tempore
407 557 484 585 vobis
498 557 656 584 tutissimam
679 557 828 591 prmltebam
844 556 964 583 occasio-

175 609 236 630 nem
251 602 436 636 accusationis,
451 611 511 630 cutn
526 603 558 629 ad
577 602 682 636 propria
696 607 802 636 peccata
817 601 965 628 maledictis

176 647 332 675 incessenda
355 655 403 675 vos
417 648 583 680 cohortarer,
600 655 652 675 non
676 647 708 674 ad
729 647 814 674 aliena
836 646 966 674 curiosius

176 693 358 728 investiganda
373 703 379 720 :
393 701 454 721 cum
475 699 582 722 sanctos
606 694 633 721 in
657 694 772 721 mediunt
795 693 965 726 adducerem,

175 739 220 774 qui
243 740 345 774 seipsos
373 740 544 772 accusabant,
565 740 624 767 aliis
647 747 709 767 vero
729 739 882 774 parcebant,
899 739 968 766 Pau-

176 785 230 812 lum
247 785 332 820 ipsum
348 785 491 819 dicentem,
515 786 688 813 Peccatorum
710 787 812 820 prinms
826 793 875 820 ego
895 793 966 817 sum,

177 836 206 859 et
217 839 278 858 cum
294 839 380 859 essem
395 832 568 866 blasphemus
582 836 610 859 et
631 837 808 867 persequutor
830 836 856 858 et
871 836 966 858 contu-

177 877 304 904 meliosus
314 877 523 905 misericordiam
537 878 582 904 Dei
593 882 774 912 consequutus
787 885 844 904 sum
857 876 966 912 (l.Tim.

178 922 205 949 ι.
220 923 262 950 l5.
279 927 302 949 et
317 922 360 958 l6)
371 943 378 955 ,
400 927 427 950 et
446 923 596 950 abortivum
618 923 732 956 seipsum
757 927 904 953 vocantem.
920 929 969 949 nec

177 973 208 994 se
237 968 417 1002 apostolorum
450 967 629 1002 appellatione
654 967 762 1002 dignum
794 967 968 994 arbitrantem

178 1012 216 1046 (l.
228 1012 285 1038 Cor.
300 1013 342 1039 l5.
360 1012 387 1047 8)
401 1022 407 1040 :
424 1013 531 1040 Petrum
547 1013 591 1047 qui
607 1013 721 1043 dicebat,
739 1012 788 1039 Exi
806 1021 822 1038 ιι
842 1021 891 1045 me,
907 1013 968 1046 quia

178 1057 251 1084 homo
266 1062 381 1092 peccator
398 1066 454 1084 sum
470 1057 543 1092 (Luc.
556 1058 582 1085 5.
597 1057 624 1093 8)
638 1067 645 1084 :
662 1058 825 1089 Mattltmum,
841 1058 885 1092 qui
903 1063 970 1085 lem-

178 1111 243 1138 pore
254 1104 417 1138 apostolatus
430 1104 600 1138 publicanum
614 1105 730 1138 seipsum
739 1104 851 1131 vocabat
862 1103 968 1140 (Matth.

179 1149 274 1184 10.5):
288 1149 478 1184 Davidem,qui
493 1151 612 1177 clamans
624 1150 710 1177 aiebat
725 1158 732 1177 :
746 1149 895 1185 Iniquitate:
909 1157 970 1176 mete

178 1203 347 1231 lupergreuw
359 1201 416 1223 sunt
429 1202 506 1230 caput
521 1204 613 1229 meum,
626 1201 649 1224 ct
667 1197 732 1224 sicut
747 1204 809 1223 onus
823 1204 897 1231 grave
911 1205 969 1231 gra-

178 1246 243 1268 vata:
256 1246 314 1268 sunt
334 1250 410 1277 super
422 1250 461 1268 me
473 1241 557 1278 (Psal.
572 1243 616 1269 57.
631 1242 659 1278 5)
676 1250 683 1268 :
707 1247 734 1270 et
750 1241 843 1269 Isaiam
864 1242 909 1276 qui
933 1242 970 1268 la-

180 1291 316 1313 mentatur
328 1294 360 1313 ac
370 1287 458 1321 luget:
474 1286 623 1313 Immundas
638 1295 702 1320 sum,
718 1291 741 1313 et
752 1286 881 1312 immunda
892 1286 970 1312 habeo

179 1331 246 1358 labia
263 1331 338 1366 (lsai.
353 1331 379 1359 6.
395 1333 422 1367 5)
439 1341 445 1359 ε
468 1336 522 1360 tres
548 1340 646 1367 pueros
660 1332 703 1367 qui
727 1333 754 1359 in
776 1332 881 1360 camino
903 1332 971 1366 ignis

179 1379 349 1411 conﬁtentur,
363 1386 394 1405 ac
406 1379 508 1412 dicunt,
524 1387 553 1406 se
567 1386 702 1414 peccasse,
718 1379 802 1413 legem
812 1386 871 1406 esse
885 1383 971 1406 trans-

179 1432 297 1459 gressos,
322 1433 408 1460 neque
434 1425 480 1452 Dei
506 1426 637 1452 mandatis
661 1425 818 1459 paruisse‘:
835 1425 969 1452 Danielem

181 1469 232 1496 hoc
256 1470 341 1504 ipsum
363 1470 556 1504 deplorantem.
574 1470 631 1503 Quo
648 1475 776 1504 tempore,
799 1474 838 1496 tot
860 1478 971 1496 enume—

180 1514 246 1541 ratis
269 1515 367 1541 sanctis
391 1515 459 1547 istis,
474 1521 578 1542 muscas
601 1514 680 1541 etiam
695 1514 873 1541 accusatrices
886 1514 970 1541 advo-

179 1560 250 1590 cavi,
260 1567 291 1586 ae
303 1559 446 1594 legitimam
460 1560 572 1594 exempli
584 1567 692 1587 causam
706 1559 824 1594 adjunxi,
833 1567 893 1587 cum
904 1559 968 1591 dixi,

180 1604 402 1638 quemadmodum
415 1605 509 1632 alienis
524 1605 575 1632 illa:
588 1605 741 1634 vulneribus
754 1605 880 1638 insident,
895 1605 932 1632 sic
944 1609 972 1633 et

180 1655 349 1678 accusatores
359 1651 444 1678 aliena
456 1657 563 1686 peccata
578 1651 709 1683 vellicare,
724 1652 899 1686 morbutnque
910 1652 971 1679 inde

180 1695 324 1722 conciliare
339 1696 399 1728 illis,
417 1697 461 1728 qui
476 1704 535 1723 cum
554 1697 618 1731 ipsis
638 1702 793 1729 versantur;
809 1704 855 1724 eos
868 1701 968 1730 autem,

180 1740 225 1775 qui
248 1742 380 1768 contraria
404 1742 538 1775 facerent,
555 1750 618 1777 apes
643 1742 819 1776 appellabam,
834 1750 886 1769 non
912 1751 971 1777 qua:

179 1785 336 1821 colligerent
349 1787 531 1821 aegritudines,
547 1788 593 1815 sed
608 1795 666 1822 qua:
680 1795 791 1814 smnmte
814 1787 919 1822 pietatis
931 1788 970 1814 fa-

180 1839 228 1858 vos
243 1833 446 1867 concinnarent,
463 1841 494 1861 ac
515 1834 612 1862 deinde
632 1834 752 1861 volantes
767 1838 843 1868 prato
866 1834 971 1862 virtutis

180 1885 334 1907 sanctorum
348 1881 495 1908 insiderent
511 1889 517 1907 :
533 1885 588 1908 tum
604 1881 740 1913 nimirunt,
757 1885 812 1908 tum
826 1881 971 1916 inexplebi-

182 1923 234 1951 lem
250 1933 314 1962 Iprze
337 1926 411 1953 vobis
433 1934 551 1953 amorem
578 1926 684 1953 tulistis.
702 1926 767 1953 Nam
793 1927 918 1961 quoniam
944 1927 970 1954 in

181 1969 359 2004 prolixitatem
381 1978 469 1998 sermo
483 1977 573 1998 noster
586 1976 627 1998 est
643 1971 795 2006 productus,
811 1979 842 1999 ac
860 1972 970 2007 prolixi-

181 2018 262 2041 talem
289 2015 458 2048 immensam,
482 2021 510 2043 et
528 2021 626 2051 quanta
650 2025 793 2052 numquam
810 2017 867 2050 fuit,
889 2018 927 2045 sic
942 2022 971 2045 ut

181 2065 330 2088 metuerent
354 2061 440 2093 tnulti,
467 2069 500 2088 ne
526 2061 667 2088 verborum
694 2062 864 2090 multitudine
888 2063 969 2090 anitni

181 2107 260 2134 vestri
276 2106 400 2133 alacritas
426 2107 649 2141 exstinguerctur,
675 2108 836 2135 contrarium
864 2107 970 2142 penitus

181 2153 287 2179 accidit.
302 2150 502 2187 Amplius‘enim
517 2160 564 2180 cor
578 2157 696 2180 vestrum
711 2154 899 2186 incalescebat,
914 2162 970 2181 am-

181 2198 249 2232 plius
271 2197 433 2225 desiderium
460 2198 663 2225 exardescebal.
690 2198 765 2229 Unde
795 2199 820 2226 id
845 2200 970 2227 constat?

179 2243 294 2277 Majures
309 2242 416 2278 quidem
435 2248 508 2270 certe
530 2243 636 2277 plausus
648 2244 698 2271 sub
719 2244 798 2270 finettt
814 2244 929 2277 fuerunt,
944 2250 971 2273 et

179 2290 307 2317 clariores
332 2290 551 2322 acclamationes,
582 2290 704 2324 idemque
728 2291 825 2318 accidit
848 2292 919 2326 quod
943 2293 970 2319 in

179 2335 340 2362 lin-uacibus.
365 2335 400 2363 Ut
421 2335 492 2362 enim
515 2335 568 2362 illic
587 2336 662 2362 ittitio
676 2336 783 2370 quidem
807 2344 859 2363 non
875 2337 969 2364 admo-

179 2381 242 2407 dum
258 2380 359 2407 clarum
374 2385 414 2407 est
429 2381 517 2407 lumen
533 2381 617 2415 ignis;
641 2387 779 2416 postquam
797 2386 886 2409 autem
900 2382 968 2417 ligna

179 2427 279 2459 omnia,
294 2434 354 2462 qua;
379 2427 499 2461 imposita
521 2427 635 2460 fuerant,
652 2427 756 2456 flamma
779 2429 917 2463 corripuit,
944 2430 969 2456 in

179 2480 302 2506 magnam
320 2471 422 2499 tollitur
436 2472 618 2499 altitudinem:
630 2473 669 2500 sic
681 2477 709 2500 et
721 2474 766 2500 illo
778 2474 822 2501 die
834 2479 888 2501 tum
904 2480 970 2502 tem-

180 2518 251 2552 poris
264 2517 314 2544 hoc
325 2517 423 2544 evenit.
436 2516 514 2543 Initio
535 2518 641 2552 quidem
666 2526 718 2546 non
738 2519 881 2546 admodum
903 2519 968 2546 mihi

179 2562 398 2590 connuovebatur
411 2561 454 2589 hic
471 2568 570 2595 coetus;
594 2563 641 2590 ubi
664 2571 728 2591 vero
753 2564 856 2600 longius
880 2572 969 2592 sermo

179 2608 325 2644 productus
338 2613 379 2635 est
394 2612 421 2635 et
444 2615 537 2635 omnes
558 2609 707 2644 argumenti
724 2610 854 2644 propositi
877 2615 969 2645 partes

179 2654 285 2685 invasit,
308 2653 475 2688 ampliorque
499 2655 677 2689 proseminata
698 2655 820 2683 doctrina
840 2661 890 2687 est,
913 2661 968 2683 tum

178 2695 303 2727 nimirmti
329 2700 362 2727 ad
391 2701 519 2734 majorem
549 2701 673 2728 audiendi
697 2701 867 2736 cupiditatem
894 2710 971 2729 exan-

177 2746 260 2778 Iistis,
277 2753 309 2773 ac
328 2745 511 2773 vehementior
532 2747 642 2781 plausus
667 2747 765 2782 erupit.
788 2747 846 2781 Quo
871 2747 969 2776 factum

209 2815 218 2830 ι
236 2817 299 2850 tjnus
307 2814 383 2850 (tota,
404 2814 561 2850 peccat-tutas.
577 2815 653 2848 legent
673 2816 818 2849 tramgrem'
839 2820 971 2849 summa

177 2845 291 2870 mutata
303 2846 346 2871 Dei
357 2852 403 2871 non
413 2846 589 2872 custodiebam.

564 133 594 162 Β.
613 133 753 162 JOANNIS
769 133 1004 162 CHRYSOSTOMI
1025 134 1184 163 ARCHIEP.
1204 133 1469 163 CONSTANTINOP.

1750 129 1806 158 216

1016 197 1069 225 est,
1083 197 1112 220 ut
1126 193 1229 219 tametsi
1246 199 1289 219 me
1309 191 1343 219 ad
1362 191 1485 226 pauciora
1500 188 1610 217 licenda
1629 195 1805 223 comparave-

1017 247 1083 271 ratn,
1099 243 1155 265 tum
1177 237 1285 264 tuodntn
1301 236 1479 268 excesserim;
1503 236 1557 263 imo
1579 242 1644 262 vero
1659 237 1805 268 numquam

1017 291 1067 319 ego
1077 283 1184 311 modum
1201 281 1304 311 excessi
1323 289 1331 307 :
1350 281 1479 316 siquidem
1493 281 1620 308 doctrina:
1630 279 1806 315 quantitatem

1018 337 1070 357 non
1089 337 1122 357 ex
1137 337 1228 356 eorum
1243 336 1302 364 qua:
1314 328 1439 354 dicuntur
1460 326 1638 359 multitudine,
1656 325 1704 353 sed
1718 332 1751 352 ex
1765 324 1807 350 af-

1018 375 1087 401 fectu
1109 381 1213 406 eorum,
1229 373 1273 408 qui
1300 372 1421 402 audiunt,
1448 372 1523 400 soleo
1546 371 1646 398 metiri.
1672 370 1738 397 Nam
1761 370 1806 404 qui

1018 424 1179 447 nauseantes
1192 424 1285 446 nactus
1298 423 1339 446 est
1349 418 1496 450 auditores,
1507 417 1570 444 licet
1583 416 1729 444 doctrinam
1740 423 1808 442 con-

1019 466 1139 498 traxerit,
1149 465 1297 492 molestiam
1311 464 1414 492 videtur
1427 462 1571 495 exhibere;
1586 462 1631 497 qui
1643 469 1707 489 vero
1722 465 1811 488 attenv

1019 516 1061 538 tos
1075 518 1108 538 ac
1122 511 1224 546 vigiles,
1238 511 1299 537 licet
1312 509 1467 545 produxerit
1480 508 1592 543 longius,
1605 515 1640 534 ne
1652 507 1687 534 ita
1699 506 1810 542 quidem

1018 557 1108 591 explet
1121 556 1304 590 cupiditatem.

1056 601 1117 629 Non
1131 596 1220 628 debent
1230 601 1324 634 inﬁrmi
1338 600 1436 635 erigere
1453 608 1469 626 a
1487 599 1663 626 concinnatam
1674 603 1701 625 ut
1713 598 1811 624 brevior

1020 649 1062 676 sit.
1074 663 1110 668 —
1122 648 1175 676 Sed
1188 647 1314 683 quoniam
1328 653 1526 681 nonnumquam
1537 645 1642 677 accidit,
1654 649 1682 672 ut
1693 649 1767 671 tanto
1782 644 1811 670 in

1019 694 1117 730 populo
1128 694 1182 721 sint
1195 692 1341 720 imbecilles
1355 691 1485 725 nonnulli,
1500 690 1545 726 qui
1559 690 1690 718 sermonis
1701 689 1813 724 prolixi-

1021 744 1102 767 tatem
1117 740 1222 774 assequi
1238 738 1347 766 minime
1362 741 1483 772 possunt,
1498 737 1530 764 ad
1546 736 1596 764 hoc
1607 744 1654 763 eos
1666 736 1745 763 statui
1759 743 1812 762 co-

1021 785 1137 816 hortari,
1151 788 1182 812 ut
1194 792 1254 812 cum
1273 783 1420 815 audierint,
1437 787 1564 817 quantum
1578 790 1674 817 capere
1689 785 1811 816 possunt,

1020 835 1116 858 etcum
1129 829 1245 864 acceptis
1258 830 1289 856 iis
1301 850 1308 862 ,
1322 836 1381 863 qua:
1395 828 1528 856 sufficiunt
1543 827 1594 854 illis
1605 848 1613 859 ,
1628 826 1789 854 recesserint
1803 835 1811 852 :

1021 884 1100 904 nemo
1113 877 1210 912 quippe
1225 880 1294 903 vetat
1310 883 1396 910 neque
1415 874 1496 910 cogit,
1513 878 1541 900 ut
1555 874 1624 900 ultra
1643 881 1722 908 quam
1738 873 1814 899 vires

1023 925 1139 959 ipsorum
1153 923 1238 950 ferant
1250 943 1258 956 ,
1276 923 1318 949 hic
1332 925 1458 949 maneant
1468 942 1476 953 ,
1491 928 1525 948 ne
1539 919 1616 947 nobis
1630 923 1692 946 ante
1708 923 1814 953 tempus

1023 969 1130 997 ﬁniendi
1151 976 1300 997 sermonem
1323 968 1508 995 necessitatem
1532 967 1679 1001 imponant.
1702 965 1768 992 Nam
1784 971 1815 991 tu

1022 1015 1128 1051 quidem
1143 1015 1264 1049 expletus
1277 1022 1316 1046 es,
1333 1014 1378 1041 sed
1395 1013 1476 1040 frater
1490 1017 1549 1040 tuus
1563 1012 1649 1039 adhuc
1663 1011 1747 1038 esurit
1762 1019 1768 1036 :
1786 1015 1815 1037 et

1023 1067 1050 1089 tu
1065 1069 1158 1090 eorum
1173 1069 1231 1096 qum
1246 1060 1314 1088 dicta
1337 1064 1398 1087 sunt
1412 1059 1487 1094 copia
1502 1059 1592 1086 ebrius
1606 1065 1652 1090 es,
1669 1057 1715 1084 sed
1731 1056 1816 1083 frater

1023 1112 1083 1134 tuus
1096 1107 1183 1133 adhuc
1203 1106 1266 1133 sitit.
1290 1105 1379 1140 Neque
1399 1109 1469 1131 tttatn
1493 1103 1702 1131 imbecillitatem
1721 1107 1816 1137 gravet

1023 1154 1067 1181 ille
1082 1153 1155 1188 plura
1169 1152 1288 1187 cogendo
1300 1151 1446 1186 suscipere,
1461 1158 1538 1185 quam
1554 1155 1606 1177 tum
1620 1149 1688 1176 vires
1703 1149 1789 1176 ferant
1807 1156 1814 1174 :

1023 1208 1110 1234 neque
1120 1199 1289 1234 cupiditatem
1305 1198 1363 1232 ejus
1375 1205 1455 1225 vexes
1470 1196 1646 1232 prohibendo,
1660 1203 1693 1222 ne
1707 1199 1791 1222 totum
1805 1215 1814 1228 ,

1022 1245 1092 1280 quod
1106 1252 1201 1279 capere
1215 1248 1308 1279 potest,
1326 1243 1457 1270 admittat.

1057 1291 1083 1317 ‘2.
1106 1290 1162 1317 lloc
1182 1295 1209 1317 et
1227 1290 1251 1316 itt
1268 1288 1386 1324 profanis
1407 1288 1435 1315 fit
1455 1287 1554 1315 mensis
1570 1295 1576 1314 :
1591 1286 1636 1313 alii
1655 1286 1752 1319 citius,
1768 1285 1816 1312 alii

1024 1337 1124 1364 tardius
1134 1336 1285 1371 explentur,
1297 1339 1324 1363 et
1336 1342 1422 1369 neque
1434 1334 1492 1361 illos
1506 1334 1531 1360 lii
1544 1332 1752 1368 reprehendunt,
1765 1339 1817 1359 nc-

1023 1391 1074 1417 que
1083 1383 1132 1410 hos
1144 1382 1180 1409 illi
1190 1381 1378 1409 condemnant.
1387 1380 1486 1408 Verum
1497 1380 1549 1407 illic
1560 1379 1666 1414 quidem
1677 1378 1730 1406 cito
1741 1385 1817 1405 rece-

1023 1429 1086 1456 dere
1093 1427 1225 1455 laudabile
1233 1432 1274 1455 est
1285 1436 1291 1454 :
1302 1427 1344 1454 l-ie
1350 1435 1415 1454 vero
1425 1427 1478 1454 cito
1487 1425 1612 1453 recedere
1619 1433 1671 1452 non
1681 1424 1818 1452 laudabile

1023 1479 1075 1506 est,
1090 1473 1135 1500 sed
1151 1473 1227 1500 venia
1239 1472 1348 1508 dignum
1365 1481 1371 1499 :
1388 1472 1441 1499 illic
1454 1471 1554 1499 tardius
1565 1479 1672 1499 cessare
1683 1471 1818 1505 vitupcrio

1023 1527 1054 1546 ac
1066 1518 1267 1554 reprehensioni
1279 1518 1437 1550 obnoxium,
1448 1518 1492 1545 hic
1502 1525 1565 1544 vero
1578 1517 1679 1544 tardius
1688 1516 1818 1544 recedere

1024 1564 1130 1592 laudem
1153 1568 1181 1591 et
1201 1563 1458 1591 commendationem
1480 1562 1548 1597 parit
1568 1562 1723 1589 maximam.
1745 1561 1817 1594 Quid

1024 1610 1075 1636 ita?
1089 1609 1163 1642 Quod
1181 1609 1233 1636 illic
1247 1609 1354 1644 quidem
1370 1608 1479 1635 tarditas
1492 1616 1523 1634 ex
1539 1607 1652 1642 ingluvie
1669 1611 1793 1633 nascatur
1807 1614 1814 1632 :

1024 1655 1067 1683 hie
1087 1663 1151 1682 vero
1169 1663 1203 1683 ex
1226 1654 1355 1689 spirituali
1380 1654 1523 1688 cupiditate
1546 1660 1676 1688 sacroque
1696 1652 1816 1687 appe:itu

1023 1701 1171 1729 constantia
1185 1701 1340 1728 concilietur
1352 1703 1379 1726 et
1392 1699 1526 1734 patientia.

1061 1745 1134 1773 Unde
1156 1745 1278 1780 originem
1299 1744 1397 1771 duxerit
1421 1743 1509 1770 divisio
1535 1743 1688 1778 linguarum.
1709 1755 1744 1761 --
1762 1741 1817 1768 Sed

1020 1790 1075 1826 jam
1101 1791 1166 1818 satis
1189 1790 1321 1817 indultum
1345 1789 1380 1817 sit
1401 1787 1555 1824 prooemiis;
1579 1794 1628 1814 nos
1653 1794 1718 1814 vero
1736 1786 1817 1814 dein-

1023 1845 1086 1872 ceps
1105 1837 1138 1864 ad
1162 1836 1227 1864 illttd
1249 1836 1366 1864 debitum
1394 1842 1551 1871 pergemus,
1576 1834 1645 1869 quod
1667 1834 1745 1861 nobis
1769 1834 1816 1861 illo

1023 1882 1066 1910 die
1080 1882 1210 1916 reliquum
1226 1881 1285 1909 fuit.
1300 1881 1367 1916 Quid
1381 1881 1460 1917 igitur
1473 1880 1537 1908 illud
1553 1880 1600 1907 fuit
1614 1879 1684 1915 quod
1701 1885 1757 1907 tum
1773 1879 1817 1906 di-

1023 1928 1168 1955 cebamus?
1182 1927 1267 1955 Unam
1279 1928 1380 1954 scilicet
1403 1932 1457 1954 tum
1478 1926 1560 1954 fuisse
1574 1926 1689 1960 linguam
1710 1925 1816 1953 cunctis

1024 1974 1195 2006 hominibus',
1209 1972 1432 2009 quemadmodum
1445 1977 1472 2000 et
1485 1978 1606 1999 naturam
1623 1980 1711 2006 unam,
1728 1980 1817 2007 neque

1024 2020 1105 2047 ullum
1121 2019 1202 2046 fuisse
1215 2019 1287 2047 vocis
1300 2019 1409 2046 alterius
1422 2018 1464 2045 vel
1485 2018 1596 2046 alterius
1615 2018 1722 2053 lingum.
1736 2017 1817 2046 Unde

1024 2065 1102 2101 igitur
1118 2069 1189 2092 tanta
1204 2065 1335 2092 sermonis
1349 2063 1511 2091 diversitas?
1531 2064 1569 2091 Ex
1583 2064 1741 2099 negligentia
1756 2063 1817 2090 illo-

1024 2118 1082 2137 rum
1093 2130 1099 2141 ,
1111 2110 1155 2144 qui
1169 2109 1267 2136 denunt
1281 2113 1440 2144 acceperant
1454 2117 1460 2135 :
1475 2116 1587 2144 quorum
1602 2114 1745 2144 utrutnque
1756 2113 1812 2136 tum

1023 2155 1138 2183 diximus
1150 2176 1157 2188 ,
1172 2160 1199 2182 et
1213 2163 1244 2183 ex
1258 2155 1360 2183 unitate
1379 2156 1511 2183 sermonis
1527 2155 1630 2183 Domini
1645 2155 1814 2184 clementiam

1023 2202 1265 2230 demonstravimus
1277 2207 1356 2237 atque
1371 2210 1404 2229 ex
1414 2202 1567 2230 diversitate
1579 2202 1710 2230 sermonis
1723 2203 1813 2237 ingra-

1024 2254 1110 2276 torum
1124 2249 1320 2284 improbitatem
1335 2256 1482 2276 servorum.
1497 2248 1562 2276 Nam
1583 2249 1629 2276 ille
1643 2248 1750 2283 quidem
1764 2249 1814 2276 etsi

1024 2294 1183 2329 praeviderat
1194 2302 1243 2322 nos
1255 2294 1354 2322 donum
1367 2294 1522 2328 amissuros,
1535 2299 1623 2321 tamen
1634 2294 1743 2329 largitus
1754 2299 1795 2322 est
1806 2303 1814 2327 ς

1023 2345 1048 2367 at
1064 2340 1082 2367 ii
1096 2340 1192 2375 quibus
1203 2339 1334 2367 creditum
1349 2345 1408 2372 est,
1422 2340 1550 2367 malitiam
1570 2347 1646 2366 suam
1660 2340 1687 2367 in
1702 2339 1813 2375 depositi

1023 2387 1225 2414 conservatione
1239 2386 1419 2414 declararunt.
1434 2387 1481 2414 Hic
1497 2387 1575 2421 igitur
1588 2395 1656 2414 unus
1668 2391 1710 2414 est
1721 2386 1814 2414 defenv

1023 2431 1105 2459 sionis
1121 2431 1214 2459 modus
1224 2452 1231 2464 ,
1246 2432 1329 2459 Deum
1349 2439 1397 2459 nos
1412 2432 1457 2459 illo
1470 2431 1542 2459 dono
1556 2432 1665 2459 minime
1678 2432 1811 2467 privasse,

1023 2485 1115 2505 verum
1129 2485 1177 2505 nos
1189 2485 1248 2513 quae
1263 2478 1323 2505 data
1344 2477 1467 2511 fuerant,
1482 2478 1614 2505 amisisse.
1629 2478 1768 2505 Secundus
1782 2477 1815 2504 ab

1023 2524 1068 2551 illo
1081 2527 1139 2555 est,
1155 2523 1226 2558 quod
1249 2523 1350 2558 majora
1369 2530 1448 2558 quam
1469 2523 1574 2550 fuerant
1591 2523 1705 2556 amissa,
1723 2528 1813 2557 postea

1023 2569 1084 2596 data
1094 2569 1146 2596 sint
1159 2569 1236 2596 nobis
1249 2589 1256 2601 ,
1271 2577 1303 2596 ac
1316 2576 1364 2604 pro
1381 2569 1515 2596 laboribus
1532 2569 1698 2603 temporariis
1713 2574 1812 2596 artem:

1024 2617 1075 2642 vita
1092 2623 1141 2643 nos
1162 2620 1347 2642 remuneratus
1368 2615 1418 2646 sit,
1439 2619 1466 2642 et
1484 2614 1602 2642 effecerit
1621 2622 1672 2650 pro
1686 2614 1772 2650 spinis
1783 2621 1814 2641 ac

1024 2661 1127 2689 tribulis
1137 2665 1166 2688 ιιι
1176 2662 1276 2688 fructus
1286 2660 1400 2695 Spiritus
1413 2661 1439 2688 in
1452 2660 1589 2688 animabus
1600 2660 1701 2688 nostris
1714 2659 1812 2696 germi-

1024 2712 1109 2736 naret.
1124 2707 1195 2734 Nihil
1207 2707 1246 2742 (a)
1257 2711 1315 2734 erat
1326 2707 1431 2734 homine
1445 2707 1533 2740 vilius,
1548 2710 1574 2734 et
1585 2706 1651 2734 nihil
1663 2706 1762 2734 factum
1774 2712 1812 2734 est

1053 2817 1091 2847 (a)
1107 2819 1181 2841 Locus
1191 2816 1222 2852 de
1233 2815 1396 2872 magnitudine
1411 2816 1515 2842 hominis
1526 2816 1631 2848 reparati
1642 2816 1729 2842 citatus
1745 2820 1782 2841 est
1797 2821 1810 2841 a

1053 2848 1184 2872 teodoreto.
1197 2847 1254 2872 Dtal.
1284 2864 1291 2872 .

1023 2848 1184 2879 Theodoreto,
1197 2847 1254 2872 Dial.
1269 2847 1291 2872 l.
