1983 3125
108 171 158 200 εδδ

114 233 200 269 πλήρη
224 231 274 259 τδν
299 233 438 270 κρατῆρα
455 233 503 268 τῆς
530 232 703 264 διδασκαλίας
727 231 814 263 [στάς.
840 229 911 265 Ὀρῶ

118 278 167 315 γὰρ
179 278 221 304 ὅτι
237 276 310 312 μετά
321 277 356 304 τδ
368 277 460 304 πάντα
476 277 557 303 αὑτὸν
578 278 694 309 ἐκπιεῖν,
713 276 794 303 πάλιν
813 275 911 310 διψῶν-

120 332 160 355 τες
177 323 360 358 ἀναχωρεῖτε.
380 323 435 350 Καὶ
449 322 528 349 τοῦτο
555 322 634 356 δῆλον
659 321 709 356 μὲν
736 322 782 348 καὶ
807 321 839 347 ἐκ
864 319 911 346 τοῦ

121 367 214 400 παντδς
229 368 343 402 ἐγένετο
354 368 462 404 χρόνου,
478 367 594 403 μάλιστα
605 367 634 394 δὲ
651 367 683 393 ἐκ
696 367 745 402 τῆς
761 365 912 402 παρελθού-

122 412 328 448 σηςκυριακῆς.
346 412 411 439 ὀτι
435 411 491 447 γὰρ
513 411 669 447 ἀκορέστως
690 411 768 447 ὑμεῖς
784 410 911 446 μετέχετε

120 456 171 484 τῶν
183 455 265 483 θείων
273 456 386 491 λογίων,
401 456 493 492 ἐκείνη
521 455 638 492 μάλιστα
660 454 761 488 ἔδειξεν
774 456 791 491 ὴ
809 454 910 491 ἡμέρα,

120 500 148 527 ἐν
190 500 257 536 περὶ
268 500 318 527 τοῦ
335 501 373 536 μὴ
385 500 440 528 δεῖν
456 500 548 532 κακῶς
561 500 653 541 λέγειν
675 499 808 535 ἀλλήλους
825 498 911 526 διελε-

119 545 216 581 γόμην,
233 545 279 572 ὅτε
291 545 342 573 κο.)⁸
362 545 490 573 ὑπόθεσιν
512 546 577 582 ὑμῖν
593 545 761 581 κατηγορίας
781 545 912 580 παρεῖχον

118 589 339 624 ἀσφαλεστάτην,
359 589 501 626 παραινῶν
513 589 547 617 τὰ
561 590 650 617 οἰκεῖα
664 589 853 625 ἁμαρτήματα
864 588 912 615 λέ-

117 642 175 667 γτιν
202 632 310 666 κακῶς,
324 633 394 660 ἀλλά
408 633 446 669 μὴ
468 633 504 660 τὰ
524 633 653 668 ἀλλότρια
669 631 910 668 περιεργάζεσθαι·

117 677 160 704 ὅτε
173 677 239 710 τοὺς
255 677 350 711 ἁγίους
363 678 524 713 παρήγαγον
541 677 647 704 ἑαυτῶν
670 677 719 712 μὲν
730 675 912 712 κατηγοροῦν-

116 730 177 755 τας,
188 721 246 749 τῶν
258 721 288 749 δέ
302 721 389 749 ἄλλων
405 721 589 757 φειδομένους·
605 721 650 749 τὸν
665 720 769 748 Παῦλον
783 720 910 755 λέγοντα,

115 767 156 793 δτι
181 765 368 801 ’Δμαρτωλῶν
384 766 492 801 πρῶτός
503 766 561 801 είμι
582 765 648 800 ἐγὼ,
667 765 714 792 καὶ
733 766 775 792 ὅτι
788 765 912 801 βλάσφη-

117 820 167 848 μον
180 812 248 839 ϐντα
261 811 310 839 καὶ
325 811 444 847 διώκτην
466 811 514 838 καὶ
529 810 660 847 ὑϐριστὴν
674 811 689 837 6
712 810 778 842 Θεὸς
797 810 910 846 ἠλέησε,

115 857 163 884 καὶ
180 856 314 892 ἐκτρωμα
325 856 421 884 ἐαυτὸν
435 856 580 888 καλοῦντα.
593 857 641 883 καὶ
648 856 708 882 οὐδὲ
721 856 770 891 τῆς
784 855 838 882 τῶν
847 856 913 882 ἀπο-

116 901 218 928 στόλων
236 900 425 937 προσηγορίας
437 901 512 934 ἀξιον
531 898 601 928 εἶναι
623 900 776 935 νομίζοντα·
789 899 834 926 τὸν
857 899 911 926 Πέ-

114 954 178 982 τρον
189 945 316 980 λέγοντα·
330 939 455 978 Ἔξελθε
473 946 523 973 ἀπ’
537 945 610 980 ἐμοῦ
625 944 670 971 ὅτι
684 944 763 978 ἀνὴρ
777 944 911 980 ἀμαρτω-

114 990 170 1023 Mc
185 990 257 1024 ειμι·
274 990 321 1016 τὸν
343 989 484 1016 Ματθαῖον
509 989 629 1024 τελώνην
653 989 751 1016 ἐαυτὸν
773 997 912 1024 προσαγο-

117 1035 232 1070 ρεύοντα
250 1035 299 1062 καὶ
313 1035 343 1062 ἐν
362 1034 402 1070 τῷ
417 1034 506 1070 καιρῷ
527 1034 578 1070 τῆς
591 1035 754 1070 ἀποστολῆς·
771 1034 817 1062 τὸν
831 1034 912 1061 Δαυῖδ

116 1079 222 1114 βοῶντα
251 1080 301 1107 καὶ
328 1079 454 1114 λέγοντα,
483 1081 518 1107 Al
539 1080 662 1114 ἀνομίαι
675 1089 735 1114 μου
756 1079 912 1113 ὑπερῆραν·

113 1123 170 1158 τὴν
184 1124 328 1158 κεφαλήν
350 1133 420 1159 μου·
448 1123 520 1150 ὡσεί
543 1124 667 1158 φορτίον
681 1123 763 1158 ,βαρὺ
788 1124 912 1158 ἐϐαρύν-

113 1170 214 1202 θησαν
229 1168 277 1195 ἐπ’
291 1162 352 1203 ἐι.-
368 1168 416 1196 καὶ
439 1168 484 1195 τὸν
505 1168 619 1195 Ἡσαΐαν
642 1168 845 1204 ἀποδυρόμενον
864 1169 912 1195 καὶ

113 1212 278 1248 θρηνοῦντα,
304 1212 345 1240 ὅτι
375 1212 555 1247 ’Λκὰθαρτός
586 1214 654 1248 ειμι,
680 1213 729 1240 καί
758 1212 911 1246 ἀκάθαρτα

112 1257 200 1291 χείλη
217 1257 290 1292 ἐχω-
318 1257 383 1289 τοὺς
397 1258 472 1293 τρεῖς
494 1257 593 1288 παῖδας
607 1257 636 1284 ἐν
647 1258 680 1292 τῇ
701 1256 808 1292 καμίνῳ
825 1257 911 1292 πυρὸς

111 1301 380 1338 ἐξομολογουμένους
405 1303 454 1329 καὶ
481 1302 621 1336 λέγοντας,
648 1302 690 1328 ὅτι
716 1301 840 1337 ἥμαρτον
865 1302 912 1328 καὶ

110 1346 257 1381 ὴνόμησαν
278 1346 327 1373 καὶ
340 1346 375 1373 τὰ
391 1346 592 1382 προστάγματα
611 1345 659 1372 τοῦ
675 1345 742 1372 Θεοῦ
751 1346 801 1372 οὐκ
809 1345 910 1380 ἐφυλά-

111 1389 192 1422 ξαντο
200 1396 226 1410 ι·
237 1390 286 1417 τὸν
293 1390 393 1426 Δανιὴλ
400 1391 431 1417 τὸ
439 1390 504 1417 αὐτὸ
514 1390 593 1417 τοῦτο
603 1389 685 1416 πάλιν
695 1389 908 1425 ἀποδυρόμενον.

110 1434 177 1466 ’ὼε
193 1434 266 1471 μετά
295 1435 341 1462 τὸν
362 1435 418 1462 τῶν
447 1435 534 1470 ἁγίων
558 1434 708 1469 γατάλογον
737 1433 840 1460 τούτων
863 1434 911 1460 καὶ

110 1479 195 1515 μυίας
210 1479 332 1506 ἐκάλεσα
351 1479 416 1511 τοὺς
438 1479 618 1515 κατηγόρους,
639 1479 688 1505 καὶ
709 1477 757 1504 τοῦ
781 1477 911 1513 παραδεί-

109 1532 217 1559 γματος
241 1523 352 1550 δικαίαν
375 1524 514 1559 ἐπήγαγον
545 1523 594 1558 τὴν
616 1522 717 1555 αἰτίαν,
744 1521 842 1556 λέγων,
869 1522 911 1549 ὅτι

108 1569 239 1605 καθάπερ
257 1569 360 1595 ἐκεῖναι
377 1570 432 1600 τοῖς
448 1568 604 1605 τραύμασιν
620 1567 814 1602 ἐγκαθέζονται
828 1567 909 1594 ἀλλο-

108 1613 208 1649 τρίοις,
225 1612 299 1639 οὕτω
316 1613 363 1639 καὶ
380 1613 404 1639 οί
416 1613 563 1648 κατήγοροι
576 1611 610 1639 τά
627 1611 756 1648 ἀλλότρια
766 1612 911 1638 δάκνουσιν

109 1657 315 1692 ἁμαρτήματα,
327 1655 405 1683 νόσον
424 1656 528 1683 ἐκεῖθεν
540 1657 596 1688 τοῖς
618 1655 826 1691 συγγινομένοις
845 1656 910 1682 συλ-

109 1702 251 1737 λέγοντες·
271 1703 320 1730 καὶ
339 1703 402 1735 τοὺς
419 1703 550 1730 τάναντία
571 1702 600 1729 δὲ
617 1702 762 1734 ποιοῦντας
783 1701 911 1737 μελίττας

110 1750 333 1786 προσηγόρευον,
349 1750 409 1785 οὐχὶ
423 1750 564 1785 νοσήματα
580 1749 760 1784 συναγούσας,
777 1749 846 1776 ἀλλὰ
862 1757 912 1784 κη·-

111 1794 158 1830 ρία
175 1794 358 1830 πηγνυμένας
379 1794 522 1826 εὐλαϐείας
545 1795 688 1830 μεγίστης,
706 1795 753 1822 καὶ
773 1794 846 1821 οὕτω
872 1793 911 1829 τῷ

108 1840 226 1876 λειμῶνι
238 1840 290 1876 τῆς
303 1841 404 1877 ἀρετῆς
420 1840 474 1868 τῶν
490 1840 576 1875 ἁγίων
593 1841 783 1876 ἐφιπταμὲνας
800 1841 829 1861 b'
846 1840 910 1867 τότε

108 1887 153 1923 δὴ,
169 1887 233 1914 τότε
243 1888 292 1914 τὸν
307 1887 455 1923 ἀκόρεστον
468 1887 545 1923 ὑμῶν
557 1887 676 1919 ἐδείξατε
691 1887 790 1923 ἔρωτα.
802 1886 910 1920 Ἐπειδὴ

110 1931 167 1968 γὰρ
175 1933 218 1964 είς
236 1932 325 1968 μῆκος
338 1933 404 1967 ἡμῖν
415 1933 430 1959 6
443 1932 521 1967 λόγος
534 1932 661 1968 ἐξετάθη,
677 1933 723 1959 καὶ
738 1933 824 1968 μῆκος
833 1932 912 1959 ἀπει-

113 1986 172 2014 ρον,
190 1978 240 2005 καὶ
255 1978 319 2005 ὅσον
334 1978 473 2011 οὐδέποτε,
498 1978 592 2005 πολλοὶ
610 1978 661 2014 μὲν
686 1978 860 2014 προσεδόκων
873 1977 911 2013 τῷ

111 2023 212 2058 πλήθει
225 2023 282 2051 τῶν
296 2023 450 2058 λεγομένων
471 2023 521 2059 τὴν
543 2022 698 2059 προθυμίαν
713 2023 777 2058 ὑμῖν
797 2023 911 2058 σϐεσθή-

113 2069 220 2101 σεσθαι,
240 2070 367 2105 ἐγίγνετο
384 2070 413 2096 δὲ
428 2069 594 2097 τούναντίον·
619 2069 719 2104 μᾶλλον
738 2069 793 2105 γὰρ
809 2070 874 2104 ὑμῖν
894 2070 911 2105 ὴ

113 2116 212 2153 καρδία
229 2116 446 2153 διεθερμαίνετο,
464 2116 563 2152 μᾶλλον
575 2116 707 2151 ἐξήπτετο
721 2116 736 2142 6
750 2115 842 2147 πόθος.
857 2115 912 2142 Καὶ

113 2163 197 2190 πόθεν
209 2163 292 2198 δῆλον
303 2171 310 2196 ;
327 2162 360 2190 Οἱ
375 2162 441 2198 γοῦν
453 2163 521 2200 πρὸς
531 2163 570 2199 τῷ
580 2163 651 2190 τέλει
665 2163 808 2198 γενόμενοι
819 2162 911 2199 κρότοι

113 2209 226 2245 μείζους
246 2207 328 2246 ἦσαν,
341 2209 389 2236 καὶ
412 2209 600 2246 λαμπρότεραι
618 2210 646 2236 αί
667 2208 736 2244 βοαί·
751 2209 798 2236 καὶ
815 2209 912 2236 ταυτὺν

114 2255 284 2288 συνέϐαινεν,
301 2253 359 2282 οἷον
371 2255 417 2282 ἐπὶ
430 2255 485 2282 τῶν
499 2255 632 2291 καμίνων.
648 2255 783 2290 Καθάπερ
791 2256 845 2290 γὰρ
854 2256 913 2282 ἐκεῖ

112 2300 190 2336 παρά
207 2301 258 2336 μὲν
274 2301 325 2336 τὴν
340 2300 427 2337 ἀρχὴν
441 2301 472 2327 οὐ
498 2300 602 2336 σφόδρα
626 2300 752 2336 λαμπρόν
779 2301 837 2326 ἐστι
863 2299 911 2326 τοῦ

111 2346 201 2384 arma;
214 2345 247 2372 τὸ
262 2345 332 2380 φῶς,
359 2345 470 2371 ἐπειδὰν
484 2344 512 2371 δὲ
533 2345 660 2372 ἁπάντων
680 2345 843 2380 ἐπιλάϐηται
859 2345 912 2371 τῶν

112 2390 191 2427 [248]
213 2390 399 2426 ἐπικειμένων
424 2390 509 2423 ξύλων
525 2391 542 2427 ἡ
559 2390 636 2426 φλὸξ,
653 2391 693 2422 είς
714 2390 782 2425 ὕψος
804 2392 912 2428 αἴρεται

113 2437 198 2473 μέγα·
209 2437 287 2464 οὕτω
303 2437 336 2473 δὴ
354 2437 402 2464 καὶ
416 2437 463 2464 ἐπὶ
477 2437 527 2473 τῆς
541 2437 649 2473 ἡμέρας
664 2437 725 2464 τότε
736 2437 844 2473 ἐκείνης
852 2437 913 2464 τοῦ·

111 2492 142 2511 το
159 2483 273 2519 συνέϐη.
292 2482 372 2519 Παρὰ
391 2483 439 2518 μὲν
465 2482 514 2518 τὴν
542 2483 629 2519 ἀρχὴν
653 2483 684 2510 οὗ
713 2483 816 2519 σφόδρα
839 2492 884 2519 μοι
898 2484 913 2510 6

113 2530 247 2564 σύλλογος
267 2527 346 2561 οὗτος
358 2529 512 2565 ἐκεκίνητο·
529 2529 623 2565 ἐπειδὴ
636 2529 664 2556 δέ
676 2530 690 2556 6
709 2529 788 2564 λόγος
804 2530 845 2561 είς
861 2529 914 2565 μῆ-

113 2586 163 2609 κος
172 2577 289 2612 ἐξετάθη
305 2577 354 2604 καὶ
363 2576 472 2603 πάντων
483 2576 631 2604 ἐπελάϐετο
647 2575 701 2603 τῶν
713 2575 913 2611 ὑποκειμένων,

113 2624 164 2650 καὶ
176 2623 280 2650 πλείων
300 2623 318 2659 ἡ
340 2622 502 2650 διδασκαλία
523 2623 690 2659 κατεϐλήθη,
702 2622 764 2649 τότε
789 2622 832 2658 δὴ,
853 2623 914 2649 τότε

116 2669 181 2703 ὑμῖν
194 2667 336 2700 ἐξεκαίετο
346 2667 399 2702 τῆς
420 2667 578 2703 ἀκροάσεως
593 2668 610 2703 ὴ
621 2667 766 2703 ἐπιθυμία⁹
786 2667 834 2694 καὶ
848 2675 914 2702 σφο-

115 2712 242 2748 δρότερος
262 2713 278 2739 ό
300 2712 402 2756 κρότος
424 2711 616 2748 ἐξερῤήγνυτο.
642 2711 691 2738 Διά
706 2711 796 2744 τοῦτο,
825 2712 915 2739 καίτοι

226 2758 282 2786 τῶν
290 2747 356 2794 είρη
361 2747 452 2794 μῖνων
459 2747 716 2793 παρεσκευασμένος
726 2759 814 2785 εἰπεῖν
836 2757 922 2790 ὑπερ-

144 2849 155 2885 _'
165 2848 235 2885 glas
243 2851 318 2885 C_ol_ly.
332 2849 473 2885 ἡμάρτομεν
483 2849 522 2874 καὶ
532 2849 718 2885 ῂνομήσαμενη.
731 2848 882 2885 ἐφυλᾴεαμεν.

111 2881 160 2940 ὦ
169 2882 240 2908 Unus
249 2881 328 2908 Colb.
346 2880 516 2915 ἐφαπτομένας.
532 2880 640 2911 Utraque
654 2880 727 2906 lectio
736 2881 857 2912 quadrare
870 2887 915 2912 po-

518 171 692 201 DIEMONES
713 172 783 200 NON
803 170 1021 201 GUBEBNARE
1039 172 1199 203 MUNDUM.
1220 174 1337 203 HOMIL.
1359 175 1380 203 l.

1699 177 1753 206 τεο

966 231 1032 267 έϐην
1045 232 1107 260 τότε
1133 234 1183 269 τὴν
1196 235 1377 270 συμμετρίαν·
1400 235 1500 271 μᾶλλον
1521 236 1549 264 δὲ
1562 236 1690 265 οὐδέποτε
1703 241 1755 274 τὴν

965 279 1138 314 συμμετρίαν
1160 280 1298 316 ὑπερέϐην
1322 281 1387 315 ἐγώ·
1407 281 1456 317 τὴν
1479 282 1533 319 γὰρ
1548 283 1685 320 ποσότητα
1704 285 1754 318 τῆς

965 324 1138 358 διδασκαλίας
1151 327 1181 353 οὐ
1198 326 1238 362 τῷ
1262 327 1360 363 πλήθει
1383 328 1437 355 τῶν
1453 329 1618 364 λεγομένων,
1636 330 1704 358 ἀλλά
1719 332 1754 366 τῇ

964 371 1083 399 διαθέσει
1094 372 1149 399 τῶν
1170 378 1181 393 ε
1201 374 1387 409 ἀκροωμένων
1412 377 1522 410 μετρεῖν
1536 375 1569 403 ἂν
1585 376 1703 411 πέφυκα.
1727 377 1756 403 ὐ

966 418 1017 453 μὲν
1030 418 1083 454 γὰρ
1098 419 1264 452 ναυτιῶντας
1277 420 1367 447 λαϐὼν
1381 421 1529 456 ἀκροατὰς,
1552 422 1603 449 κᾶν
1629 422 1755 458 συστείλῃ

965 463 1015 500 τὴν
1032 464 1218 498 διδασκαλίαν,
1245 467 1421 502 παρενοχλεῖν
1445 467 1527 494 δοκεῖ·
1551 469 1565 495 6
1587 468 1615 495 δέ
1637 468 1755 504 θερμοὺς

965 509 1013 537 καὶ¹
1028 510 1257 547 διεγηγερμένους
1275 513 1323 540 καὶ
1340 514 1484 549 νήφοντας,
1500 514 1552 541 κᾶν
1565 514 1674 550 ἐκτείνῃ
1687 515 1756 551 πρδς

966 556 1063 592 μῆκος.
1078 557 1138 583 οὐδὲ
1155 557 1227 585 οὕτω
1245 558 1295 594 τὴν
1309 559 1457 595 ἐπιθυμίαν
1470 560 1649 597 ἐμπίπλησιν.

1006 612 1076 639 Ἀλλ’
1088 613 1182 650 ἐπειδὴ
1198 614 1341 650 συμϐαίνει
1356 614 1426 643 εἶναί
1435 625 1513 649 τινας
1530 617 1576 644 καὶ
1588 618 1714 650 ἀσθενεῖς
1726 619 1756 646 ἐν

964 658 1044 695 δήμῳ
1053 660 1183 696 τοσούτῳ.
1197 661 1395 695 ἀδυνατοῦντας
1408 663 1646 700 παρακολουθῆσαι
1657 664 1697 700 τῷ
1706 666 1757 700 μή·

965 713 1009 730 κει
1033 705 1080 731 τοῦ
1095 705 1184 740 λόγου,
1202 708 1291 734 ἐκεῖνο
1313 708 1413 740 αὐτοὺς
1432 710 1596 745 παραινέσαι
1615 710 1756 746 βούλομαι,

965 749 1138 784 ἀκούσαντας
1151 752 1201 779 ὃσα
1215 753 1342 781 δύνανται
1356 754 1494 786 δέξασθαι,
1512 756 1558 782 καὶ
1574 756 1607 782 τὰ
1620 757 1757 792 ἀρκοῦντα

965 796 1097 830 λαϐόντας
1116 800 1305 836 ἀναχωρῆσαι·
1330 801 1418 834 οὐδεὶς
1438 803 1451 829 ό
1466 802 1578 830 κωλύων
1591 804 1651 830 οὐδὲ
1665 803 1758 839 βιαζό-

967 853 1047 879 μενος
1057 845 1128 882 πέρα
1137 847 1187 882 τῆς
1202 847 1306 880 οἰκείας
1326 848 1417 884 μένειν
1431 849 1582 884 δυνάμεως·
1603 850 1649 877 τὸν
1665 851 1757 886 μέντοι

965 890 1045 926 λόγον
1061 892 1099 928 μὴ
1108 893 1339 928 ἀναγκαζέτωσαν
1351 895 1403 931 πρὸ
1421 895 1467 921 τοῦ
1480 895 1575 932 καιροῦ
1588 896 1635 923 καὶ
1652 896 1703 932 τῆς
1716 897 1758 924 οί-

965 937 1045 970 κείας
1057 937 1133 974 ὥρας
1149 940 1351 968 συστέλλεσθαι.
1375 942 1561 978 Ἐνεπλήσθης
1577 942 1632 978 γὰρ
1647 943 1690 976 σὺ,
1700 943 1749 970 ἀλλ

965 985 979 1010 ὁ
992 986 1105 1020 ἀδελφός
1121 995 1168 1014 σου
1181 987 1221 1014 ἔτι
1238 988 1329 1023 πεινᾷ·
1357 988 1450 1015 καὶσὺ
1471 988 1581 1024 μεθύεις
1600 989 1639 1024 τῷ
1659 989 1758 1025 πλήθε.

965 1034 1020 1060 τῶν
1043 1034 1207 1070 εἰρημένων,
1223 1035 1280 1061 ἀλλ’
1293 1036 1307 1062 6
1320 1035 1436 1070 ἀδελφός
1461 1044 1507 1063 σου
1528 1036 1569 1062 ἐτι
1585 1036 1660 1072 διψᾷ.
1679 1037 1758 1072 Μήτι

965 1079 1069 1111 ἐκεῖνος
1101 1080 1266 1115 συντριϐέτω
1297 1089 1345 1107 σου
1379 1081 1429 1116 τὴν
1458 1081 1609 1116 ἀσθένειαν,
1637 1082 1758 1118 ἀναγκά-

966 1123 1020 1155 ζων
1031 1124 1116 1151 πλείω
1132 1124 1182 1159 τῆς
1205 1125 1310 1156 οἰκείας
1324 1125 1453 1157 δέξασθαι
1471 1127 1623 1162 δυνάμεως,
1640 1129 1709 1163 μήτε
1724 1129 1756 1156 σὺ

966 1170 1102 1206 ἐπηρέαζε
1110 1173 1142 1206 τῇ
1158 1171 1262 1198 ἐκείνου
1275 1171 1408 1209 ἐπιθυμίᾳ
1423 1173 1536 1200 κωλύων
1550 1173 1633 1209 ἅπαν,
1642 1175 1704 1202 ὅσον
1711 1172 1757 1202 δύὲ

965 1225 1044 1244 ναται
1058 1217 1196 1251 δέξασθαι,
1211 1218 1314 1246 λαϐεῖν.

1001 1279 1034 1314 β’.
1044 1279 1129 1307 Τοῦτο
1144 1281 1191 1307 κα)⁵
1206 1282 1252 1308 ἐπὶ
1265 1281 1320 1308 τῶν
1334 1282 1434 1314 ἔξωθεν
1447 1283 1552 1317 γίνεται
1565 1285 1719 1320 τραπεζῶν·
1732 1286 1757 1312 οί

967 1325 1016 1360 μὲν
1036 1326 1143 1358 θᾶττον,
1159 1328 1183 1353 οἱ
1199 1327 1227 1354 δὲ
1244 1327 1409 1364 βραδύτερον
1423 1329 1622 1365 ἐμπίπλανται,
1634 1331 1682 1358 καὶ
1695 1331 1757 1358 οὗτε

965 1368 1037 1398 οὗτοι
1051 1372 1213 1406 ἐγκαλοῦσιν
1227 1373 1353 1408 ἐκείνοις.
1366 1377 1428 1404 οὔτε
1438 1377 1536 1403 ἐκεῖνοι
1554 1377 1657 1405 τούτων
1672 1387 1758 1406 κατα-

964 1417 1155 1452 γινώσκουσιν·
1169 1419 1226 1446 ἀλλ’
1246 1420 1305 1447 ἐκεῖ
1320 1421 1369 1457 μὲν
1378 1420 1410 1448 τδ
1424 1421 1573 1459 ταχύτερον
1594 1423 1758 1460 ἀποστῆναι,

965 1464 1115 1500 ἐγκώμιον,
1131 1466 1247 1493 ἐνταῦθα
1260 1466 1288 1494 δέ
1309 1467 1339 1494 τὸ
1356 1468 1505 1504 ταχύτερον
1520 1470 1682 1506 ἀποστῆναι,
1698 1472 1759 1508 οὐχὶ

965 1511 1114 1547 ἐγκώμιον,
1133 1512 1202 1540 ἀλλά
1223 1513 1388 1550 συγγνώμης
1409 1514 1493 1547 ἀξιον·
1511 1516 1570 1543 ἐκεῖ
1583 1517 1614 1543 τὺ
1630 1517 1759 1553 βραδύτε-

967 1567 1013 1595 ρον
1029 1559 1196 1593 παύσασθαι,
1212 1562 1366 1596 κατηγορία
1392 1561 1439 1589 καὶ
1458 1562 1572 1598 μέμψις,
1586 1564 1704 1592 ἐνταῦθα
1727 1566 1759 1593 τὺ

966 1605 1130 1641 βραδύτερον
1144 1606 1304 1641 ἀποστῆναι.
1317 1607 1428 1639 ἔπαινος
1438 1608 1485 1634 καὶ
1495 1609 1617 1644 εὐφημία
1630 1611 1758 1646 μεγίστη.

965 1651 998 1677 Τί
1007 1651 1122 1686 δήποτε;
1145 1653 1207 1679 Ὅτι
1220 1653 1280 1679 ἐκεῖ
1303 1653 1353 1688 μὲν
1366 1653 1395 1686 ἐξ
1411 1654 1580 1689 ἁδδηφαγίας
1591 1656 1608 1691 ἡ
1624 1656 1758 1692 βραδύτης

965 1697 1081 1731 γίνεται,
1105 1697 1222 1725 ἐνταῦθα
1235 1698 1262 1725 δὲ
1277 1699 1305 1732 ἐξ
1320 1699 1468 1734 ἐπιθυμίας
1493 1701 1681 1738 πνευματικῆς
1711 1703 1759 1730 καὶ

966 1743 1040 1775 θείας
1048 1743 1187 1779 ὀρέξεωςή
1197 1745 1343 1780 παραμονὴ
1358 1744 1406 1771 καὶ
1417 1746 1433 1780 ὴ
1444 1745 1577 1781 καρτερία
1590 1747 1757 1775 συνίσταται.

1001 1788 1082 1815 Ἀλλὰ
1099 1789 1153 1816 τῶν
1164 1790 1214 1825 μὲν
1230 1791 1381 1826 προοιμίων
1401 1790 1471 1823 ἃλις·
1484 1792 1563 1827 ἡμεῖς
1572 1792 1600 1819 δὲ
1608 1792 1700 1820 λοιπὸν
1713 1795 1759 1821 ἐπὶ

964 1835 995 1861 τὺ
1007 1835 1089 1870 χρέος
1115 1836 1205 1862 ἐκεῖνο
1220 1835 1396 1872 βαδιούμεθα,
1419 1837 1488 1874 ὅπερ
1511 1838 1541 1871 ἐξ
1560 1839 1668 1875 ἐκείνης
1694 1840 1760 1876 ἡμῖν

965 1881 1115 1918 ὑπελείφθη
1131 1883 1182 1918 τῆς
1197 1883 1314 1919 ὴμέρας.
1328 1885 1361 1911 Τί
1371 1883 1418 1912 οὖν
1430 1886 1460 1912 τὸ
1471 1886 1616 1922 λεγόμενον
1626 1887 1688 1914 τότε
1707 1885 1758 1924 ἦν;

966 1928 1028 1955 Ὀτι
1048 1929 1097 1964 μία
1112 1930 1188 1965 φωνὴ
1215 1931 1297 1958 πᾶσιν
1324 1931 1480 1968 ἀνθρώποις
1505 1930 1550 1969 ἦν,
1572 1932 1698 1969 καθάπερ
1712 1935 1759 1962 καὶ

966 1974 1047 2009 φύσις
1062 1974 1120 2010 μία,
1130 1975 1178 2002 καὶ
1189 1975 1276 2008 οὐδεὶς
1291 1977 1457 2013 ἐτερόφωνος
1471 1978 1487 2013 ἢ
1499 1978 1542 2005 ἐτε
1548 1979 1700 2014 ρόγλωσσος
1713 1977 1758 2015 ἦν.

966 2019 1052 2046 Πόθεν
1064 2018 1111 2046 οὖν
1126 2022 1143 2056 ἡ
1159 2021 1280 2056 τοσαύτη
1297 2022 1452 2057 διαφωνία;
1472 2024 1538 2051 Ἀπὸ
1555 2025 1604 2062 τῆς
1622 2025 1759 2062 ῥᾳθυμίας

965 2064 1020 2090 τῶν
1032 2063 1169 2092 λαϐόντων
1180 2065 1211 2092 τὸ
1223 2066 1321 2102 δῶρον·
1333 2067 1405 2103 άπερ
1417 2068 1561 2104 ἀμφότερα
1574 2060 1635 2096 τότε
1646 2060 1759 2105 νείρήκα-

967 2119 1028 2146 μεν,
1051 2111 1100 2138 καὶ
1113 2111 1157 2139 διὰ
1168 2112 1216 2148 τῆς
1227 2113 1382 2149 ὁμοφωνίας
1391 2114 1440 2150 τὴν
1452 2114 1498 2142 τοῦ
1518 2115 1654 2143 Δεσπότου
1665 2116 1759 2151 φιλαν-

966 2156 1089 2193 θρωπίαν
1113 2158 1275 2192 δεικνύντες,
1283 2158 1330 2185 καὶ
1338 2158 1382 2186 διὰ
1392 2159 1438 2196 τῆς
1446 2159 1461 2186 δ
1471 2160 1593 2195 αφωνίας
1612 2162 1661 2198 τὴν
1668 2162 1759 2197 ἀγνω-

967 2203 1089 2239 μοσύνην
1103 2204 1158 2230 τῶν
1172 2211 1295 2232 οικετων.
1323 2206 1344 2232 0
1362 2206 1412 2241 μὲν
1427 2206 1482 2242 γὰρ
1498 2207 1544 2233 καὶ
1559 2207 1704 2242 προειδὼς,
1716 2208 1758 2235 ὅτι

965 2249 1120 2284 ἀπολοῦμεν
1134 2249 1164 2276 τὸ
1180 2250 1276 2286 δῶρον,
1299 2251 1374 2286 ὅμως
1388 2252 1496 2280 ἔδωκεν·
1515 2255 1538 2280 οί
1563 2254 1592 2280 δέ
1609 2255 1759 2290 ἐμπιστευ-

967 2293 1058 2326 θέντες
1065 2294 1141 2331 [249]
1148 2295 1228 2322 κακοὶ
1244 2297 1307 2332 περὶ
1319 2296 1366 2333 τὴν
1375 2299 1613 2335 παρακαταθήκην
1622 2300 1758 2334 ἐγένοντο.

966 2338 1014 2373 Εἷς
1024 2342 1073 2376 μέν
1088 2340 1136 2369 οὖν
1151 2342 1300 2376 ἀπολογίας
1309 2341 1386 2375 οὗτος
1400 2345 1414 2370 ὁ
1424 2345 1534 2381 τρόπος,
1549 2346 1590 2372 ὅτι
1606 2346 1655 2382 οὐχ
1666 2347 1680 2373 6
1693 2346 1760 2378 Θεὸς

966 2387 1078 2421 ἐξέϐαλε
1093 2388 1143 2424 τῆς
1155 2388 1272 2424 δωρεᾶς.
1297 2390 1354 2416 ἀλλ’
1366 2391 1447 2426 ἡμεῖς
1467 2392 1650 2428 ἀπωλέσαμεν
1665 2392 1700 2419 τά
1715 2392 1759 2419 δο-

967 2434 1057 2462 θέντα·
1075 2434 1200 2472 δεύτερος
1211 2436 1239 2463 δὲ
1254 2437 1312 2471 μετ’
1329 2437 1444 2469 ἐκεῖνον,
1452 2438 1493 2465 ὅτι
1503 2438 1613 2474 μείζονα
1624 2439 1678 2466 τῶν
1690 2439 1759 2466 ἀπο-

966 2481 1090 2508 λωλότων
1111 2482 1145 2509 τὰ
1168 2481 1278 2510 δοθέντα
1302 2483 1415 2520 ὕστερον
1430 2484 1575 2520 ἐλάϐομεν·
1594 2485 1655 2512 ἀντὶ
1670 2485 1759 2512 πόνων

967 2528 1143 2565 προσκαίρων
1158 2528 1289 2564 ἐτίμησεν
1301 2529 1404 2566 αἰωνίῳ
1417 2529 1484 2566 ζωῇ,
1496 2531 1558 2558 ἀντὶ
1571 2531 1699 2558 ἀκανθῶν
1712 2531 1759 2558 καὶ

966 2575 1098 2610 τριϐόλων
1111 2575 1157 2603 τδν
1175 2577 1282 2612 καρπὸν
1296 2576 1344 2604 τοῦ
1368 2577 1528 2613 Πνεύματος
1540 2578 1570 2605 ἐν
1583 2579 1644 2607 ταῖς
1658 2577 1760 2614 ψυχαῖς

967 2622 1046 2657 ἡμῶν
1081 2622 1232 2659 βλαστῆσαι
1263 2624 1480 2660 παρεσκεύασεν.
1508 2625 1592 2652 Οὺδέν
1618 2622 1653 2661 ἦν
1682 2625 1759 2652 εὐτε-

967 2669 1094 2705 λέστερον
1121 2670 1278 2706 ἀνθρώπου,
1307 2672 1355 2699 καὶ
1382 2671 1459 2699 οὐδὲν
1477 2672 1573 2707 γέγονε
1596 2672 1759 2708 τιμιώτερον

968 2713 1122 2748 ἀνθρώπου.
1135 2715 1173 2741 Τὸ
1186 2714 1300 2751 ἔσχατον
1315 2716 1397 2752 μέρος
1414 2717 1463 2752 τῆς
1481 2717 1595 2752 λογικῆς
1613 2717 1726 2749 κτίσιως
1744 2716 1759 2737 ά

968 2755 1045 2792 οὗτος
1057 2757 1108 2786 ἦν·
1120 2759 1178 2787 ἀλλ’
1195 2761 1220 2788 oi
1236 2761 1316 2794 πόδες
1329 2762 1452 2797 ἐγένοντο
1467 2762 1583 2799 κεφαλὴ,
1597 2763 1645 2790 καὶ
1658 2764 1698 2794 είς
1714 2762 1760 2789 τὸν

1001 2850 1012 2883 ’ξ
1023 2849 1132 2883 ςοιδειιε.
1144 2857 1209 2883 gnug
1220 2850 1280 2875 ἀλλὰ
1290 2853 1319 2882 τῇ
1329 2851 1446 2883 προθυμίᾳ
1454 2852 1510 2877 τῶν.

999 2879 1012 2899 ἀ
1033 2880 1100 2905 Unus
1111 2881 1179 2914 Colb_.
1202 2881 1298 2912 λογικῆς
1307 2879 1409 2914 ὴύάεωςς
1419 2879 1447 2908 εἰ
1458 2883 1496 2908 sic
1512 2881 1589 2908 Savil.
1601 2881 1626 2907 in
1639 2884 1720 2914 tum,
1733 2882 1760 2908 in

969 2918 1045 2944 marg.
1061 2918 1120 2937 vero
1132 2911 1240 2941 κτίσεως.
