1983 3125
204 132 224 160 2
231 133 259 160 ίῚ

208 189 302 224 θρόνον
317 186 505 222 άνηνέχθησαν
516 185 562 212 τὸν
582 184 722 220 βασιλικὸν
735 183 780 211 διὰ
794 183 842 218 τῆς
857 181 994 217 ἀπαρχῆς.

207 235 340 270 Καθάπερ
356 233 410 269 γὰρ
421 231 565 266 ἄνθρωπός
577 239 620 262 τις
632 230 772 265 φιλότιμος
784 229 830 256 καὶ
845 227 997 264 μεγαλόδω-

208 288 255 316 ρος
268 279 328 306 ἰδών
339 286 401 305 τινα
417 279 449 304 ὲκ
465 276 594 311 ναυαγίου
613 275 788 310 διαφυγόντα,
807 275 854 301 καὶ
870 273 900 299 τὸ
918 272 998 307 σῶμα

207 325 310 361 γυμνὸν
324 324 377 352 ἀπὺ
393 324 447 350 τῶν
461 323 590 358 κυμάτων
601 321 730 348 διασῶσαι
740 319 889 355 δυνηθέντα
905 318 996 353 μόνον,

208 373 354 409 δεξάμενος
372 371 482 403 ὑπτίαις
497 371 557 402 ταῖς
579 371 674 406 χερσὶ.
703 368 833 404 λαμπρὰν
854 368 996 404 περιϐάλοι

209 420 315 456 στολὴν,
333 419 379 445 καὶ
393 418 463 454 πρὸς
479 417 562 453 τιμὴν
579 417 677 450 ἀγάγοι
689 416 739 451 τὴν
753 414 885 442 ἀνωτάτω
896 422 903 429 ·
927 414 997 441 οὕτω

209 467 256 493 καὶ
267 467 281 492 6
297 465 362 497 Θεὸς
374 466 420 491 ἐπὶ
434 464 485 499 τῆς
505 463 613 498 φύσεως
628 463 677 497 τῆς
702 462 840 498 ἡμετέρας
865 462 978 496 εποίησε
988 470 996 477 ’

209 513 298 540 πάντα
307 511 453 542 ἀπέϐαλεν,
468 510 518 537 ὅσα
532 507 614 544 εἶχεν,
627 510 641 535 6
659 508 811 544 ἄνθρωπος,
822 507 872 544 τὴν
889 508 999 543 παρρη-

209 558 279 592 σίαν,
296 557 344 593 τὴν
359 556 427 592 πρὸς
444 555 510 582 Θεὸν
525 555 644 589 ὁμιλίαν,
671 553 720 589 τὴν
737 554 766 580 έν
784 553 824 588 τῷ
841 553 998 589 παραδείσῳ

207 604 355 639 διαγωγὴν,
373 603 418 630 τὸν
444 601 634 637 ἀταλαίπωρον
663 600 731 635 βίον,
759 600 805 626 καὶ
824 599 949 635 καθάπερ
967 601 999 626 ὲκ

208 650 349 685 ναυαγίου,
365 650 468 685 γυμνὸς
480 647 583 675 ὲκεῐθεν
601 647 725 682 ἐξῆλθεν·
734 646 790 673 ἀλλ’
803 647 818 673 6
832 645 898 677 Θεὸς
915 646 998 672 αὑτὸν

207 697 353 732 δεξάμενος
366 695 551 732 περιέστειλεν
563 694 674 726 εὐθέως,
686 694 732 720 καὶ
747 692 818 720 κατὰ
830 693 928 728 μικρὸν
943 701 1000 728 χει-

210 744 343 779 ραγωγῶν
355 743 423 779 πρὸς
440 742 486 769 τὸν
502 742 616 777 οὐρανὸν
633 741 772 776 ἀνήγαγε·
794 740 882 767 καίτοι
896 740 946 766 οὺκ
964 737 998 774 ἦν

209 790 374 826 συγγνώμης
385 789 416 816 τὸ
431 789 558 824 ναυάγιον
577 787 661 821 ἀξιον,
678 788 715 814 Οὺ
729 787 784 822 γὰρ
798 787 874 823 παρά
887 786 936 821 τὴν
945 786 999 812 τῶν

209 837 372 873 πνευμάτων
388 838 458 873 βίαν,
472 839 538 865 ἀλλά
557 838 633 874 παρὰ
649 839 698 874 τὴν
712 837 759 864 τοῦ
775 837 902 868 πλέοντος
914 834 998 871 ρᾳθυ-

210 884 274 919 μίαν
285 884 357 912 άπαν
376 884 473 920 συνέΰη
487 885 517 911 τὸ
529 884 673 911 κλυδώνιον
688 883 776 911 τοῦτο.

251 939 319 966 Ἀλλ’
333 939 364 966 οὐ
379 939 446 975 πρὸς
461 939 540 966 τοῦτο
552 938 621 966 εἶδεν
637 941 651 966 6
666 939 741 972 Θεὸς,
759 939 827 966 ἀλλά
839 939 868 966 τὸ
886 938 999 975 μέγεθος

207 983 258 1017 τῆς
271 985 413 1019 συμφορᾶς
435 984 598 1019 κατηλέησε,
611 984 659 1010 καὶ
673 985 719 1011 τὸν
731 985 760 1011 ἐν
772 983 862 1019 λιμένι
880 984 1000 1010 παθόντα

208 1028 346 1062 ναυάγιον,
361 1028 486 1063 καθάπερ
506 1029 534 1054 ὲν
555 1028 631 1063 μέσῳ
649 1028 688 1063 τῷ
706 1028 820 1062 πελάγει
842 1027 921 1054 τοῦτο
934 1027 1001 1054 ὑπο-

210 1072 350 1107 μείναντα,
364 1071 436 1099 οΰτω
455 1072 625 1107 φιλοφρόνως
647 1072 771 1104 ἐδέξατο·
786 1072 817 1098 τὸ
833 1071 888 1106 γάρ
905 1072 933 1098 ὲν
949 1080 1002 1098 πα-

209 1116 326 1151 ραδείσῳ
340 1117 443 1148 πεσεῖν,
457 1117 486 1142 ἐν
505 1115 595 1151 λιμένι
611 1116 740 1150 ναυάγιόν
755 1116 829 1142 ἐστιν
842 1116 998 1150 ὑπομεῖναι.

208 1159 371 1195 Τίδήποτε;
387 1161 448 1186 ’Ότι
472 1160 578 1187 οὐδέπω
601 1159 702 1195 λύπης,
723 1160 830 1186 οὐδέπω
848 1160 999 1195 φροντίδος,

208 1203 268 1230 οὐδὲ
284 1205 383 1235 πόνων,
399 1203 458 1230 οὐδὲ
475 1203 595 1239 μόχθων,
609 1203 669 1230 οὐδὲ
682 1203 736 1230 τῶν
755 1204 859 1239 μυρίων
875 1205 926 1239 τῆς
942 1205 1002 1231 ὲπι-

208 1248 309 1283 θυμίας
323 1248 453 1283 κυμάτων
466 1247 697 1282 ἐπι-κωμαζόντων
713 1249 745 1283 τῇ
758 1248 839 1282 φύσει
852 1250 886 1284 τῇ
903 1248 1002 1284 ἡμετέ-

209 1301 254 1328 ρᾳ,
273 1291 455 1327 ὑπεσκελίσθη
468 1292 515 1318 καὶ
532 1292 677 1318 κατέπεσε.
700 1291 752 1318 Καὶ
768 1293 894 1328 καθάπερ
911 1293 936 1318 οἱ
953 1291 1002 1328 τὴν

211 1337 347 1364 θάλατταν
362 1337 490 1369 πλέοντες
502 1336 661 1372 κακοῦργοι,
678 1336 769 1373 μικρῷ
786 1337 888 1373 σιδήρῳ
901 1337 1002 1364 πολλά-

210 1391 253 1414 κις
268 1382 317 1418 τὴν
331 1382 397 1409 ναῦν
416 1382 620 1418 διατρήσαντες,
633 1383 742 1410 ἅπασαν
761 1383 936 1417 ἐπεισάγουσι
951 1383 1002 1409 κά-

208 1425 294 1452 τωθεν
314 1426 352 1462 τῷ
368 1426 453 1462 πλοίῳ
476 1427 526 1462 τὴν
550 1426 702 1454 θάλατταν·
730 1427 803 1454 οὕτω
823 1427 855 1463 δὴ
875 1427 923 1454 καὶ
941 1427 1003 1454 τότε

213 1471 274 1498 ἰδὼν
286 1471 316 1498 τὸ
341 1471 433 1498 πλοῖον
452 1471 498 1498 τοῦ
520 1471 605 1506 ’Δδάμ
618 1473 632 1498 6
656 1471 789 1503 διάϐολος,
813 1472 937 1498 τουτέστι
953 1471 1002 1508 τὴν

210 1516 298 1551 ψυχὴν
315 1515 421 1542 πολλῶν
432 1516 572 1551 γέμουσαν
584 1516 706 1550 ἀγαθῶν,
723 1516 818 1552 ὥσπερ
830 1517 884 1543 τινὶ
902 1516 1004 1552 σιδήρῳ

212 1560 313 1596 μικρῷ,
339 1562 372 1596 τῇ
405 1560 470 1595 ψιλῇ
499 1562 573 1596 φωνῇ
590 1560 747 1596 προσελθὼν
773 1561 820 1587 καὶ
843 1560 1002 1597 διατρήσας,

212 1606 319 1632 ἅπαντα
335 1605 468 1631 ἐκένωσεν
479 1605 584 1631 ἐκείνου
595 1605 642 1632 τὸν
656 1605 782 1636 πλοῦτον,
798 1606 846 1632 καὶ
858 1605 888 1631 τὺ
901 1605 1004 1640 σκάφος

211 1649 278 1676 αὐτὸ
287 1649 445 1676 κατέδυσεν.
470 1649 539 1676 Ἀλλ’
554 1650 568 1676 6
578 1649 645 1681 Θεὸς
660 1649 746 1685 μείζω
758 1651 808 1684 τῆς
835 1649 937 1685 ζημίας
954 1651 1005 1684 τὴν

212 1694 347 1728 ἐμποριαν
361 1693 519 1729 ἐποιήσατο,
535 1693 582 1720 καὶ
595 1693 664 1729 πρὸς
678 1694 723 1720 τὸν
738 1694 832 1729 θρόνον
843 1694 889 1720 τὸν
901 1693 1005 1727 βασιλι-

212 1737 260 1762 κὸν
269 1736 319 1772 τὴν
330 1736 411 1771 φύσιν
425 1737 547 1772 ἀνήγαγε
560 1737 609 1772 τὴν
622 1738 769 1773 ἡμετέραν.
785 1737 829 1763 Διὸ
842 1737 889 1764 καὶ
901 1737 1005 1769 Παῦλος

213 1780 272 1816 βοᾷ,
286 1781 373 1814 λέγων
386 1789 393 1797 ·
409 1781 572 1815 Συνήτειρε
589 1781 638 1808 καί
654 1781 857 1808 συνεκάθισεν·
868 1781 946 1816 ἡμᾶς
971 1782 1006 1808 ἐν

212 1825 296 1859 δεξιᾷ
310 1826 405 1853 αὑτοῦ
415 1827 450 1852 ἐν
466 1826 528 1859 τοῖς
542 1827 732 1861 ἐπουρανίοις
741 1847 749 1858 ,
769 1827 820 1854 ἵνα
836 1827 1005 1861 ἐνδείξηται

211 1869 247 1895 ἐν
254 1869 317 1902 τοῖς
325 1869 412 1896 αίῶσι
421 1869 484 1903 τοῖς
494 1870 705 1905 ἐπερχομένοις
714 1871 768 1898 τὸν
776 1871 1006 1905 ὑπερϐάλλοντα

212 1913 348 1940 πλοῦτον
370 1914 426 1948 τῆς
448 1914 571 1949 χάριτος
589 1914 683 1942 αὐτοῦ
703 1915 739 1942 ὲν
754 1916 933 1950 χρηστότητι
958 1916 1005 1951 ἐφ’

212 1957 302 1992 ἡμᾶς.
316 1958 349 1984 Τί
365 1958 470 1993 λέγεις;
487 1959 539 1994 ἤδη
559 1960 589 1986 τὸ
613 1960 729 1995 πρᾶγμα
743 1961 839 1994 γέγονε
865 1960 912 1987 καὶ
929 1960 1006 1993 τέλος

212 2001 281 2036 ἔχει,
296 2002 343 2029 καὶ
371 2002 474 2037 λέγεις·
494 2003 558 2030 Ἵνα
583 2003 695 2036 ἐντοῖς
722 2003 809 2030 αὶῶσι
837 2003 1006 2037 ἐνδείξηται

213 2046 276 2079 τοῖς
291 2047 565 2081 ἐπερχομένοις;οὑ
579 2048 633 2083 γὰρ
650 2047 802 2080 ἐνεδείξατο
815 2057 822 2081 ;
840 2048 1006 2080 Ἐνεδείξατο

215 2089 265 2125 μὲν
284 2090 347 2125 ἤδη,
360 2090 420 2117 ἀλλ’
439 2091 499 2126 οὐχὶ
515 2092 599 2118 πᾶσιν
616 2091 770 2127 ἀνθρώποις
781 2112 788 2123 ,
814 2092 872 2119 ἀλλ’
889 2093 951 2127 ἐμοὶ
967 2091 1006 2127 τῷ

215 2132 311 2168 πιστῷ·
338 2135 353 2161 6
365 2134 393 2160 δὲ
407 2135 521 2166 ἄπιστος
537 2135 644 2162 οὐδέπω
658 2136 688 2162 τὸ
702 2135 795 2171 θαῦμα
809 2134 872 2163 εἶδε.
889 2136 956 2163 Τότε
977 2136 1006 2163 δὲ

215 2178 244 2204 ὲν
260 2178 353 2215 ἐκείνῃ
367 2180 400 2214 τῇ
417 2179 508 2215 ἡμέρᾳ
519 2180 593 2206 πᾶσα
609 2180 690 2215 ἡτῶν
705 2179 857 2215 ἀνθρώπων
869 2180 950 2214 φύσις
965 2182 1006 2212 εἰς

216 2221 298 2256 μέσον
316 2223 430 2249 ἐλθοῦσα
446 2223 615 2259 θαυμάσεταί
625 2224 656 2250 τὸ
670 2225 864 2260 γεγενημένον,
876 2225 962 2256 ἄλλως
975 2233 1005 2251 τε

215 2267 263 2293 καὶ
276 2267 342 2302 ἡμῖν
356 2268 417 2294 τότε
438 2268 628 2304 φανερώτερον
656 2269 744 2296 ἐσται.
768 2270 937 2306 Πιστεύομεν
951 2270 1006 2306 γὰρ

215 2311 261 2336 καὶ
273 2311 331 2343 νῦν,
345 2311 401 2338 ἀλλ’
415 2311 491 2348 [250]
507 2313 555 2348 οὐχ
565 2313 666 2348 ὁμοίως
680 2313 711 2339 τὸ
730 2313 824 2349 θαῦμα
839 2314 1006 2349 παρίστησιν

215 2354 284 2389 ἀκοὴ
299 2355 346 2382 καὶ
357 2356 432 2390 ὄψις·
445 2356 503 2383 ἀλλ’
514 2357 608 2392 ὥσπερ
623 2357 669 2384 ἐπὶ
680 2358 735 2385 τῶν
747 2357 881 2392 βασιλέων
898 2357 1010 2385 ἀκούον-

216 2408 261 2432 τες
274 2399 323 2435 τὴν
340 2400 486 2436 ἁλουργίδα
500 2402 586 2429 καὶτὸ
599 2402 719 2438 διάδημα
735 2403 783 2429 καὶ
795 2403 830 2430 τὰ
839 2404 928 2439 χρυσᾶ
944 2403 1007 2438 ἱμά-

216 2453 262 2470 τια
279 2445 326 2471 καὶ
340 2445 384 2471 τὸν
402 2445 496 2481 θρόνον
510 2446 556 2472 τὸν
573 2446 711 2481 βασιλικὸν
723 2466 731 2479 ,
750 2447 930 2483 θαυμάζομεν
945 2448 1006 2483 μὲν,

219 2489 351 2524 μειζόνως
375 2489 404 2516 δὲ
421 2489 499 2516 τοῦτο
523 2490 675 2526 πάσχομεν,
693 2491 757 2518 ὅταν
769 2491 823 2519 τῶν
845 2500 1007 2528 παραπετα-

219 2534 331 2568 σμάτων
354 2534 586 2562 συνελκυσθέντων
615 2536 715 2571 ἴδωμεν
730 2537 811 2563 αὑτὸν
835 2537 877 2571 ἐφ’
903 2536 1007 2572 ὑψηλοῦ

218 2578 264 2606 τοῦ
283 2579 404 2614 βήματος
414 2580 623 2616 προκαθήμενον
635 2589 641 2595 ·
655 2581 727 2608 οὕτω
743 2582 791 2609 καὶ
814 2582 861 2609 ἐπὶ
880 2581 928 2608 τοῦ
949 2583 1006 2609 Μο-

219 2624 344 2657 νογενοῦς
355 2632 361 2638 ·
379 2625 443 2651 ὅταν
453 2623 551 2659 ἴδωμεν
563 2625 597 2652 τά
610 2626 849 2661 παραπετάσματα
861 2626 915 2653 τῶν
924 2626 954 2652 οὑ
960 2635 1007 2661 ρα-

219 2669 272 2695 νῶν
300 2668 522 2701 συνελκυσθέντα,
541 2669 589 2696 καὶ
609 2670 807 2697 καταϐαίνοντα
830 2669 874 2697 τὸν
895 2670 1006 2705 βασιλέα

219 2713 273 2740 τῶν
286 2713 410 2749 ἀγγέλων
435 2713 538 2741 ἐκεῖθεν
553 2715 600 2741 καὶ
625 2714 859 2751 δορυφορούμενον
879 2715 932 2741 ὑπὸ
951 2715 1007 2741 τῶν

219 2758 351 2792 οὐρανίων
360 2758 463 2793 δήμων,
476 2759 537 2785 τότε
549 2757 642 2794 μεῖζον
655 2759 708 2785 ἀπὸ
719 2760 769 2794 τῆς
780 2759 867 2794 ὅψεως
877 2760 906 2786 τὸ
916 2759 1008 2794 θαῦμα

219 2802 363 2838 δεχόμεθα.
387 2803 527 2838 Ἐννόησον
541 2804 595 2839 γάρ
620 2812 664 2839 μοι
677 2823 684 2836 ,
708 2801 764 2831 οἷόν
780 2804 854 2831 ἐστιν
881 2804 942 2832 ίδεῖν
959 2805 1007 2839 τὴν

220 2846 301 2881 φύσιν
318 2847 367 2883 τὴν
386 2847 523 2884 ἡμετέραν
549 2848 596 2874 ἐπὶ
620 2849 675 2876 τῶν
692 2849 831 2884 Χερουϐὶμ
843 2849 1005 2884 ὀχουμένην,

548 131 577 159 S.
597 128 743 158 JOANNIS
761 124 1006 156 CHRYSOSTOMI
1026 124 1185 154 ARCHIEP.
1202 126 1476 155 CONSTANTINOP.

1783 124 1840 153 248

1049 183 1096 209 καὶ
1112 184 1202 210 πᾶσαν
1212 183 1280 219 αὐτῇ
1295 184 1345 219 τὴν
1357 183 1506 219 ἀγγελικὴν
1519 185 1742 220 περικεχυμένην
1758 184 1842 211 δυνα-

1050 237 1106 264 μιν.

1083 278 1119 309 γ’.
1135 275 1234 302 Σκόπει
1246 275 1275 302 δέ
1291 283 1335 310 μοι
1349 275 1396 302 καὶ
1405 275 1454 311 τὴν
1463 275 1571 303 Παύλου
1579 277 1686 310 σοφίαν,
1699 277 1772 304 πόσα
1781 276 1843 303 ὀνό-

1049 329 1122 356 ματα
1137 322 1268 356 ἐπιζητεῖ,
1280 321 1350 348 ὥστε
1361 322 1534 359 παραστῆσαι
1552 322 1599 349 τοῦ
1616 323 1683 350 Θεοῦ
1703 323 1755 358 τὴν
1777 323 1843 349 ωιλ-

1047 367 1217 403 ανθρωπίαν.
1233 368 1271 395 Οὐ
1288 367 1343 403 γὰρ
1359 366 1436 396 εἷπεν
1448 369 1542 401 ἁπλῶς
1553 370 1603 405 τὴν
1617 370 1707 405 χάριν,
1719 370 1780 396 οὐδὲ
1794 369 1843 396 τὸν

1048 413 1163 440 πλοῦτον
1174 413 1276 446 ἁπλῶς,
1294 414 1364 441 ἀλλὰ
1375 414 1403 440 τί
1408 423 1415 447 ;
1433 415 1490 442 Τὸν
1502 415 1731 449 ὑπερϐάλλοντα
1743 412 1843 442 πλοῦ-

1047 467 1102 486 τον
1116 458 1171 493 τῆς
1181 459 1346 496 χάριτοςρν
1360 460 1549 494 χρηστότητι.
1568 459 1637 486 Ἀλλ’
1650 460 1725 494 ὅμως
1737 460 1784 486 καὶ
1796 458 1842 485 03-

1047 513 1102 538 Ιτως
1114 506 1239 540 ἡτόνησε.
1257 506 1312 532 Καὶ
1327 505 1452 540 καθάπερ
1469 505 1504 532 τὰ
1522 505 1654 540 ὀλισθηρὰ
1666 505 1721 531 τῶν
1746 505 1844 538 σωμά-

1048 559 1103 577 των
1122 551 1232 586 μυρίαις
1249 551 1419 586 κατεχόμενα
1429 551 1518 587 χερσὶ,
1536 551 1676 585 διαφεύγει
1692 551 1743 582 τὰς
1756 550 1844 582 λαϐὰς

1050 596 1128 632 ἡμῶν
1143 597 1189 624 καὶ
1201 597 1374 624 διολισθαίνει
1386 597 1485 633 ῥαδίως
1494 606 1500 612 ·
1513 597 1584 624 οὕτω
1595 598 1642 624 καὶ
1651 597 1701 633 τὴν
1713 597 1761 624 τοῦ
1773 597 1844 624 Θεοῦ

1050 643 1264 679 φιλανθρωπίαν,
1280 644 1353 676 ὅσοις
1362 643 1396 671 ἂν
1411 644 1495 680 αὐτὴν
1506 645 1686 679 κατάσχωμεν
1699 644 1844 680 ὀνόμασιν,

1050 688 1109 715 οὐδὲ
1126 689 1197 716 οὕτω
1210 689 1349 724 δυνάμεθα
1365 689 1532 726 περιλαϐεῖν,
1550 689 1618 716 ἀλλά
1631 690 1695 726 νικᾷ
1714 690 1745 717 τὸ
1761 690 1846 725 μέγε-

1050 733 1096 765 θος
1111 733 1198 768 αὐτῆς
1213 734 1245 760 ὲκ
1263 734 1364 770 πολλῆς
1386 734 1546 769 περιουσίας
1561 735 1614 762 τῶν
1631 736 1776 770 ἡμετέρων
1795 736 1842 770 ῥη-

1052 778 1144 814 μάτων
1158 778 1206 814 τὴν
1221 779 1331 805 ἀτονίαν
1345 785 1369 806 ι.
1386 780 1476 815 Ὅπερ
1492 778 1538 807 οὖν
1548 781 1596 807 καὶ
1609 781 1716 813 Παῦλος
1736 781 1845 810 παθὼν.

1051 823 1098 850 καὶ
1111 823 1172 850 ἰδὼν
1192 824 1354 859 ἡττωμένην
1377 824 1432 851 τῶν
1446 826 1576 860 ῥημάτιον
1596 825 1645 861 τὴν
1668 825 1784 861 δύναμιν
1797 825 1846 852 τοῦ

1052 869 1185 904 μεγέθους
1206 869 1301 904 αὐτῆς,
1322 869 1351 896 ἓν
1372 869 1457 896 εἰπὼν
1471 871 1547 906 ῥῆμα
1572 871 1689 906 ἀπέστη.
1719 871 1800 897 Ποῖον
1817 870 1847 897 δὲ

1050 914 1145 947 τοῦτο;
1164 914 1251 948 Χάρις
1266 914 1301 940 δὲ
1315 914 1355 947 τῷ
1371 914 1433 946 Θεῷ
1447 915 1496 941 ἐπὶ
1513 913 1551 948 τῇ
1572 914 1780 949 ἀνεκδιηγήτῳ
1795 916 1849 941 αὺ-

1050 961 1105 988 τοῦ
1121 960 1226 995 δωρεᾷ.
1239 960 1308 987 Οὕτε
1325 960 1380 996 γὰρ
1396 960 1485 994 λόγος,
1498 960 1560 987 οὔτε
1573 960 1635 992 νοῦς
1653 960 1742 992 οὐδεὶς
1758 969 1850 996 παρα-

1053 1006 1148 1041 στῆσαι
1164 1006 1308 1041 δυνήσεται
1319 1005 1367 1032 τοῦ
1378 1006 1446 1032 Θεοῦ
1460 1005 1508 1042 τὴν
1521 1006 1693 1041 κηδεμονίαν.
1707 1006 1758 1033 Διὰ
1768 1007 1851 1033 τοῦτο

1051 1052 1168 1080 ἐνταῦθα
1180 1053 1229 1088 μὲν
1237 1052 1434 1088 ἀνεκδιὴγητον
1447 1053 1532 1089 αὐτὴν
1541 1051 1610 1080 εἷναί
1621 1062 1715 1089 φησιν.
1728 1053 1850 1089 ἀλλαχοῦ

1051 1096 1092 1128 δὲ,
1109 1097 1214 1124 καὶτὸν
1226 1097 1289 1124 νοῦν
1313 1098 1392 1133 ἡμῶν
1408 1098 1594 1133 ὑπερϐαίνειν,
1611 1099 1712 1142 ιδτωσὶ
1737 1099 1828 1134 λέγων
1841 1108 1849 1115 ·

1057 1142 1088 1171 Ἠ
1102 1143 1207 1177 εἰρήνη
1229 1143 1283 1171 τοῦ
1304 1143 1378 1170 Θεοῦ
1401 1145 1419 1178 ὴ
1438 1144 1631 1178 ὑπερέχουσα
1647 1145 1748 1171 πάντα
1772 1145 1854 1173 νοῦν

1052 1188 1217 1223 φρουρήσει
1232 1189 1286 1221 τὰς
1299 1189 1425 1223 καρδίας
1436 1189 1529 1224 ὑμῶν.

1096 1242 1165 1270 Ἀλλ’
1176 1244 1244 1279 ὅπερ
1256 1243 1360 1278 ἔλεγον,
1385 1243 1433 1270 δύο
1457 1244 1507 1279 μὲν
1519 1241 1591 1272 οὗτοι
1616 1245 1686 1277 τέως
1699 1246 1853 1280 ἀπολογίας

1054 1288 1183 1324 εὕρηνται
1201 1290 1308 1325 τρόποι,
1320 1287 1361 1322 εἷς
1390 1289 1450 1325 μὲν,
1464 1291 1506 1317 ὅτι
1518 1291 1566 1325 οὐχ
1586 1291 1600 1317 6
1618 1291 1684 1323 Θεὸς
1710 1290 1852 1325 ἐξέϐαλεν,

1055 1335 1112 1362 ἀλλ’
1126 1336 1207 1370 ἡμεῖς
1221 1335 1414 1370 άπωλέσαμεψ
1430 1336 1556 1372 δεύτερος
1571 1336 1609 1368 δὲ,
1628 1337 1668 1363 ὅτι
1686 1337 1774 1364 πλείω
1797 1338 1854 1365 τῶν

1055 1381 1234 1408 ἀπολωλότων
1260 1381 1308 1409 καὶ
1330 1381 1443 1417 μείζονα
1468 1383 1503 1408 τά
1528 1381 1641 1408 δοθέντα
1663 1383 1732 1417 ἡμῖν
1745 1382 1852 1416 ἀγαθά.

1055 1426 1190 1462 Βούλομαι
1201 1427 1230 1453 δὲ
1247 1427 1294 1453 καὶ
1313 1427 1404 1463 τρίτον
1425 1428 1521 1454 εἰπεῖν.
1544 1427 1591 1459 Τίς
1606 1425 1653 1454 οῦν
1670 1428 1746 1454 ἐστιν
1761 1429 1776 1454 6
1792 1428 1854 1464 τρί-

1054 1482 1117 1506 τοςς
1137 1474 1198 1500 Ὀτι
1214 1474 1238 1500 εί
1249 1473 1296 1500 καὶ
1311 1473 1348 1509 μὴ
1362 1473 1444 1500 ἔδωκε
1461 1472 1547 1508 μείζω
1559 1473 1612 1500 τῶν
1625 1473 1808 1501 ἀπολωλότων
1819 1474 1854 1501 τὰ

1056 1519 1125 1556 μετά
1136 1519 1233 1551 ταῦτα,
1250 1518 1307 1546 ἀλλ’
1331 1519 1458 1554 ἀφείλετο
1473 1520 1553 1555 μόνον
1579 1520 1612 1547 τὰ
1639 1520 1752 1548 δοθέντα
1772 1522 1852 1557 ἡμῖν,

1053 1568 1070 1602 ἡ
1076 1566 1133 1602 μῶν
1145 1566 1320 1602 παρεχόντων
1327 1566 1378 1601 τὴν
1389 1565 1479 1592 αἰτίαν
1490 1566 1580 1600 (τοῦτο
1587 1566 1642 1602 γὰρ
1654 1567 1852 1602 προσκείσθω)-

1055 1613 1103 1640 καὶ
1118 1612 1198 1639 τοῦτο
1225 1612 1317 1640 ἰκανὸν
1330 1612 1391 1638 καθ’
1407 1611 1489 1638 ἑαυτὸ
1504 1612 1590 1645 δεῖξαι
1614 1612 1664 1647 τὴν
1685 1613 1855 1649 κηδεμονίαν

1055 1659 1138 1687 αὑτοῦ
1153 1660 1202 1695 τὴν
1219 1660 1259 1691 είς
1273 1659 1359 1694 ἡμᾶς.
1384 1658 1421 1685 Οὐ
1441 1658 1495 1694 γάρ
1510 1658 1541 1685 τὸ
1558 1658 1649 1685 δοῦναι
1666 1659 1757 1693 μόνον,
1783 1659 1855 1686 ἀλλὰ

1055 1707 1102 1734 καὶ
1114 1706 1144 1733 τὸ
1156 1705 1305 1741 ἀφελέσθαι
1315 1705 1350 1731 τὰ
1364 1704 1485 1736 δοθέντα,
1500 1704 1632 1740 μεγίστης
1643 1704 1855 1741 φιλανθρωπίας

1055 1753 1129 1778 ὲστί·
1143 1752 1200 1784 καὶ,
1218 1752 1243 1778 εί
1258 1750 1399 1785 βούλεσθε,
1416 1751 1462 1777 ἐπὶ
1470 1750 1517 1776 τοῦ
1532 1750 1696 1786 παραδείσου
1711 1751 1759 1777 τὸν
1773 1751 1854 1785 λόγον

1056 1796 1374 1833 γυμνάσωμεννἝδωκε
1389 1796 1435 1823 τὸν
1448 1795 1613 1832 παράδεισον
1623 1805 1630 1812 ⁸
1649 1797 1728 1824 τοῦτο
1742 1797 1793 1833 τῆς
1806 1797 1856 1824 αὖ-

1056 1844 1103 1872 τοῦ
1116 1843 1280 1880 κηδεμονίας
1289 1851 1296 1858 ·
1313 1843 1418 1877 ἀνάξιοι
1432 1842 1483 1878 τῆς
1496 1843 1601 1878 δωρεᾶς
1614 1843 1761 1879 ὤφθημεν·
1772 1844 1855 1870 τοῦτο

1056 1891 1106 1926 τῆς
1123 1890 1261 1926 ἡμετέρας
1285 1889 1498 1925 ἀγνωμοσύνης·
1522 1889 1649 1924 ἀφείλετο
1669 1890 1719 1926 τὴν
1747 1889 1855 1926 δωρεὰν

1057 1937 1176 1970 ἀναξίοις
1189 1936 1344 1972 γενομένοις
1354 1944 1361 1950 ·
1372 1936 1451 1963 τοῦτο
1464 1936 1514 1972 τῆς
1528 1935 1610 1963 αὑτοῦ
1623 1936 1736 1971 γέγονεν
1753 1936 1854 1971 ἀγαθό-

1055 1992 1146 2019 τητος.
1166 1984 1223 2010 Καὶ
1239 1983 1305 2009 ποία
1317 1983 1464 2019 ἀγαθότης,
1485 1983 1563 2018 φησὶ,
1583 1983 1613 2010 τὸ
1635 1983 1786 2017 ἀφελέσθαι
1803 1985 1856 2019 τὴν

1056 2030 1180 2065 δωρεάν;
1202 2029 1371 2064 Ἀνάμεινον,
1389 2030 1436 2056 καὶ
1449 2029 1554 2065 ἀκούσῃ
1567 2029 1685 2061 πάντως.
1707 2030 1855 2066 Ἐννόησον

1057 2076 1111 2111 γὰρ
1127 2075 1169 2108 τίς
1180 2075 1293 2111 ἔμελλεν
1306 2076 1320 2101 ό
1340 2075 1410 2102 Κάῖν
1432 2075 1552 2107 ἔσεσθαι,
1567 2076 1596 2102 έν
1619 2076 1778 2111 παραδείσῳ
1796 2076 1856 2103 δια-

1057 2122 1160 2158 τρίὸων
1185 2121 1255 2157 μετά
1276 2121 1326 2156 τὴν
1342 2122 1511 2157 μιαιφονίαν.
1534 2122 1568 2149 El
1585 2123 1641 2157 γὰρ
1660 2123 1708 2149 καὶ
1726 2123 1855 2149 ἐκπεσὼν

1058 2169 1165 2204 ἐκείνης
1179 2169 1229 2204 τῆς
1250 2168 1374 2202 διαίτης,
1394 2168 1417 2194 εί
1433 2168 1526 2203 μόχθῳ
1546 2168 1594 2194 καὶ
1607 2167 1682 2203 πόνῳ
1699 2169 1853 2195 καταδικα-

1060 2215 1133 2247 σθεὶς
1159 2215 1207 2242 καὶ
1228 2215 1276 2241 τοῦ
1295 2214 1411 2241 θανάτου
1436 2214 1484 2249 τὴν
1512 2214 1627 2249 ἀπειλὴν
1654 2214 1855 2252 ὲπηρτημένην

1058 2262 1140 2298 ὁρῶν,
1150 2263 1174 2288 εί
1187 2261 1233 2288 τοῦ
1246 2261 1349 2297 πατρὸς
1364 2261 1417 2296 πρὸ
1430 2260 1638 2296 τῶνρφθαλμῶν
1655 2259 1763 2295 βλέπων
1775 2259 1854 2297 [251]

1058 2309 1107 2344 τὴν
1125 2307 1267 2343 συμφορὰν
1282 2307 1329 2334 καὶ
1341 2307 1370 2332 ἐν
1384 2307 1478 2341 χερσὶν
1489 2306 1558 2341 ἔχων
1580 2305 1620 2332 ἔτι
1636 2306 1686 2342 τῆς
1701 2306 1789 2341 ὀργῆς
1806 2305 1854 2333 τοῦ

1059 2354 1126 2381 Θεοῦ
1143 2354 1178 2380 τά
1196 2354 1266 2389 τχνη,
1282 2353 1329 2380 καὶ
1341 2352 1479 2384 τοσούτοις
1504 2352 1777 2387 περιεστοιχισμένος
1802 2352 1856 2378 δει-

1059 2403 1125 2434 νοῖς,
1141 2402 1181 2433 είς
1194 2400 1320 2428 τοσοῦτον
1339 2399 1496 2433 ἑξελάκτισε
1512 2399 1655 2435 πονηρίας,
1676 2399 1742 2426 ὣστ’
1755 2398 1856 2434 ἀγνοῆ-

1060 2457 1105 2475 οαι
1121 2448 1170 2484 τὴν
1188 2447 1279 2482 φύσιν,
1307 2448 1354 2474 καὶ
1371 2445 1547 2474 ἐπιλαθέσθαι
1568 2446 1618 2479 τῆς
1639 2445 1785 2477 κοινωνίας
1800 2446 1855 2471 τῶν

1059 2494 1171 2526 ὠδίνων,
1190 2494 1236 2522 καὶ
1254 2494 1301 2520 τὸν
1316 2493 1391 2520 οὐδὲν
1403 2491 1552 2527 ἠδικηκότα
1566 2490 1684 2524 σφάξαι,
1710 2490 1758 2516 καὶ
1777 2489 1854 2516 ἀδελ-

1060 2540 1140 2575 φικοῦ
1158 2540 1284 2576 σώματος
1295 2539 1416 2574 ἅψασθαι
1442 2539 1489 2565 καὶ
1504 2537 1619 2573 αἱμάξαι
1630 2536 1679 2572 τὴν
1691 2536 1792 2569 δεξιάν,
1806 2536 1853 2562 καὶ

1058 2587 1106 2614 τοῦ
1120 2587 1187 2614 Θεοῦ
1204 2586 1397 2623 παραινοῦντος
1413 2585 1559 2621 ἡσυχάζειν
1572 2583 1608 2619 μὴ
1624 2582 1782 2617 ἀνέχεσθαι,
1795 2582 1853 2608 ἀλλ’

1059 2634 1169 2669 ὑϐρίσαι
1188 2633 1234 2660 τὸν
1251 2631 1434 2667 πεποιηκότα,
1453 2630 1585 2666 ἀτιμάσαι
1608 2629 1672 2662 τοὺς
1689 2630 1840 2664 γεγεννηκό

1059 2689 1118 2712 τας,
1135 2681 1159 2708 εἱ
1172 2681 1200 2706 ἐν
1217 2678 1374 2714 παραδείσῳ
1392 2677 1526 2712 διέτριϐεν
1550 2673 1645 2708 οὗτος,
1667 2675 1764 2702 σκόπει
1785 2675 1852 2711 πρὸς

1059 2728 1126 2763 ὅσην
1140 2727 1172 2754 ἂν
1187 2726 1271 2761 ἤλασε
1286 2725 1395 2751 κακίαν.
1410 2725 1442 2750 Εἰ
1453 2723 1507 2759 γὰρ
1518 2722 1653 2749 τοσούτων
1669 2722 1852 2756 ἐπικειμένων

1059 2773 1113 2800 τῶν
1135 2771 1262 2808 χαλινῶν,
1294 2770 1432 2805 θανάσιμα
1457 2769 1604 2806 ἐσκίρτησε
1625 2768 1812 2804 σκιρτήματα,
1826 2767 1851 2794 τί

1092 2853 1104 2867 ⁸
1118 2851 1184 2876 L'nus
1195 2849 1262 2875 (οη).
1277 2850 1318 2878 τήν
1331 2849 1442 2873 ἐπίνοιαν.
