1983 3125
66 167 109 195 an
464 175 635 204 D/EMONES
654 174 722 202 NON
741 172 952 202 GUBERNARE
971 172 1127 201 MUNDUM.
1150 172 1264 200 IIOMIL
1284 173 1303 200 Ι.

71 226 167 253 homine
188 225 352 271 gloriosius.
376 228 438 256 Erat
460 229 504 256 ille
527 233 659 264 postretna
681 236 744 264 pars
762 228 867 256 ratione

74 272 181 306 pnetlitte
194 277 333 300 creaturte
346 294 353 305 ,
370 273 418 300 scd
435 274 515 308 pedes
534 278 613 308 caput
628 279 787 306 evaserunt.
801 279 828 301 et
841 274 867 300 in

79 322 193 345 thronutn
213 317 320 352 regium
337 326 386 352 per
399 319 527 352 primitias
545 323 608 346 sunt
626 319 720 346 evecti.
735 318 869 352 Quemad-

77 364 175 391 modum
191 364 263 391 enint
276 365 300 391 si
322 364 404 392 homo
417 365 548 400 quispiam
570 365 690 393 liberalis
703 373 734 394 ac
748 366 869 401 magnifi-

77 419 127 443 cus,
144 418 203 438 cunt
217 409 317 437 viderit
332 411 449 445 aliquem
464 411 630 446 naufragum,
646 411 690 446 qui
705 411 791 439 solum
806 420 868 439 cor-

76 465 119 491 pus
133 456 231 484 nudum
244 465 279 484 ex
295 458 421 485 fluctibus
432 458 535 493 eripere
554 458 657 493 potuit,
671 458 772 493 supinis
785 457 871 485 mani—

75 503 118 529 lius
131 510 192 530 eum
203 503 332 537 excipiat,
346 508 374 530 et
385 503 497 531 candida
506 507 580 531 veste
591 503 712 530 indutum
726 503 753 530 in
765 510 871 530 summo

76 549 181 576 hun0ris
201 548 286 583 gradu
309 549 444 577 collucet:
461 549 496 576 ita
516 549 587 577 Deus
607 554 728 577 naturam
751 553 869 577 nostram

74 595 205 621 tractavit.
218 595 315 622 Omnia
326 603 387 630 quae
400 595 515 623 habebat
527 595 607 622 homo
618 595 779 630 perdiderat,
791 595 872 622 liber-

74 645 152 667 tatem
165 640 295 675 loquendi
308 648 339 668 ac
353 641 486 673 ﬁduciam,
500 641 721 668 consuetudinem
731 648 791 668 cttm
803 641 869 674 Deo,

73 686 307 714 conversationem
322 687 349 714 in
366 688 498 722 paradiso.
513 687 593 714 vitam
606 687 765 714 calamitatis
777 694 872 721 exper-

71 737 134 764 tum.
151 738 179 760 ct
193 739 331 768 tamquam
347 742 380 761 ex
399 733 536 769 naufragio
551 734 638 761 nudus
659 734 720 761 inde
733 734 870 766 exiverat;

71 780 116 807 sed
132 780 204 807 Deus
219 780 294 807 illum
311 785 450 816 exceptum
469 780 610 808 confestim
628 781 729 807 amiciit
741 801 748 813 ,
765 785 792 808 et
805 787 872 814 pau-

75 827 147 854 latim
163 835 244 853 mantt
259 827 370 854 ductum
385 827 410 853 in
430 827 525 854 czelum
541 827 639 854 evexit.
654 826 734 861 Atqui
750 833 801 853 non
815 830 874 853 erat

74 874 150 901 venia
162 873 276 908 dignum
293 873 476 908 naufragium;
490 880 577 907 neque
596 873 668 900 enim
682 872 717 899 ob
731 876 872 899 ventorum

75 921 215 955 impetum,
232 920 280 947 sed
295 920 330 947 ob
343 919 481 954 segnitiem
494 919 552 954 ejus
563 940 571 952 ,
584 919 630 954 qtti
645 918 803 954 navigabat,
818 922 873 945 tota

75 967 115 994 illa
131 971 280 999 tempestas
293 966 436 993 acciderat.

109 1012 141 1038 In
153 1016 231 1046 partu
248 1011 414 1047 naufragium
429 1011 486 1046 fecit
500 1010 622 1038 Adamus.
636 1025 672 1031 —
685 1010 874 1038 Verumtamen

77 1059 108 1085 ad
125 1059 176 1085 hoc
197 1066 253 1085 non
275 1058 394 1093 respexit
417 1057 486 1085 Deus
498 1077 506 1091 ,
522 1057 568 1085 sed
583 1057 641 1091 ejus
663 1057 874 1085 miscricordiam

78 1104 238 1131 calamitatis
249 1103 405 1139 magnitudo
414 1103 568 1136 commovit,
582 1111 697 1138 ettmque
705 1103 748 1137 qui
761 1103 785 1130 in
798 1108 875 1138 portu

79 1150 245 1185 naufragium
260 1149 370 1182 fecerat,
389 1149 498 1184 perinde
511 1149 588 1184 quasi
601 1149 690 1176 medio
702 1150 728 1176 itt
743 1149 837 1184 pelago
850 1149 876 1176 id

79 1204 172 1231 passus
182 1202 270 1229 esset,
286 1196 400 1231 benigne
414 1204 443 1223 ac
455 1196 599 1223 liberaliter
610 1196 714 1230 excepit
727 1204 733 1222 :
744 1195 876 1231 siquidem

79 1243 104 1270 in
116 1242 242 1277 paradiso
257 1242 362 1277 lapsum
377 1250 447 1273 esse,
460 1241 486 1268 id
501 1249 566 1268 vero
578 1246 620 1269 est
634 1241 660 1268 in
675 1245 754 1276 portu
767 1240 876 1268 naufra-

78 1289 147 1324 gium
162 1289 272 1316 fecisse.
287 1288 356 1321 Quid
377 1288 433 1315 ita?
446 1287 512 1321 Quia
534 1295 594 1314 cum
617 1287 735 1314 nondum
749 1287 855 1314 tristitia
868 1307 876 1318 .

79 1334 197 1361 nondum
212 1334 382 1367 sollicitudo,
403 1341 452 1361 nec
465 1334 586 1366 labores,
602 1340 652 1361 nec
668 1340 811 1365 aerumnae,
828 1340 878 1360 nec

80 1381 213 1408 innumeri
226 1382 324 1408 flucttts
336 1380 475 1408 libidinum
489 1380 517 1407 in
532 1384 652 1407 naturam
666 1383 786 1407 nostram
800 1379 879 1407 szevi-

79 1431 156 1458 rent,
172 1426 363 1461 supplantalus
378 1431 460 1454 estet
474 1426 584 1453 corruit.
606 1426 640 1453 Et
654 1425 878 1461 quemadmodum

78 1472 123 1507 qui
137 1473 163 1498 in
180 1472 250 1499 mari
265 1472 392 1507 navigant
413 1471 526 1499 malefici
540 1471 662 1499 homines
673 1492 680 1504 ,
696 1471 794 1505 exiguo
808 1471 879 1498 ferro

80 1519 168 1545 navim
184 1526 259 1552 saepe
274 1518 457 1553 perforantes,
471 1521 554 1544 totum
570 1525 644 1545 mare
659 1518 684 1545 in
697 1517 830 1552 navigium
845 1516 880 1544 ab

82 1563 203 1591 inferiori
227 1569 305 1598 parte
331 1563 478 1591 immittunt
499 1572 506 1590 :
527 1563 566 1590 sic
591 1563 718 1590 nimirum
745 1567 773 1590 et
791 1563 878 1590 navim

82 1611 177 1638 Adami
192 1618 255 1638 cum
271 1610 374 1638 videret
387 1610 520 1643 diabolus,
537 1609 588 1637 hoc
602 1614 644 1637 est
657 1610 773 1637 animam
789 1609 880 1636 multis

82 1658 208 1685 refertam
223 1659 304 1686 bonis
314 1679 321 1691 ,
343 1658 474 1686 accedens
492 1663 627 1692 tamquam
647 1655 751 1684 minuto
765 1654 880 1690 quodam

82 1704 152 1731 ferro
172 1704 289 1738 simplici
304 1711 370 1731 voce
393 1703 555 1739 perforavit,
575 1706 603 1730 et
623 1709 716 1729 omnes
735 1700 794 1736 ejus
815 1707 881 1735 opes

81 1750 225 1782 exhausit,
243 1750 382 1785 ipsamque
395 1750 516 1786 cymbam
531 1749 684 1776 submersit.
705 1749 741 1775 At
755 1747 825 1775 Deus
839 1747 881 1774 ef-

82 1796 162 1829 fecit,
179 1801 209 1823 ut
229 1796 333 1824 lncrutn
353 1797 453 1823 damno
465 1795 549 1830 majus
563 1799 652 1827 esset,
668 1799 695 1822 et
708 1794 742 1821 ad
755 1794 881 1821 thronum

82 1843 186 1877 regium
212 1847 335 1869 naturam
363 1847 479 1870 nostram
501 1841 605 1869 extulit.
628 1840 758 1875 Quocirca
783 1840 882 1867 Paulus

81 1889 162 1915 etiam
177 1889 277 1916 clantat
289 1888 383 1916 dieens
398 1897 404 1915 :
419 1887 640 1920 Conresuscitavit,
653 1892 677 1914 ct
687 1886 822 1914 consedere
836 1895 882 1913 nos

85 1934 143 1969 fecit
158 1935 186 1961 in
206 1935 311 1962 dextera
324 1943 372 1961 sua
391 1935 417 1961 in
430 1934 568 1961 ctelestt'bus
579 1954 586 1964 ,
601 1939 629 1960 ut
643 1932 783 1960 ostenderet
796 1932 822 1958 in
835 1940 883 1959 str-

83 1982 147 2007 rufis
157 1981 391 2015 supervenientibus
403 1979 560 2006 abundantes
573 1979 673 2005 diuitias
684 1977 773 2013 gratim
782 1985 844 2008 sua,
856 1977 883 2003 in

83 2027 197 2054 bonitate
210 2035 286 2060 super
298 2035 346 2054 nos
359 2025 472 2062 (Ephea.
486 2025 514 2052 2.
529 2025 554 2052 6.
569 2023 610 2060 7).
625 2023 692 2058 Quid
706 2022 827 2057 ais?jam
839 2030 883 2049 res

83 2073 174 2099 evenit
186 2077 215 2099 et
228 2072 307 2099 tinem
324 2071 414 2103 habet,
428 2075 456 2098 et
467 2071 534 2098 dicis
547 2079 554 2097 :
569 2069 602 2098 Ut
616 2069 755 2097 ostenderet
768 2068 794 2095 in
804 2067 883 2095 mcu-

84 2117 115 2144 6:
133 2117 388 2153 superuenientibus?
402 2125 489 2144 annon
508 2116 579 2144 enim
599 2115 736 2143 ostendit?
749 2113 807 2142 Jam
823 2113 883 2148 qui-

85 2163 145 2190 dem
159 2163 299 2195 ostendit,
314 2163 362 2191 sed
378 2170 430 2190 non
446 2162 570 2190 omnibus
589 2161 740 2188 hominibus
750 2181 757 2193 ,
772 2163 800 2186 at
818 2159 884 2186 mihi

86 2209 130 2243 qui
145 2216 206 2236 sum
221 2208 309 2236 fidelis
330 2217 338 2235 :
358 2208 473 2236 infidelis
491 2213 578 2235 autem
594 2206 751 2234 miraculum
766 2204 883 2232 nondum

87 2255 165 2282 vidit.
180 2255 249 2282 Tum
261 2262 327 2282 vero
342 2254 387 2281 illo
399 2254 442 2281 die
456 2257 547 2280 natura
562 2252 649 2280 omnis
662 2252 778 2279 humana
789 2251 815 2278 in
829 2257 885 2278 me-

86 2302 161 2329 dium
176 2308 327 2337 progressa,
343 2300 414 2336 quod
425 2301 471 2328 fiet
483 2299 666 2332 admirabitur,
679 2298 812 2333 praecipue
820 2304 885 2324 vero

87 2348 165 2376 nobis
174 2347 257 2375 etiam
269 2352 325 2374 tum
339 2345 504 2374 manifestius
515 2346 577 2373 erit.
591 2344 649 2372 1am
659 2344 730 2371 enim
740 2343 884 2374 credimus,

86 2394 134 2422 sed
146 2401 200 2421 non
209 2401 246 2420 ex
257 2400 335 2428 :eqtto
345 2391 501 2420 miraculum
512 2391 636 2425 exprimit
646 2390 752 2418 auditus
761 2394 788 2417 et
796 2389 867 2416 visus
877 2396 883 2415 :

87 2440 134 2467 sed
149 2439 381 2475 quemadmodum
395 2439 422 2466 in
434 2438 540 2474 regibus
553 2437 616 2465 dum
631 2444 773 2472 purpuram
788 2440 814 2463 et
827 2435 886 2463 dia-

89 2486 168 2512 dema
189 2490 217 2512 et
235 2492 332 2512 aureas
345 2489 434 2512 vestes
451 2483 601 2518 soliumque
620 2482 723 2518 regium
744 2481 866 2509 audimus
878 2501 886 2512 ,

88 2531 256 2558 admiramur
265 2530 388 2565 quidem.
398 2534 426 2557 at
438 2529 520 2556 multo
532 2528 645 2563 amplius
656 2527 680 2555 id
692 2527 769 2555 nobis
779 2526 886 2558 accidit,

87 2584 150 2604 cum
164 2576 312 2604 contractis
326 2575 419 2603 aulaeis
433 2575 517 2610 ipsutu
538 2575 564 2601 in
579 2573 686 2601 sublimi
700 2572 888 2608 praesidentem

89 2623 225 2650 cernimus
235 2621 364 2649 tribunali
378 2629 386 2648 :
400 2620 439 2648 sic
448 2625 476 2648 et
487 2621 514 2647 in
526 2619 678 2654 Unigenito,
691 2625 751 2645 cum
763 2617 888 2645 ctelorum

90 2669 236 2696 viderimus
248 2667 334 2695 aulzea
347 2670 494 2699 contracta,
510 2671 537 2693 et
546 2665 645 2701 Regem
660 2664 813 2699 angelorum
829 2663 890 2690 inde

91 2715 301 2743 descendentem
315 2722 331 2740 a
343 2713 496 2741 caelestibus
510 2712 604 2740 turmis
614 2711 749 2746 stipatum,
761 2715 815 2737 tum
825 2717 890 2736 vero

92 2762 178 2796 majus
193 2760 355 2789 miraculum
373 2758 450 2786 nobis
465 2758 603 2786 oculorum
618 2756 765 2784 ministerio
777 2762 890 2790 appare-

91 2809 138 2835 bit.
153 2807 245 2843 Cogita
258 2815 378 2842 namque
390 2805 469 2841 quale
482 2804 517 2832 sit
529 2809 649 2832 naturam
663 2807 780 2831 nostram
792 2802 892 2829 Cheru-

91 2855 162 2882 binis
171 2855 304 2882 invectam
317 2851 428 2885 intueri,
438 2855 576 2886 totumque
588 2848 733 2885 angelicum
744 2848 893 2877 exercitum

92 2900 128 2928 illi
143 2900 348 2928 circumfusum.

1662 175 1714 202 218

957 229 983 256 5.
1005 228 1080 255 Pauli
1095 235 1159 256 vero
1177 228 1333 264 sapientiam
1352 236 1459 264 quoque
1478 230 1541 258 mihi
1555 231 1695 259 considera
1707 253 1714 263 ,

920 281 999 308 quam
1016 274 1099 301 multa
1115 274 1222 301 nomina
1237 275 1394 309 conquirat,
1410 280 1439 302 ut
1451 275 1567 303 divinam
1582 279 1715 311 exprimat

920 319 1121 354 benignitatem.
1144 318 1201 346 Non
1224 320 1295 346 enim
1319 319 1386 346 dixit
1409 320 1566 355 simpliciter
1579 323 1690 356 gratiam
1707 343 1715 355 ,

921 373 1008 400 neque
1022 365 1178 400 simpliciter
1193 365 1298 392 divitias
1310 387 1317 397 ,
1333 365 1379 393 sed
1401 366 1481 400 quid?
1496 367 1657 396 Abundantu
1673 369 1714 394 di-

921 413 994 440 vitias
1007 412 1096 447 gratia
1107 412 1134 439 in
1150 412 1259 439 bonitate
1280 411 1393 447 (Ephes.
1408 411 1436 439 2.
1452 412 1493 447 7).
1509 413 1561 440 Sed
1574 421 1659 449 neque
1676 415 1715 440 sic

923 464 1011 486 tamen
1026 459 1176 493 exprimere
1196 458 1290 493 potuit.
1308 457 1341 485 Et
1362 458 1584 492 quemadmodum
1600 459 1673 486 laevia
1689 465 1716 487 et

921 505 1023 532 lubrica
1041 511 1153 539 corpora
1170 505 1231 532 licet
1251 504 1398 531 innttmeris
1417 504 1539 531 ntanibus
1557 509 1716 538 teneantur,

923 550 1000 578 nobis
1010 550 1151 578 elabuntur
1160 555 1188 578 et
1200 550 1275 577 facile
1290 550 1418 585 effugiunt
1430 558 1437 576 :
1449 550 1488 578 sic
1498 555 1524 577 et
1537 551 1583 578 Dei
1596 551 1717 586 benigni-

923 601 1004 624 tatem
1019 597 1240 632 quantiscumqtte
1255 596 1406 624 nominibus
1420 596 1561 631 complecti
1577 604 1716 630 conemur,

923 651 958 670 ne
971 642 1009 670 sic
1023 643 1130 678 quidem
1145 642 1372 677 comprehendere
1387 650 1544 677 possumus,
1561 643 1607 670 sed
1620 643 1716 670 verbo—

924 696 983 715 rum
996 692 1146 715 nostrorutn
1160 687 1368 714 imbecillitatem
1382 688 1391 703 ¹
1402 689 1460 722 ejus
1474 687 1627 723 magnitudo
1639 688 1718 722 longo

925 738 1034 768 superat
1048 733 1198 761 intervallo.
1213 733 1288 767 Quod
1304 741 1363 760 cum
1378 739 1503 769 expertus
1516 739 1586 761 esset
1599 734 1698 761 Paulus
1708 755 1717 767 ,

925 785 951 808 et
975 780 1058 815 ipsius
1082 779 1263 814 magnitudine
1284 780 1426 807 verborum
1451 780 1504 807 vim
1528 784 1650 807 cerneret
1672 788 1719 807 su-

925 826 1014 861 perari
1027 847 1034 859 ,
1050 833 1104 853 uno
1125 825 1229 860 prolato
1244 825 1325 852 verbo
1346 825 1478 852 discessit.
1495 825 1634 859 Quodnam
1655 826 1718 853 illud

926 877 968 900 est
983 872 1088 899 tandem
1096 871 1108 898 ’ἶ
1126 871 1215 898 Gratia
1228 877 1310 898 autem
1325 871 1378 898 Deo
1386 880 1462 907 super
1476 871 1640 898 inenarrabili
1654 872 1720 898 dono

926 920 981 955 ejus
994 919 1038 955 (2.
1054 918 1113 946 Cor.
1127 918 1153 946 9.
1169 918 1229 953 15).
1244 918 1335 953 Neque
1346 918 1417 945 enim
1433 925 1522 945 sermo
1536 917 1621 948 ullus,
1635 925 1718 952 nequc

927 973 1004 993 mens
1012 965 1063 992 ulla
1073 965 1117 992 Dei
1127 965 1318 1000 providentiam
1328 964 1424 999 poterit
1431 964 1719 999 exprimere.Proptero

930 1019 962 1040 ea
975 1012 1018 1039 hic
1029 1011 1135 1046 quidem
1143 1009 1348 1038 inenarrabilem
1359 1009 1429 1037 illam
1438 1010 1475 1036 ait
1484 1017 1555 1042 esse,
1565 1008 1626 1036 alibi
1633 1013 1720 1036 autern

928 1062 954 1085 et
964 1062 1080 1084 metttem
1095 1062 1212 1084 nOstram
1227 1055 1448 1090 exsttperare,sic
1460 1055 1551 1082 dicens
1566 1063 1572 1081 :
1589 1054 1646 1082 Paa:
1658 1053 1719 1086 Dei,

928 1112 984 1139 qua:
998 1108 1131 1136 exsuperat
1150 1111 1248 1130 omnem
1261 1107 1383 1134 mentem,
1400 1101 1522 1129 custodiet
1541 1101 1618 1128 corda
1628 1107 1719 1129 vestra.

929 1150 1022 1186 (Phil.
1036 1151 1063 1178 4.
1080 1150 1124 1185 7).

964 1207 1035 1235 Deus
1044 1215 1094 1234 non
1102 1215 1158 1234 cum
1170 1207 1213 1233 dat
1224 1207 1308 1238 modo,
1317 1206 1361 1233 sed
1373 1205 1448 1232 etiam
1461 1213 1517 1232 cum
1528 1206 1621 1241 aufert,
1633 1204 1722 1231 bonus.

929 1269 964 1273 —
974 1253 1026 1281 Sed
1038 1253 1108 1288 quod
1120 1252 1251 1284 dicebant,
1261 1252 1313 1278 duo
1324 1250 1429 1286 quidem
1441 1250 1568 1278 hactenus
1576 1249 1722 1277 defensioni

930 1299 1029 1334 reperti
1043 1303 1104 1326 sunt
1127 1298 1199 1325 modi
1213 1306 1220 1324 :
1237 1304 1305 1325 unus
1317 1317 1325 1329 ,
1340 1296 1417 1332 quod.
1432 1304 1486 1324 non
1508 1296 1578 1323 Deus
1595 1296 1722 1330 ejecerit,

930 1345 976 1374 sed
998 1352 1046 1372 nos
1067 1344 1235 1371 amiserimus
1256 1353 1262 1370 :
1285 1342 1434 1375 secundus,
1456 1341 1527 1377 quod
1551 1342 1624 1376 plura
1644 1349 1723 1376 quam

931 1393 1036 1421 fuerant
1046 1400 1060 1419 a
1071 1391 1149 1419 nobis
1162 1391 1270 1423 amissa,
1283 1390 1309 1417 in
1325 1397 1373 1417 nos
1386 1389 1481 1416 collata
1495 1388 1549 1415 sint
1563 1388 1632 1415 bona
1645 1396 1652 1414 :
1664 1387 1723 1414 volo

931 1444 1019 1466 autem
1035 1443 1062 1466 et
1076 1438 1183 1465 tertium
1196 1436 1297 1463 dicere.
1311 1435 1376 1468 Qttis
1389 1442 1453 1470 ergo
1464 1435 1557 1461 tertius
1571 1433 1634 1461 est?
1648 1432 1724 1467 Quod

931 1485 1055 1512 nimirum
1070 1483 1172 1511 etiamsi
1187 1482 1288 1518 majora
1302 1489 1380 1516 quam
1395 1480 1500 1508 fuerant
1511 1480 1619 1512 amissa,
1634 1484 1725 1514 postea

931 1539 985 1559 non
1001 1531 1129 1562 dedisset,
1146 1529 1192 1556 sed
1209 1537 1267 1564 qum
1280 1527 1342 1555 data
1356 1526 1471 1558 fuerant,
1487 1530 1589 1553 tantum
1602 1525 1726 1552 abstulis-

932 1582 982 1610 set,
994 1585 1054 1604 cum
1066 1583 1114 1603 nos
1125 1583 1231 1603 causam
1242 1574 1407 1601 dedissemus
1418 1572 1486 1604 (hoc
1496 1572 1566 1599 cnint
1577 1570 1705 1605 addatur)
1716 1579 1724 1597 :

932 1623 984 1650 hoc
997 1629 1101 1657 quoqttc
1116 1621 1264 1648 suffecisset
1279 1627 1359 1646 uttttm
1381 1618 1413 1646 ad
1434 1619 1516 1653 ipsius
1533 1617 1724 1652 providentiam

933 1674 960 1697 et
974 1676 1065 1696 curam
1080 1674 1142 1703 erga
1165 1674 1212 1694 nos
1232 1664 1435 1694 ostendendam.
1456 1663 1547 1699 Neque
1569 1663 1641 1691 enim
1656 1663 1725 1698 quod

933 1716 978 1744 det
992 1721 1092 1743 tantttm
1103 1736 1111 1748 ,
1123 1714 1170 1742 sed
1188 1713 1268 1741 etiam
1284 1711 1354 1747 quod
1374 1719 1432 1746 qua:
1452 1710 1512 1738 data
1531 1715 1594 1738 snttt
1606 1710 1725 1741 auferat,

934 1763 1057 1791 maximae
1070 1761 1204 1797 specimen
1219 1767 1273 1794 prm
1285 1766 1314 1786 se
1328 1757 1379 1785 fert
1391 1756 1571 1792 benignitatis.
1586 1756 1623 1782 Ac
1637 1756 1658 1782 si
1672 1754 1727 1789 pla-

934 1813 993 1841 cet,
1009 1815 1042 1834 cx
1062 1813 1185 1834 sermone
1199 1805 1232 1832 dc
1247 1803 1368 1839 paradiso
1391 1802 1416 1829 id
1432 1801 1573 1829 ostendere
1591 1800 1728 1836 aggredia-

935 1862 1005 1882 ntur.
1018 1852 1172 1880 Paradisum
1186 1850 1306 1882 dederat,
1323 1849 1374 1876 hoc
1388 1848 1472 1883 ipsius
1486 1855 1556 1874 cura:
1572 1846 1621 1873 fuit
1635 1856 1641 1871 ι
1658 1845 1727 1872 iudi-

935 1901 978 1936 gni
992 1900 1043 1927 hoc
1058 1905 1168 1926 munere
1182 1898 1230 1924 visi
1245 1903 1347 1928 sumus,
1363 1895 1413 1922 hoc
1427 1899 1524 1922 nostra:
1538 1893 1586 1920 fuit
1599 1891 1728 1926 improbi-

935 1947 996 1974 tatis
1011 1954 1018 1972 :
1032 1944 1143 1973 abstulit
1165 1951 1262 1971 munus
1285 1942 1336 1969 illis
1347 1962 1355 1974 ,
1371 1941 1415 1976 qui
1441 1939 1540 1974 indigni
1563 1942 1703 1966 evaserant
1719 1946 1726 1963 :

936 1992 987 2019 hoc
1008 1991 1091 2026 ipsius
1111 1990 1221 2017 bonitati
1242 1986 1412 2019 tribuendum
1434 1989 1484 2013 est.
1501 1985 1533 2011 Et
1547 1992 1605 2018 qttte
1622 1982 1727 2010 tandem

938 2039 994 2066 haec
1008 2038 1113 2066 bonitas
1123 2042 1165 2064 est
1177 2044 1234 2063 rem
1248 2034 1336 2062 datam
1350 2033 1455 2060 auferre
1465 2033 1477 2057 *ἲ
1491 2032 1659 2064 Exspccta,et
1671 2037 1730 2056 om-

937 2085 1001 2111 nino
1013 2082 1116 2110 audies.
1129 2081 1222 2116 Cogita
1236 2086 1350 2113 namque
1361 2078 1419 2113 quis
1434 2076 1538 2104 futurus
1549 2075 1641 2102 fuisset
1651 2074 1727 2106 Cain,

937 2130 959 2157 si
979 2133 1041 2164 post
1063 2126 1234 2154 homicidium
1257 2126 1282 2151 in
1303 2123 1425 2160 paradiso
1446 2121 1596 2149 mansisset.
1610 2119 1637 2147 Si
1657 2119 1728 2146 enint

937 2183 997 2203 cum
1013 2175 1046 2202 ab
1061 2174 1103 2201 illa
1127 2171 1290 2199 habitatione
1310 2169 1471 2200 excidisset,
1489 2167 1511 2194 si
1525 2166 1557 2193 ad
1575 2165 1691 2193 laborem
1702 2170 1729 2192 ct

938 2228 1070 2250 aerumnas
1081 2220 1222 2247 damnatus
1232 2221 1258 2244 et
1271 2216 1364 2244 mortis
1377 2216 1462 2243 minas
1473 2214 1578 2241 intuens
1589 2213 1730 2240 imminen-

905 2279 907 2282 ‘
939 2274 990 2302 tes,
1006 2268 1028 2295 si
1041 2274 1100 2295 cum
1113 2269 1175 2293 ante
1189 2263 1282 2291 oculos
1294 2262 1407 2298 positam
1423 2260 1539 2295 parentis
1552 2258 1730 2286 calamitatem

940 2315 1050 2342 ltaberet
1061 2317 1088 2340 et
1102 2311 1204 2346 objecta
1221 2308 1333 2344 pedibus
1351 2307 1405 2334 suis
1423 2306 1469 2333 ira:
1485 2305 1529 2332 Dei
1545 2304 1655 2339 vestigia
1672 2311 1731 2330 cvr-

941 2366 1026 2394 neret,
1046 2367 1077 2387 ac
1096 2359 1174 2386 tantis
1189 2356 1266 2384 malis
1279 2355 1472 2387 circumseptus
1485 2355 1573 2381 esset.
1590 2351 1615 2377 in
1631 2354 1731 2377 tantam

939 2407 1027 2442 erupit
1041 2403 1237 2440 improbitatem
1251 2422 1257 2433 ,
1275 2405 1303 2428 ut
1317 2406 1437 2427 naturam
1455 2398 1598 2432 ignoraret,
1609 2403 1732 2423 commn-

941 2440 1028 2480 nionis
1042 2456 1132 2486 partus
1147 2448 1359 2478 oblivisceretur,
1375 2452 1447 2477 eum,
1461 2451 1475 2469 a
1491 2450 1543 2477 quo
1558 2441 1630 2469 nulla
1648 2440 1732 2468 fuerat

941 2485 1052 2526 affectus
1064 2495 1168 2531 injuria,
1185 2497 1300 2524 necaret,
1318 2491 1460 2518 fraternum
1477 2487 1631 2522 sanguinem
1645 2485 1734 2513 funde-

943 2548 1001 2577 ret,
1015 2543 1151 2570 dexteram
1166 2542 1328 2569 cruentaret,
1341 2543 1454 2570 cumque
1468 2534 1538 2561 Deus
1552 2533 1624 2560 illum
1639 2531 1734 2559 admo-

944 2592 1020 2616 neret
1045 2592 1074 2614 ttt
1096 2586 1254 2622 quiesceret,
1279 2590 1331 2610 non
1355 2585 1477 2616 pareret,
1498 2578 1544 2606 sed
1568 2577 1733 2606 conditorem

943 2643 1020 2663 suum
1034 2633 1131 2668 probro
1146 2631 1283 2663 afficeret,
1299 2627 1451 2664 parentibtts
1464 2625 1634 2661 ignominiam
1651 2623 1734 2650 infcr-

943 2685 1003 2713 ret,
1017 2679 1062 2707 hic
1080 2678 1102 2705 si
1124 2678 1150 2705 in
1172 2675 1295 2712 paradiso
1310 2679 1430 2701 versatus
1450 2672 1542 2699 fuisset
1553 2692 1561 2704 ,
1575 2669 1694 2705 expende
1709 2669 1733 2696 in

944 2730 1069 2758 quantam
1085 2723 1229 2758 nequitiam
1254 2720 1424 2755 prorupisset.
1445 2718 1510 2745 Nam
1534 2718 1556 2744 si
1577 2722 1629 2744 tam
1646 2715 1734 2742 multis

945 2772 1026 2800 frenis
1039 2769 1159 2805 injectis,
1173 2772 1211 2795 tot
1226 2767 1319 2795 letales
1333 2765 1415 2794 saltus
1428 2763 1518 2797 dedit,
1532 2761 1555 2790 si
1569 2761 1664 2789 sublati
1675 2759 1738 2787 obi-

978 2883 986 2897 ι
1004 2884 1067 2906 Unus
1078 2879 1154 2909 (.olh.,
1165 2877 1267 2909 copiam.
