1983 3125
229 162 284 192 9.19

229 228 277 248 res
291 219 333 248 isti
355 219 468 248 fuissent
479 240 487 254 ,
505 227 560 256 quo
577 228 629 248 non
644 221 761 255 seipsum
776 219 937 254 praecipitem
950 217 1022 253 egis—

230 266 299 293 set?

268 310 330 337 Eva
343 311 440 347 profuit
452 316 523 338 extra
538 310 685 346 paradisum
699 309 823 345 [uiue.-—
835 308 881 336 Vis
895 309 975 337 etiam
990 315 1024 335 ex

231 357 324 384 matris
340 356 418 392 hujus
430 357 554 392 exemplo
565 357 679 389 discere,
691 361 817 391 quantum
830 356 927 382 bonum
940 354 1024 382 exsti-

231 404 293 429 terit
307 410 322 430 a
336 400 450 438 parddisi
465 403 626 431 habitatione
635 402 786 430 excidisse?
799 401 924 430 Scrutare
938 400 1025 436 qualis

229 455 309 477 antea
332 448 407 477 essetl
423 449 498 482 Eva.
522 454 550 477 et
574 449 660 484 qualis
679 453 772 484 postea
794 448 919 475 evaserit.
939 448 1025 474 Antea

229 495 338 530 quidem
360 495 530 530 deceptorem
551 495 696 528 diabolum,
719 495 864 530 malignum
886 491 1025 521 illumdaa-

231 549 338 569 monem
362 541 415 569 ﬁde
437 541 584 576 digniorem
608 542 654 569 Dei
675 540 806 568 mandatis
815 539 985 571 existimavit,
999 542 1026 567 et

231 588 291 620 solo
313 588 416 615 arboris
434 593 543 623 aspectu
555 588 641 616 illecta
664 589 741 615 latam
757 588 791 615 ab
805 587 852 614 illo
867 587 951 621 legem
965 585 1024 613 vio-

232 633 298 661 lavit
317 641 325 666 ;
347 639 486 669 postquam
508 638 597 661 autem
620 634 720 661 excidit
733 633 867 668 paradiso,
881 639 935 667 quo
948 635 1025 666 pacto

232 681 328 708 melior
347 688 380 708 ac
402 681 548 708 modestior
562 680 596 708 sit
617 681 694 714 facta,
709 679 859 707 considera.
874 678 940 705 Cum
954 678 1025 705 enim

231 725 313 753 ﬁlium
338 731 410 753 esset
437 727 530 760 enixa,
557 725 683 759 Possedi,
711 725 805 761 inquit,
832 724 956 751 hominem
982 731 1026 758 per

231 771 316 799 Deum
337 772 415 806 (Gen.
430 773 459 800 4.
474 773 512 808 1).
529 773 568 800 Ad
586 773 726 800 Dmninum
746 771 887 799 confestim
908 770 1026 805 confugit

230 825 272 850 ea,
288 826 348 853 quae
364 818 503 846 Dominum
524 823 587 846 ante
604 822 812 852 contempserat.
829 824 914 852 neque
924 820 1025 844 natura:

231 869 287 890 rem
302 863 439 897 adscribit,
460 871 546 898 neque
567 863 727 890 matrimonii
747 863 849 898 legibus
864 867 967 897 partum
981 869 1025 889 ac-

230 913 336 943 ceptum
358 909 422 942 fert;
441 910 488 938 sed
514 915 614 937 naturae
636 910 775 937 Dominum
799 909 928 945 agnoscit.
946 910 1025 944 eique

231 960 294 983 nato
305 956 359 990 jam
376 956 428 983 ﬁlio
442 957 540 992 gratias
553 957 625 992 agit:
637 965 749 992 qumque
763 957 886 984 maritum
901 961 978 984 antea
996 956 1023 983 in

232 1000 352 1028 fraudem
366 1001 495 1034 illexerat,
507 1002 590 1029 ﬁlium
601 1002 681 1029 etiam
695 1002 820 1034 erudivit,
834 1001 912 1038 eique
926 1009 1024 1029 nomen

231 1047 366 1082 imposuit,
392 1055 406 1074 a
430 1056 482 1083 quo
502 1048 535 1075 de
555 1048 601 1075 Dei
623 1055 734 1076 munere
756 1053 847 1083 passet
867 1049 1024 1076 admoneri:

230 1101 342 1128 cumque
368 1094 482 1121 alterum
507 1102 601 1122 rursus
626 1095 783 1130 peperisset,
805 1095 861 1123 ait:
888 1095 1026 1123 Surcitavit

231 1140 293 1166 mihi
309 1139 376 1166 Deus
389 1148 471 1166 semen
486 1149 532 1175 pro
544 1141 616 1174 Abel,
633 1149 707 1176 quem
720 1141 810 1168 occidit
825 1140 888 1169 Cm'rt
905 1140 980 1176 (Gen.
996 1141 1023 1168 4.

229 1185 287 1220 25).
310 1186 475 1213 Calamitatis
498 1186 663 1219 recordatur,
688 1194 774 1222 neque
788 1187 838 1214 fert
857 1187 1026 1222 impatienter

231 1232 336 1264 mulier.
349 1232 397 1259 sed
413 1232 507 1260 iterum
522 1232 576 1260 Deo
590 1233 687 1268 gratias
700 1233 761 1268 agit,
774 1240 806 1260 ac
819 1233 872 1260 ﬁlio
886 1240 982 1260 nomen
993 1240 1026 1260 ex

231 1285 342 1304 munere
364 1277 453 1304 divino
475 1278 597 1312 imponit,
621 1278 700 1312 eique
722 1282 875 1313 perpetuam
897 1278 1027 1306 doctrina:

230 1323 398 1350 occasionem
421 1323 531 1357 prmbet.
553 1323 601 1355 Ita.
623 1322 686 1350 dum
710 1322 791 1350 etiam
813 1323 932 1356 abstulit,
955 1323 1026 1351 Deus

232 1368 333 1402 majora
346 1369 413 1395 bona
426 1369 536 1403 largitus
545 1371 596 1396 est.
609 1368 736 1396 Paradiso
748 1369 847 1396 excidit
857 1369 962 1400 mulier.
978 1368 1026 1397 sed

231 1413 264 1440 ad
282 1414 326 1441 Dei
337 1414 514 1448 cognitionem
529 1414 577 1440 hac
591 1414 722 1448 ejectione
733 1414 847 1441 deducta
861 1419 920 1442 est:
936 1415 1026 1450 itaque

233 1460 292 1494 plus
305 1460 415 1493 invenit.
434 1468 513 1495 quam
535 1460 660 1495 perdidit.
678 1460 753 1493 Quod
767 1460 790 1487 si
805 1460 870 1488 utile
883 1464 941 1488 erat
952 1460 1026 1488 exci-

232 1505 297 1533 dere
321 1505 454 1540 paradiso.
478 1506 554 1540 cujus
575 1507 614 1533 rei
635 1507 718 1541 gratia
733 1506 883 1541 paradisum
904 1507 938 1534 ab
951 1506 1027 1535 initio

233 1551 306 1579 dedit
315 1552 403 1580 Deus?
416 1552 523 1580 Utiliter
532 1553 583 1580 hoc
594 1552 691 1580 factum
702 1557 754 1585 est.
768 1553 804 1580 mi
817 1553 906 1587 homo,
919 1559 1027 1589 propter

233 1598 420 1633 negligentiam
441 1604 559 1626 nostram
580 1607 587 1626 :
613 1599 702 1633 itaque
717 1599 739 1627 si
757 1599 807 1627 sibi
829 1600 962 1628 cavissent
976 1601 1026 1635 illi,

232 1652 265 1671 ac
279 1645 418 1671 Dominum
428 1645 638 1679 agnovissent.et
650 1645 732 1673 sobrii
742 1645 853 1673 fuissent
864 1653 894 1673 ac
902 1646 1026 1681 modesti,

234 1692 443 1726 permansissent
455 1693 480 1719 in
492 1692 607 1725 honore;
623 1700 684 1720 cum
698 1698 786 1721 autem
795 1693 886 1721 datum
902 1694 950 1721 sibi
967 1702 1027 1722 mu-

235 1745 285 1765 nus
309 1738 452 1773 ignominia
475 1738 636 1770 atTecissent.
659 1743 722 1766 tunc
744 1739 808 1766 utile
831 1739 888 1768 fuit.
906 1740 1028 1774 utejice-

233 1788 336 1811 rentur.
355 1783 409 1812 Cur
428 1784 507 1819 igitur
529 1784 595 1812 illud
618 1784 694 1812 initio
715 1785 787 1812 dedit
804 1785 891 1813 Deus?
908 1786 941 1814 Ut
953 1793 1028 1814 suam

236 1830 388 1867 ostenderet
402 1830 603 1865 benignitatem,
619 1838 701 1866 seque
715 1836 834 1866 paratum
848 1839 955 1867 semper
968 1839 1028 1860 esse

235 1886 285 1906 nos
298 1878 330 1905 ad
350 1878 465 1911 majores
489 1878 605 1906 honores
627 1879 789 1913 prorehere;
804 1886 853 1907 nos
870 1887 934 1906 vero
952 1879 1029 1907 nobis

235 1924 334 1959 ubique
355 1931 493 1958 pcenarum
515 1928 542 1951 et
561 1924 749 1959 suppliciorum
773 1929 897 1952 auctores
920 1932 1028 1958 sumus,

236 1971 298 1998 dum
323 1977 372 1998 nos
393 1970 466 2005 ipsos
490 1974 581 1997 nostra
604 1970 726 1997 socordia
750 1970 845 2003 bonis,
870 1978 930 2006 qua:
953 1970 1030 1998 nobis

237 2016 341 2045 fuerant
354 2023 492 2048 concessa,
506 2015 650 2050 privamus.
666 2015 700 2043 Ut
713 2015 792 2051 igitur
804 2015 943 2051 indulgens
955 2020 1031 2051 pater

237 2063 312 2090 initio
325 2062 431 2097 quidem
448 2062 529 2088 lilium
544 2069 620 2089 suum
642 2061 713 2088 domi
737 2069 845 2089 manere
866 2062 929 2089 sinit
943 2066 970 2090 et
982 2069 1031 2096 pa-

238 2108 321 2135 ternis
341 2108 464 2135 omnibus
488 2107 536 2134 frui
559 2107 651 2138 bonis;
676 2110 816 2141 postquam
844 2111 933 2134 autem
956 2106 1030 2134 illum

238 2154 334 2181 viderit
346 2153 396 2181 hoc
410 2153 512 2180 honore
525 2152 606 2180 fuisse
619 2152 804 2187 depravatum,
818 2157 892 2179 arcet
901 2160 916 2180 a
928 2159 1030 2185 mensa,

238 2207 270 2227 ac
281 2200 358 2235 longe
370 2207 386 2226 a
398 2204 542 2234 conspectu
556 2206 605 2226 suo
619 2198 742 2230 collocat.
755 2205 939 2232 saepenumero
951 2198 1031 2226 etiam

240 2252 273 2272 ex
289 2244 353 2279 ipsis
369 2245 486 2279 paternis
500 2244 601 2272 :edibus
613 2243 695 2279 ejicit,
711 2248 740 2271 ut
751 2243 802 2271 illis
815 2243 932 2278 privatus
944 2248 971 2271 et
982 2243 1033 2271 hac

239 2290 399 2317 contumelia
416 2294 443 2317 et
461 2289 593 2317 dedecore
612 2290 706 2317 melior
719 2289 839 2322 eﬂ'ectus,
852 2289 960 2325 dignum
969 2289 1032 2316 red-

241 2336 280 2364 itu
295 2336 410 2371 seipsum
422 2343 515 2363 rursus
532 2335 640 2368 efﬁciat.
655 2343 688 2362 ac
711 2340 847 2371 paternam
872 2335 961 2370 capiat
974 2335 1029 2362 lue-

241 2383 380 2410 leditatem
394 2392 401 2409 :
417 2381 452 2409 ita
465 2389 569 2418 quoque
583 2382 646 2410 fecit
663 2382 742 2410 Deus.
758 2381 912 2409 Paradisum
932 2381 1034 2409 homini

241 2428 316 2455 dedit
325 2437 331 2454 :
340 2435 401 2455 cum
414 2435 443 2456 se
458 2428 593 2463 indignum
607 2428 778 2461 ostendisset,
787 2428 875 2462 ejecit,
885 2432 915 2455 ut
924 2433 1034 2456 externa

243 2473 287 2501 illa
303 2473 466 2501 habitatione
488 2473 684 2509 ignominiaque
697 2473 792 2502 melior
803 2473 912 2502 eﬂ'cctus
930 2481 961 2502 ac
974 2481 1033 2501 mo-

241 2518 362 2550 destior,
388 2518 482 2553 dignus
506 2518 594 2546 reditu
618 2523 767 2553 appareret.
793 2518 923 2553 Quoniam
954 2519 1035 2554 igitur

244 2568 336 2598 postea
350 2563 509 2598 resipuerat,
521 2567 628 2590 revocat
642 2564 714 2591 illum
730 2572 831 2597 rursus,
845 2570 873 2592 et
884 2566 937 2592 ait:
952 2565 1035 2592 Hodie

242 2619 340 2640 rnatum
354 2611 402 2638 erit
414 2610 440 2637 in
459 2610 577 2646 paradiso
589 2610 711 2647 (Luc.23.
727 2612 782 2646 45).
800 2611 880 2640 Vides
894 2619 946 2639 non
963 2611 1035 2647 quod

244 2657 348 2685 dederit
376 2656 543 2691 paradisum.
571 2657 618 2685 sed
644 2657 714 2692 quod
740 2657 849 2692 ejecerit
870 2665 886 2685 e
912 2657 1036 2692 paradiso

244 2703 367 2731 maximat
383 2711 455 2730 cum
477 2703 612 2738 specimen
636 2703 787 2731 exstitisse?
807 2703 856 2730 nisi
873 2703 943 2730 enim
959 2710 1036 2738 para-

243 2751 303 2779 diso
321 2750 474 2783 excidisset,
495 2750 619 2786 paradiso
643 2750 738 2786 dignus
760 2756 852 2778 rursus
877 2757 930 2778 non
952 2758 1034 2786 appa-

243 2797 351 2826 ruisset.

280 2844 307 2870 ι.
328 2843 403 2871 llunc
424 2843 504 2878 igitur
524 2849 676 2870 sermonem
699 2845 827 2877 perpetuo
847 2842 974 2870 memoria
998 2846 1036 2869 te-

246 2897 367 2924 neamus.
390 2889 461 2917 hunc
483 2893 510 2917 et
532 2889 558 2916 in
574 2894 730 2924 argumento
751 2887 898 2923 proposito,
913 2888 935 2916 si
951 2889 1033 2921 lubet,

580 161 609 191 S.
628 162 766 192 JOANNIS
784 161 1024 192 CllRYSOSTOilI
1046 161 1203 190 ARCHIEP.
1224 162 1493 192 CONSTANTINOP.

1813 157 1870 185 230

1080 218 1249 246 ventilemus.
1276 217 1449 246 Communem
1475 215 1598 244 omnibus
1630 215 1745 253 linguam
1773 214 1870 242 dedit:

1077 264 1128 292 hoc
1141 265 1198 298 ejus
1215 264 1263 291 fuit
1274 264 1455 299 benignitatis.
1477 262 1535 290 Non
1557 264 1597 289 usi
1620 266 1681 288 sunt
1703 261 1740 288 illi
1753 260 1825 287 dono
1841 264 1870 287 ut

1077 317 1145 345 opus
1156 310 1211 341 fuit,
1227 310 1274 337 sed
1288 309 1314 336 in
1327 313 1472 337 extremam
1484 307 1646 335 dementiam
1660 311 1722 333 sunt
1735 305 1869 341 prolapsi;

1077 357 1148 392 quod
1172 357 1263 384 datum
1288 356 1383 388 fuerat,
1407 362 1499 382 rursus
1521 353 1640 381 abstulit.
1663 353 1692 381 Si
1713 353 1785 380 enim
1797 350 1872 386 quod

1077 410 1156 429 unam
1172 402 1287 437 linguam
1307 401 1446 434 baberent,
1463 400 1489 427 in
1503 404 1602 426 tantam
1621 398 1751 426 insaniam
1766 396 1871 424 incide-

1077 452 1151 481 runt,
1167 452 1196 475 ut
1209 447 1302 475 turrim
1317 446 1350 474 ad
1360 445 1440 474 cmlos
1455 453 1537 480 ttsque
1550 445 1726 480 pertinentem
1736 442 1873 470 aediﬁcare

1077 493 1193 525 Vellent,
1217 492 1267 519 nisi
1287 491 1377 519 statim
1402 491 1485 526 puniti
1509 490 1639 523 fuissent,
1667 496 1756 516 nonne
1783 488 1871 523 ipsum

1077 548 1183 576 quoque
1217 541 1342 567 czelorum
1376 538 1508 573 fastigium
1531 545 1661 572 occupare
1687 534 1873 571 cupivissent’!

1077 586 1150 614 Licet
1173 586 1242 613 enim
1266 585 1318 612 illis
1340 589 1408 612 esset
1432 583 1602 618 impo<sibile,
1629 587 1716 610 tamen
1743 581 1766 608 si
1788 580 1872 607 animi

1077 635 1183 667 spectes
1194 631 1367 666 propositum,
1383 630 1471 657 scelus
1487 629 1549 656 illud
1567 628 1675 664 impium
1690 627 1871 655 admiserunt.

1077 677 1143 711 Quae
1165 677 1254 704 omnia
1276 684 1337 704 cum
1368 675 1532 711 pmvidisset
1555 674 1634 705 Deus.
1656 671 1874 708 quandoquidem

1078 724 1174 759 linguae
1193 722 1335 751 concordia
1361 730 1414 749 non
1430 726 1458 749 ut
1478 721 1595 756 oportuit
1606 720 1646 748 usi
1660 722 1746 747 erant.
1759 717 1875 745 dissidio

1078 771 1237 806 linguarum,
1254 775 1282 797 ut
1294 769 1421 805 oportuit.
1438 768 1498 796 illos
1510 767 1612 795 dividit.
1625 767 1663 794 Ac
1673 765 1737 793 mihi
1750 764 1873 792 clemen-

1079 817 1141 845 tiam
1167 817 1249 851 ipsius
1264 816 1342 843 velim
1369 814 1532 842 consideres.
1548 813 1623 845 Ecce,
1650 812 1745 846 inquit,
1761 818 1812 838 uox
1822 817 1874 836 una

1081 863 1209 894 omnibus,
1224 866 1249 888 et
1263 861 1311 888 hoc
1324 861 1407 895 facere
1419 863 1545 894 creperum
1557 857 1631 894 (Gen.
1649 857 1692 884 11.
1706 856 1745 893 6).

1113 908 1163 935 Cur
1186 915 1237 934 non
1256 906 1376 933 acciderit
1394 905 1467 932 citius
1479 904 1568 931 divisio
1582 903 1775 938 linguarum.—
1787 899 1874 934 Quam

1077 954 1113 982 ob
1126 961 1233 982 causam
1255 960 1308 980 non
1331 952 1420 979 statim
1434 959 1467 979 eo
1486 950 1603 982 devenit,
1615 954 1644 977 ut
1663 949 1779 983 linguam
1803 947 1875 974 divi-

1078 1001 1164 1033 deret,
1179 1000 1225 1027 sed
1241 999 1314 1035 prius
1333 1006 1363 1026 se
1381 1001 1501 1030 excusat.
1517 996 1593 1032 quasi
1606 996 1632 1023 in
1648 994 1749 1030 judicio
1764 1000 1873 1020 causam

1078 1047 1217 1075 dicturus:
1242 1045 1346 1074 tametsi
1361 1053 1440 1072 nemo
1455 1043 1491 1071 illi
1502 1043 1620 1071 dicturus
1636 1046 1678 1069 est
1693 1050 1700 1068 :
1714 1039 1784 1075 Quid
1805 1039 1875 1067 feci-

1078 1093 1112 1121 sti
1127 1093 1140 1120 ?
1151 1092 1197 1120 sed
1212 1092 1237 1119 in
1252 1095 1382 1126 potestate
1396 1090 1475 1117 situm
1491 1092 1531 1116 est
1546 1088 1638 1123 ipsius,
1655 1091 1683 1114 ut
1693 1091 1800 1117 cuncta,
1814 1092 1876 1120 quae

1078 1137 1201 1170 voluerit,
1229 1136 1317 1164 faciat.
1341 1137 1465 1163 Attamen
1489 1133 1564 1169 quasi
1578 1133 1708 1160 rationem
1722 1130 1876 1158 redditurus

1078 1185 1114 1212 ita
1127 1183 1324 1212 excusatiOnem
1335 1188 1366 1209 ac
1377 1180 1560 1208 defensionem
1575 1178 1699 1210 instituit,
1714 1181 1743 1204 ut
1762 1183 1811 1203 nos
1823 1176 1876 1203 do-

1078 1235 1138 1258 ceat
1150 1229 1341 1257 humanitatem
1364 1232 1392 1255 et
1411 1226 1580 1254 clementiam
1602 1231 1738 1252 exercere.
1763 1222 1830 1249 Nam
1851 1221 1875 1248 si

1079 1277 1207 1305 Dominus
1214 1275 1299 1303 servis
1311 1282 1341 1303 se
1351 1277 1462 1302 excusat
1471 1277 1550 1307 atque
1560 1271 1613 1299 illis
1622 1270 1667 1306 qui
1676 1269 1771 1304 injuria
1784 1268 1876 1303 ipsum

1078 1325 1241 1352 aﬁecerant:
1257 1322 1341 1350 multo
1363 1321 1448 1356 magis
1472 1327 1521 1347 nos
1536 1323 1628 1347 mutuo
1642 1324 1771 1346 excusare
1791 1323 1877 1350 opor-

1079 1375 1126 1403 tet,
1152 1370 1213 1398 licet
1237 1369 1279 1397 vel
1296 1368 1411 1396 maxima
1434 1366 1563 1394 fuerimus
1587 1364 1681 1399 injuria
1703 1363 1768 1390 la‘si.
1796 1361 1876 1393 Vide.

1078 1423 1180 1452 qumso,
1200 1422 1254 1450 quo
1278 1419 1354 1449 pacto
1366 1421 1396 1441 se
1413 1416 1521 1440 excuset
1536 1420 1543 1438 :
1560 1410 1624 1438 Ecce
1642 1409 1736 1436 Iabium
1759 1415 1837 1434 unum
1852 1411 1878 1433 et

1079 1471 1129 1490 vox
1151 1471 1203 1489 una
1226 1461 1358 1494 omnibus,
1388 1459 1483 1495 inquit,
1513 1463 1536 1485 et
1562 1458 1611 1484 hoc
1639 1458 1721 1492 facere
1747 1457 1878 1488 cccperunt

1080 1509 1184 1545 (Ibid).
1203 1508 1282 1542 Quasi
1305 1507 1425 1534 diceret:
1439 1504 1524 1532 Nemo
1545 1503 1609 1531 mihi
1629 1502 1693 1529 vitio
1706 1504 1791 1528 vertat
1805 1499 1878 1545 ista,

1080 1544 1140 1582 cum
1151 1554 1261 1581 divisam
1274 1553 1390 1588 linguam
1402 1550 1507 1582 viderit.
1523 1556 1602 1576 nemo
1612 1547 1793 1576 diversitatem
1804 1544 1878 1572 hanc

1080 1601 1228 1636 linguarum
1244 1599 1277 1626 ab
1291 1598 1365 1625 initio
1387 1596 1468 1624 fuisse
1492 1596 1619 1622 insertam
1636 1591 1785 1620 hominibus
1803 1589 1879 1617 arbi-

1081 1634 1176 1675 tretur.
1192 1645 1259 1672 Ecce
1281 1644 1375 1671 (obium
1395 1650 1475 1670 unum
1495 1645 1519 1668 et
1542 1648 1590 1668 vos:
1610 1647 1661 1666 una
1675 1636 1809 1664 omnibus:
1827 1634 1878 1662 sed

1081 1701 1134 1721 non
1159 1692 1199 1720 usi
1221 1695 1284 1719 sunt
1306 1689 1388 1721 dono,
1408 1693 1438 1716 ut
1461 1686 1588 1722 oportuit.
1603 1686 1691 1720 Atque
1702 1688 1730 1711 ut
1744 1682 1880 1717 intelligas

1081 1747 1141 1768 eum
1156 1746 1210 1766 non
1223 1743 1276 1765 tant
1289 1735 1359 1772 quod
1374 1735 1471 1762 factum
1492 1733 1578 1760 fuerat
1589 1731 1694 1767 punire.
1709 1736 1788 1764 quam
1803 1726 1878 1763 quod

1081 1786 1196 1813 futurum
1219 1788 1277 1812 erat
1297 1782 1395 1819 praavia
1415 1780 1538 1808 cautione
1561 1777 1705 1812 corrigere,
1730 1773 1791 1801 audi
1811 1772 1878 1807 quid

1080 1831 1205 1867 adjungat
1219 1839 1225 1857 τ
1242 1829 1276 1857 Et
1297 1836 1363 1855 nunc
1385 1835 1434 1854 non
1449 1825 1565 1860 deﬁcient
1579 1823 1610 1850 ab
1631 1822 1682 1849 illis
1695 1820 1790 1853 ontnia,
1803 1826 1879 1854 quc-

1082 1885 1186 1912 curnque
1199 1876 1282 1903 conati
1296 1874 1388 1910 fuerint
1406 1874 1486 1907 facere
1499 1870 1576 1907 (Gen.
1591 1869 1647 1902 11).
1663 1867 1762 1895 Horum
1786 1869 1879 1912 autem

1081 1909 1223 1950 verborum
1244 1909 1302 1948 haec
1324 1923 1366 1946 est
1387 1917 1518 1946 sententia
1533 1925 1541 1943 :
1555 1915 1605 1942 nisi
1618 1914 1671 1949 jam
1684 1918 1777 1948 ptenas
1799 1909 1877 1941 dent,

1082 1974 1110 1997 et
1123 1968 1157 1995 ab
1171 1968 1227 2002 ipsa
1240 1969 1409 2002 peccatorum
1424 1963 1514 1990 radice
1527 1961 1705 1991 reirenentur,
1718 1957 1821 1984 nullum
1836 1955 1878 1982 fa-

1082 2015 1153 2042 cient
1169 2001 1248 2040 iinem
1263 2011 1365 2038 scelera
1379 2007 1559 2044 pcrpetrandi.
1571 2005 1627 2033 Hoc
1637 2004 1708 2032 enim
1718 2003 1770 2031 sibi
1784 2001 1880 2029 Volunt

1083 2056 1127 2087 ilia
1151 2058 1252 2086 verba:
1271 2055 1331 2083 Non
1354 2055 1469 2090 deﬁcient
1481 2053 1512 2080 ab
1537 2051 1588 2079 illis
1601 2050 1696 2082 omnia.
1714 2055 1881 2084 quacumque

1083 2106 1165 2133 conati
1181 2104 1274 2140 fuerint
1294 2104 1386 2138 facere.
1400 2101 1479 2135 Quasi
1500 2099 1619 2127 diceret:
1633 2097 1691 2124 Alia
1703 2102 1809 2131 quoque
1823 2102 1880 2121 ma-

1082 2152 1139 2186 jora
1161 2150 1262 2178 scelera
1277 2148 1411 2183 adjicicnt.
1426 2146 1498 2174 Talis
1512 2145 1582 2173 enim
1597 2151 1640 2171 res
1659 2147 1701 2170 est
1720 2140 1821 2169 malitia
1836 2149 1843 2168 :
1858 2140 1882 2168 si

1084 2206 1142 2226 cum
1158 2197 1272 2233 primum
1294 2195 1398 2223 initium
1416 2193 1533 2226 duxerit,
1554 2199 1607 2219 non
1625 2190 1793 2220 cohibeatur,
1808 2192 1880 2215 tam-

1085 2251 1163 2279 quam
1179 2242 1246 2278 ignis
1266 2240 1340 2268 arida
1358 2240 1428 2275 ligna
1447 2237 1604 2272 corripiens.
1626 2236 1665 2263 sic
1681 2236 1707 2263 in
1721 2235 1880 2262 immensam

1085 2288 1200 2323 assurgit
1211 2286 1387 2315 altitudinem.
1402 2284 1483 2312 Vides
1502 2283 1554 2311 hoc
1574 2283 1659 2318 ipsum
1678 2287 1786 2316 quoque
1802 2279 1881 2307 beni—

1084 2334 1192 2370 gnitatis
1215 2332 1296 2360 fuisse
1317 2338 1371 2359 non
1395 2329 1548 2362 mediocris,
1571 2327 1641 2363 quod
1662 2326 1793 2354 unitatem
1807 2323 1882 2352 vocis

1086 2380 1243 2408 abstulerit?
1257 2377 1398 2406 Dissidium
1409 2376 1506 2412 quippe
1519 2375 1667 2410 linguarum
1677 2371 1789 2404 invexit,
1805 2378 1840 2398 ne
1855 2370 1882 2397 in

1087 2426 1215 2462 majorem
1226 2424 1423 2460 improbitatem
1437 2422 1599 2450 laberentur.
1614 2420 1690 2448 llune
1703 2418 1769 2446 mihi
1780 2424 1884 2445 sermo-

1087 2479 1149 2500 nem
1162 2471 1289 2499 memoria
1303 2474 1401 2502 tenete,
1415 2476 1465 2496 nec
1478 2474 1603 2502 umquam
1617 2465 1686 2493 elabi
1700 2472 1734 2492 ex
1748 2471 1780 2491 ea
1791 2463 1881 2495 sinite.

1088 2518 1172 2545 Deum
1194 2516 1318 2544 nimirum
1342 2522 1395 2543 non
1407 2513 1487 2541 modo
1504 2520 1564 2540 cum
1576 2511 1658 2539 afﬁcit
1670 2509 1820 2540 beneﬁciis.
1836 2507 1882 2535 sed

1087 2564 1168 2593 etiam
1186 2570 1247 2591 cum
1271 2561 1355 2597 punit,
1376 2561 1474 2588 bonum
1488 2566 1548 2587 esse
1557 2565 1589 2585 ac
1603 2558 1757 2592 benignum.
1776 2555 1843 2583 Nam
1857 2559 1884 2581 et

1088 2611 1171 2646 ipsius
1185 2615 1270 2644 paena:
1283 2615 1315 2636 ac
1329 2605 1457 2642 supplicia
1471 2603 1660 2633 beneﬁciorum
1674 2602 1733 2638 ejus
1746 2606 1809 2629 sunt
1824 2607 1884 2636 pars

1089 2656 1212 2688 maxima.
1237 2659 1264 2682 et
1286 2652 1459 2690 providentiae
1471 2659 1556 2687 genus
1569 2650 1723 2678 maximum.
1739 2648 1807 2676 Cum
1821 2655 1884 2682 ergo

1089 2704 1196 2736 famem,
1212 2707 1310 2736 pestes,
1329 2700 1401 2729 aeris
1414 2700 1557 2731 siccitates,
1579 2697 1679 2725 imbres
1692 2695 1846 2726 continuos.
1859 2698 1884 2721 et

1089 2751 1161 2777 aeris
1179 2747 1384 2783 inazqualitates,
1404 2745 1446 2773 vel
1465 2744 1536 2772 aliud
1551 2743 1686 2779 quidpiam
1701 2740 1816 2772 videris,
1831 2747 1884 2775 quo

1088 2802 1171 2830 genus
1187 2794 1330 2821 humanum
1341 2792 1475 2828 puniatur,
1489 2798 1539 2818 nec
1551 2797 1622 2825 aegre
1641 2789 1722 2823 feras,
1738 2796 1827 2824 neque
1840 2787 1882 2815 in-

1088 2840 1217 2876 digneris,
1241 2840 1288 2867 sed
1309 2839 1390 2866 adora
1412 2845 1502 2866 rerum
1516 2837 1619 2864 illarum
1638 2840 1788 2867 auctorem,
1805 2838 1883 2868 atque

1092 2888 1165 2915 illum
1184 2893 1255 2915 cum
1273 2892 1304 2913 ac
1324 2884 1510 2913 sollicitudinis
1531 2883 1638 2911 nomine
1651 2880 1821 2910 commenda.
1838 2880 1882 2908 ille
