1983 3125
149 149 197 175 24,9
543 153 720 182 DA‘IMONES
740 155 807 183 NON
827 157 1041 189 GUBERNARE
1062 163 1224 195 MUNDUM.
1245 167 1363 198 HOMIL.
1384 172 1402 200 Ι.

149 209 193 236 καὶ
205 208 239 235 τὰ
255 209 348 245 τειχία
374 211 463 239 ταῦτα
479 213 609 248 ἀνῄρητο,
639 213 692 240 ποῦ
717 214 766 242 οὐκ
779 216 822 249 ,ἂν
840 218 934 245 ἐαυτὸν

147 261 226 280 κατεκ
231 254 262 288 ρή
266 262 346 289 μνισε
356 264 364 287 ς

180 297 271 324 Βούλει
288 299 336 325 καὶ
353 299 410 327 ἀπὸ
429 301 479 336 τῆς
499 300 594 327 τούτου
611 301 716 337 μητρὸς
741 303 854 338 μαθεῖν,
873 305 935 333 ὅσον

146 341 244 375 ἀγαθὸν
254 342 351 376 γέγονε
367 343 398 370 τὸ
413 344 462 380 τῆς
475 345 522 371 τοῦ
546 345 711 381 παραδείσου
736 346 841 384 διαίτης
854 349 935 375 ἐκπε-

145 387 219 418 σείνς
241 385 384 418 Ὲξέτασον
407 388 449 420 τίς
463 386 529 424 ἦνή
551 389 608 415 Εὕα
628 390 681 426 πρὸ
707 391 812 424 τούτου,
827 393 877 420 καὶ
892 392 934 425 τίς

143 428 248 463 ἐγένετο
266 430 337 464 μετὰ
356 431 452 458 ταῦτα.
474 432 530 467 Πρὸ
546 432 640 460 τούτου
655 434 704 468 μὲν
725 434 771 461 τὸν
788 435 933 463 ἀπατεῶνα

142 472 272 505 διάϐολον,
284 473 331 500 τὸν
346 475 463 511 πονηρὸν
475 475 588 511 δαίμονα
599 478 702 504 ἐκεῖνον
714 478 933 516 ἀξιοπιστότερον

142 514 336 556 εἴναιᾼένόμισε
345 518 400 544 τῶν
416 518 461 544 τοῦ
473 519 540 546 Θεοῦ
558 521 794 556 προσταγμάτων,
812 523 859 550 καὶ
878 514 932 551 ἀπὸ

140 551 322 595 ψιλῆςνὸψεως
331 562 379 588 τοῦ
392 561 499 596 δένδρου
512 551 690 600 κατεπάτησε
699 565 745 592 τὸν
765 551 830 603 παρ’
848 567 930 594 αὐτοῦ

140 604 253 630 τεθέντα
276 605 377 640 νόμον·
394 606 486 642 ἐπειδὴ
497 606 526 632 δὲ
542 607 655 640 ἐξέπεσε
679 609 727 635 τοῦ
753 611 928 646 παραδείσου,

140 647 236 674 σκόπει
248 648 308 679 πῶς
325 648 436 683 βελτίων
452 650 561 684 ἐγένετο
580 652 628 678 καὶ
649 653 871 690 σωφρονεστέρα·
886 664 930 682 τε-

137 691 225 719 κοῦσα
237 691 294 728 γὰρ
306 692 376 725 υίὺν,
392 693 474 728 φησίν
482 702 490 710 ·
511 694 701 730 Ἐκτησὰμην
715 697 871 731 ἄνθρωπον
880 699 929 726 διὰ

138 737 193 764 τοῦ
213 737 299 764 Θεοῦ.
322 737 385 764 Ἑπί
402 737 448 764 τὸν
473 739 611 775 Δεσπότην
625 740 725 773 εὐθέως
739 743 892 778 κατέφυγεν
910 745 926 780 ή

136 780 184 808 τοῦ
194 781 332 808 Δεσπὰτου
355 781 408 817 πρὸ
422 781 516 809 τούτου
532 785 772 820 καταφρονήσασα,
796 786 844 813 καὶ
868 787 928 822 οὐχὶ

135 826 170 860 τῇ
185 824 266 859 φύσει
282 824 314 851 τὸ
325 826 439 861 πρᾶγμα
452 826 600 860 λογίζεται,
616 828 676 855 οὐδὲ
693 829 767 864 νόμῳ
779 829 870 865 γάμου
882 831 927 858 τὸν

135 869 216 895 ⁴τόκον
233 869 394 904 ἀνατίθησιν
405 878 413 885 ·
432 869 490 897 ἀλλ’
506 868 561 897 οἵδε
575 871 621 898 τὸν
637 871 687 906 τῆς
701 872 808 907 φύσεως
825 875 927 902 Δεσπό-

134 922 197 949 την,
210 914 333 949 κάκείνῳ
352 914 467 949 χάριτας
481 914 550 950 ὑπὲρ
564 914 613 950 τῆς
634 916 682 942 τοῦ
707 917 812 943 παιδίου
832 919 926 953 γεννή-

136 966 207 990 σεως
218 958 355 993 ὁμολογεῖ.
372 959 428 985 Καὶ
443 960 461 994 ή
480 959 534 995 πρὸ
549 959 645 986 τούτου
655 960 699 987 τὸν
710 960 794 996 ἄνδρα
819 961 925 998 ἀπατή-

95 1022 101 1027 .
136 1010 218 1034 σασα,
236 1002 352 1037 ὕστερον
369 1003 459 1029 καὶτὸ
472 1003 578 1030 παιδίον
590 1004 745 1037 ἐπαίδευσε,
770 1005 818 1032 καὶ
840 1005 924 1040 ὄνομα

134 1045 291 1081 ἐπιτίθησιν
310 1045 385 1081 αὐτῷ
401 1046 431 1072 τὸ
457 1046 604 1081 δυνάμενον
619 1047 684 1074 αὐτὸ
705 1048 746 1079 εἰς
773 1048 925 1085 ὑπόμνησιν

134 1088 212 1122 ἄγειν
227 1089 279 1124 τῆς
292 1089 339 1116 τοῦ
353 1089 421 1116 Θεοῦ
437 1089 541 1125 δωρεᾶς
550 1098 558 1106 ·
570 1091 618 1117 καὶ
632 1091 713 1118 πάλιν
727 1091 820 1127 ἕτερον
834 1092 926 1119 τεκοῦ-

133 1140 180 1162 σα,
203 1133 302 1168 φησίψ
336 1133 539 1167 Ἐξανέστησέ
550 1142 602 1167 μοι
612 1136 629 1161 ὁ
642 1134 714 1168 Θεὸς
726 1135 845 1169 σπέρμα
857 1135 924 1163 ἀντί

136 1177 232 1208 Ἅϐελ,
242 1177 280 1204 ὃν
290 1178 444 1204 ἀπέκτεινε
454 1177 537 1204 Κάιν.
550 1178 694 1214 Μέμνηται
708 1179 756 1214 τῆς
771 1181 923 1214 συμφορᾶς,

134 1220 182 1246 καὶ
193 1221 244 1247 οὐκ
259 1221 443 1248 ἀποδυσπετεί
458 1221 488 1249 τὸ
503 1222 625 1256 γύναιον,
642 1222 699 1248 ἀλλ’
713 1223 871 1258 εὐχαριστεῖ
886 1223 924 1258 τῷ

131 1263 192 1299 Θεῷ
207 1265 299 1297 πάλιν,
314 1265 361 1292 καὶ
374 1265 406 1292 τὺ
418 1265 522 1292 παιδίον
535 1264 590 1291 ἀπὺ
602 1265 651 1300 τῆς
662 1265 766 1300 δωρεᾶς
779 1266 866 1297 καλεῖ,
883 1266 924 1292 δι-

131 1308 218 1343 ηνεκῆ
236 1309 394 1344 παρέχουσα
411 1309 483 1344 αὐτῷ
502 1309 676 1341 διδασκαλίας
695 1309 833 1336 ὑπόθεσιν.
846 1309 924 1336 Οὕτω

130 1353 178 1378 καὶ
192 1354 221 1379 ἐν
234 1352 311 1388 αὐτῷ
323 1352 362 1388 τῷ
373 1353 519 1387 ἀφελέσθαι
537 1353 647 1388 μείζονα
667 1354 814 1389 ἐχαρίσατο
827 1355 842 1380 6
857 1354 924 1386 Θεὸς

130 1396 240 1433 ἀγαθά·
262 1396 374 1428 ἐξέπεσε
393 1396 440 1422 τοῦ
458 1396 621 1431 παραδείσου
637 1398 654 1433 ἡ
677 1397 755 1433 γυνὴ,
772 1398 840 1425 ἀλλά
855 1399 923 1434 πρὸς

130 1440 298 1474 θεογνωσίαν
325 1440 533 1476 ἐχειραγωγήθη
563 1441 606 1467 διὰ
625 1441 673 1476 τῆς
699 1441 824 1477 ἐκϐολῆς,
851 1441 922 1469 ὥστε

131 1485 225 1519 μεῖζον
236 1481 327 1518 εὗρεν,
343 1484 360 1519 ἢ
379 1484 514 1510 ἀπώλεσε.
527 1485 581 1512 Καὶ
593 1485 616 1511 εἰ
635 1486 769 1520 χρήσιμον
782 1484 826 1521 ἦν,
844 1487 920 1522 φησὶ,

128 1527 159 1553 τὸ
169 1529 296 1554 ἐκπεσεῖν
311 1528 358 1554 τοῦ
374 1528 549 1562 παραδείσου,
561 1528 632 1560 τίνος
640 1529 731 1555 ἕνεκεν
746 1529 830 1556 ἐδίδου
846 1531 922 1565 παρὰ

128 1572 178 1606 τὴν
194 1571 284 1606 ἀρχὴν
300 1571 346 1598 τὸν
364 1572 526 1606 παράδεισον
543 1573 557 1598 6
577 1572 658 1604 Θεός;
673 1573 822 1608 Χρησίμως
843 1574 922 1600 τοῦτο

128 1615 173 1640 διά
186 1615 237 1650 τὴν
259 1614 407 1650 ρᾳθυμίαν,
421 1615 557 1651 ἄνθρωπε,
574 1615 681 1647 ἐγένετο
696 1616 744 1652 τὴν
763 1617 900 1652 ἡμετέραν
912 1626 919 1633 ο

127 1659 165 1690 ὡς
181 1659 208 1686 εί
223 1668 256 1693 γε
269 1661 414 1694 προσεῖχον
425 1660 529 1691 ἑαυτοῖς
540 1661 638 1687 ἐκεῖνοι
657 1661 704 1687 καὶ
719 1661 764 1688 τὸν
783 1662 921 1698 Δεσπότην

128 1704 326 1737 ἐπεγίνωσκον,
347 1704 394 1730 καὶ
413 1706 561 1739 σωφρονεῖν
571 1705 721 1740 ἠπίσταντο
743 1707 790 1733 καὶ
809 1707 921 1742 μετριά-

128 1749 193 1780 ζειν,
208 1748 320 1783 εμειναν
336 1748 369 1775 ἂν
377 1749 424 1775 ἐπὶ
439 1748 488 1784 τῆς
504 1749 589 1784 τιμῆς
603 1758 610 1765 ·
626 1750 720 1786 ἐπειδὴ
732 1750 760 1777 δὲ
774 1750 920 1788 ἐξύϐρισαν

129 1792 167 1823 εἰς
182 1792 232 1827 ἠν
244 1791 368 1818 δοθεῖσαν
377 1792 491 1827 δωρεὰν,
503 1793 654 1828 τηνικαῦτα
667 1795 801 1830 χρήσιμον
812 1796 920 1829 ἐγένετο

128 1837 157 1862 τὺ
181 1836 361 1872 ἐκϐληθῆναι.
384 1837 461 1869 Τίνος
484 1836 529 1865 οὖν
550 1839 643 1865 ἐνεκεν
667 1839 741 1874 παρὰ
759 1841 809 1875 τὴν
832 1841 919 1877 ἀρχὴν

130 1881 229 1907 εδωκεν
243 1882 258 1907 6
273 1881 359 1913 Θεός;
376 1881 434 1908 Ἵνα
448 1882 497 1917 τὴν
520 1882 624 1909 οἰκείαν
637 1883 804 1920 ἐπιδείξηται
826 1885 919 1919 φιλαν-

129 1924 262 1960 θρωπίαν,
278 1925 325 1952 καὶ
341 1926 381 1952 ὅτι
395 1926 475 1958 αὐτὸς
490 1926 539 1961 μὲν
558 1927 764 1962 παρεσκεύαστο
779 1928 846 1964 πρὸς
861 1929 919 1964 μείς

128 1965 193 1997 ζονα
206 1966 290 2002 τιμὴν
302 1967 380 2000 ἄγειν
387 1967 460 2002 ἡμᾶς
473 1967 527 1999 ἀεὶ,
547 1969 628 2003 ἡμεῖς
640 1967 667 1994 δὲ
683 1968 763 1995 αἴτιοι
781 1970 917 2005 πανταχοῦ

127 2007 182 2034 τῶν
197 2007 337 2035 κολάσεων
349 2009 397 2035 καὶ
407 2008 461 2035 τῶν
468 2009 618 2045 τιμωριῶν,
632 2010 791 2042 ἐκϐαλόντες
804 2012 918 2044 ἑαυτοὺς

127 2049 170 2076 διὰ
190 2050 329 2086 ῥᾳθυμίας
345 2050 398 2077 τῶν
410 2050 556 2086 δεδομένων
568 2052 634 2087 ἡμῖν
645 2051 764 2086 ἀγαθῶν.
784 2053 917 2088 Καθάπερ

127 2089 173 2118 οὖν
190 2092 285 2127 πατὴρ
301 2091 477 2127 φιλόστοργος
491 2093 567 2128 παρὰ
580 2093 630 2127 μὲν
644 2093 692 2128 τὴν
704 2093 792 2129 ἀρχὴν
804 2095 917 2130 ἀφίησιν

128 2133 175 2160 ἐπὶ
193 2134 244 2168 τῆς
258 2134 347 2165 οἰκίας
357 2133 402 2160 τὸν
414 2134 495 2161 παῖδα
507 2135 553 2160 τὸν
573 2134 669 2161 ἑαυτοῦ
683 2135 847 2171 διατρίϐειν,
870 2137 917 2164 καὶ

126 2174 182 2201 τῶν
207 2174 344 2210 πατρῴων
368 2175 515 2202 ἀπολαύειν
536 2176 678 2203 ἁπάντων·
703 2177 812 2204 ἐπειδὰν
828 2178 856 2205 δὲ
874 2178 915 2214 ίδῃ

127 2216 228 2250 φαῦλον
240 2218 273 2252 τῇ
292 2218 358 2252 τιμῇ
370 2218 553 2253 γεγενημένον
563 2238 570 2250 ,
592 2219 693 2253 ἀπάγει
711 2219 761 2254 τῆς
775 2220 916 2255 τραπέζης

126 2258 174 2284 καὶ
186 2259 329 2294 πόρρωθεν
340 2260 390 2294 τῆς
401 2260 505 2291 οἰκείας
519 2260 607 2294 ὅψεως
619 2260 773 2295 καθίστησι,
785 2261 915 2293 πολλάκις

124 2299 152 2326 δὲ
170 2300 216 2326 καὶ
228 2301 315 2335 αὐτῆς
330 2301 454 2328 ἐκϐάλλει
467 2302 516 2337 τῆς
527 2301 655 2338 πατρῴας
670 2302 744 2338 [252]
759 2303 858 2335 οἰκίας,
872 2304 915 2330 ἵνα

125 2341 253 2368 ἐκπεσὼν
271 2343 375 2374 ἐκεῖνος
392 2343 440 2369 καὶ
457 2342 566 2377 βελτίων
591 2344 734 2378 γενόμενος
743 2345 803 2376 ταῖς
820 2344 913 2380 ὕϐρεσι

123 2383 240 2415 ταύταις
247 2383 298 2409 καὶ
312 2385 372 2415 ταῖς
396 2384 527 2419 ἀτιμίαις,
542 2384 617 2417 ἄξιον
638 2385 734 2412 ἐαυτὸν
750 2386 877 2422 ἀποφήνῃ
900 2393 914 2407 ι

121 2425 174 2459 τῆς
183 2426 317 2452 ἐπανόδου
329 2425 421 2457 πάλιν,
430 2426 531 2453 καὶτὸν
545 2426 672 2462 πατρῷον
685 2427 838 2464 διαδέξηται
852 2429 915 2465 κλῆ-

123 2475 172 2502 ρον
181 2475 189 2482 ·
209 2466 283 2493 οὕτω
297 2468 345 2494 καὶ
356 2469 370 2494 6
384 2468 450 2499 Θεὸς
460 2468 598 2503 ἐποίησεν.
613 2469 716 2496 Ἔδωκε
725 2469 763 2505 τῷ
778 2471 914 2508 ἀνθρώπῳ

76 2502 80 2505 ”
121 2508 170 2534 τὸν
185 2508 351 2544 παράδεισον
361 2517 368 2524 ·
384 2509 493 2542 ἀνάξιον
511 2502 630 2544 φανέντα
656 2502 793 2544 ἐξέϐαλεν,
810 2502 854 2539 ἵνα
870 2502 914 2540 διά

121 2550 173 2585 τῆς
187 2550 241 2582 ἐξω
253 2551 397 2587 διατριϐῆς
413 2552 460 2577 καὶ
475 2551 525 2586 τῆς
547 2552 660 2588 ἀτιμίας
677 2553 789 2588 βελτίων
804 2555 914 2590 γενόμε-

122 2599 168 2623 νος
181 2593 228 2618 καὶ
245 2592 478 2628 σωφρονέστερος,
488 2594 562 2627 ἄξιος
574 2595 644 2630 φανῇ
656 2595 706 2629 τῆς
719 2596 848 2623 ἐπανόδου
861 2597 914 2624 πά-

121 2632 173 2660 λιν.
203 2633 315 2670 Ἐπειδὴ
341 2634 430 2660 τοίνυν
459 2635 527 2670 μετὰ
546 2635 632 2662 ταῦτα
657 2635 769 2671 βελτίων
793 2638 911 2672 ἐγένετο,

123 2675 255 2710 ἐπανάγει
268 2675 350 2702 πάλιν
358 2677 451 2708 αὐτὸν,
462 2677 508 2704 καί
525 2687 590 2714 φησι
601 2687 608 2694 ·
620 2679 754 2714 Σήμερον
763 2682 826 2715 μετ’
839 2682 912 2716 ἐμοῦ

123 2717 180 2751 ἐστι
193 2717 229 2744 ἐν
243 2716 284 2750 τῷ
301 2717 484 2752 παραδείσῳ.
507 2719 587 2755 Ὀρᾷς
603 2720 643 2747 ὄτι
662 2721 692 2747 οὐ
709 2722 739 2748 τὸ
756 2722 848 2749 δοῦναι
867 2724 912 2750 τὸν

124 2759 301 2794 παράδεισον,
326 2759 395 2787 ἀλλὰ
418 2761 465 2787 καὶ
480 2760 511 2787 τὸ
526 2761 652 2789 ἐκϐαλεῖν
669 2763 716 2790 τοῦ
735 2765 910 2800 παραδείσου,

121 2802 169 2838 τῆς
181 2803 318 2838 μεγίστης
332 2803 497 2839 κηδεμονίας
508 2802 558 2841 ἦν;
571 2806 595 2833 εί
613 2806 650 2842 μὴ
665 2806 719 2843 γὰρ
733 2807 845 2841 ἐξέπεσε
863 2810 909 2837 τοῦ

151 2868 164 2885 ³
175 2869 242 2896 0)“).
255 2870 381 2902 ἀποδείξῃ.

994 222 1179 270 παραδείσου,
1201 226 1251 254 οὐκ
1272 227 1305 255 ἂν
1329 229 1414 267 ἐφάνη
1443 231 1491 259 τιῦ
1512 234 1673 270 παραδείσου
1693 239 1774 268 πάλιν

988 265 1072 297 ἄξιος.

1024 309 1054 337 δ’.
1069 311 1169 339 Τοῦτον
1177 313 1266 341 τοίνυν
1275 315 1420 349 διαπαντὸς
1426 318 1554 354 τηρῶμεν
1562 321 1609 348 τὸν
1616 323 1703 358 λόγον,
1712 325 1774 352 τοῦ·

988 361 1034 380 τον
1046 355 1093 403 καὶ
1102 356 1149 403 ἐπὶ
1163 358 1213 393 τῆς
1227 360 1420 396 προκειμένης,
1436 363 1460 388 εί
1480 363 1615 400 βούλεσθε,
1630 355 1773 403 γυμνάσω-

989 406 1040 444 μεν
1056 399 1220 434 ὑποθέσεως.
1236 404 1339 432 Ἔδωκε
1357 406 1448 443 φωνὴν
1462 408 1554 444 κοινὴν
1572 399 1674 438 ᾶπασιί
1693 412 1772 440 τοῦτο

986 440 1047 488 ῖῆςν
1063 442 1145 488 αὐτοῦ
1171 440 1383 483 φιλανθρωπίας.
1409 440 1466 478 όὺκ
1482 440 1633 488 ἐχρήσαντο
1651 456 1692 488 εἰς
1712 457 1772 483 δέου

989 484 1088 535 ἐκεῖνοι
1101 487 1140 535 τῶ
1153 488 1242 526 δώρῳ,
1261 491 1328 519 ἀλλὰ
1345 494 1414 529 πρὸς
1430 484 1522 523 ἄνοιαν
1536 484 1770 535 ἐξέκλινανγὴχά-

986 538 1036 580 την
1044 538 1051 546 ⁶
1066 531 1192 580 ἀφείλετο
1202 536 1232 562 τὺ
1243 536 1318 563 δοθὲν
1328 539 1419 567 πάλιν.
1431 540 1462 567 Εἰ
1472 541 1527 577 γὰρ
1541 543 1634 580 ἐπειδὴ
1645 531 1770 578 γλῶσσαν

986 571 1059 623 εἷζον
1077 575 1151 610 μίαν,
1170 579 1209 610 είς
1224 581 1358 616 τοσαύτην
1377 571 1634 618 ἐξέπεσονδηιοιιίν,Ι
1646 571 1684 620 (Ib;
1708 571 1770 623 βουέ

986 616 1218 669 ληθῆναι.πύργον
1233 624 1284 655 ἕως
1299 625 1345 652 τοῦ
1356 626 1470 662 οὐρανοῦ
1482 616 1657 666 οἰκοδομῆσαι
1665 616 1715 663 ..εί
1732 633 1769 669 μὴ

985 664 1157 711 παραχρῆμα
1183 667 1378 711 ἐκολάσθησαν,
1396 669 1451 706 ἆρα
1476 673 1526 700 οὐκ
1545 664 1578 700 ἂν
1593 664 1770 711 ἐπεθύμησαν

985 705 1033 753 καὶ
1054 708 1144 753 μύτῇς
1167 709 1214 736 τοῦ
1239 712 1355 747 οὐρανοῦ
1374 705 1424 749 τῆς
1439 717 1562 752 κορυφῆς
1576 705 1767 753 ἐπιλαϐέσθαις

982 749 1015 776 Τί
1026 750 1080 799 γάρ
1090 759 1097 784 ;
1109 752 1140 779 Ei
1153 754 1199 780 και
1211 754 1339 783 ἀδύνατον
1349 755 1383 793 ἦν
1398 749 1521 794 ἐκείνοις,
1533 749 1590 787 ἀλλ’
1598 762 1671 798 ὅμως
1679 764 1711 789 ἐκ
1718 749 1769 799 τῆξ

982 795 1136 843 προθέσεως
1149 799 1182 825 τὰ
1193 800 1241 843 ¹τῆς
1255 800 1382 843 ἀσεϐείας
1392 803 1482 836 αὐτοῖς
1495 795 1669 841 ἀπηρτίζετο.
1679 795 1769 843 ’Ἃπερ

981 836 1090 864 ἅπαντα
1107 841 1231 876 προορῶν
1246 843 1260 868 6
1275 842 1351 875 Θεὸς,
1374 845 1468 882 ἐπειδὴ
1491 848 1532 878 είς
1545 836 1666 875 δέον-οὐκ
1683 836 1768 885 ἐχρήζ

982 887 1062 928 σαντο
1074 883 1107 918 τῇ
1115 884 1271 928 γόμοφωνίᾳ,
1289 887 1330 918 εἰς
1350 887 1408 915 δέον
1428 889 1526 922 αὐτοὺς
1540 890 1639 927 διαιρεῖ
1661 894 1693 928 τῇ
1710 883 1767 919 δια-

980 925 1079 969 φωνίᾳ.
1101 927 1155 954 Καὶ
1181 929 1274 955 σκόπει
1308 939 1352 965 μοι
1374 932 1424 967 τὴν
1444 925 1645 969 φιλανθρωπίαν
1671 925 1765 965 αὐτοῦ.

986 967 1074 1001 Ἰδοὺ,
1089 971 1166 1005 φησὶ,
1180 973 1265 1006 φωνὴ
1284 974 1339 1008 μία
1354 974 1440 1008 πᾶσι,
1460 977 1509 1004 καί
1528 967 1616 1005 τοῦτο
1634 979 1766 1013 ἤρξαντο

978 1013 1114 1048 ποιῆσαι.

1015 1065 1093 1098 Τίνος
1106 1067 1199 1096 ἐνεκεν
1220 1069 1271 1097 οὐκ
1291 1071 1391 1104 εὐθέως
1408 1070 1490 1109 ἦλθεν
1510 1074 1557 1101 ἐπὶ
1576 1075 1605 1102 τὸ
1626 1076 1765 1113 διατεμεῖν

977 1109 1026 1159 τὴν
1040 1111 1173 1159 γλῶτταν,
1189 1114 1257 1141 ἀλλὰ
1278 1116 1408 1153 πρότερον
1430 1119 1617 1154 ἀπολογεῖται,
1639 1109 1765 1159 καθάπερ

978 1154 1011 1200 ἐν.
1037 1154 1203 1200 δικαστηρίῳ
1233 1159 1372 1194 κρίνεσθαι
1397 1162 1516 1197 μέλλων;
1544 1165 1632 1191 καίτοι
1659 1174 1691 1200 γε
1717 1154 1765 1193 οὐζ

977 1197 1033 1230 δεὶς
1044 1199 1118 1235 αὐτῷ
1128 1202 1194 1237 ἐρεῖ·
1211 1203 1243 1229 Τί
1260 1204 1404 1240 ἐποίησας;
1417 1207 1484 1234 ἀλλά
1497 1207 1591 1244 κύριός
1604 1197 1764 1239 ἐστινπάντα

978 1245 1066 1290 ποιεῖν
1076 1245 1131 1290 ὅσα
1138 1246 1272 1280 βούλεται.
1295 1249 1363 1276 Ἀλλ’
1376 1251 1451 1285 ὅμως
1463 1253 1587 1290 καθάπερ
1601 1254 1705 1290 μέλλων
1716 1257 1763 1284 εὐ-

978 1286 1061 1334 θύνας
1081 1288 1201 1334 ὑπέχειν.
1215 1290 1300 1323 οὕτως
1321 1293 1469 1329 ἀπολογίας
1486 1286 1607 1332 τίθησίν,
1623 1299 1697 1334 ἡμᾶς
1722 1301 1763 1327 δι-

976 1329 1084 1380 δάσκων
1109 1333 1318 1380 ἡμέρουςηεῖναι
1339 1337 1386 1364 καὶ
1400 1329 1616 1376 φιλανθρώπους.
1634 1329 1667 1370 lii
1680 1329 1734 1380 ¹γὰρ
1749 1345 1764 1372 6

975 1374 1182 1424 Δεσπότης-τρῖς
1196 1377 1298 1411 δούλοις
1315 1374 1505 1416 ἀπολογεῖται,
1514 1385 1561 1411 καί
1572 1385 1657 1413 ταῦτα
1670 1374 1764 1424 ἠδικη-

976 1418 1046 1468 κόσι,
1063 1419 1153 1468 πολλῷ
1166 1421 1264 1468 μᾶλλον
1277 1424 1350 1458 ἡμᾶς
1361 1425 1486 1461 ἀλλήλοις
1499 1418 1689 1463 ἀπολογεῖσθαί
1698 1418 1761 1468 χρή,

976 1462 1075 1508 κᾶνῄτὰ
1093 1464 1208 1498 μέγιστα
1222 1462 1298 1501 ὦμεν
1325 1467 1498 1504 ἠδικημένοι.
1519 1462 1595 1508 Ὀραγ
1615 1474 1680 1507 γοῦν

976 1506 1167 1541 ἀπολογεῖται·
1184 1509 1257 1536 Ἰδοὺ
1269 1510 1371 1544 χεῖλος
1387 1511 1422 1539 ἓν
1438 1514 1487 1542 καὶ
1506 1506 1591 1550 φωτί-ὴ
1603 1506 1659 1551 μία
1673 1506 1760 1551 πᾶσι,

976 1550 1054 1585 φησὶ,
1075 1552 1124 1579 καὶ
1144 1553 1231 1580 τοῦτο
1241 1554 1372 1588 ἤρξαντο
1388 1557 1524 1591 ποιῆσαι.
1545 1550 1651 1587 Ὠσανεὶ
1668 1550 1760 1596 ἐλεγεέ

973 1594 1077 1630 Μηδεὶς
1088 1597 1238 1630 ἐγκαλείτω
1252 1607 1296 1633 μοι
1313 1599 1398 1627 ταῦτα
1412 1601 1461 1637 τὴν
1479 1602 1603 1636 γλῶτταν
1618 1594 1761 1640 διατεμνο-

976 1639 1060 1674 μένην
1077 1640 1157 1675 ὀρῶν,
1179 1642 1274 1677 μηδεὶς
1290 1642 1320 1675 ἐξ
1336 1643 1425 1679 ἀρχῆς
1445 1646 1579 1680 νομιζέτω
1595 1647 1644 1683 τὴν
1658 1639 1761 1683 διαφω-

973 1683 1034 1709 νίαν
1048 1683 1151 1720 ταύτην
1161 1686 1217 1717 τοῖς
1227 1686 1378 1722 ἀνθρώποις
1387 1690 1669 1726 συγκαταϐεϐλῆσθαι.
1686 1693 1759 1721 Ἰδοὺ

973 1727 1075 1762 χεῖλος
1091 1728 1125 1755 ἓν
1135 1729 1184 1756 καί
1194 1731 1249 1764 μία
1263 1731 1347 1765 φωνὴ
1364 1731 1460 1760 πᾶσιν
1470 1741 1477 1748 '
1490 1734 1551 1761 ἀλλ’
1559 1736 1608 1762 οὐκ
1623 1736 1760 1773 ἐχρήσαν-

973 1780 1004 1798 το
1017 1772 1056 1804 εἰς
1074 1772 1133 1799 δέον
1147 1775 1180 1809 τῇ
1196 1774 1294 1810 δωρεᾷ.
1311 1777 1366 1803 Καὶ
1380 1777 1423 1804 ἴνα
1442 1778 1530 1814 μάθῃς
1544 1779 1585 1806 ὃτι
1602 1781 1631 1807 οὐ
1643 1781 1674 1808 τὺ
1685 1772 1761 1816 γινό-

976 1824 1055 1851 μενον
1072 1816 1181 1849 κολάζει
1200 1818 1336 1852 τοσοῦτον,
1350 1821 1411 1847 ὅσον
1424 1821 1455 1847 τὸ
1472 1822 1569 1857 μέλλον
1584 1824 1761 1860 προδιορθοῦ-

973 1868 1028 1892 ται,
1043 1860 1158 1888 ἄκουσον
1171 1863 1221 1898 τῆς
1237 1864 1385 1901 ἐπαγωγῆς
1395 1874 1402 1880 ·
1416 1866 1473 1894 Kal
1484 1867 1543 1894 ’νῦν
1560 1869 1596 1895 οὑ
1605 1868 1648 1903 μὴ
1662 1869 1759 1897 ἐκλεί-

972 1905 1017 1938 Vm
1036 1904 1071 1937 ἐξ
1086 1905 1185 1933 αὐτῶν
1203 1907 1311 1941 πάντα,
1325 1909 1383 1937 ὅσα
1398 1909 1436 1937 ἂν
1451 1911 1608 1939 ἐπιθῶνται
1621 1913 1759 1948 ποιῆσαι.

976 1949 1008 1975 Ὂ
1023 1949 1052 1976 δέ
1067 1950 1140 1984 λέγει
1155 1951 1274 1979 τοιοῦτον
1288 1953 1362 1980 ἐστιν
1372 1962 1379 1969 ·
1401 1955 1464 1982 Ἐάν
1481 1956 1518 1991 μὴ
1532 1956 1597 1983 δῶσι
1607 1957 1685 1992 δίκην
1698 1957 1756 1991 νῦν⁹

972 1993 1018 2020 καὶ
1033 1994 1086 2020 ἀπὸ
1099 1995 1149 2030 τῆς
1164 1995 1243 2031 ῥίζης
1257 1997 1344 2032 αὐτῆς
1357 1997 1411 2025 τῶν
1427 1999 1633 2035 ἁμαρτημάτων
1649 2001 1760 2037 ἀναχαι-

970 2036 1109 2071 τισθῶσιν,
1124 2038 1155 2065 οὐ
1169 2040 1311 2075 στήσονται
1321 2041 1370 2076 τῆς
1384 2043 1516 2077 πονηρίας
1527 2043 1644 2080 οὐδαμοῦ
1654 2051 1662 2059 ⁸
1677 2045 1757 2073 τοῦτο

970 2081 1024 2116 γάρ
1041 2082 1172 2113 ἐστιν,οὐ
1181 2082 1225 2117 μὴ
1236 2084 1362 2119 ἐκλείψῃ
1371 2085 1406 2117 ἐξ
1416 2084 1515 2112 αὐτῶν
1529 2087 1636 2121 πάντα,
1650 2088 1708 2115 ὅσα
1717 2089 1757 2117 ἂν·

970 2124 1126 2152 ἐπιθῶνται
1140 2126 1277 2161 ποιῆσαι·
1292 2128 1391 2155 ὡσανεὶ
1402 2128 1487 2164 ἐλεγε·
1506 2131 1561 2157 Καὶ
1577 2131 1658 2168 ἐτερα
1672 2141 1758 2168 προσ·

971 2168 1082 2205 θήσουσι
1103 2170 1215 2205 μείζονα
1239 2171 1413 2207 ἀτοπήματα.
1428 2173 1556 2201 Τοιοῦτον
1569 2175 1623 2211 γὰρ
1638 2176 1654 2211 ἠ
1672 2185 1756 2213 πονη-

972 2215 1031 2249 ρίαο
1049 2215 1113 2242 ὅταν
1133 2216 1219 2251 ἀρχὴν
1233 2217 1353 2245 λαϐοῦσα
1368 2219 1406 2254 μὴ
1423 2218 1542 2254 κωλυθῇ,
1556 2220 1683 2257 καθάπερ
1699 2222 1756 2258 πῦρ

970 2257 1037 2293 ὕλης
1058 2258 1133 2295 [253]
1158 2259 1361 2296 ἐπιλαϐόμενον,
1377 2261 1449 2289 οὕτω
1470 2263 1538 2298 πρὸς
1559 2263 1625 2298 ὕψος
1647 2257 1756 2301 ἀνίησιν

969 2302 1081 2336 ἄφατον.
1106 2303 1189 2338 Ὀρᾷς
1208 2304 1247 2330 ὄτι
1265 2304 1312 2331 καὶ
1326 2305 1357 2331 τὸ
1371 2306 1517 2340 ἀφελέσθαι
1531 2307 1582 2343 τὴν
1598 2309 1756 2343 ὁμοφωνίαν

969 2346 1175 2382 φιλανθρωπίας
1188 2348 1297 2381 ἐγένετο
1313 2348 1428 2384 πολλῆς;
1450 2350 1575 2377 Ἐνέϐαλε
1587 2352 1641 2388 γὰρ
1655 2353 1755 2386 αὐτοὺς

968 2391 1009 2422 είς
1021 2390 1180 2425 διαφωνίαν,
1195 2391 1238 2419 ἵνα
1257 2391 1294 2428 μὴ
1312 2393 1464 2420 ἐκπέσωσιν
1485 2395 1526 2426 εἰς
1544 2396 1677 2432 πονηρίαν
1693 2398 1754 2433 μει-

969 2435 1043 2467 ζονα.
1062 2435 1162 2462 Τοῦτον
1181 2435 1213 2471 δή
1240 2444 1285 2471 μοι
1300 2436 1451 2472 διατηρεῖτε
1466 2438 1512 2466 τὸν
1527 2439 1616 2474 λόγον,
1637 2441 1685 2468 καὶ
1703 2450 1754 2468 πε-

968 2479 1065 2514 πηγὼς
1087 2479 1131 2505 ἀεὶ
1148 2480 1214 2515 παρ’
1234 2479 1298 2514 ὑμίν
1320 2480 1389 2507 ἔστω
1415 2482 1462 2508 καὶ
1483 2482 1622 2519 ἀκίνητος,
1639 2485 1680 2511 ὃτι
1703 2486 1754 2513 οὐκ

968 2522 1119 2558 εὐεργετῶν
1133 2523 1223 2558 μόνον.
1235 2523 1302 2550 ἀλλά
1318 2524 1366 2550 καὶ
1379 2525 1501 2557 κολάζων
1520 2527 1620 2561 ἀγαθός
1632 2529 1690 2555 ἐστι
1706 2530 1754 2557 καὶ

967 2566 1157 2602 φιλάνθρωπος
1170 2567 1185 2593 6
1198 2567 1263 2600 Θεός
1272 2576 1280 2583 ⁸
1296 2568 1343 2595 καὶ⁹
1359 2569 1413 2606 γὰρ
1425 2570 1454 2596 αἰ
1469 2570 1593 2603 κολάσεις
1606 2572 1689 2600 αὐτοῦ
1705 2575 1753 2601 καὶ

967 2612 995 2637 αἰ
1010 2611 1140 2652 τιμωρίαι
1170 2611 1298 2646 μέγιστον
1317 2612 1478 2648 εὐεργεσίας
1503 2614 1595 2649 μέρος,
1624 2616 1753 2652 μέγιστον

966 2653 1095 2688 προνοίας
1116 2651 1185 2685 εἶδός
1202 2655 1281 2682 εἰσιν.
1302 2655 1386 2683 Ὅταν
1396 2653 1443 2683 οὖν
1457 2657 1515 2693 ίδῃς
1526 2657 1622 2693 λιμοὺς
1636 2661 1753 2695 γενομέ-

965 2705 1035 2729 νους,
1052 2697 1101 2724 καὶ
1118 2697 1240 2733 λοιμοὺς,
1255 2699 1304 2725 καὶ
1315 2699 1448 2735 αὐχμοὺς,
1466 2701 1514 2727 καὶ
1524 2702 1686 2738 ἐπομϐρίας,
1704 2704 1752 2731 καὶ

964 2743 1052 2779 ἀέρων
1069 2744 1235 2779 ἀνωμαλίας,
1252 2744 1269 2780 ἢ
1280 2744 1344 2773 ἀλλο
1359 2755 1386 2772 τι
1401 2746 1456 2774 τῶν
1466 2747 1593 2774 τοιούτων
1603 2749 1657 2775 τῶν
1669 2749 1751 2776 κολα-

963 2787 1062 2820 ζόντων
1069 2787 1118 2823 τὴν
1124 2788 1171 2814 ἀνθ
1175 2788 1388 2824 ρωπίνηνφύσιν,
1392 2790 1430 2826 μὴ
1437 2790 1466 2817 δυ
1470 2791 1602 2828 σχεράνῃς
1610 2792 1677 2828 μηδὲ
1682 2794 1751 2820 ἀπο-

963 2833 1145 2868 δυσπετήσῃς,
1156 2832 1224 2859 ἀλλὰ
1235 2833 1423 2869 προσκύνησον
1432 2835 1477 2862 τὸν
1489 2835 1627 2869 ποιοῦντα,
1643 2836 1747 2872 θαύμα-

966 2884 1011 2903 σον
1020 2875 1101 2902 αὐτὸν
1111 2876 1159 2911 τῆς
1172 2876 1344 2913 κηδεμονίας.
1359 2877 1478 2910 Ἐκεῖνος
1488 2878 1542 2914 γάρ
1552 2879 1624 2907 ἐστιν
1638 2881 1653 2907 6
1667 2881 1750 2909 ταῦτα
