1983 3125
219 171 267 198 251

219 228 316 259 ποιῶν,
327 227 374 255 καὶ
388 227 419 254 τὸ
433 226 513 262 σῶμα
527 226 659 258 κολάζων.
673 228 716 254 ἵνα
732 227 782 263 τὴν
795 228 884 263 ψυχὴν
899 236 1007 263 σωφρο-

217 270 291 306 νίσῃ.
304 269 359 296 Καὶ
377 269 391 295 6
408 268 473 300 Θεὸς
487 268 572 294 ταῦτα
589 271 670 300 ποιεῖ,
685 269 782 304 φησίν;
796 270 826 295 ’0
842 269 908 301 Θεὸς
923 269 1009 295 ταῦτα

218 313 306 338 ποιεῖ·
333 311 386 338 κᾶν
404 312 421 346 ἡ
438 310 512 343 πόλις
539 312 615 346 παρῇ
642 311 726 342 πᾶσα,
754 311 806 338 κᾶν
825 311 841 346 ή
861 310 1008 346 οἰκουμένη

219 354 307 382 πᾶσα,
324 353 375 380 οὐκ
393 353 503 388 ὀκνήσω
515 352 596 378 τοῦτο
613 353 711 379 εἰπεῖν.
732 352 796 379 Εῐθε
814 361 860 387 μοι
884 352 932 379 καὶ
946 351 1010 378 σάλ-

218 403 318 429 πιγγος
331 393 365 430 ἦν
383 394 459 429 φωνὴ
475 393 666 430 λαμπροτέρα,
681 395 729 421 καὶ
746 396 775 421 ἐν
796 394 891 430 ὑψηλῷ
914 395 1009 429 στῆναι

217 437 311 473 χωρίῳ
325 437 437 463 δυνατὸν
452 434 496 472 ἦν,
512 437 560 463 καὶ
579 437 646 463 πᾶσι
661 436 759 472 βοῆσαι
785 437 834 464 καὶ
857 436 1010 473 διαμαρτύ-

219 479 329 514 ρασθαι.
348 479 388 505 ὅτι
415 479 428 504 ό
444 478 510 509 Θεὸς
532 477 619 504 ταῦτα
643 479 725 505 ποιεῖ.
756 478 813 504 Οὐκ
832 477 862 510 ἐξ
881 478 1011 509 ἀπονοίας

217 521 304 548 ταῦτα
324 520 405 554 λέγω,
422 520 480 546 ἀλλ’
493 519 549 554 ἔχω
560 519 724 555 παρεστῶτα
732 519 777 546 τὸν
790 521 935 555 προφήτην
951 520 1009 555 μετ’

217 562 284 598 ἐμοῦ
303 561 407 597 βοῶντα
421 561 467 588 καὶ
484 561 609 595 λέγοντα,
623 563 664 588 ὅτι
691 562 752 588 οὐκ
778 561 846 587 ἔστι
866 561 956 588 κακία
975 561 1011 587 ἐν

217 604 315 636 πόλει,
337 603 376 638 ἣν
393 604 501 637 Κύριος
517 604 573 630 οὐκ
588 603 715 637 ἐποίησε
726 611 732 618 ·
752 604 837 630 κακία
858 603 886 630 δὲ
904 602 1011 638 ὁμώνυ-

218 646 268 681 μόν
292 647 367 673 ἐστιν
391 646 493 681 ὸνομα·
517 646 564 671 καὶ
590 646 642 680 τῆς
666 646 853 682 προσηγορίας
876 646 1011 681 ἑκατέρας

218 687 349 724 βούλομαι
375 688 426 724 τὴν
445 688 547 724 ἀκριϐῆ
572 688 669 724 μαθεῖν
697 689 770 724 ὑμᾶς
796 688 945 725 σημασίαν,
966 689 1010 715 ἵνα

218 729 256 765 μὴ
276 729 318 756 διὰ
333 729 380 765 τὴν
396 730 557 766 ὁμωνυμίαν
579 730 634 757 τῶν
650 731 822 766 πραγμάτων
848 730 1010 766 συγχέοντες

215 770 266 806 τὴν
282 771 372 806 φύσιν,
387 773 427 803 εἰς
440 771 615 808 βλασφημίαν
628 773 778 809 ὲμπέσητε.

251 877 282 902 ε’.
304 875 481 903 Ἔστιτοίνυν
489 875 582 908 κακία,
592 876 609 911 ὴ
617 875 702 908 ὅντως
713 875 805 907 κακία,
816 876 939 910 πορνεία,
951 884 1010 911 μοι-

216 916 287 952 χεία,
301 916 453 949 πλεονεξία,
470 918 517 944 καὶ
530 918 564 943 τὰ
578 917 664 953 μυρία
677 917 753 944 δεινὰ
770 917 804 944 τὰ
820 917 873 944 τῶν
888 918 1010 952 ἐσχάτων

216 958 281 985 ὄντα
301 958 486 994 ἐγκλημάτων
512 959 575 991 ἄξια
593 959 641 986 καὶ
671 959 824 995 τιμωριῶν.
845 959 929 986 Πάλιν
953 959 1011 985 ἐστὶ

216 1000 312 1031 κακία.
332 1000 432 1036 μᾶλλον
457 1000 485 1027 δὲ
508 1001 558 1027 οὐκ
583 1000 669 1033 ἐστιν,
691 1000 760 1027 ἀλλὰ
781 1000 901 1034 λέγεται,
920 999 1009 1035 λιμὸς,

216 1041 319 1077 λοιμὸς,
336 1042 461 1074 θάνατος.
476 1042 564 1073 νόσος,
579 1042 626 1068 καὶ¹
643 1043 694 1069 ὅσα
707 1041 836 1069 τοιαῦτα·
854 1043 940 1069 ταῦτα
955 1041 1010 1076 γὰρ

215 1084 266 1110 οὐκ
281 1084 313 1110 ἂν
325 1083 366 1118 εἴη
382 1084 456 1110 κακά
465 1091 472 1098 ·
483 1083 527 1110 διὰ
537 1083 615 1110 τοῦτο
626 1082 714 1115 εἶπον,
727 1083 859 1118 Λέγεται,
872 1083 960 1119 μόνον.
978 1083 1010 1110 Τί

215 1125 330 1161 δήποτε;
347 1125 406 1152 Ὅτι
424 1126 448 1152 εί
468 1125 540 1152 κακὰ
559 1123 603 1161 ἦν,
620 1126 670 1152 οὐκ
681 1126 714 1152 ἂν
727 1125 838 1160 ἀγαθῶν
852 1127 919 1161 ἡμῖν
937 1126 1011 1152 αῐτια

216 1166 350 1201 ἐγεγόνει,
371 1167 572 1202 σωφρονίζοντα
600 1166 650 1202 τὴν
677 1167 817 1200 ἀπόνοιαν,
841 1166 1010 1200 ἐγκόπτοντα

216 1208 265 1244 τὴν
283 1208 420 1244 ῥαθυμίαν
432 1209 479 1235 καὶ
501 1209 570 1244 πρὸς
584 1209 703 1244 σπουδὴν
726 1209 907 1242 ἐπανάγοντα,
924 1217 1010 1243 προσ-

216 1249 414 1285 εκτικωτέρους
442 1249 582 1276 ποιοῦντα.
597 1250 662 1276 Ὅτε
677 1249 742 1285 γὰρ,
759 1249 853 1285 φησὶν,
876 1249 1011 1276 ἀπέκτει-

216 1300 270 1318 νεν
282 1292 403 1324 αὐτοὺς,
419 1292 486 1318 τότε
506 1291 669 1325 ὲξεζήτουν
687 1292 791 1323 αὑτὸν,
806 1291 854 1318 καὶ
871 1291 1011 1325 ἐπέστρε-

215 1341 285 1368 φον,
305 1333 355 1359 καὶ
372 1332 512 1367 ὥρθριζον
539 1333 615 1368 πρὸς
637 1332 691 1359 τὸν
720 1333 804 1359 Θεόν.
831 1333 939 1359 Κακίαν
964 1330 1011 1359 οὖν

215 1375 318 1409 ταύτην
344 1375 412 1410 φησὶ
439 1375 488 1410 τὴν
518 1374 750 1410 σωφρονίζουσαν,
783 1375 834 1410 τὴν
866 1375 1011 1410 λαμπροὺς

216 1415 363 1447 ποιοῦσαν,
390 1415 439 1450 τὴν
465 1416 690 1452 σπουδαιοτέρους
720 1415 929 1451 ἐργαζομένην,
960 1416 1011 1451 τὴν

217 1458 285 1492 πρὸς
301 1458 458 1492 φιλοσοφίαν
475 1458 677 1492 ἐπανάγουσαν,
695 1458 745 1484 οὐκ
765 1459 872 1493 ἐκείνην
888 1458 936 1493 τὴν
951 1458 1010 1485 δια-

215 1497 388 1534 ϐεϐλημένην
405 1500 451 1526 καὶ
475 1499 657 1535 ἐγκλημάτων
681 1500 775 1533 ἀξίαν⁸
799 1500 893 1536 ἐκείνη
909 1500 965 1535 γὰρ
979 1500 1010 1526 οὺ

217 1541 284 1568 Θεοῦ
301 1541 392 1576 ἔργον,
411 1541 480 1568 ἀλλὰ
497 1542 546 1577 τῆς
568 1542 708 1577 ἡμετέρας
729 1542 917 1578 προαιρέσεως
933 1542 1010 1578 εὕρε-

219 1591 266 1618 μα,
277 1582 347 1618 αὕτη
358 1583 387 1609 δὲ
399 1583 467 1617 πρὸς
481 1583 530 1618 τὴν
545 1583 654 1619 ἐκείνης
668 1584 809 1620 ἀναίρεσιν
822 1584 936 1618 γίνεται.
952 1583 1010 1610 Κα-

216 1624 280 1651 κίαν
295 1623 341 1651 οὖν
355 1623 456 1660 ταύτην
472 1624 550 1651 καλεῖ
572 1625 622 1660 τὴν
636 1625 769 1656 κάκωσιν,
785 1625 834 1660 τὴν
850 1627 882 1652 ἐκ
895 1625 950 1652 τῶν
967 1634 1010 1652 τι-

218 1665 328 1701 μωριῶν
351 1666 498 1701 γινομένην
515 1667 592 1701 ἡμῖν,
609 1666 639 1692 οὐ
652 1667 724 1694 κατὰ
736 1666 786 1702 τὴν
799 1667 903 1694 οἰκείαν
917 1667 1009 1702 φύσιν,

216 1707 287 1734 ἀλλὰ
303 1708 374 1734 κατὰ
387 1708 436 1743 τὴν
459 1708 587 1735 ὑπόνοιαν
603 1708 657 1735 τῶν
673 1709 836 1745 ἀνθρώπων,
857 1708 944 1740 οὕτως
960 1710 1009 1736 αὺ-

216 1751 267 1786 τὴν
281 1749 433 1785 ὀνομάζων.
456 1749 565 1784 Ἐπειδὴ
579 1750 633 1786 γὰρ
647 1751 746 1777 κακίαν
755 1751 849 1778 καλεῖν
862 1751 1009 1787 εἰώθαμεν,

216 1793 247 1819 οὐ
264 1793 313 1824 τὰς
325 1792 427 1823 κλοπὰς
443 1792 491 1818 καὶ
506 1792 553 1823 τὰς
568 1792 690 1828 μοιχείας
703 1793 793 1828 μόνον,
814 1793 881 1820 ἀλλά
901 1794 948 1820 καὶ
961 1793 1010 1826 τὰς

217 1834 372 1870 συμφορὰς,
388 1834 441 1860 ἀπὸ
457 1834 508 1869 τῆς
525 1834 579 1860 τῶν
607 1834 760 1870 ἀνθρώπων
784 1835 876 1871 ψήφου
891 1836 962 1862 οὕτω
978 1836 1009 1862 τὸ

201 1895 203 1897 -
218 1877 334 1912 πρᾶγμα
352 1876 476 1902 ἐκάλεσε.
498 1876 584 1902 Τοῦτο
611 1875 657 1903 οὖν
673 1877 747 1904 ἐστιν
768 1878 781 1904 ὃ
804 1886 887 1912 φησιν
904 1877 979 1913 [254]
996 1879 1010 1904 6

217 1919 373 1954 προφήτης,
390 1918 431 1944 ὅτι
448 1918 509 1944 Οὐκ
532 1918 599 1945 ἔστι
626 1919 716 1945 κακία
731 1919 767 1945 ἐν
785 1919 882 1951 πόλει,
897 1919 936 1953 ῆν
951 1920 1010 1946 Κύ-

213 1968 279 1995 ριος
294 1961 351 1986 οὐκ
369 1959 506 1994 ἐποίησε.
529 1960 613 1986 Τοῦτο
634 1961 682 1986 καὶ
699 1960 743 1987 διὰ
763 1961 874 1987 Ἡσαΐου
895 1962 1011 1997 παρεδή⁴

217 2001 302 2027 λωσεν
312 2002 327 2028 6
338 2001 404 2033 Θεὸς
414 2001 501 2028 είπών
510 2009 517 2015 “
619 2001 692 2034 Θεὸς
705 2001 799 2028 ποιῶν
810 2003 946 2036 εἰρήνην,
961 2004 1011 2031 καὶ

217 2042 322 2073 κτίζὶυν
337 2042 429 2070 κακά·
450 2043 523 2069 κακὰ
545 2042 625 2070 πάλιν
640 2043 688 2074 τὰς
704 2045 846 2079 συμφοράς
857 2046 1008 2080 ὀνομάζων,

217 2086 326 2120 Ταύτην
340 2086 389 2112 καὶ
398 2087 412 2112 6
424 2085 541 2121 Χριστὸς
553 2086 602 2121 τὴν
611 2085 711 2112 κακίαν
722 2087 750 2112 έν
765 2088 821 2117 τοῖς
833 2087 1010 2121 Εὑαγγελίοις

217 2127 374 2158 αἰνίττεται.
391 2126 463 2154 οὕτω
477 2127 564 2161 λέγων
579 2129 635 2159 τοῖς
650 2127 785 2162 μαθηταῖς
796 2137 802 2144 ·
827 2128 963 2162 Ἃρκετὸν
972 2128 1010 2164 τῇ

219 2168 312 2203 ἡμέρᾳ
326 2169 345 2202 ἡ
358 2169 449 2195 κακία
464 2169 572 2203 αὐτῆς,
585 2169 735 2201 τουτέστιν,
755 2171 772 2205 ὴ
786 2169 918 2203 κάκωσις,
933 2172 950 2206 ἡ
966 2180 1011 2197 τα-

216 2211 364 2247 λαιπωρία.
380 2211 553 2246 Πανταχόθεν
564 2209 611 2238 οὖν
630 2212 721 2247 δῆλον,
739 2212 780 2239 ὅτι
805 2213 904 2240 κακίαν
919 2214 1010 2242 ἐνταῦ-

218 2253 253 2279 θα
263 2254 312 2285 τὰς
329 2253 465 2289 τιμωρίας
490 2253 578 2284 καλεῖ,
597 2254 644 2280 καὶ
665 2253 767 2286 ταύτας
782 2255 849 2290 ἡμῖν
868 2255 951 2287 αὐτὸς
961 2258 1010 2283 ἐπ-

219 2296 291 2330 άγει,
308 2296 436 2330 μέγιστον
451 2296 578 2332 προνοίας
593 2294 663 2328 εἶδος
681 2297 941 2332 παρεχόμενος.Καὶ
955 2299 1009 2334 γὰρ

217 2339 231 2364 ὁ
247 2338 346 2373 ἰατρὸς,
360 2338 409 2372 οὐχ
418 2338 482 2365 ὅταν
498 2339 538 2369 εἰς
556 2338 737 2374 παραδείσους
754 2340 801 2366 καὶ⁵
814 2339 950 2375 λειμῶνας
967 2341 1010 2374 ἐξ-

218 2380 311 2416 αγάγῃ
323 2380 368 2406 τὸν
385 2380 534 2414 κάμνοντα,
542 2381 700 2416 Θαυμαστὸς
711 2382 769 2408 έστι
782 2382 873 2417 μόνον,
881 2382 935 2408 οὐδ’
945 2383 1010 2410 ὅταν

218 2423 260 2452 εἰς
277 2421 406 2456 βαλανεῖα
435 2422 482 2448 καὶ
510 2422 705 2459 κολυμϐήθρας
734 2423 849 2456 ὑδάτων,
875 2425 931 2452 οὐδ’
946 2426 1010 2453 ὅταν

218 2463 358 2499 τράπεζαν
374 2463 513 2499 παρατιθῇ
538 2465 680 2498 πλουσίαν,
698 2466 767 2493 ἀλλὰ
778 2467 825 2493 καὶ
840 2467 904 2495 ὅταν
918 2467 1010 2495 ἀσιτον

219 2505 317 2540 κελεύῃ
328 2505 474 2539 διαμένειν,
488 2506 535 2532 καὶ
544 2507 608 2534 ὅταν
620 2507 692 2544 άγχῃ
704 2508 777 2544 λιμῷ
788 2509 836 2536 καὶ
846 2509 909 2545 δίψῃ
925 2519 1010 2537 κατα-

219 2547 306 2582 τιίνῃ,
324 2548 357 2582 τῇ
374 2546 452 2582 κλίνῃ
467 2548 612 2583 προσηλῶν
627 2551 675 2576 καὶ
689 2550 739 2585 τὴν
756 2551 846 2578 οἰκίαν
866 2551 1008 2588 δεσμωτή-

220 2597 277 2623 ριον
292 2587 484 2623 ποιούμενος³,
498 2589 546 2615 καὶ
563 2590 646 2617 αὑτοῦ
668 2591 716 2618 τοῦ
738 2593 826 2626 φωτὸς
848 2587 1010 2629 ἀποστερῶν

219 2629 266 2657 καὶ
282 2629 437 2662 συσκιάξων
456 2632 624 2667 πανταχόθεν
649 2633 680 2660 τὸ
697 2634 833 2670 δωμάτιον
850 2637 1011 2672 παραπετά-

220 2680 314 2715 σμασι,
324 2672 370 2698 καὶ
382 2673 446 2715 όταν
460 2672 556 2708 τέμνῃ,
569 2674 616 2700 καὶ
628 2675 692 2702 ὅταν
705 2676 777 2712 καίῃ.
787 2678 833 2704 καὶ
846 2679 910 2704 ὅταν
923 2679 1011 2715 πικρά

220 2713 345 2748 προσάγῃ
363 2713 508 2750 φάρμακα,
536 2715 626 2751 ἰατρός
654 2716 728 2744 ἐστιν
752 2719 863 2753 ὁμοίως.
879 2720 941 2752 Πῶς
962 2713 1010 2748 οῦν

218 2755 269 2782 οὑκ
279 2756 377 2782 ἄτοπον
394 2756 498 2782 ἐκεῖνον
523 2756 572 2791 μὲν
588 2757 708 2785 τοσαῦτα
727 2760 912 2796 ἐργαζόμενον
937 2763 1010 2790 κακά

220 2796 311 2833 ἰατρὸν
332 2796 435 2830 καλεῖν,
450 2797 497 2824 τὸν
511 2797 539 2825 δὲ
553 2798 631 2833 Θεὸν,
643 2799 671 2826 εί
688 2809 752 2828 ποτε
765 2801 793 2829 ἓν
810 2803 913 2831 τούτων
928 2806 1008 2841 ποιή-

249 2893 263 2908 ε
274 2892 343 2918 Oulb.
355 2897 459 2926 uterque
474 2895 631 2927 ἐργαζόμενος.

520 157 528 166 ’
571 168 599 196 S.
621 167 764 196 IOANNIS
784 167 1031 197 CIIRYSOSTOMI
1057 167 1217 196 ARCHIEP.
1238 166 1513 196 CONSTANTINOP.

1799 163 1852 181 93G

1801 181 1853 191 a-uu

1061 236 1144 259 σειεν,
1163 224 1247 262 οἷονῆ
1263 225 1340 262 λιμὸν
1355 226 1372 261 ῆ
1386 225 1501 252 θάνατον
1517 223 1662 257 ἐπαγάγοι,
1682 221 1855 257 βλασφημεῖν

1060 270 1107 296 καὶ
1121 269 1170 305 τῆς
1190 268 1237 295 τοῦ
1253 268 1354 299 παντὸς
1370 267 1511 294 ἐκϐάλλειν
1524 265 1670 301 προνοίας;
1683 263 1772 290 καίτοι
1790 271 1823 295 γε
1839 263 1856 288 ό

1060 311 1165 347 ἀληθὴς
1188 309 1280 346 ἰατρὸς
1291 306 1369 341 οὗτος
1391 309 1469 344 μόνος
1484 309 1543 335 ἐστὶ
1557 307 1605 334 καὶ
1620 306 1714 342 ψυχῶν
1733 306 1782 332 καὶ
1799 313 1856 331 σω-

1062 353 1164 388 μάτων.
1183 353 1233 379 Διὰ
1249 351 1328 378 τοῦτο
1342 350 1472 382 πολλάκις
1488 350 1537 385 τὴν
1559 349 1639 384 φύσιν
1652 349 1701 383 τὴν
1713 347 1857 382 ἡμετέραν

1060 395 1229 431 παραλαϐὼν
1256 393 1285 426 ἐξ
1309 393 1437 429 εὐθηνίας
1464 392 1635 428 σκιρτῶσαν,
1660 390 1708 417 καὶ
1734 388 1855 431 πυρετὸν

1061 430 1266 473 ἁμαρτημάτων
1281 436 1440 466 ὠδίνουσαν,
1461 433 1548 469 ἐνδείᾳ
1560 433 1608 459 καὶ
1621 431 1694 467 λιμῷ
1709 431 1757 473 καὶ
1773 430 1858 473 θανά-

1059 471 1098 514 τω
1112 471 1328 513 καὶνσυμφοραῖς
1339 476 1458 511 ἑτέραις,
1475 476 1522 503 καὶ
1536 476 1592 506 τοῖς
1608 474 1698 505 ἄλλοις
1715 471 1756 504 οἷς
1769 472 1858 514 αὐτὸς

1059 512 1114 546 οἶδε
1139 512 1297 555 φαρμάκοις
1313 518 1482 545 ἀπαλλάττει
1507 517 1560 544 τῶν
1581 515 1770 555 νοσημάτων..
1782 512 1858 540 ’Δὶ-λ’

1060 562 1085 588 οἱ
1095 561 1210 595 πένητες
1224 560 1398 587 αἰσθάνονται
1414 559 1490 595 μόνοι
1506 558 1552 585 τοῦ
1569 557 1661 592 λιμοῦ,
1671 549 1771 592 φησίνῗ
1781 554 1857 581 Ἀλλ’

1059 604 1120 638 οὑχλ¹
1136 603 1208 638 μόνῳ
1221 602 1294 637 λιμῷ
1315 602 1434 634 κολάζει,
1452 601 1522 628 ἀλλὰ
1545 600 1592 627 καὶ
1606 599 1710 635 ἑτέροις
1726 598 1837 634 μυρίοις
1849 605 1856 612 ’

1059 645 1106 672 τὸν
1119 646 1148 672 ὲν
1162 645 1242 680 πενίᾳ.
1257 645 1305 680 μὲν
1320 644 1385 671 ὄντα
1395 643 1467 679 λιμῷ
1478 642 1608 673 πολλάκις
1617 640 1794 676 ἐσωφρόνισε,
1808 639 1858 665 τὸν

1061 686 1227 714 πλουτοῦντα
1248 687 1275 713 δὲ
1300 687 1347 713 καὶ
1373 684 1503 719 εὐπορίας
1521 682 1692 710 ἀπολαύοντα
1707 681 1856 712 κινδύνοις,

1060 729 1205 764 νοσήμασι.
1221 729 1344 760 θανάτοις
1357 726 1635 762 ἀώροιςοεὺμήχανος
1650 724 1704 759 γάρ
1715 724 1787 756 ἐστι,
1806 723 1856 748 καὶ

1060 771 1170 797 ποικίλα
1183 770 1240 806 ἔχει
1254 772 1304 806 τῆς
1324 769 1460 805 σωτηρίας
1475 767 1553 804 ἡμῶν
1571 767 1606 794 τὰ.
1618 766 1763 802 φάρμακα.

1097 844 1176 870 Οὖτω
1190 843 1237 870 καὶ
1249 843 1374 870 δικασταὶ
1395 842 1518 870 ποιοῦσιν
1529 850 1535 856 ·
1555 842 1586 868 οὑ
1602 841 1702 876 τιμῶσι
1719 840 1799 875 μόνον
1814 847 1858 865 ου-

1060 885 1088 912 δὲ
1108 885 1270 920 στεφανοῦσι
1297 886 1360 916 τοὺς
1386 885 1436 915 τὰς
1452 884 1544 915 πόλεις
1560 882 1712 914 οἰκοῦντας,
1729 881 1791 908 οὐδὲ
1805 880 1858 906 δω-

1062 927 1126 962 ρεάς
1143 927 1293 963 παρέχουσι
1306 927 1397 962 μόνον,
1414 925 1481 953 ἀλλὰ
1493 925 1539 952 καὶ
1557 925 1699 957 κολάζουσι
1711 923 1856 953 πολλάκις.

1061 969 1110 995 Διὰ
1127 969 1206 995 τοῦτο
1221 970 1268 995 καὶ
1283 968 1358 1003 ξίφος
1379 968 1471 1000 αὐτοῖς
1495 967 1640 1002 ὴκόνηται,
1657 966 1705 992 καὶ
1729 964 1858 1000 βάραθρα

1062 1010 1297 1047 παρεσκεύασται,
1312 1011 1358 1037 καὶ
1375 1009 1483 1045 τροχὸς,
1504 1008 1646 1041 καὶξύλα,
1673 1008 1721 1034 καὶ
1751 1007 1854 1042 δήμιοι,
1888 1019 1893 1024 -

1062 1054 1110 1080 καὶ
1125 1054 1206 1089 ἕτερα
1221 1054 1307 1089 μυρία
1332 1054 1470 1081 κολάσεων
1486 1053 1555 1088 εἴδη,
1570 1053 1660 1086 Ὅπερ
1679 1048 1726 1077 οὖν
1737 1050 1784 1076 ἐπὶ
1801 1048 1858 1075 τῶν

1061 1095 1198 1122 δικαστῶν
1208 1097 1222 1122 6
1238 1095 1344 1131 δήμιος,
1359 1095 1438 1122 τοῦτο
1455 1095 1501 1122 ἐπὶ
1513 1094 1560 1122 τοῦ
1574 1093 1642 1120 Θεοῦ
1659 1092 1749 1128 λιμὸς,
1770 1090 1858 1117 καθά-

1061 1146 1115 1173 περ
1142 1135 1246 1170 δήμιος,
1260 1132 1514 1170 σωφρονίζωνὴμᾶς
1539 1136 1586 1163 καὶ
1605 1135 1654 1170 τῆς
1680 1134 1781 1164 κακίας
1800 1134 1856 1159 ὰπ-

1062 1180 1146 1213 άγων.
1157 1178 1235 1205 Οὕτω
1245 1179 1292 1206 καὶ
1305 1179 1415 1205 ἐπὶτῶν
1427 1178 1560 1215 γεωργῶν
1572 1177 1645 1204 ἔστιν
1660 1176 1732 1202 ίδεῖν.
1748 1175 1786 1201 Οὐ
1801 1174 1858 1208 γὰρ

1061 1221 1093 1256 δὴ
1115 1221 1196 1256 μόνον
1211 1221 1416 1256 περιστέλλουσι
1430 1221 1478 1256 τὴν
1498 1220 1577 1256 ῥίζαν
1590 1219 1640 1253 τῆς
1653 1217 1777 1253 ἀμπέλου
1794 1217 1857 1242 οὺόὲ

1061 1263 1304 1299 περιφράττουσιν,
1320 1263 1390 1290 ἀλλά
1405 1263 1453 1290 καὶ
1478 1262 1674 1298 περικόπτουσι
1697 1260 1746 1287 καὶ
1769 1257 1856 1285 πολλὰ

1060 1305 1115 1331 τῶν
1130 1305 1279 1341 κλημάτων
1294 1305 1478 1340 ἀποτέμνουσι
1487 1313 1493 1319 ·
1505 1304 1550 1331 διὰ
1564 1302 1645 1330 τοῦτο
1655 1302 1716 1337 οὐχὶ
1727 1300 1856 1333 σκαπάνη

1063 1347 1143 1381 μόνον
1167 1347 1293 1379 ἐκείνοις,
1313 1346 1438 1373 ἀλλὰκαὶ
1457 1346 1578 1382 δρέπανα
1606 1345 1677 1380 πρὸς
1690 1343 1777 1379 τομὴν
1794 1343 1858 1368 ἐπι-

1061 1388 1164 1424 τήδεια.
1185 1389 1255 1415 Ἀλλ’
1269 1389 1344 1424 ὅμως
1368 1389 1418 1416 οὐκ
1442 1388 1614 1423 ἐγκαλοῦμεν
1641 1386 1702 1412 οὐδὲ
1726 1384 1854 1424 τούτοις·

1061 1420 1129 1458 ἀλλὰ
1139 1431 1186 1458 καὶ
1197 1431 1258 1457 τότε
1269 1420 1387 1466 μάλιστα
1401 1420 1500 1462 αὐτοὺς
1514 1420 1700 1465 θαυμάζομεν,
1716 1420 1858 1454 ὃτανῒδυη

1063 1481 1112 1508 μεν
1124 1472 1209 1499 πολλὰ
1224 1473 1278 1499 τῶν
1291 1474 1436 1508 ἀχρήστων
1455 1472 1650 1502 ἐκκόπτοντας,
1667 1470 1738 1497 ὥστε
1754 1470 1787 1503 τῇ
1801 1468 1857 1494 τῶν

1061 1515 1197 1551 περιττῶν
1207 1515 1326 1550 ἀποϐολῇ
1342 1517 1397 1547 τοῖς
1407 1515 1517 1550 μένουσι
1529 1513 1628 1549 πολλὴν
1645 1511 1857 1548 παρασκευάσαι

1060 1557 1109 1593 τὴν
1126 1557 1273 1592 σωτηρίαν.
1293 1557 1355 1588 Πῶς
1376 1555 1422 1583 οὖν
1445 1557 1496 1583 οὐκ
1526 1556 1637 1587 ἄτοπον,
1659 1554 1766 1589 πατέρα
1794 1552 1856 1587 μὲν,

1060 1600 1108 1626 καὶ
1126 1599 1228 1635 ἰατρὸν,
1247 1600 1294 1626 καὶ
1310 1599 1451 1630 δικαστὴν,
1465 1598 1513 1625 καὶ
1537 1596 1662 1633 γεωργὸν
1687 1594 1858 1622 οὖτωδοκι-

1062 1640 1170 1677 μάζειν,
1192 1642 1240 1668 καὶ
1262 1642 1330 1677 μήτε
1350 1641 1453 1667 ἐκεῖνον
1476 1639 1641 1667 ἐκϐάλλοντα
1668 1639 1714 1665 τὸν
1729 1637 1789 1664 υἱὸν
1806 1636 1857 1669 τῆς

1060 1683 1159 1715 οἰκίας,
1179 1684 1248 1718 μήτε
1262 1683 1308 1709 τὸν
1325 1682 1416 1718 ἰατρὸν
1439 1681 1619 1708 ἐκτείνονταδ
1632 1681 1679 1707 τὸν
1703 1679 1854 1715 κάμνοντα,

1063 1725 1132 1760 μήτε
1161 1725 1206 1751 τὸν
1231 1724 1361 1760 δικαστὴν
1390 1724 1549 1756 κολάζοντα,
1567 1724 1636 1758 μήτε
1660 1722 1706 1749 τὸν
1731 1720 1856 1755 γεωργὸν

1061 1767 1197 1792 κόπτοντα
1215 1766 1371 1802 μέμφεσθαι
1390 1766 1438 1793 καὶ
1461 1765 1614 1793 αἰτιᾶσθαι·
1630 1764 1676 1791 τὸν
1690 1764 1719 1790 δὲ
1734 1763 1813 1791 Θεὸν.
1831 1761 1857 1787 εἴ

1061 1815 1126 1834 ποτε
1139 1807 1214 1843 [255]
1233 1807 1376 1843 βουληθείη
1400 1807 1526 1843 καθάπερ
1541 1805 1767 1842 καρηϐαροῦντας
1780 1804 1855 1840 ἡμᾶς

1061 1850 1116 1876 άπὸ
1132 1850 1182 1885 τῆς
1205 1850 1306 1885 πολλῆς
1325 1850 1475 1886 ἀναστῆσαι
1493 1849 1578 1885 μέθης
1589 1849 1639 1884 τῆς
1658 1847 1730 1874 κατά
1740 1846 1791 1882 τὴν
1806 1855 1855 1872 aur

1062 1891 1169 1927 νηρίαν,
1187 1892 1342 1927 μέμφεσθαι
1357 1892 1404 1918 καὶ¹
1417 1891 1528 1927 μυρίαις
1539 1890 1646 1925 βάλλειν
1655 1888 1854 1924 κατηγορίαις;

1061 1933 1152 1968 Πόσης
1170 1934 1220 1959 οὐκ
1245 1933 1277 1959 ἂν
1295 1934 1337 1968 εἴη
1358 1933 1469 1968 μανίας,
1492 1932 1561 1968 μηδὲ
1580 1932 1630 1967 τῆς
1653 1931 1738 1966 αὐτῆς
1753 1929 1793 1965 τῷ
1807 1931 1855 1955 Δε-

1061 1973 1149 2010 σπότῃ
1158 1974 1327 2009 μεταδιδόναι
1334 1975 1527 2009 δικαιολογίας,
1537 1974 1601 2010 ὅσης
1612 1972 1789 2009 μεταδίδομεν
1798 1973 1852 2002 τοῖς

1061 2016 1228 2050 συνδούλοις;

1096 2095 1134 2123 ς’.
1151 2091 1244 2118 Ταῦτα
1262 2091 1332 2127 ὑπὲρ
1347 2091 1436 2118 αὐτῶν
1453 2090 1508 2117 τῶν
1522 2089 1712 2124 ἐγκαλούντων
1726 2086 1854 2118 δεδοικὼς

1059 2133 1130 2168 λέγω
1143 2133 1201 2162 νῦν,
1220 2133 1263 2159 ἵνα
1281 2133 1318 2169 μὴ
1331 2133 1399 2168 πρὸς
1418 2133 1518 2168 κέντρα
1534 2132 1717 2163 λακτίζοντες.
1732 2130 1796 2161 τοὺς
1807 2129 1852 2155 πό-

1060 2175 1108 2208 δας
1123 2177 1306 2211 αίμάσσωσιν,
1321 2175 1364 2202 ἵνα
1376 2175 1413 2211 μὴ
1430 2176 1471 2207 εἰς
1484 2175 1598 2211 οὐρανὸν
1609 2175 1672 2205 τοὺς
1683 2173 1773 2203 λίθους
1789 2171 1853 2206 βάλ-

1061 2215 1163 2247 λοντες,
1182 2217 1216 2251 τῇ
1233 2215 1338 2250 κεφαλῇ
1352 2215 1386 2242 τὰ
1409 2215 1554 2250 τραύματα
1574 2214 1715 2248 δέξωνται.
1743 2211 1854 2246 Ἑγὼὸὲ

1061 2259 1109 2286 καὶ
1131 2259 1229 2294 έτέραν
1249 2257 1404 2294 ὑπερϐολὴν
1432 2258 1488 2294 ἔχω
1509 2257 1597 2284 πλείω
1621 2256 1724 2291 ταύτης
1753 2255 1852 2281 εἰπεῖν.

1068 2299 1183 2327 Ἀνελὼν
1205 2300 1260 2336 γὰρ
1286 2300 1316 2326 τὸ
1332 2300 1423 2334 ζητεῖν
1438 2300 1520 2336 (κατά
1538 2299 1712 2335 συγχώρησιν
1731 2297 1816 2332 λέγω)
1831 2297 1854 2322 εἰ

1061 2342 1204 2378 χρησίμως
1221 2341 1301 2368 ἔλαϐε
1318 2343 1381 2377 παρ’
1398 2341 1476 2377 ἡμῶν
1490 2342 1504 2368 6
1517 2341 1593 2373 Θεὸς,
1610 2341 1697 2367 ἐκεῖνο
1719 2339 1793 2374 λέγω
1808 2338 1854 2374 μό-

1061 2379 1122 2417 νον,’
1130 2385 1171 2411 ὅτι
1189 2386 1213 2410 εἰ
1233 2384 1312 2410 ἔλαϐε
1327 2384 1362 2410 τά
1371 2384 1493 2416 δοθέντα,
1507 2383 1567 2410 οὐδὲ
1578 2383 1664 2414 οὕτως
1675 2382 1803 2416 ἐγκαλεῖν
1813 2388 1853 2411 τις

1062 2425 1134 2462 εἶχεν
1149 2426 1238 2460 αὐτῷ·
1255 2426 1302 2453 καὶ
1323 2426 1379 2462 γάρ
1405 2426 1500 2461 κύριος
1510 2423 1544 2462 ἦν
1560 2425 1615 2452 τῶν
1629 2425 1721 2452 αὑτοῦ.
1748 2424 1792 2450 Ἑν
1812 2424 1853 2450 ἁν-

1061 2468 1181 2504 θρώποις
1202 2468 1261 2502 μὲν,
1274 2468 1338 2494 ὅταν
1356 2469 1422 2503 ἡμῖν
1436 2467 1706 2504 παρακαταθῶνταιο
1723 2467 1854 2502 χρήματα

1062 2510 1111 2536 καὶ
1134 2509 1292 2541 δανείζωσιν
1318 2509 1460 2546 ἀργύριον,
1484 2509 1566 2545 χάριν
1590 2507 1778 2544 ὁμολογοῦμεν
1806 2507 1852 2533 τοῦ

1061 2551 1168 2587 χρόνου,
1188 2551 1248 2578 καθ’
1264 2551 1293 2577 ὂν
1308 2551 1341 2587 δὴ
1364 2552 1516 2584 ὲδάνεισαν,
1532 2552 1583 2578 οὐκ
1597 2548 1811 2584 ἀγανακτοῦμεν
1824 2549 1852 2576 δὲ

1062 2593 1131 2629 ὑπὲρ
1156 2593 1204 2620 τοῦ
1228 2594 1335 2629 χρόνου,
1359 2594 1420 2620 καθ’
1433 2594 1462 2621 ὃν
1483 2593 1663 2629 ἀφαιροῦνται
1672 2592 1708 2619 τὰ
1721 2592 1776 2619 [δια
1788 2599 1796 2607 ⁸
1815 2590 1853 2625 τῷ

1060 2635 1120 2670 Θεῷ
1132 2635 1161 2661 δὲ
1174 2635 1208 2662 τὰ
1217 2635 1300 2662 αὑτοῦ
1317 2635 1471 2671 βουλομένῳ
1482 2635 1575 2663 λαϐεῖν
1583 2634 1782 2669 ὲγκαλέσομεν,
1792 2633 1851 2660 εἰπέ

1062 2685 1125 2712 μοι,
1139 2677 1187 2704 καὶ
1201 2677 1260 2709 πῶς
1275 2678 1326 2704 οὐκ
1337 2678 1455 2714 ἐσχάτης
1471 2677 1556 2705 ταῦτα
1565 2678 1675 2710 άνοίας;
1697 2675 1767 2703 Ἀλλ’
1779 2674 1852 2710 οὺχὸ

1062 2720 1147 2755 μέγας
1164 2720 1211 2746 καὶ
1221 2722 1341 2754 γενναῖος
1364 2720 1423 2747 Ἰὼϐ
1437 2720 1525 2752 οὕτως
1539 2720 1682 2756 ἐποίησεν⁸
1698 2719 1760 2747 οὐδὲ
1771 2718 1851 2753 ἡνίκα

1059 2762 1196 2798 ἐλάμϐανε
1207 2763 1298 2798 μόνον,
1314 2762 1382 2790 ἀλλὰ
1390 2763 1438 2790 καὶ
1447 2763 1527 2799 ἡνίκα
1536 2763 1672 2799 ἀφῄρητο,
1687 2762 1770 2798 χάριν
1779 2762 1850 2798 ὠμο-

1089 2842 1102 2861 δ
1116 2842 1180 2866 Savil
1185 2862 1190 2867 .
1204 2844 1354 2868 ἐπιτείνοντα.

1090 2875 1102 2907 ’ξ
1126 2874 1200 2898 Savil.
1226 2875 1254 2898 Εἰ
1277 2875 1339 2906 ἀνθρ.
1364 2875 1419 2907 δταν
1441 2875 1496 2906 ἡμῖν
1517 2883 1603 2907 παρακ.
1629 2875 1689 2900 Inde
1713 2879 1849 2905 pronomen

1060 2904 1115 2934 ἡμῖν
1128 2906 1273 2936 recepimus,
1285 2904 1350 2937 qubd
1363 2906 1446 2931 Moulf.
1459 2904 1507 2931 ιιοιι
1522 2904 1642 2932 ediderat.
1655 2904 1725 2931 Emi.
