1983 3125
113 150 159 178 2⁵1
494 153 664 182 ΠᾹΞΜΟΝΕΞ
682 153 750 181 NON
770 152 893 181 GUBERI

949 154 980 181 ιε
999 153 1156 183 MUNDUM.
1178 154 1292 183 HOMIL.
1315 155 1334 182 1.

111 208 201 241 quippe
213 210 262 236 est.
274 205 318 239 qui
334 204 390 232 lucc
400 205 489 232 omnia
503 206 611 239 peragit
626 211 651 232 et
666 213 762 241 corpus
773 205 894 241 castigat,

111 258 136 279 ut
156 252 240 278 anima
272 251 439 278 emendetur.
465 252 506 277 An
527 259 591 278 vero
610 251 680 278 Deus
705 252 761 278 haec
785 253 895 287 peragit,

109 298 174 325 dicet
187 296 299 331 aliquis?
319 297 366 324 ille
380 304 444 323 vero
457 297 515 324 haec
530 298 647 332 peragit;
661 298 783 332 quamvis
793 297 897 329 ,civitas

109 343 189 369 omnis
207 342 328 374 adesset,
353 343 473 377 quamvis
492 342 632 370 universus
652 343 724 370 orbis
748 348 895 376 terrarum,

111 389 156 415 hoc
167 388 255 420 dicere
267 395 312 415 me
326 395 379 416 non
392 388 500 423 pigebit.
513 389 600 423 Atque
612 389 713 416 utinam
728 389 791 415 tuba-
800 389 897 416 clarior

110 434 167 461 mihi
179 441 226 460 vox
235 438 319 466 esset,
332 434 446 469 atquein
455 434 559 461 sublimi
568 435 626 461 loco
638 441 742 468 possem
751 435 898 462 consiStere

110 486 180 515 atque
200 479 324 506 omnibus
343 480 509 515 proclamare
528 488 560 507 ac
582 480 717 508 testiﬁcari
742 481 825 507 Deum
847 480 896 507 ista

110 531 236 562 praestare.
259 525 352 561 Neque
367 534 422 561 pra:
436 527 515 554 nimia
530 527 679 562 arrogantia
694 527 752 554 haec
763 534 778 553 a
793 534 836 554 me
854 527 896 554 di-

109 577 211 604 cuntur,
236 571 284 599 sed
309 573 479 600 assistentem
503 571 588 600 habeo
609 572 765 608 prophetam
793 580 896 600 mecum

111 619 259 646 clamantem
277 626 310 646 ac
323 618 466 650 dicentem,
485 619 546 654 quia
569 618 627 645 Non
641 624 677 645 est
689 619 786 645 malitia
798 619 824 645 in
834 618 897 645 ciui-

110 670 162 698 tate,
176 672 249 699 quam
260 672 311 691 non
324 665 411 700 fecerit
425 664 551 691 Dominus
566 665 654 700 (Amos
665 664 692 692 5.
705 664 742 699 6);
754 669 795 691 est
808 669 896 691 autem

111 718 197 738 nomen
208 709 387 744 atquivocum,
401 710 509 742 malitia,
524 715 550 737 et
563 711 700 745 utriusque
712 710 896 745 appellationis

111 756 164 783 volo
176 763 222 783 vos
242 761 368 783 exactam
389 756 607 790 significationem
628 756 759 787 ediscere,
780 763 815 783 ne
830 755 897 783 forte

111 806 209 839 propter
215 801 342 829 dictionis
350 802 560 837 ambiguitatem,
571 807 692 830 naturam
703 802 896 830 confundentes

111 856 190 876 rerum
202 849 226 874 in
241 848 438 882 blasphemiam
454 848 586 875 incidatis.

141 894 165 922 5.
178 893 282 920 Malitia
294 902 388 921 nomen
402 894 478 920 variis
491 894 571 921 modia
581 892 805 928 accipitur.—-—Est
818 892 897 928 igitur

112 940 211 970 malitia.
223 947 282 975 qua
295 947 364 968 vere
376 940 475 968 malitia
490 945 541 972 est,
558 939 708 972 fornicatio.
723 940 896 972 adulterium,

111 986 217 1019 avaritia,
237 990 264 1013 et
280 986 424 1014 innumera
444 986 523 1018 mala,
545 994 603 1021 quae
618 985 730 1012 summis
742 985 896 1012 criminibus

111 1032 288 1068 suppliciisque
310 1037 376 1059 sunt
391 1032 480 1067 digna.
495 1032 597 1059 Rursus
611 1037 653 1060 est
664 1032 774 1065 malitia,
791 1031 832 1059 vel
847 1039 897 1067 po—

112 1079 156 1106 tius
167 1086 216 1105 non
228 1082 280 1111 est,
293 1078 344 1105 sed
360 1077 458 1105 dicitur
472 1078 582 1110 malitia,
598 1077 691 1110 fames,
708 1077 800 1112 pestis,
812 1085 894 1111 mors,

112 1124 237 1160 agritudo,
260 1129 289 1152 et
305 1124 363 1151 alia
376 1123 517 1159 ejusmodi.
533 1123 595 1151 lla>c
609 1125 681 1151 enim
693 1131 744 1150 non
760 1128 822 1151 sunt
833 1131 897 1152 vere

112 1170 170 1197 mala
179 1179 185 1195 :
195 1174 335 1204 propterea
347 1169 402 1197 dixi
415 1175 515 1197 tantum
530 1169 667 1204 appellari.
680 1169 748 1203 Quid
759 1169 807 1196 ita?
819 1168 895 1203 Quod

111 1217 130 1242 si
148 1215 210 1242 mala
231 1220 336 1247 essent,
359 1215 489 1243 bonorum
512 1215 589 1242 nobis
608 1223 696 1242 causa:
719 1223 772 1242 non
795 1219 895 1250 essent,

111 1261 164 1288 dum
184 1261 365 1295 arrogantiam
387 1261 544 1295 reprimunt,
567 1265 702 1295 torporem
717 1261 855 1289 excutiunt
869 1266 897 1289 et

112 1307 139 1334 ad
148 1307 308 1342 diligentiam
323 1307 444 1338 incitant,
459 1307 522 1334 dum
539 1307 694 1334 attentiores
708 1315 757 1334 nos
770 1307 895 1336 reddunt.

112 1351 166 1378 Cum
178 1353 257 1386 enim,
278 1352 378 1388 inquit,
394 1353 514 1379 occideret
527 1361 579 1386 eos,
593 1358 652 1380 tunc
665 1353 808 1388 qua-ebant
822 1361 896 1380 eam:

111 1402 130 1424 et
140 1398 331 1431 revertebantur,
348 1404 372 1425 et
389 1398 500 1425 diluculo
515 1398 643 1426 veniebant
663 1399 697 1425 ad
717 1398 797 1425 Deum
809 1398 893 1433 (Paul.

111 1442 148 1469 77.
162 1443 212 1477 51).
226 1442 359 1470 Malitiam
371 1443 451 1478 igitur
464 1444 532 1470 hanc
543 1443 617 1476 dicit,
630 1451 690 1479 qua:
702 1444 820 1479 corrigit,
837 1451 895 1478 qua

111 1488 185 1515 reddit
198 1488 326 1520 illustres,
348 1496 406 1523 qum
428 1488 610 1524 diligentiores
624 1488 714 1521 efficit,
730 1497 788 1524 qua:
811 1489 894 1522 philo-

110 1534 216 1568 sophiam
238 1535 345 1568 inserit,
361 1542 413 1561 non
429 1535 502 1561 illam
522 1535 683 1562 accusationi
706 1540 733 1562 ct
751 1535 895 1569 reprehen-

111 1579 169 1606 sioni
189 1579 345 1607 obnoxiam.
362 1579 429 1607 Nam
450 1580 494 1607 illa
509 1580 555 1607 Dei
572 1587 639 1615 opus
652 1588 705 1607 non
720 1585 770 1612 est,
785 1580 831 1608 sed
844 1588 893 1607 no-

111 1630 165 1652 stra:
177 1625 319 1653 voluntatis
334 1626 481 1658 inventum,
493 1625 551 1653 ιιωο
563 1631 653 1653 autem
667 1626 700 1653 ad
715 1626 785 1652 illam
800 1625 894 1653 tollen-

110 1671 161 1698 dam
174 1672 287 1699 instituta
303 1677 358 1699 est.
372 1672 498 1700 Malitiam
520 1673 599 1708 igitur
613 1674 681 1699 hanc
691 1672 805 1707 appellat
825 1672 893 1699 affli-

111 1717 222 1749 ctionem,
236 1726 296 1753 qua:
312 1719 392 1746 nobis
400 1727 432 1746 cx
445 1719 583 1753 suppliciis
594 1719 679 1745 oritur
689 1739 696 1751 ,
721 1726 774 1745 non
790 1726 822 1746 ex
846 1726 893 1746 sua

111 1767 201 1795 natura,
212 1763 258 1790 sed
274 1772 308 1791 ex
324 1764 462 1791 hominum
475 1765 601 1799 opinione
617 1765 668 1791 tale
686 1764 723 1791 illi
736 1772 832 1792 nomen
848 1765 894 1791 im-

112 1817 208 1843 ponens.
218 1809 284 1837 Nam
299 1810 428 1845 quoniam
443 1810 570 1837 malitiam
593 1811 710 1837 solemus
725 1817 819 1838 vocare
840 1817 892 1837 non

111 1853 169 1881 furta
201 1855 286 1883 solum
327 1859 356 1883 et
381 1856 527 1889 adulteria,
552 1856 599 1883 sed
611 1856 691 1883 etiam
716 1856 891 1889 calamitates,

111 1908 137 1927 cx
151 1901 280 1929 hominum
297 1903 432 1930 sententia
451 1903 486 1929 ita
507 1910 562 1929 rem
580 1902 729 1938 appellavit.
744 1903 799 1930 Hoc
814 1903 893 1938 igitur

111 1951 155 1976 est.
168 1947 234 1981 quod
247 1948 284 1974 ait
299 1948 441 1982 propheta,
457 1948 519 1983 quia
536 1948 597 1975 Non
618 1953 654 1975 est
668 1948 765 1975 malitia
784 1948 809 1974 in
829 1948 892 1975 ciui-

112 1998 162 2026 tate,
175 2001 245 2028 quam
256 2002 310 2021 non
323 1995 410 2030 fecerit
421 1993 545 2021 Dominus
553 1994 642 2029 (Amos
657 1994 682 2022 3.
699 1993 736 2028 6).
747 1993 803 2021 Hoc
812 1994 891 2022 etiam

111 2045 151 2072 per
163 2038 252 2066 Isaiam
267 2044 350 2067 antea
367 2040 527 2074 significavit
545 2040 632 2072 Deus,
656 2048 717 2067 cum
731 2040 819 2067 dixit:
837 2039 892 2075 Ego

112 2084 170 2113 Dm
183 2087 275 2121 facim
286 2095 388 2122 pacem,
401 2091 424 2113 et
434 2095 523 2114 arcana
536 2087 603 2113 mala
619 2086 694 2122 (lsai.
713 2087 758 2114 45.
775 2087 812 2121 7);
823 2087 892 2114 mala

113 2138 191 2159 rursus
198 2132 369 2160 calamitates
379 2133 526 2168 appellans.
540 2132 614 2160 Hanc
624 2133 703 2160 etiam
713 2132 834 2159 Christus
841 2140 892 2159 ma-

112 2176 182 2204 litiam
196 2178 220 2205 in
233 2179 388 2214 Evangeliis
397 2179 557 2211 subindicat,
567 2187 627 2207 cum
638 2179 775 2214 discipulis
785 2181 821 2206 ita
829 2179 893 2206 dicit

113 2221 197 2256 Suﬁcit
210 2224 258 2250 diei
271 2225 372 2251 malitia
381 2232 427 2251 sua
435 2224 541 2258 (Matth.
553 2224 580 2252 6.
591 2224 648 2260 54),
661 2224 712 2251 hoc
722 2229 763 2252 est
772 2224 890 2256 afﬂictio,

112 2267 216 2296 miseria.
230 2269 329 2305 Liquet
349 2267 432 2305 igitur
442 2271 558 2306 undique
569 2271 696 2298 malitiam
711 2271 754 2299 hic
762 2279 821 2298 eum
836 2279 892 2306 pm—

113 2322 153 2342 nas
166 2317 308 2350 appellare.
325 2322 424 2352 quiaset
437 2317 494 2352 ipse
502 2318 578 2345 nobis
588 2318 650 2344 dum
660 2317 740 2344 infert
748 2319 891 2345 maximum

112 2367 160 2388 tua:
172 2368 240 2389 cura:
251 2370 283 2390 ac
298 2362 472 2397 providentia:
485 2371 570 2398 genus
578 2364 694 2391 exhibet.
705 2363 770 2391 Nam
791 2369 818 2392 et
833 2372 890 2392 me-

113 2405 186 2439 dicus,
201 2416 251 2435 non
259 2416 322 2436 cum
331 2416 430 2444 aegrum
445 2409 472 2436 in
483 2409 575 2437 hortos
583 2417 614 2437 ac
622 2415 696 2445 prata
704 2410 821 2444 deducit,
834 2411 892 2438 lau-

113 2451 205 2481 dandus
212 2460 252 2482 est
265 2460 379 2488 tantum,
388 2463 439 2484 nec
450 2456 543 2484 cumin
553 2456 647 2484 balnea
654 2457 800 2492 etpiscinas
811 2465 892 2494 aqua-

114 2505 222 2531 rum,nec
229 2508 290 2527 cum
296 2501 434 2537 opiparam
443 2509 560 2530 mensam
568 2503 687 2537 apponit,
695 2503 742 2531 sed
750 2509 777 2531 et
785 2511 844 2531 cum
852 2504 893 2539 je-

113 2543 194 2577 junum
199 2545 274 2580 jubet
281 2555 401 2580 manere,
409 2555 469 2574 cum
476 2547 545 2574 fame
551 2552 655 2583 torquet
661 2548 735 2576 etsiti
746 2549 890 2581 excruciat,

115 2596 166 2616 cum
180 2591 245 2618 lecto
266 2593 360 2628 affigit,
381 2598 409 2620 et
421 2593 530 2621 domum
554 2595 684 2622 convertit
698 2595 724 2622 in
743 2603 890 2629 carcerem,

115 2641 166 2661 cum
178 2637 344 2671 ipsolumine
359 2639 431 2666 illum
446 2640 532 2674 privat
551 2647 583 2667 ac
596 2640 704 2668 domum
719 2641 836 2677 undique
850 2646 891 2668 ta-

117 2682 208 2715 petibus
231 2685 383 2716 obumbrat,
405 2693 465 2712 cum
487 2690 560 2713 secat
577 2690 604 2714 et
625 2687 694 2719 urit,
715 2694 775 2714 cum
796 2687 892 2715 acerba

117 2729 214 2763 porrigit
234 2730 438 2763 medicamenta,
460 2738 493 2758 ex
505 2739 581 2766 aequo
593 2732 713 2759 medicus
724 2737 774 2760 est.
797 2733 892 2760 Annon

119 2773 187 2807 igitur
198 2776 337 2804 absurdum
356 2782 408 2810 est,
422 2777 495 2804 illum
517 2782 556 2805 tot
575 2778 652 2806 malis
666 2778 747 2806 illatis
760 2779 892 2806 medicqu

119 2825 211 2853 meare,
222 2821 303 2849 Deum
318 2829 393 2854 vero,
408 2822 431 2849 si
445 2822 509 2857 quid
523 2823 575 2850 tale
588 2824 752 2858 praestiterit,
775 2824 892 2858 exempli

119 2873 196 2902 cum,
211 2869 233 2896 si
242 2869 338 2897 famem
350 2873 397 2896 aut
413 2875 524 2897 mortem
543 2870 682 2905 invexerit,
694 2870 890 2907 blasphemus,

263 2916 396 2946 ΡΔτιιοι.
419 2916 477 2946 Gn.
499 2917 611 2947 XLIX.

1692 152 1746 180 252

951 206 1076 241 atqueilli
1087 213 1178 233 curam
1195 206 1312 233 universi
1333 206 1492 235 detrahere?
1506 209 1579 244 atqui
1595 217 1673 237 verus
1687 219 1746 238 me-

951 252 1026 279 dicus
1033 258 1074 280 est
1083 253 1139 286 ipse
1149 253 1220 280 solus
1229 258 1254 279 et
1262 253 1409 280 animarum
1421 258 1447 280 et
1455 262 1606 289 corporum.
1615 255 1744 289 Quocirca

951 305 1134 332 saepenumero
1153 302 1275 326 naturam
1289 303 1406 326 nostram
1420 307 1452 326 cx
1466 300 1548 327 nimia
1565 302 1741 336 prosperitate

951 344 1122 370 insultantem
1147 344 1361 379 deprehendens,
1383 350 1410 372 et
1430 346 1473 373 cui
1494 346 1550 380 jam
1575 352 1743 382 peccatorum

951 388 1033 416 febris
1056 390 1201 424 ingrueret,
1223 395 1352 425 egestate,
1376 390 1455 424 fame,
1476 396 1561 420 morte
1584 401 1615 421 ac
1640 395 1745 422 c:eteris

951 436 1077 462 :erumnis
1093 435 1206 471 aliisque
1224 437 1425 464 medicamentis
1439 438 1490 465 sibi
1507 439 1577 466 notis
1588 440 1620 467 ab
1634 441 1744 475 mgritu-

950 480 1013 507 dine
1028 481 1100 508 illam
1116 481 1221 509 liberat.
1238 483 1318 516 Atqui
1339 490 1470 517 pauperes
1492 484 1542 510 soli
1564 484 1661 512 famem
1684 493 1745 513 sen-

952 526 1029 558 tiunt,
1042 527 1135 562 inquit.
1158 527 1210 555 Sed
1223 535 1277 555 non
1289 528 1344 555 sola
1357 528 1426 556 fame
1439 530 1560 564 castigat,
1574 538 1666 558 verum
1685 532 1746 560 aliis

950 579 1056 606 quoque
1075 573 1222 600 innumeris
1242 582 1249 600 :
1264 581 1296 600 ac
1309 579 1464 608 paupertate
1481 575 1587 609 quidem
1613 584 1743 610 pressum,

951 624 1022 652 saepe
1046 617 1116 646 fame
1139 623 1262 646 vexatum
1285 620 1455 651 emendavit;
1476 620 1586 648 divitem
1612 626 1702 649 autem
1720 627 1746 649 et

951 663 1046 698 opibus
1068 663 1246 691 abundantem
1269 665 1403 699 periculis,
1428 665 1538 698 morbis,
1553 666 1657 693 acerbis
1668 665 1746 694 fune~

951 709 1042 742 ribus;
1065 710 1150 738 solers
1165 711 1236 738 enim
1249 716 1299 743 est,
1319 711 1396 746 eique
1411 712 1483 739 varia
1497 718 1640 748 suppetunt
1654 714 1745 741 salutis

951 759 1050 782 nostra:
1064 755 1266 784 medicamenta.

986 800 1056 828 Deus
1070 802 1175 836 puniens
1185 807 1346 837 comparatur
1358 811 1415 830 cum
1420 803 1560 839 judicibus.
1577 820 1612 824 ——-
1624 803 1663 830 ita
1673 812 1742 837 quo-

950 854 1002 881 que
1015 846 1114 874 faciunt
1125 847 1294 882 judioesznon
1307 848 1453 876 honoribus
1469 854 1568 876 tantum
1585 849 1703 877 afficiunt
1717 856 1743 878 et

950 897 1079 918 coronant
1095 892 1197 919 urbium
1213 893 1324 925 incolas,
1337 901 1423 928 neque
1431 894 1499 921 dona
1512 899 1612 921 tantum
1625 894 1743 930 largiun~

952 943 994 965 tur
1006 959 1013 970 ,
1030 939 1077 966 sed
1099 943 1126 965 et
1145 946 1328 973 smpenumero
1343 940 1462 974 puniunt.
1480 940 1622 975 Propterea
1643 941 1745 976 gladius

951 984 1055 1012 illorum
1070 985 1208 1012 exacuitur
1218 1006 1225 1017 ,
1240 990 1266 1012 et
1279 985 1403 1013 barathra
1424 991 1550 1021 parantur
1561 1008 1568 1019 ,
1584 992 1611 1014 et
1627 992 1684 1014 rota
1695 1007 1702 1020 ,
1717 992 1745 1015 et

950 1031 1066 1065 equulei,
1078 1035 1106 1058 et
1119 1031 1266 1063 caruilices,
1278 1035 1306 1058 et
1317 1031 1367 1058 alia
1380 1031 1519 1058 innumera
1530 1040 1628 1067 genera
1643 1033 1729 1067 suppli
1738 1048 1745 1053 -

949 1076 1062 1103 ciorum.
1077 1077 1151 1110 Quod
1166 1077 1245 1111 igitur
1263 1081 1305 1104 est
1323 1076 1392 1111 apud
1412 1077 1517 1111 iudices
1540 1077 1658 1105 carnifex
1671 1098 1679 1111 ,
1691 1077 1743 1105 hoc

949 1121 1019 1156 apud
1034 1122 1116 1148 Deum
1128 1127 1169 1148 est
1183 1121 1276 1154 fames,
1291 1129 1350 1157 qua:
1363 1126 1496 1157 tamquam
1511 1122 1627 1149 carnifex
1640 1130 1690 1149 nos
1700 1131 1745 1150 ca-

950 1168 1029 1203 stigat
1045 1173 1072 1196 et
1087 1175 1102 1194 a
1115 1168 1178 1195 vitio
1191 1174 1307 1195 revocat.
1324 1168 1395 1196 idem
1411 1173 1438 1195 et
1452 1168 1478 1195 in
1492 1168 1616 1203 agricolis
1630 1175 1742 1196 cernere

950 1214 1013 1242 licet
1027 1223 1033 1241 2
1048 1222 1102 1241 non
1113 1215 1184 1241 enim
1198 1218 1299 1242 tantum
1313 1214 1429 1241 radicem
1459 1214 1590 1249 obtegunt
1619 1215 1683 1241 vitis
1714 1219 1740 1242 et

949 1261 1150 1288 circumvallant
1162 1261 1280 1296 sepibus,
1295 1260 1342 1287 sed
1357 1260 1437 1287 etiam
1452 1264 1590 1295 amputant
1601 1265 1629 1287 et
1644 1260 1744 1288 multos

950 1305 1073 1340 palmites
1091 1311 1212 1333 resecant
1228 1314 1234 1332 :
1250 1305 1349 1332 idcirco
1370 1312 1421 1332 non
1441 1305 1556 1340 ligonem
1573 1310 1674 1332 tantum
1693 1305 1743 1332 ha-

949 1351 1014 1378 bent
1025 1351 1073 1384 illi,
1089 1351 1136 1378 sed
1149 1356 1174 1378 et
1191 1351 1284 1378 falcem
1298 1355 1386 1386 aptam
1401 1351 1434 1378 ad
1447 1351 1601 1377 secandum.
1617 1351 1743 1378 Attamen

949 1397 1008 1424 illos
1030 1405 1083 1424 non
1108 1397 1345 1431 reprehendimus,
1358 1395 1405 1424 sed
1426 1400 1454 1423 et
1478 1396 1538 1423 illos
1556 1401 1610 1423 tum
1626 1396 1743 1424 maxime

949 1442 1096 1476 laudamus,
1111 1450 1172 1470 cum
1188 1441 1290 1469 inutilia
1302 1441 1385 1469 multa
1399 1441 1543 1468 viderimus
1555 1441 1588 1468 ab
1602 1441 1654 1468 illis
1668 1448 1743 1469 rese-

948 1494 1000 1522 cta,
1015 1494 1043 1516 ut
1054 1489 1193 1524 superfluis
1206 1489 1320 1523 rejectis,
1337 1495 1396 1523 quae
1407 1493 1546 1515 remanent
1560 1488 1666 1515 saniora
1681 1487 1742 1515 red-

948 1535 1054 1562 dantur.
1073 1535 1168 1562 Annon
1183 1535 1262 1570 igitur
1276 1534 1419 1562 absurdum
1433 1539 1483 1566 est,
1497 1540 1599 1569 patrem
1613 1533 1719 1568 quidem
1733 1554 1742 1567 ,

947 1587 975 1609 et
989 1582 1132 1613 medicum,
1147 1586 1174 1609 et
1184 1581 1301 1616 judieem
1315 1602 1322 1614 ,
1334 1586 1361 1608 et
1374 1581 1516 1616 agricolam
1530 1581 1678 1616 approbare
1690 1601 1697 1612 ,
1712 1587 1742 1607 ac

948 1635 1033 1662 neque
1048 1627 1121 1653 illum
1136 1626 1198 1653 dum
1212 1626 1294 1654 ﬁlium
1311 1626 1384 1661 pellit
1397 1634 1429 1653 ex
1443 1627 1558 1656 aedibus,
1578 1633 1663 1660 neque
1684 1633 1742 1652 me-

947 1672 1034 1699 dicum
1050 1672 1112 1699 dum
1128 1676 1233 1706 torquet
1245 1675 1384 1706 aegrotum,
1400 1678 1485 1705 neque
1495 1671 1612 1704 jndicem
1623 1671 1685 1706 dum
1697 1679 1742 1698 ca-

947 1718 1026 1752 stigat
1037 1738 1044 1749 ,
1057 1725 1142 1751 neque
1158 1717 1300 1751 agricolam
1315 1716 1378 1743 dum
1392 1720 1527 1750 amputat,
1545 1716 1742 1750 reprehendere

947 1765 989 1791 vel
1013 1770 1157 1795 accusare;
1172 1763 1252 1790 Deum
1277 1770 1358 1794 vero,
1373 1762 1395 1788 si
1414 1761 1520 1796 quando
1540 1769 1588 1789 nos
1608 1767 1741 1796 tamquam

947 1811 1039 1846 capitis
1063 1809 1206 1845 gravedine
1227 1809 1378 1836 laborantes
1399 1817 1431 1836 cx
1451 1808 1531 1835 nimia
1546 1808 1662 1836 excitare
1675 1808 1739 1836 velit

947 1856 1075 1884 ebrietate
1085 1877 1091 1888 ,
1106 1863 1186 1891 quam
1201 1855 1301 1883 malitia
1314 1855 1451 1890 ingenerat
1463 1875 1470 1887 ,
1485 1862 1595 1889 carpere
1615 1860 1642 1882 et
1662 1855 1742 1882 inuu-

947 1902 1029 1929 meris
1055 1903 1182 1936 impetere
1208 1900 1457 1928 criminationibus?
1484 1901 1578 1927 Annon
1610 1906 1740 1928 extremm

945 1947 1086 1975 dementiae
1097 1947 1184 1980 fuerit,
1195 1954 1247 1974 non
1258 1947 1378 1974 eamdem
1388 1946 1542 1982 permittere
1554 1946 1666 1973 Domino
1676 1954 1742 1974 cau—

946 2001 1002 2021 sam
1016 2001 1090 2020 suam
1104 1992 1264 2021 defendendi
1279 1991 1440 2024 facultatem,
1455 1999 1532 2027 quam
1544 1992 1681 2020 conservis
1693 1999 1741 2019 no-

946 2040 1007 2066 stris
1023 2038 1219 2074 permittimus?

981 2085 1007 2113 6.
1022 2085 1083 2113 Haec
1096 2094 1111 2112 a
1120 2093 1164 2113 me
1176 2085 1276 2113 idcirco
1288 2084 1421 2116 dicuntur,
1433 2085 1501 2119 quod
1513 2092 1605 2111 eorum
1620 2085 1740 2119 ipsorqu

945 2138 1025 2158 causa
1042 2130 1193 2163 formidem,
1207 2131 1252 2165 qui
1265 2123 1369 2157 crimini
1385 2134 1500 2163 vertunt,
1514 2137 1546 2157 ne
1561 2130 1629 2157 forte
1642 2130 1740 2158 adver-

945 2185 991 2204 sus
1005 2177 1128 2205 stimulos
1147 2177 1334 2209 calcitrantes,
1347 2176 1427 2212 pedes
1447 2180 1604 2208 cruentent,
1621 2183 1654 2204 ne
1675 2176 1739 2203 dum

946 2224 971 2250 in
984 2223 1078 2251 cmlum
1090 2223 1189 2258 lapides
1201 2223 1312 2258 jaciunt,
1328 2223 1458 2257 capitibus
1472 2222 1527 2250 suis
1540 2223 1650 2249 vulnera
1662 2223 1739 2250 exci-

946 2270 1027 2304 piant.
1048 2269 1110 2296 Mihi
1124 2277 1188 2296 vero
1202 2269 1273 2296 aliud
1295 2269 1373 2304 longe
1387 2269 1494 2304 gravius
1515 2268 1658 2296 dicendum
1673 2276 1738 2304 sup-

945 2317 1021 2351 petit.
1036 2315 1167 2343 Omittens
1177 2316 1248 2343 enim
1261 2323 1381 2350 quaerere
1393 2316 1434 2349 (ut
1444 2314 1494 2342 hoc
1505 2315 1557 2342 illis
1569 2315 1737 2351 concedam).

946 2370 1008 2389 num
1019 2362 1116 2389 utiliter
1130 2361 1155 2388 id
1170 2361 1246 2389 nobis
1259 2361 1398 2388 abstulerit
1412 2360 1492 2393 Deus,
1504 2360 1530 2387 id
1541 2360 1601 2387 dico
1614 2364 1714 2387 tantum
1731 2369 1738 2387 :

945 2408 968 2435 si
983 2416 1042 2443 qua:
1056 2407 1117 2435 data
1132 2407 1237 2435 fuerant
1249 2407 1411 2438 abstulisset,
1428 2415 1462 2434 ne
1475 2407 1514 2434 sic
1528 2406 1634 2442 quidem
1648 2411 1740 2442 posset

946 2455 1015 2482 ullus
1037 2455 1122 2482 Deum
1143 2462 1270 2482 accusare
1284 2463 1292 2480 τ
1308 2454 1440 2489 siquidem
1455 2461 1544 2481 rerum
1565 2461 1674 2482 suarum
1687 2453 1739 2481 do-

946 2500 1033 2527 minus
1053 2505 1120 2527 erat.
1135 2499 1211 2534 Quod
1224 2500 1245 2526 si
1260 2499 1412 2527 hominibus
1423 2521 1430 2529 ,
1444 2507 1506 2526 cum
1521 2499 1645 2533 pecunias
1659 2498 1739 2526 nobis

944 2546 1107 2574 crediderint
1120 2550 1147 2574 et
1159 2551 1296 2581 argentum
1311 2550 1403 2573 mutuo
1416 2545 1538 2573 dederint
1548 2566 1556 2579 ,
1570 2545 1668 2580 gratias
1683 2546 1739 2580 agi-

946 2601 1005 2620 mus
1019 2593 1054 2620 ob
1069 2593 1132 2620 illud
1149 2597 1263 2628 tempus,
1278 2600 1331 2628 quo
1344 2593 1455 2620 mutuati
1470 2596 1542 2625 sunt;
1555 2599 1603 2619 nec
1616 2591 1737 2626 indigna—

945 2648 1006 2667 mur
1017 2639 1052 2667 ob
1067 2638 1132 2666 illud
1144 2644 1258 2673 tempus,
1272 2646 1325 2674 quo
1335 2646 1351 2665 a
1362 2638 1438 2666 nobis
1448 2639 1589 2671 auferunt,
1601 2645 1662 2673 quae
1675 2642 1738 2665 sunt

945 2687 1051 2722 propria
1066 2695 1072 2713 ε
1087 2693 1149 2713 num
1172 2685 1253 2712 Deum
1264 2706 1271 2718 ,
1285 2692 1376 2719 quaeso
1391 2705 1398 2718 ,
1418 2684 1661 2719 reprehendemus,
1676 2690 1736 2710 cum

945 2737 1068 2768 repetere
1080 2739 1095 2759 a
1108 2731 1185 2759 nobis
1196 2739 1238 2758 res
1251 2738 1312 2758 suas
1324 2730 1454 2758 voluerit?
1466 2730 1525 2765 quis
1535 2737 1598 2757 vero
1610 2736 1663 2757 non
1672 2727 1736 2756 illud

945 2783 1074 2806 extremm
1095 2785 1155 2805 esse
1176 2777 1319 2804 dementiae
1330 2775 1505 2811 iudicaverit?
1519 2776 1554 2802 At
1564 2782 1616 2802 non
1630 2774 1665 2801 ita
1680 2779 1737 2801 ma-

944 2832 1013 2860 gnus
1027 2831 1059 2851 ac
1071 2831 1218 2859 generosus
1232 2823 1277 2850 ille
1290 2822 1340 2850 Job
1354 2822 1417 2850 fecit
1431 2831 1437 2848 :
1454 2828 1539 2855 neque
1555 2820 1625 2847 enim
1648 2819 1735 2846 solum

945 2877 1007 2897 cum
1026 2869 1144 2905 accepit,
1161 2869 1207 2897 sed
1222 2868 1301 2896 etiam
1317 2875 1377 2896 cum
1393 2867 1520 2903 spoliatus
1533 2870 1591 2898 est,
1607 2864 1735 2892 maximis

1524 2909 1561 2940 16
