  <div class='ocr_page' id='page_1' title='image "/cluster/home/n/w/nwhite01/storage/ocr_20150623/49-50/njp.32101077772620/255.png"; bbox 0 0 1978 3130; ppageno 0'>
   <div class='ocr_carea' id='block_1_1' title="bbox 237 145 1492 181">
    <p class='ocr_par' dir='ltr' id='par_1_1' title="bbox 237 145 1492 181">
     <span class='ocr_line' id='line_1_1' title="bbox 237 145 1492 181; baseline -0.004 -5"><span class='ocrx_word' id='word_1_1' title='bbox 237 155 271 181; x_wconf 74' lang='lat'><strong>53</strong></span> <span class='ocrx_word' id='word_1_2' title='bbox 588 148 615 174; x_wconf 79' lang='lat' dir='ltr'><strong>S.</strong></span> <span class='ocrx_word' id='word_1_3' title='bbox 635 147 773 175; x_wconf 72' lang='lat' dir='ltr'><strong>JOANNIS</strong></span> <span class='ocrx_word' id='word_1_4' title='bbox 792 146 1026 175; x_wconf 71' lang='lat' dir='ltr'><strong>CIIRYSOSTOMI</strong></span> <span class='ocrx_word' id='word_1_5' title='bbox 1049 145 1207 173; x_wconf 67' lang='lat' dir='ltr'><strong>AltClllEP.</strong></span> <span class='ocrx_word' id='word_1_6' title='bbox 1227 145 1492 173; x_wconf 72' lang='lat' dir='ltr'><strong>CONSTANTINOP.</strong></span> 
     </span>
    </p>
   </div>
   <div class='ocr_carea' id='block_1_2' title="bbox 221 199 1009 244">
    <p class='ocr_par' dir='ltr' id='par_1_2' title="bbox 221 199 1009 244">
     <span class='ocr_line' id='line_1_2' title="bbox 221 199 1009 244; baseline -0.011 -9"><span class='ocrx_word' id='word_1_7' title='bbox 221 210 312 244; x_wconf 80' lang='lat' dir='ltr'><strong>agebat</strong></span> <span class='ocrx_word' id='word_1_8' title='bbox 328 207 424 242; x_wconf 78' lang='lat' dir='ltr'><strong>gratias</strong></span> <span class='ocrx_word' id='word_1_9' title='bbox 436 227 442 237; x_wconf 87' lang='lat'><strong>,</strong></span> <span class='ocrx_word' id='word_1_10' title='bbox 456 214 517 233; x_wconf 87' lang='lat' dir='ltr'><strong>cum</strong></span> <span class='ocrx_word' id='word_1_11' title='bbox 534 206 568 232; x_wconf 85' lang='lat' dir='ltr'><strong>ita</strong></span> <span class='ocrx_word' id='word_1_12' title='bbox 583 205 684 232; x_wconf 87' lang='lat' dir='ltr'><strong>diceret</strong></span> <span class='ocrx_word' id='word_1_13' title='bbox 699 213 705 230; x_wconf 91' lang='lat'>:</span> <span class='ocrx_word' id='word_1_14' title='bbox 722 203 847 230; x_wconf 76' lang='lat' dir='ltr'><strong>Dominus</strong></span> <span class='ocrx_word' id='word_1_15' title='bbox 861 201 928 229; x_wconf 80' lang='lat' dir='ltr'><strong><em>dedit</em></strong></span> <span class='ocrx_word' id='word_1_16' title='bbox 939 222 946 232; x_wconf 92' lang='lat'><strong>,</strong></span> <span class='ocrx_word' id='word_1_17' title='bbox 962 199 1009 226; x_wconf 88' lang='lat' dir='ltr'><strong>Do-</strong></span> 
     </span>
    </p>
   </div>
   <div class='ocr_carea' id='block_1_3' title="bbox 220 247 1010 281">
    <p class='ocr_par' dir='ltr' id='par_1_3' title="bbox 220 247 1010 281">
     <span class='ocr_line' id='line_1_3' title="bbox 220 247 1010 281; baseline -0.011 0"><span class='ocrx_word' id='word_1_18' title='bbox 220 257 301 281; x_wconf 80' lang='lat' dir='ltr'><strong>minus</strong></span> <span class='ocrx_word' id='word_1_19' title='bbox 314 254 414 280; x_wconf 78' lang='lat' dir='ltr'><strong>abstulit</strong></span> <span class='ocrx_word' id='word_1_20' title='bbox 427 261 435 278; x_wconf 87' lang='lat'><strong>.&#39;</strong></span> <span class='ocrx_word' id='word_1_21' title='bbox 445 252 475 278; x_wconf 78' lang='lat' dir='ltr'><strong>sit</strong></span> <span class='ocrx_word' id='word_1_22' title='bbox 490 259 580 278; x_wconf 83' lang='lat' dir='ltr'><strong><em>nomen</em></strong></span> <span class='ocrx_word' id='word_1_23' title='bbox 595 251 697 277; x_wconf 81' lang='lat' dir='ltr'><strong>Domini</strong></span> <span class='ocrx_word' id='word_1_24' title='bbox 711 249 866 276; x_wconf 74' lang='lat' dir='ltr'><strong>benedictum</strong></span> <span class='ocrx_word' id='word_1_25' title='bbox 879 249 904 274; x_wconf 81' lang='lat' dir='ltr'><strong>in</strong></span> <span class='ocrx_word' id='word_1_26' title='bbox 919 247 1010 274; x_wconf 73' lang='lat' dir='ltr'><strong>saecula</strong></span> 
     </span>
    </p>
   </div>
   <div class='ocr_carea' id='block_1_4' title="bbox 221 292 1010 337">
    <p class='ocr_par' dir='ltr' id='par_1_4' title="bbox 221 292 1010 337">
     <span class='ocr_line' id='line_1_4' title="bbox 221 292 1010 337; baseline -0.013 -9"><span class='ocrx_word' id='word_1_27' title='bbox 221 301 278 337; x_wconf 69' lang='lat' dir='ltr'><strong>(Job</strong></span> <span class='ocrx_word' id='word_1_28' title='bbox 301 301 327 328; x_wconf 84' lang='grc'><strong>1.</strong></span> <span class='ocrx_word' id='word_1_29' title='bbox 345 300 401 334; x_wconf 66' lang='grc' dir='ltr'><strong>Ἦ).</strong></span> <span class='ocrx_word' id='word_1_30' title='bbox 417 299 493 333; x_wconf 86' lang='lat' dir='ltr'><strong>Quod</strong></span> <span class='ocrx_word' id='word_1_31' title='bbox 515 299 537 325; x_wconf 88' lang='lat' dir='ltr'><strong>si</strong></span> <span class='ocrx_word' id='word_1_32' title='bbox 557 305 605 332; x_wconf 87' lang='lat' dir='ltr'><strong>pro</strong></span> <span class='ocrx_word' id='word_1_33' title='bbox 628 301 739 331; x_wconf 88' lang='lat' dir='ltr'><strong>utroque</strong></span> <span class='ocrx_word' id='word_1_34' title='bbox 753 296 861 322; x_wconf 89' lang='lat' dir='ltr'><strong>istorum</strong></span> <span class='ocrx_word' id='word_1_35' title='bbox 877 292 1010 328; x_wconf 82' lang='lat' dir='ltr'><strong>sigillatim</strong></span> 
     </span>
    </p>
   </div>
   <div class='ocr_carea' id='block_1_5' title="bbox 219 338 1009 381">
    <p class='ocr_par' dir='ltr' id='par_1_5' title="bbox 219 338 1009 381">
     <span class='ocr_line' id='line_1_5' title="bbox 219 338 1009 381; baseline -0.014 -7"><span class='ocrx_word' id='word_1_36' title='bbox 219 349 310 381; x_wconf 72' lang='lat' dir='ltr'><strong>gratiae</strong></span> <span class='ocrx_word' id='word_1_37' title='bbox 323 350 385 373; x_wconf 80' lang='lat' dir='ltr'><strong>sunt</strong></span> <span class='ocrx_word' id='word_1_38' title='bbox 399 344 508 380; x_wconf 78' lang='lat' dir='ltr'><strong>agendae</strong></span> <span class='ocrx_word' id='word_1_39' title='bbox 518 365 525 378; x_wconf 90' lang='lat'><strong>,</strong></span> <span class='ocrx_word' id='word_1_40' title='bbox 541 350 627 377; x_wconf 86' lang='lat' dir='ltr'><strong>neque</strong></span> <span class='ocrx_word' id='word_1_41' title='bbox 640 342 727 369; x_wconf 90' lang='lat' dir='ltr'><strong>minus</strong></span> <span class='ocrx_word' id='word_1_42' title='bbox 740 341 811 368; x_wconf 93' lang='lat' dir='ltr'><strong>utilis</strong></span> <span class='ocrx_word' id='word_1_43' title='bbox 824 344 865 366; x_wconf 91' lang='lat' dir='ltr'><strong>est</strong></span> <span class='ocrx_word' id='word_1_44' title='bbox 879 338 992 374; x_wconf 74' lang='lat' dir='ltr'><strong>privatio</strong></span> <span class='ocrx_word' id='word_1_45' title='bbox 1001 357 1009 370; x_wconf 88' lang='lat'><strong>,</strong></span> 
     </span>
    </p>
   </div>
   <div class='ocr_carea' id='block_1_6' title="bbox 218 385 1009 427">
    <p class='ocr_par' dir='ltr' id='par_1_6' title="bbox 218 385 1009 427">
     <span class='ocr_line' id='line_1_6' title="bbox 218 385 1009 427; baseline -0.009 -11"><span class='ocrx_word' id='word_1_46' title='bbox 218 399 297 427; x_wconf 75' lang='lat' dir='ltr'><strong>quam</strong></span> <span class='ocrx_word' id='word_1_47' title='bbox 318 391 374 426; x_wconf 89' lang='lat' dir='ltr'><strong>ipsa</strong></span> <span class='ocrx_word' id='word_1_48' title='bbox 396 390 499 425; x_wconf 87' lang='lat' dir='ltr'><strong>largitio</strong></span> <span class='ocrx_word' id='word_1_49' title='bbox 512 410 519 421; x_wconf 90' lang='lat'><strong>,</strong></span> <span class='ocrx_word' id='word_1_50' title='bbox 532 396 583 424; x_wconf 91' lang='lat' dir='ltr'><strong>qua</strong></span> <span class='ocrx_word' id='word_1_51' title='bbox 599 387 704 415; x_wconf 87' lang='lat' dir='ltr'><strong>tandem</strong></span> <span class='ocrx_word' id='word_1_52' title='bbox 718 386 794 413; x_wconf 85' lang='lat' dir='ltr'><strong>venia</strong></span> <span class='ocrx_word' id='word_1_53' title='bbox 806 385 877 420; x_wconf 89' lang='lat' dir='ltr'><strong>digni</strong></span> <span class='ocrx_word' id='word_1_54' title='bbox 889 385 990 411; x_wconf 90' lang='lat' dir='ltr'><strong>erimus</strong></span> <span class='ocrx_word' id='word_1_55' title='bbox 1001 404 1009 410; x_wconf 90' lang='lat'><strong><em>.</em></strong></span> 
     </span>
    </p>
   </div>
   <div class='ocr_carea' id='block_1_7' title="bbox 218 429 1012 473">
    <p class='ocr_par' dir='ltr' id='par_1_7' title="bbox 218 429 1012 473">
     <span class='ocr_line' id='line_1_7' title="bbox 218 429 1012 473; baseline -0.014 -8"><span class='ocrx_word' id='word_1_56' title='bbox 218 439 262 473; x_wconf 89' lang='lat' dir='ltr'><strong>qui</strong></span> <span class='ocrx_word' id='word_1_57' title='bbox 274 442 327 464; x_wconf 85' lang='grc'><strong>111111</strong></span> <span class='ocrx_word' id='word_1_58' title='bbox 338 437 429 464; x_wconf 92' lang='lat' dir='ltr'><strong>mitem</strong></span> <span class='ocrx_word' id='word_1_59' title='bbox 443 435 595 467; x_wconf 88' lang='lat' dir='ltr'><strong>Dominutn,</strong></span> <span class='ocrx_word' id='word_1_60' title='bbox 612 438 665 460; x_wconf 83' lang='lat' dir='ltr'><strong>tant</strong></span> <span class='ocrx_word' id='word_1_61' title='bbox 680 433 832 467; x_wconf 81' lang='lat' dir='ltr'><strong>benignum,</strong></span> <span class='ocrx_word' id='word_1_62' title='bbox 849 435 901 457; x_wconf 92' lang='lat' dir='ltr'><strong>tam</strong></span> <span class='ocrx_word' id='word_1_63' title='bbox 914 429 1012 456; x_wconf 89' lang='lat' dir='ltr'><strong>sollici-</strong></span> 
     </span>
    </p>
   </div>
   <div class='ocr_carea' id='block_1_8' title="bbox 169 475 1011 517">
    <p class='ocr_par' dir='ltr' id='par_1_8' title="bbox 169 475 1011 517">
     <span class='ocr_line' id='line_1_8' title="bbox 169 475 1011 517; baseline -0.013 -6"><span class='ocrx_word' id='word_1_64' title='bbox 169 503 172 507; x_wconf 74' lang='grc'>.</span> <span class='ocrx_word' id='word_1_65' title='bbox 219 488 274 510; x_wconf 87' lang='grc'><strong>111111</strong></span> <span class='ocrx_word' id='word_1_66' title='bbox 285 504 292 516; x_wconf 86' lang='lat'><strong>,</strong></span> <span class='ocrx_word' id='word_1_67' title='bbox 307 488 334 510; x_wconf 88' lang='lat' dir='ltr'><strong>ct</strong></span> <span class='ocrx_word' id='word_1_68' title='bbox 347 482 442 517; x_wconf 85' lang='lat' dir='ltr'><strong>quovis</strong></span> <span class='ocrx_word' id='word_1_69' title='bbox 455 480 558 508; x_wconf 89' lang='lat' dir='ltr'><strong>medico</strong></span> <span class='ocrx_word' id='word_1_70' title='bbox 573 478 773 514; x_wconf 73' lang='lat' dir='ltr'><strong>sapientiorem,</strong></span> <span class='ocrx_word' id='word_1_71' title='bbox 784 481 812 503; x_wconf 88' lang='lat' dir='ltr'><strong>et</strong></span> <span class='ocrx_word' id='word_1_72' title='bbox 827 475 922 510; x_wconf 85' lang='lat' dir='ltr'><strong>quovis</strong></span> <span class='ocrx_word' id='word_1_73' title='bbox 936 478 1011 509; x_wconf 88' lang='lat' dir='ltr'><strong>patre</strong></span> 
     </span>
    </p>
   </div>
   <div class='ocr_carea' id='block_1_9' title="bbox 219 519 1012 563">
    <p class='ocr_par' dir='ltr' id='par_1_9' title="bbox 219 519 1012 563">
     <span class='ocr_line' id='line_1_9' title="bbox 219 519 1012 563; baseline -0.013 -7"><span class='ocrx_word' id='word_1_74' title='bbox 219 529 453 563; x_wconf 78' lang='lat' dir='ltr'><strong>indulgentiorem,</strong></span> <span class='ocrx_word' id='word_1_75' title='bbox 470 531 497 553; x_wconf 91' lang='lat' dir='ltr'><strong>et</strong></span> <span class='ocrx_word' id='word_1_76' title='bbox 508 525 597 560; x_wconf 82' lang='lat' dir='ltr'><strong>judice</strong></span> <span class='ocrx_word' id='word_1_77' title='bbox 612 525 705 559; x_wconf 90' lang='lat' dir='ltr'><strong>quovis</strong></span> <span class='ocrx_word' id='word_1_78' title='bbox 715 523 865 558; x_wconf 83' lang='lat' dir='ltr'><strong>justiorem,</strong></span> <span class='ocrx_word' id='word_1_79' title='bbox 875 525 901 548; x_wconf 88' lang='lat' dir='ltr'><strong>et</strong></span> <span class='ocrx_word' id='word_1_80' title='bbox 913 521 958 555; x_wconf 89' lang='lat' dir='ltr'><strong>qui</strong></span> <span class='ocrx_word' id='word_1_81' title='bbox 972 519 1012 546; x_wconf 89' lang='lat' dir='ltr'><strong>di-</strong></span> 
     </span>
    </p>
   </div>
   <div class='ocr_carea' id='block_1_10' title="bbox 219 566 1009 610">
    <p class='ocr_par' dir='ltr' id='par_1_10' title="bbox 219 566 1009 610">
     <span class='ocr_line' id='line_1_10' title="bbox 219 566 1009 610; baseline -0.013 -8"><span class='ocrx_word' id='word_1_82' title='bbox 219 574 344 610; x_wconf 86' lang='lat' dir='ltr'><strong>ligentius</strong></span> <span class='ocrx_word' id='word_1_83' title='bbox 357 581 435 608; x_wconf 87' lang='lat' dir='ltr'><strong>quam</strong></span> <span class='ocrx_word' id='word_1_84' title='bbox 449 572 519 599; x_wconf 93' lang='lat' dir='ltr'><strong>ullus</strong></span> <span class='ocrx_word' id='word_1_85' title='bbox 533 571 650 606; x_wconf 89' lang='lat' dir='ltr'><strong>agricola</strong></span> <span class='ocrx_word' id='word_1_86' title='bbox 666 574 771 597; x_wconf 91' lang='lat' dir='ltr'><strong>nostras</strong></span> <span class='ocrx_word' id='word_1_87' title='bbox 785 568 887 595; x_wconf 88' lang='lat' dir='ltr'><strong>anitnas</strong></span> <span class='ocrx_word' id='word_1_88' title='bbox 901 566 1009 598; x_wconf 85' lang='lat' dir='ltr'><strong>excolit,</strong></span> 
     </span>
    </p>
   </div>
   <div class='ocr_carea' id='block_1_11' title="bbox 219 613 1011 649">
    <p class='ocr_par' dir='ltr' id='par_1_11' title="bbox 219 613 1011 649">
     <span class='ocr_line' id='line_1_11' title="bbox 219 613 1011 649; baseline -0.01 -3"><span class='ocrx_word' id='word_1_89' title='bbox 219 620 294 648; x_wconf 83' lang='lat' dir='ltr'><strong>factis</strong></span> <span class='ocrx_word' id='word_1_90' title='bbox 307 618 446 646; x_wconf 91' lang='lat' dir='ltr'><strong>contrariis</strong></span> <span class='ocrx_word' id='word_1_91' title='bbox 461 624 672 648; x_wconf 87' lang='lat' dir='ltr'><strong>reanuneramur,</strong></span> <span class='ocrx_word' id='word_1_92' title='bbox 686 621 713 642; x_wconf 90' lang='lat' dir='ltr'><strong>et</strong></span> <span class='ocrx_word' id='word_1_93' title='bbox 723 622 801 649; x_wconf 88' lang='lat' dir='ltr'><strong>quem</strong></span> <span class='ocrx_word' id='word_1_94' title='bbox 813 613 926 641; x_wconf 91' lang='lat' dir='ltr'><strong>adorare</strong></span> <span class='ocrx_word' id='word_1_95' title='bbox 936 619 1011 646; x_wconf 91' lang='lat' dir='ltr'><strong>opor-</strong></span> 
     </span>
    </p>
   </div>
   <div class='ocr_carea' id='block_1_12' title="bbox 219 660 1011 698">
    <p class='ocr_par' dir='ltr' id='par_1_12' title="bbox 219 660 1011 698">
     <span class='ocr_line' id='line_1_12' title="bbox 219 660 1011 698; baseline -0.01 -5"><span class='ocrx_word' id='word_1_96' title='bbox 219 667 278 698; x_wconf 87' lang='lat' dir='ltr'><strong>tuit,</strong></span> <span class='ocrx_word' id='word_1_97' title='bbox 294 665 420 692; x_wconf 88' lang='lat' dir='ltr'><strong>adversus</strong></span> <span class='ocrx_word' id='word_1_98' title='bbox 435 671 496 691; x_wconf 92' lang='lat' dir='ltr'><strong>eum</strong></span> <span class='ocrx_word' id='word_1_99' title='bbox 513 661 730 690; x_wconf 84' lang='lat' dir='ltr'><strong>stomacltaunur?</strong></span> <span class='ocrx_word' id='word_1_100' title='bbox 743 660 928 694; x_wconf 85' lang='lat' dir='ltr'><strong>Quidquamne</strong></span> <span class='ocrx_word' id='word_1_101' title='bbox 951 665 1011 685; x_wconf 86' lang='lat' dir='ltr'><strong>esse</strong></span> 
     </span>
    </p>
   </div>
   <div class='ocr_carea' id='block_1_13' title="bbox 219 708 1010 748">
    <p class='ocr_par' dir='ltr' id='par_1_13' title="bbox 219 708 1010 748">
     <span class='ocr_line' id='line_1_13' title="bbox 219 708 1010 748; baseline -0.011 -8"><span class='ocrx_word' id='word_1_102' title='bbox 219 718 306 748; x_wconf 91' lang='lat' dir='ltr'><strong>potest</strong></span> <span class='ocrx_word' id='word_1_103' title='bbox 318 712 450 739; x_wconf 84' lang='lat' dir='ltr'><strong>amentius</strong></span> <span class='ocrx_word' id='word_1_104' title='bbox 463 714 510 738; x_wconf 88' lang='lat' dir='ltr'><strong>aut</strong></span> <span class='ocrx_word' id='word_1_105' title='bbox 522 709 654 743; x_wconf 88' lang='lat' dir='ltr'><strong>stupidius</strong></span> <span class='ocrx_word' id='word_1_106' title='bbox 669 709 701 735; x_wconf 90' lang='lat' dir='ltr'><strong>iis</strong></span> <span class='ocrx_word' id='word_1_107' title='bbox 711 728 718 740; x_wconf 86' lang='lat'><strong>,</strong></span> <span class='ocrx_word' id='word_1_108' title='bbox 733 708 788 742; x_wconf 88' lang='lat' dir='ltr'><strong>qui,</strong></span> <span class='ocrx_word' id='word_1_109' title='bbox 804 714 865 734; x_wconf 92' lang='lat' dir='ltr'><strong>cum</strong></span> <span class='ocrx_word' id='word_1_110' title='bbox 880 711 953 732; x_wconf 93' lang='lat' dir='ltr'><strong>tanto</strong></span> <span class='ocrx_word' id='word_1_111' title='bbox 965 712 1010 731; x_wconf 93' lang='lat' dir='ltr'><strong>or-</strong></span> 
     </span>
    </p>
   </div>
   <div class='ocr_carea' id='block_1_14' title="bbox 218 752 1011 792">
    <p class='ocr_par' dir='ltr' id='par_1_14' title="bbox 218 752 1011 792">
     <span class='ocr_line' id='line_1_14' title="bbox 218 752 1011 792; baseline -0.01 -6"><span class='ocrx_word' id='word_1_112' title='bbox 218 759 280 786; x_wconf 84' lang='lat' dir='ltr'><strong>dine</strong></span> <span class='ocrx_word' id='word_1_113' title='bbox 294 766 336 785; x_wconf 87' lang='lat' dir='ltr'><strong>res</strong></span> <span class='ocrx_word' id='word_1_114' title='bbox 349 758 403 785; x_wconf 87' lang='lat' dir='ltr'><strong>sint</strong></span> <span class='ocrx_word' id='word_1_115' title='bbox 416 756 569 792; x_wconf 74' lang='lat' dir='ltr'><strong>dispositae,</strong></span> <span class='ocrx_word' id='word_1_116' title='bbox 584 755 676 782; x_wconf 90' lang='lat' dir='ltr'><strong>dicunt</strong></span> <span class='ocrx_word' id='word_1_117' title='bbox 694 761 736 780; x_wconf 90' lang='lat' dir='ltr'><strong>res</strong></span> <span class='ocrx_word' id='word_1_118' title='bbox 752 757 857 780; x_wconf 85' lang='lat' dir='ltr'><strong>nostras</strong></span> <span class='ocrx_word' id='word_1_119' title='bbox 879 752 926 779; x_wconf 91' lang='lat' dir='ltr'><strong>Dei</strong></span> <span class='ocrx_word' id='word_1_120' title='bbox 952 758 1011 778; x_wconf 86' lang='lat' dir='ltr'><strong>esse</strong></span> 
     </span>
    </p>
   </div>
   <div class='ocr_carea' id='block_1_15' title="bbox 219 799 1009 840">
    <p class='ocr_par' dir='ltr' id='par_1_15' title="bbox 219 799 1009 840">
     <span class='ocr_line' id='line_1_15' title="bbox 219 799 1009 840; baseline -0.009 -8"><span class='ocrx_word' id='word_1_121' title='bbox 219 804 385 840; x_wconf 80' lang='lat' dir='ltr'><strong>providentia</strong></span> <span class='ocrx_word' id='word_1_122' title='bbox 404 810 522 838; x_wconf 89' lang='lat' dir='ltr'><strong>curaque</strong></span> <span class='ocrx_word' id='word_1_123' title='bbox 535 801 692 829; x_wconf 79' lang='lat' dir='ltr'><strong>destitutas?</strong></span> <span class='ocrx_word' id='word_1_124' title='bbox 705 800 739 828; x_wconf 89' lang='lat' dir='ltr'><strong>Ut</strong></span> <span class='ocrx_word' id='word_1_125' title='bbox 757 799 827 827; x_wconf 89' lang='lat' dir='ltr'><strong>enim</strong></span> <span class='ocrx_word' id='word_1_126' title='bbox 849 799 872 827; x_wconf 90' lang='lat' dir='ltr'><strong>si</strong></span> <span class='ocrx_word' id='word_1_127' title='bbox 885 799 944 834; x_wconf 85' lang='lat' dir='ltr'><strong>quis</strong></span> <span class='ocrx_word' id='word_1_128' title='bbox 961 799 1009 825; x_wconf 94' lang='lat' dir='ltr'><strong>ob-</strong></span> 
     </span>
    </p>
   </div>
   <div class='ocr_carea' id='block_1_16' title="bbox 218 844 1009 884">
    <p class='ocr_par' dir='ltr' id='par_1_16' title="bbox 218 844 1009 884">
     <span class='ocr_line' id='line_1_16' title="bbox 218 844 1009 884; baseline -0.008 -7"><span class='ocrx_word' id='word_1_129' title='bbox 218 858 324 877; x_wconf 87' lang='lat' dir='ltr'><strong>scurum</strong></span> <span class='ocrx_word' id='word_1_130' title='bbox 344 857 376 876; x_wconf 89' lang='lat' dir='ltr'><strong>ac</strong></span> <span class='ocrx_word' id='word_1_131' title='bbox 398 849 522 884; x_wconf 85' lang='lat' dir='ltr'><strong>frigidum</strong></span> <span class='ocrx_word' id='word_1_132' title='bbox 536 847 619 874; x_wconf 89' lang='lat' dir='ltr'><strong>solem</strong></span> <span class='ocrx_word' id='word_1_133' title='bbox 633 854 693 874; x_wconf 87' lang='lat' dir='ltr'><strong>esse</strong></span> <span class='ocrx_word' id='word_1_134' title='bbox 707 845 796 878; x_wconf 89' lang='lat' dir='ltr'><strong>dicat,</strong></span> <span class='ocrx_word' id='word_1_135' title='bbox 810 844 860 872; x_wconf 90' lang='lat' dir='ltr'><strong>hac</strong></span> <span class='ocrx_word' id='word_1_136' title='bbox 875 852 923 872; x_wconf 89' lang='lat' dir='ltr'><strong>sua</strong></span> <span class='ocrx_word' id='word_1_137' title='bbox 947 851 1009 871; x_wconf 89' lang='lat' dir='ltr'><strong>sen-</strong></span> 
     </span>
    </p>
   </div>
   <div class='ocr_carea' id='block_1_17' title="bbox 219 891 1010 928">
    <p class='ocr_par' dir='ltr' id='par_1_17' title="bbox 219 891 1010 928">
     <span class='ocr_line' id='line_1_17' title="bbox 219 891 1010 928; baseline -0.006 -5"><span class='ocrx_word' id='word_1_138' title='bbox 219 896 301 924; x_wconf 91' lang='lat' dir='ltr'><strong>tentia</strong></span> <span class='ocrx_word' id='word_1_139' title='bbox 309 900 434 923; x_wconf 81' lang='lat' dir='ltr'><strong>extremae</strong></span> <span class='ocrx_word' id='word_1_140' title='bbox 444 895 562 922; x_wconf 74' lang='lat' dir='ltr'><strong>stultitiae</strong></span> <span class='ocrx_word' id='word_1_141' title='bbox 574 893 675 928; x_wconf 89' lang='lat' dir='ltr'><strong>profert</strong></span> <span class='ocrx_word' id='word_1_142' title='bbox 685 892 810 920; x_wconf 90' lang='lat' dir='ltr'><strong>indicium</strong></span> <span class='ocrx_word' id='word_1_143' title='bbox 821 900 827 918; x_wconf 91' lang='lat'><strong>:</strong></span> <span class='ocrx_word' id='word_1_144' title='bbox 839 892 874 919; x_wconf 86' lang='lat' dir='ltr'><strong>ita</strong></span> <span class='ocrx_word' id='word_1_145' title='bbox 883 892 904 919; x_wconf 90' lang='lat' dir='ltr'><strong>si</strong></span> <span class='ocrx_word' id='word_1_146' title='bbox 912 891 1010 926; x_wconf 88' lang='lat' dir='ltr'><strong>quisde</strong></span> 
     </span>
    </p>
   </div>
   <div class='ocr_carea' id='block_1_18' title="bbox 219 937 1010 976">
    <p class='ocr_par' dir='ltr' id='par_1_18' title="bbox 219 937 1010 976">
     <span class='ocr_line' id='line_1_18' title="bbox 219 937 1010 976; baseline -0.006 -8"><span class='ocrx_word' id='word_1_147' title='bbox 219 941 264 968; x_wconf 86' lang='lat' dir='ltr'><strong>Dei</strong></span> <span class='ocrx_word' id='word_1_148' title='bbox 279 941 442 976; x_wconf 82' lang='lat' dir='ltr'><strong>providentia</strong></span> <span class='ocrx_word' id='word_1_149' title='bbox 456 947 571 974; x_wconf 86' lang='lat' dir='ltr'><strong>curaque</strong></span> <span class='ocrx_word' id='word_1_150' title='bbox 586 939 705 972; x_wconf 83' lang='lat' dir='ltr'><strong>dubitet,</strong></span> <span class='ocrx_word' id='word_1_151' title='bbox 719 937 803 964; x_wconf 90' lang='lat' dir='ltr'><strong>multo</strong></span> <span class='ocrx_word' id='word_1_152' title='bbox 819 937 902 972; x_wconf 85' lang='lat' dir='ltr'><strong>magis</strong></span> <span class='ocrx_word' id='word_1_153' title='bbox 919 944 1010 964; x_wconf 86' lang='lat' dir='ltr'><strong>amen-</strong></span> 
     </span>
    </p>
   </div>
   <div class='ocr_carea' id='block_1_19' title="bbox 218 987 595 1014">
    <p class='ocr_par' dir='ltr' id='par_1_19' title="bbox 218 987 595 1014">
     <span class='ocr_line' id='line_1_19' title="bbox 218 987 595 1014; baseline -0.003 0"><span class='ocrx_word' id='word_1_154' title='bbox 218 988 261 1014; x_wconf 73' lang='lat' dir='ltr'><strong>tia:</strong></span> <span class='ocrx_word' id='word_1_155' title='bbox 275 988 380 1014; x_wconf 89' lang='lat' dir='ltr'><strong>crimini</strong></span> <span class='ocrx_word' id='word_1_156' title='bbox 394 992 435 1014; x_wconf 90' lang='lat' dir='ltr'><strong>est</strong></span> <span class='ocrx_word' id='word_1_157' title='bbox 450 987 595 1014; x_wconf 84' lang='lat' dir='ltr'><strong>obnoxius.</strong></span> 
     </span>
    </p>
   </div>
   <div class='ocr_carea' id='block_1_20' title="bbox 253 1029 1010 1065">
    <p class='ocr_par' dir='ltr' id='par_1_20' title="bbox 253 1029 1010 1065">
     <span class='ocr_line' id='line_1_20' title="bbox 253 1029 1010 1065; baseline -0.005 -6"><span class='ocrx_word' id='word_1_158' title='bbox 253 1033 363 1060; x_wconf 74' lang='lat' dir='ltr'><strong>Swvitiei</strong></span> <span class='ocrx_word' id='word_1_159' title='bbox 378 1032 520 1059; x_wconf 74' lang='lat' dir='ltr'><strong>daemonum</strong></span> <span class='ocrx_word' id='word_1_160' title='bbox 536 1030 660 1065; x_wconf 65' lang='lat' dir='ltr'><strong>exempla.</strong></span> <span class='ocrx_word' id='word_1_161' title='bbox 676 1045 711 1050; x_wconf 94' lang='lat'><em>—</em></span> <span class='ocrx_word' id='word_1_162' title='bbox 723 1029 781 1056; x_wconf 85' lang='lat' dir='ltr'><strong>Non</strong></span> <span class='ocrx_word' id='word_1_163' title='bbox 797 1029 832 1056; x_wconf 89' lang='lat' dir='ltr'><strong>ita</strong></span> <span class='ocrx_word' id='word_1_164' title='bbox 848 1029 950 1056; x_wconf 88' lang='lat' dir='ltr'><strong>lucidus</strong></span> <span class='ocrx_word' id='word_1_165' title='bbox 970 1029 1010 1056; x_wconf 90' lang='lat' dir='ltr'><strong>sol</strong></span> 
     </span>
    </p>
   </div>
   <div class='ocr_carea' id='block_1_21' title="bbox 217 1074 1011 1112">
    <p class='ocr_par' dir='ltr' id='par_1_21' title="bbox 217 1074 1011 1112">
     <span class='ocr_line' id='line_1_21' title="bbox 217 1074 1011 1112; baseline -0.006 -6"><span class='ocrx_word' id='word_1_166' title='bbox 217 1085 267 1112; x_wconf 88' lang='lat' dir='ltr'><strong>est,</strong></span> <span class='ocrx_word' id='word_1_167' title='bbox 281 1086 312 1106; x_wconf 87' lang='lat' dir='ltr'><strong>ac</strong></span> <span class='ocrx_word' id='word_1_168' title='bbox 326 1078 373 1105; x_wconf 91' lang='lat' dir='ltr'><strong>Dei</strong></span> <span class='ocrx_word' id='word_1_169' title='bbox 385 1076 550 1112; x_wconf 81' lang='lat' dir='ltr'><strong>providentia</strong></span> <span class='ocrx_word' id='word_1_170' title='bbox 565 1076 704 1103; x_wconf 89' lang='lat' dir='ltr'><strong>manifesta</strong></span> <span class='ocrx_word' id='word_1_171' title='bbox 717 1084 723 1101; x_wconf 88' lang='lat'><strong>:</strong></span> <span class='ocrx_word' id='word_1_172' title='bbox 736 1079 823 1102; x_wconf 88' lang='lat' dir='ltr'><strong>tamen</strong></span> <span class='ocrx_word' id='word_1_173' title='bbox 835 1074 931 1102; x_wconf 87' lang='lat' dir='ltr'><strong>audent</strong></span> <span class='ocrx_word' id='word_1_174' title='bbox 946 1082 1011 1101; x_wconf 90' lang='lat' dir='ltr'><strong>non-</strong></span> 
     </span>
    </p>
   </div>
   <div class='ocr_carea' id='block_1_22' title="bbox 217 1121 1010 1159">
    <p class='ocr_par' dir='ltr' id='par_1_22' title="bbox 217 1121 1010 1159">
     <span class='ocr_line' id='line_1_22' title="bbox 217 1121 1010 1159; baseline -0.008 -5"><span class='ocrx_word' id='word_1_175' title='bbox 217 1127 282 1154; x_wconf 86' lang='lat' dir='ltr'><strong>nulli</strong></span> <span class='ocrx_word' id='word_1_176' title='bbox 296 1126 384 1153; x_wconf 85' lang='lat' dir='ltr'><strong>dicere</strong></span> <span class='ocrx_word' id='word_1_177' title='bbox 397 1125 532 1152; x_wconf 69' lang='lat' dir='ltr'><strong>dmmones</strong></span> <span class='ocrx_word' id='word_1_178' title='bbox 546 1132 589 1152; x_wconf 91' lang='lat' dir='ltr'><strong>res</strong></span> <span class='ocrx_word' id='word_1_179' title='bbox 602 1128 708 1151; x_wconf 85' lang='lat' dir='ltr'><strong>nostras</strong></span> <span class='ocrx_word' id='word_1_180' title='bbox 719 1123 875 1159; x_wconf 78' lang='lat' dir='ltr'><strong>gubernare.</strong></span> <span class='ocrx_word' id='word_1_181' title='bbox 888 1121 956 1155; x_wconf 89' lang='lat' dir='ltr'><strong>Quid</strong></span> <span class='ocrx_word' id='word_1_182' title='bbox 970 1121 1010 1148; x_wconf 81' lang='lat' dir='ltr'><strong>fa-</strong></span> 
     </span>
    </p>
   </div>
   <div class='ocr_carea' id='block_1_23' title="bbox 217 1167 1010 1206">
    <p class='ocr_par' dir='ltr' id='par_1_23' title="bbox 217 1167 1010 1206">
     <span class='ocr_line' id='line_1_23' title="bbox 217 1167 1010 1206; baseline -0.008 -7"><span class='ocrx_word' id='word_1_183' title='bbox 217 1172 301 1199; x_wconf 82' lang='lat' dir='ltr'><strong>ciam?</strong></span> <span class='ocrx_word' id='word_1_184' title='bbox 315 1171 460 1206; x_wconf 85' lang='lat' dir='ltr'><strong>Benignum</strong></span> <span class='ocrx_word' id='word_1_185' title='bbox 479 1170 619 1197; x_wconf 88' lang='lat' dir='ltr'><strong>Dominutn</strong></span> <span class='ocrx_word' id='word_1_186' title='bbox 641 1169 739 1201; x_wconf 84' lang='lat' dir='ltr'><strong>habes;</strong></span> <span class='ocrx_word' id='word_1_187' title='bbox 751 1168 849 1197; x_wconf 87' lang='lat' dir='ltr'><strong>mavult</strong></span> <span class='ocrx_word' id='word_1_188' title='bbox 866 1176 881 1194; x_wconf 96' lang='lat' dir='ltr'><strong>a</strong></span> <span class='ocrx_word' id='word_1_189' title='bbox 901 1172 928 1194; x_wconf 89' lang='lat' dir='ltr'><strong>te</strong></span> <span class='ocrx_word' id='word_1_190' title='bbox 952 1167 1010 1194; x_wconf 88' lang='lat' dir='ltr'><strong>bla-</strong></span> 
     </span>
    </p>
   </div>
   <div class='ocr_carea' id='block_1_24' title="bbox 217 1214 1007 1254">
    <p class='ocr_par' dir='ltr' id='par_1_24' title="bbox 217 1214 1007 1254">
     <span class='ocr_line' id='line_1_24' title="bbox 217 1214 1007 1254; baseline -0.006 -9"><span class='ocrx_word' id='word_1_191' title='bbox 217 1218 345 1254; x_wconf 83' lang='lat' dir='ltr'><strong>sphemiis</strong></span> <span class='ocrx_word' id='word_1_192' title='bbox 359 1217 463 1250; x_wconf 87' lang='lat' dir='ltr'><strong>lacessi,</strong></span> <span class='ocrx_word' id='word_1_193' title='bbox 478 1216 541 1243; x_wconf 90' lang='lat' dir='ltr'><strong>dum</strong></span> <span class='ocrx_word' id='word_1_194' title='bbox 557 1215 687 1250; x_wconf 86' lang='lat' dir='ltr'><strong>ejusmodi</strong></span> <span class='ocrx_word' id='word_1_195' title='bbox 703 1215 783 1241; x_wconf 88' lang='lat' dir='ltr'><strong>verba</strong></span> <span class='ocrx_word' id='word_1_196' title='bbox 799 1214 913 1248; x_wconf 87' lang='lat' dir='ltr'><strong>prolers,</strong></span> <span class='ocrx_word' id='word_1_197' title='bbox 929 1221 1007 1248; x_wconf 80' lang='lat' dir='ltr'><strong>quain</strong></span> 
     </span>
    </p>
   </div>
   <div class='ocr_carea' id='block_1_25' title="bbox 218 1258 1011 1299">
    <p class='ocr_par' dir='ltr' id='par_1_25' title="bbox 218 1258 1011 1299">
     <span class='ocr_line' id='line_1_25' title="bbox 218 1258 1011 1299; baseline -0.008 -8"><span class='ocrx_word' id='word_1_198' title='bbox 218 1264 346 1299; x_wconf 86' lang='lat' dir='ltr'><strong>permissa</strong></span> <span class='ocrx_word' id='word_1_199' title='bbox 356 1262 522 1290; x_wconf 80' lang='lat' dir='ltr'><strong>daemonibus</strong></span> <span class='ocrx_word' id='word_1_200' title='bbox 537 1269 627 1289; x_wconf 91' lang='lat' dir='ltr'><strong>rerum</strong></span> <span class='ocrx_word' id='word_1_201' title='bbox 640 1266 744 1288; x_wconf 89' lang='lat' dir='ltr'><strong>tuarum</strong></span> <span class='ocrx_word' id='word_1_202' title='bbox 757 1267 819 1287; x_wconf 86' lang='lat' dir='ltr'><strong>cura</strong></span> <span class='ocrx_word' id='word_1_203' title='bbox 834 1264 860 1287; x_wconf 85' lang='lat' dir='ltr'><strong>te</strong></span> <span class='ocrx_word' id='word_1_204' title='bbox 873 1258 1011 1294; x_wconf 82' lang='lat' dir='ltr'><strong>experien-</strong></span> 
     </span>
    </p>
   </div>
   <div class='ocr_carea' id='block_1_26' title="bbox 218 1304 1009 1343">
    <p class='ocr_par' dir='ltr' id='par_1_26' title="bbox 218 1304 1009 1343">
     <span class='ocr_line' id='line_1_26' title="bbox 218 1304 1009 1343; baseline -0.006 -7"><span class='ocrx_word' id='word_1_205' title='bbox 218 1311 253 1336; x_wconf 87' lang='lat' dir='ltr'><strong>tia</strong></span> <span class='ocrx_word' id='word_1_206' title='bbox 268 1309 376 1342; x_wconf 88' lang='lat' dir='ltr'><strong>docere,</strong></span> <span class='ocrx_word' id='word_1_207' title='bbox 386 1316 439 1343; x_wconf 91' lang='lat' dir='ltr'><strong>quo</strong></span> <span class='ocrx_word' id='word_1_208' title='bbox 454 1313 530 1343; x_wconf 87' lang='lat' dir='ltr'><strong>pacto</strong></span> <span class='ocrx_word' id='word_1_209' title='bbox 543 1308 678 1334; x_wconf 82' lang='lat' dir='ltr'><strong>daemones</strong></span> <span class='ocrx_word' id='word_1_210' title='bbox 691 1304 924 1341; x_wconf 85' lang='lat' dir='ltr'><strong>gubernent.Tum</strong></span> <span class='ocrx_word' id='word_1_211' title='bbox 938 1305 1009 1332; x_wconf 90' lang='lat' dir='ltr'><strong>enitn</strong></span> 
     </span>
    </p>
   </div>
   <div class='ocr_carea' id='block_1_27' title="bbox 217 1351 1010 1390">
    <p class='ocr_par' dir='ltr' id='par_1_27' title="bbox 217 1351 1010 1390">
     <span class='ocr_line' id='line_1_27' title="bbox 217 1351 1010 1390; baseline -0.008 -8"><span class='ocrx_word' id='word_1_212' title='bbox 217 1355 300 1390; x_wconf 86' lang='lat' dir='ltr'><strong>probe</strong></span> <span class='ocrx_word' id='word_1_213' title='bbox 314 1354 478 1388; x_wconf 85' lang='lat' dir='ltr'><strong>intelligeres</strong></span> <span class='ocrx_word' id='word_1_214' title='bbox 490 1353 652 1387; x_wconf 86' lang='lat' dir='ltr'><strong>experientia</strong></span> <span class='ocrx_word' id='word_1_215' title='bbox 668 1352 804 1387; x_wconf 83' lang='lat' dir='ltr'><strong>magistra,</strong></span> <span class='ocrx_word' id='word_1_216' title='bbox 820 1355 917 1386; x_wconf 82' lang='lat' dir='ltr'><strong>quanta</strong></span> <span class='ocrx_word' id='word_1_217' title='bbox 931 1351 966 1377; x_wconf 86' lang='lat' dir='ltr'><strong>sit</strong></span> <span class='ocrx_word' id='word_1_218' title='bbox 979 1351 1010 1377; x_wconf 96' lang='lat' dir='ltr'><strong>il-</strong></span> 
     </span>
    </p>
   </div>
   <div class='ocr_carea' id='block_1_28' title="bbox 217 1396 1010 1434">
    <p class='ocr_par' dir='ltr' id='par_1_28' title="bbox 217 1396 1010 1434">
     <span class='ocr_line' id='line_1_28' title="bbox 217 1396 1010 1434; baseline -0.008 -6"><span class='ocrx_word' id='word_1_219' title='bbox 217 1402 303 1428; x_wconf 93' lang='lat' dir='ltr'><strong>lorum</strong></span> <span class='ocrx_word' id='word_1_220' title='bbox 329 1400 467 1434; x_wconf 82' lang='lat' dir='ltr'><strong>nequitia:</strong></span> <span class='ocrx_word' id='word_1_221' title='bbox 484 1400 538 1426; x_wconf 88' lang='lat' dir='ltr'><strong>iano</strong></span> <span class='ocrx_word' id='word_1_222' title='bbox 563 1406 625 1426; x_wconf 90' lang='lat' dir='ltr'><strong>vero</strong></span> <span class='ocrx_word' id='word_1_223' title='bbox 645 1406 714 1425; x_wconf 85' lang='lat' dir='ltr'><strong>nime</strong></span> <span class='ocrx_word' id='word_1_224' title='bbox 725 1398 805 1425; x_wconf 87' lang='lat' dir='ltr'><strong>etiam</strong></span> <span class='ocrx_word' id='word_1_225' title='bbox 828 1403 970 1431; x_wconf 90' lang='lat' dir='ltr'><strong>possumus</strong></span> <span class='ocrx_word' id='word_1_226' title='bbox 985 1396 1010 1422; x_wconf 91' lang='lat' dir='ltr'><strong>id</strong></span> 
     </span>
    </p>
   </div>
   <div class='ocr_carea' id='block_1_29' title="bbox 217 1440 1009 1480">
    <p class='ocr_par' dir='ltr' id='par_1_29' title="bbox 217 1440 1009 1480">
     <span class='ocr_line' id='line_1_29' title="bbox 217 1440 1009 1480; baseline -0.006 -7"><span class='ocrx_word' id='word_1_227' title='bbox 217 1452 344 1480; x_wconf 89' lang='lat' dir='ltr'><strong>tanquam</strong></span> <span class='ocrx_word' id='word_1_228' title='bbox 368 1445 462 1479; x_wconf 85' lang='lat' dir='ltr'><strong>exiguo</strong></span> <span class='ocrx_word' id='word_1_229' title='bbox 479 1443 592 1479; x_wconf 84' lang='lat' dir='ltr'><strong>quodam</strong></span> <span class='ocrx_word' id='word_1_230' title='bbox 614 1443 736 1477; x_wconf 85' lang='lat' dir='ltr'><strong>exemplo</strong></span> <span class='ocrx_word' id='word_1_231' title='bbox 752 1443 946 1470; x_wconf 80' lang='lat' dir='ltr'><strong>dctnonstrare.</strong></span> <span class='ocrx_word' id='word_1_232' title='bbox 959 1440 1009 1469; x_wconf 89' lang='lat' dir='ltr'><strong>0c-</strong></span> 
     </span>
    </p>
   </div>
   <div class='ocr_carea' id='block_1_30' title="bbox 218 1487 1008 1524">
    <p class='ocr_par' dir='ltr' id='par_1_30' title="bbox 218 1487 1008 1524">
     <span class='ocr_line' id='line_1_30' title="bbox 218 1487 1008 1524; baseline -0.006 -5"><span class='ocrx_word' id='word_1_233' title='bbox 218 1496 359 1519; x_wconf 89' lang='lat' dir='ltr'><strong>currerunt</strong></span> <span class='ocrx_word' id='word_1_234' title='bbox 383 1491 497 1518; x_wconf 91' lang='lat' dir='ltr'><strong>Domino</strong></span> <span class='ocrx_word' id='word_1_235' title='bbox 522 1489 628 1524; x_wconf 90' lang='lat' dir='ltr'><strong>quidauu</strong></span> <span class='ocrx_word' id='word_1_236' title='bbox 649 1497 664 1515; x_wconf 89' lang='lat' dir='ltr'><strong>a</strong></span> <span class='ocrx_word' id='word_1_237' title='bbox 684 1489 806 1516; x_wconf 81' lang='lat' dir='ltr'><strong>daemone</strong></span> <span class='ocrx_word' id='word_1_238' title='bbox 829 1487 962 1522; x_wconf 87' lang='lat' dir='ltr'><strong>correpti,</strong></span> <span class='ocrx_word' id='word_1_239' title='bbox 976 1495 1008 1515; x_wconf 85' lang='lat' dir='ltr'><strong>ex</strong></span> 
     </span>
    </p>
   </div>
   <div class='ocr_carea' id='block_1_31' title="bbox 216 1535 1010 1573">
    <p class='ocr_par' dir='ltr' id='par_1_31' title="bbox 216 1535 1010 1573">
     <span class='ocr_line' id='line_1_31' title="bbox 216 1535 1010 1573; baseline -0.005 -8"><span class='ocrx_word' id='word_1_240' title='bbox 216 1538 347 1573; x_wconf 86' lang='lat' dir='ltr'><strong>sepulcris</strong></span> <span class='ocrx_word' id='word_1_241' title='bbox 371 1537 495 1572; x_wconf 87' lang='lat' dir='ltr'><strong>egressi,</strong></span> <span class='ocrx_word' id='word_1_242' title='bbox 517 1541 544 1563; x_wconf 91' lang='lat' dir='ltr'><strong>et</strong></span> <span class='ocrx_word' id='word_1_243' title='bbox 566 1535 694 1570; x_wconf 78' lang='lat' dir='ltr'><strong>rogabant</strong></span> <span class='ocrx_word' id='word_1_244' title='bbox 713 1543 775 1562; x_wconf 89' lang='lat' dir='ltr'><strong>eum</strong></span> <span class='ocrx_word' id='word_1_245' title='bbox 800 1535 936 1562; x_wconf 75' lang='lat' dir='ltr'><strong>daemones</strong></span> <span class='ocrx_word' id='word_1_246' title='bbox 949 1555 957 1567; x_wconf 87' lang='lat'><strong>,</strong></span> <span class='ocrx_word' id='word_1_247' title='bbox 983 1539 1010 1561; x_wconf 91' lang='lat' dir='ltr'><strong>ut</strong></span> 
     </span>
    </p>
   </div>
   <div class='ocr_carea' id='block_1_32' title="bbox 217 1581 1011 1619">
    <p class='ocr_par' dir='ltr' id='par_1_32' title="bbox 217 1581 1011 1619">
     <span class='ocr_line' id='line_1_32' title="bbox 217 1581 1011 1619; baseline -0.005 -8"><span class='ocrx_word' id='word_1_248' title='bbox 217 1585 267 1612; x_wconf 83' lang='lat' dir='ltr'><strong>sibi</strong></span> <span class='ocrx_word' id='word_1_249' title='bbox 283 1584 446 1619; x_wconf 86' lang='lat' dir='ltr'><strong>permitteret</strong></span> <span class='ocrx_word' id='word_1_250' title='bbox 459 1584 484 1610; x_wconf 96' lang='lat' dir='ltr'><strong>in</strong></span> <span class='ocrx_word' id='word_1_251' title='bbox 497 1589 604 1617; x_wconf 81' lang='lat' dir='ltr'><strong>gregem</strong></span> <span class='ocrx_word' id='word_1_252' title='bbox 619 1589 759 1617; x_wconf 88' lang='lat' dir='ltr'><strong>porcoruan</strong></span> <span class='ocrx_word' id='word_1_253' title='bbox 774 1581 872 1608; x_wconf 92' lang='lat' dir='ltr'><strong>intrare</strong></span> <span class='ocrx_word' id='word_1_254' title='bbox 887 1590 893 1607; x_wconf 85' lang='lat' dir='ltr'><strong>a</strong></span> <span class='ocrx_word' id='word_1_255' title='bbox 907 1586 934 1608; x_wconf 89' lang='lat' dir='ltr'><strong>et</strong></span> <span class='ocrx_word' id='word_1_256' title='bbox 949 1588 1011 1615; x_wconf 86' lang='lat' dir='ltr'><strong>pcr-</strong></span> 
     </span>
    </p>
   </div>
   <div class='ocr_carea' id='block_1_33' title="bbox 219 1627 1009 1665">
    <p class='ocr_par' dir='ltr' id='par_1_33' title="bbox 219 1627 1009 1665">
     <span class='ocr_line' id='line_1_33' title="bbox 219 1627 1009 1665; baseline -0.006 -7"><span class='ocrx_word' id='word_1_257' title='bbox 219 1632 300 1663; x_wconf 90' lang='lat' dir='ltr'><strong>misit,</strong></span> <span class='ocrx_word' id='word_1_258' title='bbox 316 1634 394 1665; x_wconf 88' lang='lat' dir='ltr'><strong>atque</strong></span> <span class='ocrx_word' id='word_1_259' title='bbox 407 1629 444 1657; x_wconf 88' lang='lat' dir='ltr'><strong>illi</strong></span> <span class='ocrx_word' id='word_1_260' title='bbox 461 1629 598 1661; x_wconf 84' lang='lat' dir='ltr'><strong>abeuntes,</strong></span> <span class='ocrx_word' id='word_1_261' title='bbox 612 1635 705 1655; x_wconf 88' lang='lat' dir='ltr'><strong>onmes</strong></span> <span class='ocrx_word' id='word_1_262' title='bbox 717 1627 805 1654; x_wconf 81' lang='lat' dir='ltr'><strong>statim</strong></span> <span class='ocrx_word' id='word_1_263' title='bbox 819 1627 845 1653; x_wconf 91' lang='lat' dir='ltr'><strong>in</strong></span> <span class='ocrx_word' id='word_1_264' title='bbox 860 1634 932 1653; x_wconf 90' lang='lat' dir='ltr'><strong>mare</strong></span> <span class='ocrx_word' id='word_1_265' title='bbox 946 1634 1009 1661; x_wconf 75' lang='lat' dir='ltr'><strong>pra:-</strong></span> 
     </span>
    </p>
   </div>
   <div class='ocr_carea' id='block_1_34' title="bbox 218 1673 1007 1713">
    <p class='ocr_par' dir='ltr' id='par_1_34' title="bbox 218 1673 1007 1713">
     <span class='ocr_line' id='line_1_34' title="bbox 218 1673 1007 1713; baseline -0.009 -7"><span class='ocrx_word' id='word_1_266' title='bbox 218 1679 310 1713; x_wconf 89' lang='lat' dir='ltr'><strong>cipites</strong></span> <span class='ocrx_word' id='word_1_267' title='bbox 323 1680 434 1712; x_wconf 85' lang='lat' dir='ltr'><strong>egerunt</strong></span> <span class='ocrx_word' id='word_1_268' title='bbox 443 1675 549 1711; x_wconf 82' lang='lat' dir='ltr'><strong>(Matth.</strong></span> <span class='ocrx_word' id='word_1_269' title='bbox 560 1675 585 1703; x_wconf 89' lang='lat'><strong>8.</strong></span> <span class='ocrx_word' id='word_1_270' title='bbox 597 1675 641 1701; x_wconf 76' lang='grc'><strong>28.</strong></span> <span class='ocrx_word' id='word_1_271' title='bbox 653 1674 730 1709; x_wconf 81' lang='lat' dir='ltr'><strong>sqq.).</strong></span> <span class='ocrx_word' id='word_1_272' title='bbox 742 1674 778 1700; x_wconf 87' lang='lat' dir='ltr'><strong>Ita</strong></span> <span class='ocrx_word' id='word_1_273' title='bbox 793 1673 941 1708; x_wconf 88' lang='lat' dir='ltr'><strong>gubernant</strong></span> <span class='ocrx_word' id='word_1_274' title='bbox 952 1673 1007 1700; x_wconf 75' lang='lat' dir='ltr'><strong>dae-</strong></span> 
     </span>
    </p>
   </div>
   <div class='ocr_carea' id='block_1_35' title="bbox 218 1719 1008 1757">
    <p class='ocr_par' dir='ltr' id='par_1_35' title="bbox 218 1719 1008 1757">
     <span class='ocr_line' id='line_1_35' title="bbox 218 1719 1008 1757; baseline -0.009 -5"><span class='ocrx_word' id='word_1_275' title='bbox 218 1731 321 1752; x_wconf 89' lang='lat' dir='ltr'><strong>mones.</strong></span> <span class='ocrx_word' id='word_1_276' title='bbox 342 1722 422 1757; x_wconf 87' lang='lat' dir='ltr'><strong>Atqui</strong></span> <span class='ocrx_word' id='word_1_277' title='bbox 442 1721 507 1749; x_wconf 87' lang='lat' dir='ltr'><strong>nihil</strong></span> <span class='ocrx_word' id='word_1_278' title='bbox 523 1721 573 1748; x_wconf 84' lang='lat' dir='ltr'><strong>illis</strong></span> <span class='ocrx_word' id='word_1_279' title='bbox 592 1725 650 1747; x_wconf 90' lang='lat' dir='ltr'><strong>erat</strong></span> <span class='ocrx_word' id='word_1_280' title='bbox 668 1720 707 1747; x_wconf 86' lang='lat' dir='ltr'><strong>rei</strong></span> <span class='ocrx_word' id='word_1_281' title='bbox 725 1727 786 1746; x_wconf 93' lang='lat' dir='ltr'><strong>cum</strong></span> <span class='ocrx_word' id='word_1_282' title='bbox 803 1719 906 1754; x_wconf 85' lang='lat' dir='ltr'><strong>porcis;</strong></span> <span class='ocrx_word' id='word_1_283' title='bbox 923 1724 1008 1746; x_wconf 85' lang='lat' dir='ltr'><strong>tecum</strong></span> 
     </span>
    </p>
   </div>
   <div class='ocr_carea' id='block_1_36' title="bbox 216 1765 1008 1802">
    <p class='ocr_par' dir='ltr' id='par_1_36' title="bbox 216 1765 1008 1802">
     <span class='ocr_line' id='line_1_36' title="bbox 216 1765 1008 1802; baseline -0.008 -6"><span class='ocrx_word' id='word_1_284' title='bbox 216 1774 306 1796; x_wconf 87' lang='lat' dir='ltr'><strong>autem</strong></span> <span class='ocrx_word' id='word_1_285' title='bbox 320 1775 426 1802; x_wconf 88' lang='lat' dir='ltr'><strong>semper</strong></span> <span class='ocrx_word' id='word_1_286' title='bbox 440 1766 658 1794; x_wconf 89' lang='lat' dir='ltr'><strong>irreeonciliabile</strong></span> <span class='ocrx_word' id='word_1_287' title='bbox 672 1765 770 1792; x_wconf 90' lang='lat' dir='ltr'><strong>bellum</strong></span> <span class='ocrx_word' id='word_1_288' title='bbox 794 1765 892 1792; x_wconf 85' lang='lat' dir='ltr'><strong>habent</strong></span> <span class='ocrx_word' id='word_1_289' title='bbox 915 1772 1008 1791; x_wconf 80' lang='lat' dir='ltr'><strong>susce-</strong></span> 
     </span>
    </p>
   </div>
   <div class='ocr_carea' id='block_1_37' title="bbox 216 1810 1008 1849">
    <p class='ocr_par' dir='ltr' id='par_1_37' title="bbox 216 1810 1008 1849">
     <span class='ocr_line' id='line_1_37' title="bbox 216 1810 1008 1849; baseline -0.008 -7"><span class='ocrx_word' id='word_1_290' title='bbox 216 1819 292 1849; x_wconf 83' lang='lat' dir='ltr'><strong>ptum</strong></span> <span class='ocrx_word' id='word_1_291' title='bbox 306 1834 313 1846; x_wconf 88' lang='lat'><strong>,</strong></span> <span class='ocrx_word' id='word_1_292' title='bbox 333 1819 360 1841; x_wconf 91' lang='lat' dir='ltr'><strong>et</strong></span> <span class='ocrx_word' id='word_1_293' title='bbox 375 1820 487 1848; x_wconf 84' lang='lat' dir='ltr'><strong>pugnam</strong></span> <span class='ocrx_word' id='word_1_294' title='bbox 507 1812 664 1839; x_wconf 85' lang='lat' dir='ltr'><strong>acerrimam</strong></span> <span class='ocrx_word' id='word_1_295' title='bbox 675 1831 682 1844; x_wconf 92' lang='lat'><strong>,</strong></span> <span class='ocrx_word' id='word_1_296' title='bbox 697 1815 725 1838; x_wconf 90' lang='lat' dir='ltr'><strong>et</strong></span> <span class='ocrx_word' id='word_1_297' title='bbox 743 1810 833 1838; x_wconf 90' lang='lat' dir='ltr'><strong>odium</strong></span> <span class='ocrx_word' id='word_1_298' title='bbox 848 1811 1008 1837; x_wconf 88' lang='lat' dir='ltr'><strong>innnortale.</strong></span> 
     </span>
    </p>
   </div>
   <div class='ocr_carea' id='block_1_38' title="bbox 219 1856 1010 1893">
    <p class='ocr_par' dir='ltr' id='par_1_38' title="bbox 219 1856 1010 1893">
     <span class='ocr_line' id='line_1_38' title="bbox 219 1856 1010 1893; baseline -0.006 -6"><span class='ocrx_word' id='word_1_299' title='bbox 219 1859 295 1893; x_wconf 79' lang='lat' dir='ltr'><strong>Quod</strong></span> <span class='ocrx_word' id='word_1_300' title='bbox 306 1859 329 1887; x_wconf 87' lang='lat' dir='ltr'><strong>si</strong></span> <span class='ocrx_word' id='word_1_301' title='bbox 343 1859 410 1889; x_wconf 83' lang='lat' dir='ltr'><strong>lllOS,</strong></span> <span class='ocrx_word' id='word_1_302' title='bbox 424 1858 580 1893; x_wconf 87' lang='lat' dir='ltr'><strong>quibuscum</strong></span> <span class='ocrx_word' id='word_1_303' title='bbox 595 1857 659 1884; x_wconf 92' lang='lat' dir='ltr'><strong>nihil</strong></span> <span class='ocrx_word' id='word_1_304' title='bbox 670 1856 722 1884; x_wconf 92' lang='lat' dir='ltr'><strong>illis</strong></span> <span class='ocrx_word' id='word_1_305' title='bbox 734 1861 792 1884; x_wconf 85' lang='lat' dir='ltr'><strong>erat</strong></span> <span class='ocrx_word' id='word_1_306' title='bbox 804 1863 960 1889; x_wconf 88' lang='lat' dir='ltr'><strong>comtnune,</strong></span> <span class='ocrx_word' id='word_1_307' title='bbox 976 1863 1010 1883; x_wconf 91' lang='lat' dir='ltr'><strong>ne</strong></span> 
     </span>
    </p>
   </div>
   <div class='ocr_carea' id='block_1_39' title="bbox 219 1902 1009 1940">
    <p class='ocr_par' dir='ltr' id='par_1_39' title="bbox 219 1902 1009 1940">
     <span class='ocr_line' id='line_1_39' title="bbox 219 1902 1009 1940; baseline -0.005 -7"><span class='ocrx_word' id='word_1_308' title='bbox 219 1906 252 1933; x_wconf 89' lang='lat' dir='ltr'><strong>ad</strong></span> <span class='ocrx_word' id='word_1_309' title='bbox 267 1905 390 1940; x_wconf 90' lang='lat' dir='ltr'><strong>exiguum</strong></span> <span class='ocrx_word' id='word_1_310' title='bbox 405 1903 532 1938; x_wconf 88' lang='lat' dir='ltr'><strong>temporis</strong></span> <span class='ocrx_word' id='word_1_311' title='bbox 546 1907 710 1930; x_wconf 89' lang='lat' dir='ltr'><strong>momentum</strong></span> <span class='ocrx_word' id='word_1_312' title='bbox 726 1903 841 1930; x_wconf 86' lang='lat' dir='ltr'><strong>tolerare</strong></span> <span class='ocrx_word' id='word_1_313' title='bbox 854 1902 1009 1937; x_wconf 89' lang='lat' dir='ltr'><strong>potuerint,</strong></span> 
     </span>
    </p>
   </div>
   <div class='ocr_carea' id='block_1_40' title="bbox 219 1949 1011 1989">
    <p class='ocr_par' dir='ltr' id='par_1_40' title="bbox 219 1949 1011 1989">
     <span class='ocr_line' id='line_1_40' title="bbox 219 1949 1011 1989; baseline -0.005 -9"><span class='ocrx_word' id='word_1_314' title='bbox 219 1953 241 1980; x_wconf 90' lang='lat' dir='ltr'><strong>si</strong></span> <span class='ocrx_word' id='word_1_315' title='bbox 252 1953 348 1989; x_wconf 82' lang='lat' dir='ltr'><strong>hostes</strong></span> <span class='ocrx_word' id='word_1_316' title='bbox 362 1959 424 1978; x_wconf 87' lang='lat' dir='ltr'><strong>suos</strong></span> <span class='ocrx_word' id='word_1_317' title='bbox 437 1956 486 1978; x_wconf 88' lang='lat' dir='ltr'><strong>eta</strong></span> <span class='ocrx_word' id='word_1_318' title='bbox 501 1950 597 1985; x_wconf 85' lang='lat' dir='ltr'><strong>quibus</strong></span> <span class='ocrx_word' id='word_1_319' title='bbox 611 1954 739 1984; x_wconf 91' lang='lat' dir='ltr'><strong>perpetuo</strong></span> <span class='ocrx_word' id='word_1_320' title='bbox 753 1949 918 1983; x_wconf 89' lang='lat' dir='ltr'><strong>mordentur,</strong></span> <span class='ocrx_word' id='word_1_321' title='bbox 931 1949 1011 1977; x_wconf 89' lang='lat' dir='ltr'><strong>obno-</strong></span> 
     </span>
    </p>
   </div>
   <div class='ocr_carea' id='block_1_41' title="bbox 219 1994 1009 2030">
    <p class='ocr_par' dir='ltr' id='par_1_41' title="bbox 219 1994 1009 2030">
     <span class='ocr_line' id='line_1_41' title="bbox 219 1994 1009 2030; baseline -0.006 -4"><span class='ocrx_word' id='word_1_322' title='bbox 219 1998 278 2026; x_wconf 88' lang='lat' dir='ltr'><strong>xios</strong></span> <span class='ocrx_word' id='word_1_323' title='bbox 298 1998 348 2025; x_wconf 87' lang='lat' dir='ltr'><strong>sibi</strong></span> <span class='ocrx_word' id='word_1_324' title='bbox 368 2004 417 2024; x_wconf 90' lang='lat' dir='ltr'><strong>nos</strong></span> <span class='ocrx_word' id='word_1_325' title='bbox 432 1996 589 2028; x_wconf 88' lang='lat' dir='ltr'><strong>habuerint,</strong></span> <span class='ocrx_word' id='word_1_326' title='bbox 605 1995 669 2030; x_wconf 88' lang='lat' dir='ltr'><strong>quid</strong></span> <span class='ocrx_word' id='word_1_327' title='bbox 689 2002 742 2021; x_wconf 93' lang='lat' dir='ltr'><strong>non</strong></span> <span class='ocrx_word' id='word_1_328' title='bbox 761 1994 880 2022; x_wconf 85' lang='lat' dir='ltr'><strong>facient?</strong></span> <span class='ocrx_word' id='word_1_329' title='bbox 895 2002 947 2030; x_wconf 91' lang='lat' dir='ltr'><strong>quo</strong></span> <span class='ocrx_word' id='word_1_330' title='bbox 960 2002 1009 2022; x_wconf 91' lang='lat' dir='ltr'><strong>nos</strong></span> 
     </span>
    </p>
   </div>
   <div class='ocr_carea' id='block_1_42' title="bbox 220 2040 1010 2079">
    <p class='ocr_par' dir='ltr' id='par_1_42' title="bbox 220 2040 1010 2079">
     <span class='ocr_line' id='line_1_42' title="bbox 220 2040 1010 2079; baseline -0.006 -7"><span class='ocrx_word' id='word_1_331' title='bbox 220 2043 385 2079; x_wconf 88' lang='lat' dir='ltr'><strong>irrcparabili</strong></span> <span class='ocrx_word' id='word_1_332' title='bbox 400 2041 568 2070; x_wconf 87' lang='lat' dir='ltr'><strong>incommodo</strong></span> <span class='ocrx_word' id='word_1_333' title='bbox 577 2049 627 2068; x_wconf 91' lang='lat' dir='ltr'><strong>non</strong></span> <span class='ocrx_word' id='word_1_334' title='bbox 634 2040 769 2068; x_wconf 82' lang='lat' dir='ltr'><strong>afficient?</strong></span> <span class='ocrx_word' id='word_1_335' title='bbox 778 2041 922 2076; x_wconf 84' lang='lat' dir='ltr'><strong>Propterea</strong></span> <span class='ocrx_word' id='word_1_336' title='bbox 935 2049 1010 2068; x_wconf 91' lang='lat' dir='ltr'><strong>nam-</strong></span> 
     </span>
    </p>
   </div>
   <div class='ocr_carea' id='block_1_43' title="bbox 217 2087 1009 2126">
    <p class='ocr_par' dir='ltr' id='par_1_43' title="bbox 217 2087 1009 2126">
     <span class='ocr_line' id='line_1_43' title="bbox 217 2087 1009 2126; baseline -0.006 -8"><span class='ocrx_word' id='word_1_337' title='bbox 217 2099 271 2126; x_wconf 90' lang='lat' dir='ltr'><strong>que</strong></span> <span class='ocrx_word' id='word_1_338' title='bbox 286 2091 354 2118; x_wconf 83' lang='lat' dir='ltr'><strong>Deus</strong></span> <span class='ocrx_word' id='word_1_339' title='bbox 368 2090 393 2116; x_wconf 91' lang='lat' dir='ltr'><strong>in</strong></span> <span class='ocrx_word' id='word_1_340' title='bbox 404 2097 511 2124; x_wconf 84' lang='lat' dir='ltr'><strong>gregem</strong></span> <span class='ocrx_word' id='word_1_341' title='bbox 527 2095 666 2123; x_wconf 88' lang='lat' dir='ltr'><strong>porcorum</strong></span> <span class='ocrx_word' id='word_1_342' title='bbox 681 2087 782 2114; x_wconf 90' lang='lat' dir='ltr'><strong>irruere</strong></span> <span class='ocrx_word' id='word_1_343' title='bbox 797 2087 857 2114; x_wconf 87' lang='lat' dir='ltr'><strong>illos</strong></span> <span class='ocrx_word' id='word_1_344' title='bbox 871 2087 1009 2121; x_wconf 88' lang='lat' dir='ltr'><strong>permisit,</strong></span> 
     </span>
    </p>
   </div>
   <div class='ocr_carea' id='block_1_44' title="bbox 220 2133 1010 2171">
    <p class='ocr_par' dir='ltr' id='par_1_44' title="bbox 220 2133 1010 2171">
     <span class='ocr_line' id='line_1_44' title="bbox 220 2133 1010 2171; baseline -0.006 -7"><span class='ocrx_word' id='word_1_345' title='bbox 220 2138 283 2164; x_wconf 91' lang='lat' dir='ltr'><strong>utin</strong></span> <span class='ocrx_word' id='word_1_346' title='bbox 298 2136 453 2171; x_wconf 88' lang='lat' dir='ltr'><strong>corporibus</strong></span> <span class='ocrx_word' id='word_1_347' title='bbox 467 2134 578 2162; x_wconf 86' lang='lat' dir='ltr'><strong>rationis</strong></span> <span class='ocrx_word' id='word_1_348' title='bbox 588 2135 737 2169; x_wconf 88' lang='lat' dir='ltr'><strong>expertium</strong></span> <span class='ocrx_word' id='word_1_349' title='bbox 751 2133 903 2160; x_wconf 85' lang='lat' dir='ltr'><strong>animalium</strong></span> <span class='ocrx_word' id='word_1_350' title='bbox 914 2153 921 2165; x_wconf 85' lang='lat'><strong>,</strong></span> <span class='ocrx_word' id='word_1_351' title='bbox 938 2134 1010 2168; x_wconf 88' lang='lat' dir='ltr'><strong>ipso-</strong></span> 
     </span>
    </p>
   </div>
   <div class='ocr_carea' id='block_1_45' title="bbox 219 2179 1012 2217">
    <p class='ocr_par' dir='ltr' id='par_1_45' title="bbox 219 2179 1012 2217">
     <span class='ocr_line' id='line_1_45' title="bbox 219 2179 1012 2217; baseline -0.006 -7"><span class='ocrx_word' id='word_1_352' title='bbox 219 2191 278 2210; x_wconf 88' lang='lat' dir='ltr'><strong>rum</strong></span> <span class='ocrx_word' id='word_1_353' title='bbox 289 2182 433 2217; x_wconf 87' lang='lat' dir='ltr'><strong>nequitiam</strong></span> <span class='ocrx_word' id='word_1_354' title='bbox 446 2181 543 2208; x_wconf 87' lang='lat' dir='ltr'><strong>discas.</strong></span> <span class='ocrx_word' id='word_1_355' title='bbox 569 2181 656 2215; x_wconf 84' lang='lat' dir='ltr'><strong>Atque</strong></span> <span class='ocrx_word' id='word_1_356' title='bbox 676 2179 735 2206; x_wconf 87' lang='lat' dir='ltr'><strong>illos</strong></span> <span class='ocrx_word' id='word_1_357' title='bbox 747 2179 852 2213; x_wconf 88' lang='lat' dir='ltr'><strong>quidem</strong></span> <span class='ocrx_word' id='word_1_358' title='bbox 868 2179 960 2206; x_wconf 85' lang='lat' dir='ltr'><strong>eadem</strong></span> <span class='ocrx_word' id='word_1_359' title='bbox 975 2180 1012 2206; x_wconf 89' lang='lat' dir='ltr'><strong>fa-</strong></span> 
     </span>
    </p>
   </div>
   <div class='ocr_carea' id='block_1_46' title="bbox 220 2224 1010 2260">
    <p class='ocr_par' dir='ltr' id='par_1_46' title="bbox 220 2224 1010 2260">
     <span class='ocr_line' id='line_1_46' title="bbox 220 2224 1010 2260; baseline -0.006 -4"><span class='ocrx_word' id='word_1_360' title='bbox 220 2233 309 2256; x_wconf 88' lang='lat' dir='ltr'><strong>cturos</strong></span> <span class='ocrx_word' id='word_1_361' title='bbox 323 2228 403 2255; x_wconf 89' lang='lat' dir='ltr'><strong>fuisse</strong></span> <span class='ocrx_word' id='word_1_362' title='bbox 423 2226 602 2258; x_wconf 79' lang='lat' dir='ltr'><strong>daemoniacis,</strong></span> <span class='ocrx_word' id='word_1_363' title='bbox 621 2233 680 2260; x_wconf 81' lang='lat' dir='ltr'><strong>qua:</strong></span> <span class='ocrx_word' id='word_1_364' title='bbox 694 2225 792 2259; x_wconf 87' lang='lat' dir='ltr'><strong>porcis,</strong></span> <span class='ocrx_word' id='word_1_365' title='bbox 809 2224 858 2251; x_wconf 92' lang='lat' dir='ltr'><strong>nisi</strong></span> <span class='ocrx_word' id='word_1_366' title='bbox 874 2228 901 2251; x_wconf 92' lang='lat' dir='ltr'><strong>et</strong></span> <span class='ocrx_word' id='word_1_367' title='bbox 914 2225 939 2251; x_wconf 94' lang='lat' dir='ltr'><strong>in</strong></span> <span class='ocrx_word' id='word_1_368' title='bbox 954 2224 1010 2260; x_wconf 90' lang='lat' dir='ltr'><strong>ipsa</strong></span> 
     </span>
    </p>
   </div>
   <div class='ocr_carea' id='block_1_47' title="bbox 221 2270 1010 2306">
    <p class='ocr_par' dir='ltr' id='par_1_47' title="bbox 221 2270 1010 2306">
     <span class='ocr_line' id='line_1_47' title="bbox 221 2270 1010 2306; baseline -0.006 -5"><span class='ocrx_word' id='word_1_369' title='bbox 221 2274 322 2300; x_wconf 82' lang='lat' dir='ltr'><strong>insania</strong></span> <span class='ocrx_word' id='word_1_370' title='bbox 333 2273 436 2300; x_wconf 91' lang='lat' dir='ltr'><strong>illorum</strong></span> <span class='ocrx_word' id='word_1_371' title='bbox 447 2293 454 2304; x_wconf 93' lang='lat'><strong>,</strong></span> <span class='ocrx_word' id='word_1_372' title='bbox 469 2279 559 2298; x_wconf 84' lang='lat' dir='ltr'><strong>curam</strong></span> <span class='ocrx_word' id='word_1_373' title='bbox 569 2275 673 2306; x_wconf 85' lang='lat' dir='ltr'><strong>gereret</strong></span> <span class='ocrx_word' id='word_1_374' title='bbox 686 2270 908 2297; x_wconf 80' lang='lat' dir='ltr'><strong>dacmoniacorum</strong></span> <span class='ocrx_word' id='word_1_375' title='bbox 922 2270 990 2296; x_wconf 85' lang='lat' dir='ltr'><strong>Deus</strong></span> <span class='ocrx_word' id='word_1_376' title='bbox 1003 2290 1010 2300; x_wconf 85' lang='lat'>.</span> 
     </span>
    </p>
   </div>
   <div class='ocr_carea' id='block_1_48' title="bbox 219 2317 1010 2352">
    <p class='ocr_par' dir='ltr' id='par_1_48' title="bbox 219 2317 1010 2352">
     <span class='ocr_line' id='line_1_48' title="bbox 219 2317 1010 2352; baseline -0.005 -5"><span class='ocrx_word' id='word_1_377' title='bbox 219 2321 343 2348; x_wconf 78' lang='lat' dir='ltr'><strong>ornatibus</strong></span> <span class='ocrx_word' id='word_1_378' title='bbox 355 2318 524 2346; x_wconf 84' lang='lat' dir='ltr'><strong>manifestum</strong></span> <span class='ocrx_word' id='word_1_379' title='bbox 544 2323 594 2345; x_wconf 91' lang='lat' dir='ltr'><strong>est.</strong></span> <span class='ocrx_word' id='word_1_380' title='bbox 617 2318 651 2345; x_wconf 90' lang='lat' dir='ltr'><strong>Et</strong></span> <span class='ocrx_word' id='word_1_381' title='bbox 671 2325 742 2344; x_wconf 87' lang='lat' dir='ltr'><strong>nunc</strong></span> <span class='ocrx_word' id='word_1_382' title='bbox 755 2317 834 2352; x_wconf 84' lang='lat' dir='ltr'><strong>igitur</strong></span> <span class='ocrx_word' id='word_1_383' title='bbox 846 2337 854 2350; x_wconf 93' lang='lat'><strong>,</strong></span> <span class='ocrx_word' id='word_1_384' title='bbox 869 2317 891 2344; x_wconf 87' lang='lat' dir='ltr'><strong>si</strong></span> <span class='ocrx_word' id='word_1_385' title='bbox 904 2317 1010 2352; x_wconf 87' lang='lat' dir='ltr'><strong>quando</strong></span> 
     </span>
    </p>
   </div>
   <div class='ocr_carea' id='block_1_49' title="bbox 221 2362 1011 2399">
    <p class='ocr_par' dir='ltr' id='par_1_49' title="bbox 221 2362 1011 2399">
     <span class='ocr_line' id='line_1_49' title="bbox 221 2362 1011 2399; baseline -0.004 -7"><span class='ocrx_word' id='word_1_386' title='bbox 221 2365 318 2393; x_wconf 84' lang='lat' dir='ltr'><strong>videris</strong></span> <span class='ocrx_word' id='word_1_387' title='bbox 331 2364 465 2392; x_wconf 86' lang='lat' dir='ltr'><strong>hominem</strong></span> <span class='ocrx_word' id='word_1_388' title='bbox 478 2364 605 2399; x_wconf 87' lang='lat' dir='ltr'><strong>agitatum</strong></span> <span class='ocrx_word' id='word_1_389' title='bbox 628 2370 643 2389; x_wconf 89' lang='lat' dir='ltr'><strong>a</strong></span> <span class='ocrx_word' id='word_1_390' title='bbox 656 2363 788 2396; x_wconf 82' lang='lat' dir='ltr'><strong>daemone,</strong></span> <span class='ocrx_word' id='word_1_391' title='bbox 809 2362 949 2390; x_wconf 89' lang='lat' dir='ltr'><strong>Dominum</strong></span> <span class='ocrx_word' id='word_1_392' title='bbox 962 2362 1011 2389; x_wconf 90' lang='lat' dir='ltr'><strong>ad-</strong></span> 
     </span>
    </p>
   </div>
   <div class='ocr_carea' id='block_1_50' title="bbox 218 2408 1012 2446">
    <p class='ocr_par' dir='ltr' id='par_1_50' title="bbox 218 2408 1012 2446">
     <span class='ocr_line' id='line_1_50' title="bbox 218 2408 1012 2446; baseline -0.004 -8"><span class='ocrx_word' id='word_1_393' title='bbox 218 2419 279 2442; x_wconf 73' lang='lat' dir='ltr'><strong>ora,</strong></span> <span class='ocrx_word' id='word_1_394' title='bbox 292 2410 434 2446; x_wconf 85' lang='lat' dir='ltr'><strong>nequitiam</strong></span> <span class='ocrx_word' id='word_1_395' title='bbox 454 2410 606 2437; x_wconf 80' lang='lat' dir='ltr'><strong>daemonum</strong></span> <span class='ocrx_word' id='word_1_396' title='bbox 620 2408 703 2441; x_wconf 86' lang='lat' dir='ltr'><strong>disce,</strong></span> <span class='ocrx_word' id='word_1_397' title='bbox 725 2408 856 2443; x_wconf 86' lang='lat' dir='ltr'><strong>siquidem</strong></span> <span class='ocrx_word' id='word_1_398' title='bbox 870 2413 1012 2443; x_wconf 89' lang='lat' dir='ltr'><strong>utrumque</strong></span> 
     </span>
    </p>
   </div>
   <div class='ocr_carea' id='block_1_51' title="bbox 222 2454 1008 2489">
    <p class='ocr_par' dir='ltr' id='par_1_51' title="bbox 222 2454 1008 2489">
     <span class='ocr_line' id='line_1_51' title="bbox 222 2454 1008 2489; baseline -0.005 -5"><span class='ocrx_word' id='word_1_399' title='bbox 222 2467 247 2484; x_wconf 90' lang='lat' dir='ltr'><strong>III</strong></span> <span class='ocrx_word' id='word_1_400' title='bbox 261 2457 305 2484; x_wconf 80' lang='lat' dir='ltr'><strong>his</strong></span> <span class='ocrx_word' id='word_1_401' title='bbox 313 2456 483 2484; x_wconf 77' lang='lat' dir='ltr'><strong>daemOtIiacis</strong></span> <span class='ocrx_word' id='word_1_402' title='bbox 492 2463 602 2483; x_wconf 90' lang='lat' dir='ltr'><strong>cernere</strong></span> <span class='ocrx_word' id='word_1_403' title='bbox 615 2455 687 2486; x_wconf 82' lang='lat' dir='ltr'><strong>licet,</strong></span> <span class='ocrx_word' id='word_1_404' title='bbox 701 2458 728 2481; x_wconf 92' lang='lat' dir='ltr'><strong>et</strong></span> <span class='ocrx_word' id='word_1_405' title='bbox 740 2455 785 2482; x_wconf 88' lang='lat' dir='ltr'><strong>Dei</strong></span> <span class='ocrx_word' id='word_1_406' title='bbox 796 2454 986 2489; x_wconf 86' lang='lat' dir='ltr'><strong>benignitatem</strong></span> <span class='ocrx_word' id='word_1_407' title='bbox 1002 2474 1008 2486; x_wconf 88' lang='lat'><strong>,</strong></span> 
     </span>
    </p>
   </div>
   <div class='ocr_carea' id='block_1_52' title="bbox 220 2499 1010 2536">
    <p class='ocr_par' dir='ltr' id='par_1_52' title="bbox 220 2499 1010 2536">
     <span class='ocr_line' id='line_1_52' title="bbox 220 2499 1010 2536; baseline -0.005 -6"><span class='ocrx_word' id='word_1_408' title='bbox 220 2508 248 2531; x_wconf 87' lang='lat' dir='ltr'><strong>et</strong></span> <span class='ocrx_word' id='word_1_409' title='bbox 268 2503 419 2530; x_wconf 82' lang='lat' dir='ltr'><strong>daemonum</strong></span> <span class='ocrx_word' id='word_1_410' title='bbox 441 2501 655 2536; x_wconf 87' lang='lat' dir='ltr'><strong>improbitatem:</strong></span> <span class='ocrx_word' id='word_1_411' title='bbox 670 2508 701 2528; x_wconf 94' lang='lat' dir='ltr'><strong>ac</strong></span> <span class='ocrx_word' id='word_1_412' title='bbox 727 2501 879 2528; x_wconf 80' lang='lat' dir='ltr'><strong>daemonum</strong></span> <span class='ocrx_word' id='word_1_413' title='bbox 905 2499 1010 2535; x_wconf 90' lang='lat' dir='ltr'><strong>quidem</strong></span> 
     </span>
    </p>
   </div>
   <div class='ocr_carea' id='block_1_53' title="bbox 222 2545 1012 2583">
    <p class='ocr_par' dir='ltr' id='par_1_53' title="bbox 222 2545 1012 2583">
     <span class='ocr_line' id='line_1_53' title="bbox 222 2545 1012 2583; baseline -0.004 -8"><span class='ocrx_word' id='word_1_414' title='bbox 222 2547 420 2583; x_wconf 86' lang='lat' dir='ltr'><strong>improbitatem</strong></span> <span class='ocrx_word' id='word_1_415' title='bbox 433 2567 440 2579; x_wconf 89' lang='lat'><strong>,</strong></span> <span class='ocrx_word' id='word_1_416' title='bbox 451 2554 510 2573; x_wconf 88' lang='lat' dir='ltr'><strong>cum</strong></span> <span class='ocrx_word' id='word_1_417' title='bbox 525 2546 632 2573; x_wconf 90' lang='lat' dir='ltr'><strong>turbent</strong></span> <span class='ocrx_word' id='word_1_418' title='bbox 645 2551 672 2573; x_wconf 90' lang='lat' dir='ltr'><strong>et</strong></span> <span class='ocrx_word' id='word_1_419' title='bbox 685 2546 819 2581; x_wconf 81' lang='lat' dir='ltr'><strong>exagitent</strong></span> <span class='ocrx_word' id='word_1_420' title='bbox 828 2546 944 2573; x_wconf 89' lang='lat' dir='ltr'><strong>animam</strong></span> <span class='ocrx_word' id='word_1_421' title='bbox 958 2545 1012 2572; x_wconf 78' lang='lat' dir='ltr'><strong>da:-</strong></span> 
     </span>
    </p>
   </div>
   <div class='ocr_carea' id='block_1_54' title="bbox 223 2591 1012 2626">
    <p class='ocr_par' dir='ltr' id='par_1_54' title="bbox 223 2591 1012 2626">
     <span class='ocr_line' id='line_1_54' title="bbox 223 2591 1012 2626; baseline -0.004 -5"><span class='ocrx_word' id='word_1_422' title='bbox 223 2593 356 2626; x_wconf 85' lang='lat' dir='ltr'><strong>moniaci;</strong></span> <span class='ocrx_word' id='word_1_423' title='bbox 373 2593 418 2620; x_wconf 90' lang='lat' dir='ltr'><strong>Dei</strong></span> <span class='ocrx_word' id='word_1_424' title='bbox 430 2599 494 2619; x_wconf 89' lang='lat' dir='ltr'><strong>vero</strong></span> <span class='ocrx_word' id='word_1_425' title='bbox 506 2592 691 2626; x_wconf 89' lang='lat' dir='ltr'><strong>benignitatem</strong></span> <span class='ocrx_word' id='word_1_426' title='bbox 705 2611 714 2625; x_wconf 83' lang='lat'><strong>,</strong></span> <span class='ocrx_word' id='word_1_427' title='bbox 729 2599 789 2618; x_wconf 91' lang='lat' dir='ltr'><strong>cum</strong></span> <span class='ocrx_word' id='word_1_428' title='bbox 805 2591 840 2618; x_wconf 90' lang='lat' dir='ltr'><strong>ita</strong></span> <span class='ocrx_word' id='word_1_429' title='bbox 855 2599 955 2618; x_wconf 76' lang='lat' dir='ltr'><strong>saevum</strong></span> <span class='ocrx_word' id='word_1_430' title='bbox 970 2591 1012 2618; x_wconf 87' lang='lat' dir='ltr'><strong>in-</strong></span> 
     </span>
    </p>
   </div>
   <div class='ocr_carea' id='block_1_55' title="bbox 223 2637 1014 2675">
    <p class='ocr_par' dir='ltr' id='par_1_55' title="bbox 223 2637 1014 2675">
     <span class='ocr_line' id='line_1_55' title="bbox 223 2637 1014 2675; baseline -0.006 -6"><span class='ocrx_word' id='word_1_431' title='bbox 223 2641 354 2675; x_wconf 88' lang='lat' dir='ltr'><strong>quilinum</strong></span> <span class='ocrx_word' id='word_1_432' title='bbox 365 2644 392 2667; x_wconf 89' lang='lat' dir='ltr'><strong>et</strong></span> <span class='ocrx_word' id='word_1_433' title='bbox 403 2639 537 2667; x_wconf 87' lang='lat' dir='ltr'><strong>hominem</strong></span> <span class='ocrx_word' id='word_1_434' title='bbox 558 2639 724 2673; x_wconf 65' lang='lat' dir='ltr'><strong>praecipitare</strong></span> <span class='ocrx_word' id='word_1_435' title='bbox 738 2638 886 2672; x_wconf 86' lang='lat' dir='ltr'><strong>cupientem</strong></span> <span class='ocrx_word' id='word_1_436' title='bbox 901 2637 1014 2664; x_wconf 85' lang='lat' dir='ltr'><strong>retineat</strong></span> 
     </span>
    </p>
   </div>
   <div class='ocr_carea' id='block_1_56' title="bbox 223 2683 1011 2720">
    <p class='ocr_par' dir='ltr' id='par_1_56' title="bbox 223 2683 1011 2720">
     <span class='ocr_line' id='line_1_56' title="bbox 223 2683 1011 2720; baseline -0.008 -5"><span class='ocrx_word' id='word_1_437' title='bbox 223 2692 251 2715; x_wconf 85' lang='lat' dir='ltr'><strong>et</strong></span> <span class='ocrx_word' id='word_1_438' title='bbox 264 2691 405 2719; x_wconf 89' lang='lat' dir='ltr'><strong>coerceat,</strong></span> <span class='ocrx_word' id='word_1_439' title='bbox 421 2692 506 2720; x_wconf 89' lang='lat' dir='ltr'><strong>neque</strong></span> <span class='ocrx_word' id='word_1_440' title='bbox 516 2685 588 2712; x_wconf 92' lang='lat' dir='ltr'><strong>omni</strong></span> <span class='ocrx_word' id='word_1_441' title='bbox 601 2691 647 2712; x_wconf 90' lang='lat' dir='ltr'><strong>sua</strong></span> <span class='ocrx_word' id='word_1_442' title='bbox 658 2687 790 2718; x_wconf 87' lang='lat' dir='ltr'><strong>potestate</strong></span> <span class='ocrx_word' id='word_1_443' title='bbox 804 2683 841 2710; x_wconf 89' lang='lat' dir='ltr'><strong>uti</strong></span> <span class='ocrx_word' id='word_1_444' title='bbox 854 2683 990 2718; x_wconf 85' lang='lat' dir='ltr'><strong>permittat</strong></span> <span class='ocrx_word' id='word_1_445' title='bbox 1004 2703 1011 2715; x_wconf 93' lang='lat'><strong>,</strong></span> 
     </span>
    </p>
   </div>
   <div class='ocr_carea' id='block_1_57' title="bbox 224 2729 1012 2763">
    <p class='ocr_par' dir='ltr' id='par_1_57' title="bbox 224 2729 1012 2763">
     <span class='ocr_line' id='line_1_57' title="bbox 224 2729 1012 2763; baseline -0.009 -1"><span class='ocrx_word' id='word_1_446' title='bbox 224 2734 272 2762; x_wconf 87' lang='lat' dir='ltr'><strong>sed</strong></span> <span class='ocrx_word' id='word_1_447' title='bbox 286 2738 384 2761; x_wconf 87' lang='lat' dir='ltr'><strong>tantam</strong></span> <span class='ocrx_word' id='word_1_448' title='bbox 397 2733 450 2759; x_wconf 91' lang='lat' dir='ltr'><strong>vim</strong></span> <span class='ocrx_word' id='word_1_449' title='bbox 465 2731 532 2758; x_wconf 91' lang='lat' dir='ltr'><strong>sinat</strong></span> <span class='ocrx_word' id='word_1_450' title='bbox 546 2730 705 2763; x_wconf 84' lang='lat' dir='ltr'><strong>ostendere,</strong></span> <span class='ocrx_word' id='word_1_451' title='bbox 721 2734 750 2756; x_wconf 90' lang='lat' dir='ltr'><strong>ut</strong></span> <span class='ocrx_word' id='word_1_452' title='bbox 762 2734 789 2756; x_wconf 91' lang='lat' dir='ltr'><strong>et</strong></span> <span class='ocrx_word' id='word_1_453' title='bbox 810 2729 945 2756; x_wconf 89' lang='lat' dir='ltr'><strong>hominem</strong></span> <span class='ocrx_word' id='word_1_454' title='bbox 967 2737 1012 2755; x_wconf 90' lang='lat' dir='ltr'><strong>ca-</strong></span> 
     </span>
    </p>
   </div>
   <div class='ocr_carea' id='block_1_58' title="bbox 225 2777 1013 2816">
    <p class='ocr_par' dir='ltr' id='par_1_58' title="bbox 225 2777 1013 2816">
     <span class='ocr_line' id='line_1_58' title="bbox 225 2777 1013 2816; baseline -0.008 -8"><span class='ocrx_word' id='word_1_455' title='bbox 225 2782 318 2816; x_wconf 84' lang='lat' dir='ltr'><strong>stiget,</strong></span> <span class='ocrx_word' id='word_1_456' title='bbox 342 2785 368 2807; x_wconf 94' lang='lat' dir='ltr'><strong>et</strong></span> <span class='ocrx_word' id='word_1_457' title='bbox 381 2780 486 2807; x_wconf 91' lang='lat' dir='ltr'><strong>illorum</strong></span> <span class='ocrx_word' id='word_1_458' title='bbox 500 2778 643 2813; x_wconf 86' lang='lat' dir='ltr'><strong>nequitiam</strong></span> <span class='ocrx_word' id='word_1_459' title='bbox 657 2777 816 2804; x_wconf 87' lang='lat' dir='ltr'><strong>manifestct.</strong></span> <span class='ocrx_word' id='word_1_460' title='bbox 830 2777 877 2804; x_wconf 83' lang='lat' dir='ltr'><strong>Vis</strong></span> <span class='ocrx_word' id='word_1_461' title='bbox 889 2777 968 2803; x_wconf 88' lang='lat' dir='ltr'><strong>etiam</strong></span> <span class='ocrx_word' id='word_1_462' title='bbox 985 2780 1013 2803; x_wconf 91' lang='lat' dir='ltr'><strong>et</strong></span> 
     </span>
    </p>
   </div>
   <div class='ocr_carea' id='block_1_59' title="bbox 225 2821 1012 2858">
    <p class='ocr_par' dir='ltr' id='par_1_59' title="bbox 225 2821 1012 2858">
     <span class='ocr_line' id='line_1_59' title="bbox 225 2821 1012 2858; baseline -0.009 -3"><span class='ocrx_word' id='word_1_463' title='bbox 225 2827 308 2855; x_wconf 87' lang='lat' dir='ltr'><strong>altero</strong></span> <span class='ocrx_word' id='word_1_464' title='bbox 323 2833 414 2853; x_wconf 89' lang='lat' dir='ltr'><strong>rursus</strong></span> <span class='ocrx_word' id='word_1_465' title='bbox 428 2823 550 2858; x_wconf 87' lang='lat' dir='ltr'><strong>exemplo</strong></span> <span class='ocrx_word' id='word_1_466' title='bbox 559 2823 722 2858; x_wconf 88' lang='lat' dir='ltr'><strong>conspicere,</strong></span> <span class='ocrx_word' id='word_1_467' title='bbox 733 2829 784 2857; x_wconf 88' lang='lat' dir='ltr'><strong>qua</strong></span> <span class='ocrx_word' id='word_1_468' title='bbox 797 2822 898 2849; x_wconf 88' lang='lat' dir='ltr'><strong>ratione</strong></span> <span class='ocrx_word' id='word_1_469' title='bbox 908 2821 1012 2848; x_wconf 77' lang='lat' dir='ltr'><strong>daemon</strong></span> 
     </span>
    </p>
   </div>
   <div class='ocr_carea' id='block_1_60' title="bbox 225 2869 1012 2908">
    <p class='ocr_par' dir='ltr' id='par_1_60' title="bbox 225 2869 1012 2908">
     <span class='ocr_line' id='line_1_60' title="bbox 225 2869 1012 2908; baseline -0.008 -8"><span class='ocrx_word' id='word_1_470' title='bbox 225 2874 354 2908; x_wconf 75' lang='lat' dir='ltr'><strong>gubernet</strong></span> <span class='ocrx_word' id='word_1_471' title='bbox 370 2893 378 2904; x_wconf 92' lang='lat'><strong>,</strong></span> <span class='ocrx_word' id='word_1_472' title='bbox 392 2879 452 2899; x_wconf 91' lang='lat' dir='ltr'><strong>cum</strong></span> <span class='ocrx_word' id='word_1_473' title='bbox 471 2879 484 2897; x_wconf 92' lang='lat' dir='ltr'><strong>a</strong></span> <span class='ocrx_word' id='word_1_474' title='bbox 501 2871 555 2898; x_wconf 90' lang='lat' dir='ltr'><strong>Deo</strong></span> <span class='ocrx_word' id='word_1_475' title='bbox 568 2870 604 2897; x_wconf 91' lang='lat' dir='ltr'><strong>illi</strong></span> <span class='ocrx_word' id='word_1_476' title='bbox 617 2869 777 2904; x_wconf 89' lang='lat' dir='ltr'><strong>permittitur</strong></span> <span class='ocrx_word' id='word_1_477' title='bbox 791 2890 797 2902; x_wconf 95' lang='lat'><strong>,</strong></span> <span class='ocrx_word' id='word_1_478' title='bbox 811 2873 840 2895; x_wconf 91' lang='lat' dir='ltr'><strong>ut</strong></span> <span class='ocrx_word' id='word_1_479' title='bbox 856 2872 1012 2903; x_wconf 84' lang='lat' dir='ltr'><strong>potestatem</strong></span> 
     </span>
    </p>
   </div>
   <div class='ocr_carea' id='block_1_61' title="bbox 1801 140 1857 168">
    <p class='ocr_par' dir='ltr' id='par_1_61' title="bbox 1801 140 1857 168">
     <span class='ocr_line' id='line_1_61' title="bbox 1801 140 1857 168; baseline -0.036 0"><span class='ocrx_word' id='word_1_480' title='bbox 1801 140 1857 168; x_wconf 62' lang='lat'><strong>251</strong></span> 
     </span>
    </p>
   </div>
   <div class='ocr_carea' id='block_1_62' title="bbox 1066 200 1862 227">
    <p class='ocr_par' dir='ltr' id='par_1_62' title="bbox 1066 200 1862 227">
     <span class='ocr_line' id='line_1_62' title="bbox 1066 200 1862 227; baseline -0.001 -1"><span class='ocrx_word' id='word_1_481' title='bbox 1066 207 1141 226; x_wconf 86' lang='lat' dir='ltr'><strong>suam</strong></span> <span class='ocrx_word' id='word_1_482' title='bbox 1158 200 1303 227; x_wconf 80' lang='lat' dir='ltr'><strong>exerceat?</strong></span> <span class='ocrx_word' id='word_1_483' title='bbox 1326 200 1439 227; x_wconf 82' lang='lat' dir='ltr'><strong>Veniant</strong></span> <span class='ocrx_word' id='word_1_484' title='bbox 1455 200 1499 226; x_wconf 91' lang='lat' dir='ltr'><strong>tibi</strong></span> <span class='ocrx_word' id='word_1_485' title='bbox 1523 200 1548 226; x_wconf 92' lang='lat' dir='ltr'><strong>in</strong></span> <span class='ocrx_word' id='word_1_486' title='bbox 1567 204 1681 227; x_wconf 86' lang='lat' dir='ltr'><strong>mentem</strong></span> <span class='ocrx_word' id='word_1_487' title='bbox 1696 206 1817 226; x_wconf 81' lang='lat' dir='ltr'><strong>anncnta</strong></span> <span class='ocrx_word' id='word_1_488' title='bbox 1833 204 1862 225; x_wconf 68' lang='lat' dir='ltr'><strong>ut</strong></span> 
     </span>
    </p>
   </div>
   <div class='ocr_carea' id='block_1_63' title="bbox 1063 245 1860 280">
    <p class='ocr_par' dir='ltr' id='par_1_63' title="bbox 1063 245 1860 280">
     <span class='ocr_line' id='line_1_63' title="bbox 1063 245 1860 280; baseline -0.004 -8"><span class='ocrx_word' id='word_1_489' title='bbox 1063 252 1157 279; x_wconf 83' lang='lat' dir='ltr'><strong>greges</strong></span> <span class='ocrx_word' id='word_1_490' title='bbox 1169 245 1228 276; x_wconf 86' lang='lat' dir='ltr'><strong>Job.</strong></span> <span class='ocrx_word' id='word_1_491' title='bbox 1243 253 1294 280; x_wconf 86' lang='lat' dir='ltr'><strong>quo</strong></span> <span class='ocrx_word' id='word_1_492' title='bbox 1305 250 1382 280; x_wconf 83' lang='lat' dir='ltr'><strong>pacto</strong></span> <span class='ocrx_word' id='word_1_493' title='bbox 1403 253 1455 272; x_wconf 89' lang='lat' dir='ltr'><strong>uno</strong></span> <span class='ocrx_word' id='word_1_494' title='bbox 1470 245 1596 280; x_wconf 85' lang='lat' dir='ltr'><strong>temporis</strong></span> <span class='ocrx_word' id='word_1_495' title='bbox 1610 250 1746 272; x_wconf 89' lang='lat' dir='ltr'><strong>momento</strong></span> <span class='ocrx_word' id='word_1_496' title='bbox 1759 251 1860 272; x_wconf 78' lang='lat' dir='ltr'><strong>cuncta</strong></span> 
     </span>
    </p>
   </div>
   <div class='ocr_carea' id='block_1_64' title="bbox 1064 290 1861 326">
    <p class='ocr_par' dir='ltr' id='par_1_64' title="bbox 1064 290 1861 326">
     <span class='ocr_line' id='line_1_64' title="bbox 1064 290 1861 326; baseline 0 -9"><span class='ocrx_word' id='word_1_497' title='bbox 1064 293 1246 326; x_wconf 87' lang='lat' dir='ltr'><strong>assumpserit,</strong></span> <span class='ocrx_word' id='word_1_498' title='bbox 1263 292 1419 319; x_wconf 85' lang='lat' dir='ltr'><strong>miserabilis</strong></span> <span class='ocrx_word' id='word_1_499' title='bbox 1434 291 1642 326; x_wconf 86' lang='lat' dir='ltr'><strong>liberorumcjus</strong></span> <span class='ocrx_word' id='word_1_500' title='bbox 1657 298 1739 324; x_wconf 90' lang='lat' dir='ltr'><strong>mors,</strong></span> <span class='ocrx_word' id='word_1_501' title='bbox 1755 290 1861 318; x_wconf 87' lang='lat' dir='ltr'><strong>inﬂicta</strong></span> 
     </span>
    </p>
   </div>
   <div class='ocr_carea' id='block_1_65' title="bbox 1064 337 1861 371">
    <p class='ocr_par' dir='ltr' id='par_1_65' title="bbox 1064 337 1861 371">
     <span class='ocr_line' id='line_1_65' title="bbox 1064 337 1861 371; baseline -0.003 -8"><span class='ocrx_word' id='word_1_502' title='bbox 1064 337 1168 371; x_wconf 90' lang='lat' dir='ltr'><strong>corpori</strong></span> <span class='ocrx_word' id='word_1_503' title='bbox 1185 337 1242 371; x_wconf 86' lang='lat' dir='ltr'><strong>ejus</strong></span> <span class='ocrx_word' id='word_1_504' title='bbox 1256 337 1329 371; x_wconf 77' lang='lat' dir='ltr'><strong>plaga</strong></span> <span class='ocrx_word' id='word_1_505' title='bbox 1347 346 1353 363; x_wconf 89' lang='lat'><strong>:</strong></span> <span class='ocrx_word' id='word_1_506' title='bbox 1370 342 1397 364; x_wconf 85' lang='lat' dir='ltr'><strong>et</strong></span> <span class='ocrx_word' id='word_1_507' title='bbox 1413 337 1597 364; x_wconf 88' lang='lat' dir='ltr'><strong>crudelitatem</strong></span> <span class='ocrx_word' id='word_1_508' title='bbox 1613 358 1620 368; x_wconf 84' lang='lat'><strong>,</strong></span> <span class='ocrx_word' id='word_1_509' title='bbox 1635 337 1861 364; x_wconf 85' lang='lat' dir='ltr'><strong>inhumanitatein</strong></span> 
     </span>
    </p>
   </div>
   <div class='ocr_carea' id='block_1_66' title="bbox 1063 382 1862 417">
    <p class='ocr_par' dir='ltr' id='par_1_66' title="bbox 1063 382 1862 417">
     <span class='ocr_line' id='line_1_66' title="bbox 1063 382 1862 417; baseline 0 -9"><span class='ocrx_word' id='word_1_510' title='bbox 1063 389 1094 409; x_wconf 91' lang='lat' dir='ltr'><strong>ac</strong></span> <span class='ocrx_word' id='word_1_511' title='bbox 1107 382 1235 409; x_wconf 75' lang='lat' dir='ltr'><strong>Saevitiam</strong></span> <span class='ocrx_word' id='word_1_512' title='bbox 1249 383 1374 417; x_wconf 75' lang='lat' dir='ltr'><strong>nequitia:</strong></span> <span class='ocrx_word' id='word_1_513' title='bbox 1394 383 1544 410; x_wconf 75' lang='lat' dir='ltr'><strong>daemonum</strong></span> <span class='ocrx_word' id='word_1_514' title='bbox 1560 383 1705 415; x_wconf 86' lang='lat' dir='ltr'><strong>intuebere,</strong></span> <span class='ocrx_word' id='word_1_515' title='bbox 1719 387 1799 417; x_wconf 89' lang='lat' dir='ltr'><strong>atque</strong></span> <span class='ocrx_word' id='word_1_516' title='bbox 1815 382 1862 408; x_wconf 86' lang='lat' dir='ltr'><strong>in-</strong></span> 
     </span>
    </p>
   </div>
   <div class='ocr_carea' id='block_1_67' title="bbox 1063 417 1860 463">
    <p class='ocr_par' dir='ltr' id='par_1_67' title="bbox 1063 417 1860 463">
     <span class='ocr_line' id='line_1_67' title="bbox 1063 417 1860 463; baseline 0.001 -9"><span class='ocrx_word' id='word_1_517' title='bbox 1063 427 1097 454; x_wconf 87' lang='lat' dir='ltr'><strong>de</strong></span> <span class='ocrx_word' id='word_1_518' title='bbox 1108 422 1248 455; x_wconf 71' lang='lat' dir='ltr'><strong>manifeste</strong></span> <span class='ocrx_word' id='word_1_519' title='bbox 1260 435 1414 463; x_wconf 87' lang='lat' dir='ltr'><strong>cognosces,</strong></span> <span class='ocrx_word' id='word_1_520' title='bbox 1429 428 1451 455; x_wconf 91' lang='lat' dir='ltr'><strong>si</strong></span> <span class='ocrx_word' id='word_1_521' title='bbox 1461 428 1511 455; x_wconf 91' lang='lat' dir='ltr'><strong>hoc</strong></span> <span class='ocrx_word' id='word_1_522' title='bbox 1524 429 1603 455; x_wconf 87' lang='lat' dir='ltr'><strong>etiam</strong></span> <span class='ocrx_word' id='word_1_523' title='bbox 1619 417 1773 455; x_wconf 75' lang='lat' dir='ltr'><strong>universum</strong></span> <span class='ocrx_word' id='word_1_524' title='bbox 1785 427 1860 455; x_wconf 87' lang='lat' dir='ltr'><strong>Deus</strong></span> 
     </span>
    </p>
   </div>
   <div class='ocr_carea' id='block_1_68' title="bbox 1065 473 1861 508">
    <p class='ocr_par' dir='ltr' id='par_1_68' title="bbox 1065 473 1861 508">
     <span class='ocr_line' id='line_1_68' title="bbox 1065 473 1861 508; baseline 0.001 -9"><span class='ocrx_word' id='word_1_525' title='bbox 1065 473 1168 500; x_wconf 91' lang='lat' dir='ltr'><strong>illorum</strong></span> <span class='ocrx_word' id='word_1_526' title='bbox 1183 474 1349 507; x_wconf 87' lang='lat' dir='ltr'><strong>permitteret</strong></span> <span class='ocrx_word' id='word_1_527' title='bbox 1360 474 1491 508; x_wconf 89' lang='lat' dir='ltr'><strong>potestati,</strong></span> <span class='ocrx_word' id='word_1_528' title='bbox 1506 473 1632 506; x_wconf 83' lang='lat' dir='ltr'><strong>futurum,</strong></span> <span class='ocrx_word' id='word_1_529' title='bbox 1644 477 1672 500; x_wconf 88' lang='lat' dir='ltr'><strong>ut</strong></span> <span class='ocrx_word' id='word_1_530' title='bbox 1680 478 1775 500; x_wconf 87' lang='lat' dir='ltr'><strong>cuncta</strong></span> <span class='ocrx_word' id='word_1_531' title='bbox 1791 480 1861 500; x_wconf 85' lang='lat' dir='ltr'><strong>cou-</strong></span> 
     </span>
    </p>
   </div>
   <div class='ocr_carea' id='block_1_69' title="bbox 1064 518 1859 554">
    <p class='ocr_par' dir='ltr' id='par_1_69' title="bbox 1064 518 1859 554">
     <span class='ocr_line' id='line_1_69' title="bbox 1064 518 1859 554; baseline 0 -9"><span class='ocrx_word' id='word_1_532' title='bbox 1064 518 1206 545; x_wconf 88' lang='lat' dir='ltr'><strong>funderent</strong></span> <span class='ocrx_word' id='word_1_533' title='bbox 1216 523 1243 546; x_wconf 90' lang='lat' dir='ltr'><strong>ct</strong></span> <span class='ocrx_word' id='word_1_534' title='bbox 1255 519 1402 550; x_wconf 87' lang='lat' dir='ltr'><strong>turbarent,</strong></span> <span class='ocrx_word' id='word_1_535' title='bbox 1416 524 1443 545; x_wconf 90' lang='lat' dir='ltr'><strong>et</strong></span> <span class='ocrx_word' id='word_1_536' title='bbox 1454 519 1488 546; x_wconf 92' lang='lat' dir='ltr'><strong>ita</strong></span> <span class='ocrx_word' id='word_1_537' title='bbox 1503 526 1551 546; x_wconf 83' lang='lat' dir='ltr'><strong>nos</strong></span> <span class='ocrx_word' id='word_1_538' title='bbox 1566 523 1709 546; x_wconf 88' lang='lat' dir='ltr'><strong>tractarent</strong></span> <span class='ocrx_word' id='word_1_539' title='bbox 1725 539 1732 551; x_wconf 89' lang='lat'><strong>,</strong></span> <span class='ocrx_word' id='word_1_540' title='bbox 1751 524 1780 546; x_wconf 89' lang='grc' dir='ltr'>ιιι</span> <span class='ocrx_word' id='word_1_541' title='bbox 1792 526 1859 554; x_wconf 86' lang='lat' dir='ltr'><strong>por-</strong></span> 
     </span>
    </p>
   </div>
   <div class='ocr_carea' id='block_1_70' title="bbox 1063 564 1860 599">
    <p class='ocr_par' dir='ltr' id='par_1_70' title="bbox 1063 564 1860 599">
     <span class='ocr_line' id='line_1_70' title="bbox 1063 564 1860 599; baseline 0.001 -9"><span class='ocrx_word' id='word_1_542' title='bbox 1063 572 1110 590; x_wconf 77' lang='lat' dir='ltr'><strong>cos</strong></span> <span class='ocrx_word' id='word_1_543' title='bbox 1121 570 1148 591; x_wconf 91' lang='lat' dir='ltr'><strong>et</strong></span> <span class='ocrx_word' id='word_1_544' title='bbox 1161 564 1332 591; x_wconf 69' lang='lat' dir='ltr'><strong>armenta-ila</strong></span> <span class='ocrx_word' id='word_1_545' title='bbox 1345 585 1352 597; x_wconf 88' lang='lat'><strong>,</strong></span> <span class='ocrx_word' id='word_1_546' title='bbox 1368 565 1406 591; x_wconf 91' lang='lat' dir='ltr'><strong>sic</strong></span> <span class='ocrx_word' id='word_1_547' title='bbox 1420 569 1447 591; x_wconf 90' lang='lat' dir='ltr'><strong>ut</strong></span> <span class='ocrx_word' id='word_1_548' title='bbox 1463 572 1496 591; x_wconf 92' lang='lat' dir='ltr'><strong>ne</strong></span> <span class='ocrx_word' id='word_1_549' title='bbox 1506 564 1714 599; x_wconf 81' lang='lat' dir='ltr'><strong>exiguoquidem</strong></span> <span class='ocrx_word' id='word_1_550' title='bbox 1728 565 1860 599; x_wconf 86' lang='lat' dir='ltr'><strong>temporis</strong></span> 
     </span>
    </p>
   </div>
   <div class='ocr_carea' id='block_1_71' title="bbox 1064 609 1859 644">
    <p class='ocr_par' dir='ltr' id='par_1_71' title="bbox 1064 609 1859 644">
     <span class='ocr_line' id='line_1_71' title="bbox 1064 609 1859 644; baseline 0.001 -9"><span class='ocrx_word' id='word_1_551' title='bbox 1064 614 1198 636; x_wconf 83' lang='lat' dir='ltr'><strong>momento</strong></span> <span class='ocrx_word' id='word_1_552' title='bbox 1213 609 1291 636; x_wconf 80' lang='lat' dir='ltr'><strong>Saluti</strong></span> <span class='ocrx_word' id='word_1_553' title='bbox 1306 614 1403 637; x_wconf 77' lang='lat' dir='ltr'><strong>nostrae</strong></span> <span class='ocrx_word' id='word_1_554' title='bbox 1419 614 1527 644; x_wconf 84' lang='lat' dir='ltr'><strong>possent</strong></span> <span class='ocrx_word' id='word_1_555' title='bbox 1539 617 1659 644; x_wconf 85' lang='lat' dir='ltr'><strong>parcere.</strong></span> <span class='ocrx_word' id='word_1_556' title='bbox 1678 609 1705 637; x_wconf 91' lang='lat' dir='ltr'><strong>Si</strong></span> <span class='ocrx_word' id='word_1_557' title='bbox 1719 610 1859 637; x_wconf 78' lang='lat' dir='ltr'><strong>daemones</strong></span> 
     </span>
    </p>
   </div>
   <div class='ocr_carea' id='block_1_72' title="bbox 1062 655 1858 691">
    <p class='ocr_par' dir='ltr' id='par_1_72' title="bbox 1062 655 1858 691">
     <span class='ocr_line' id='line_1_72' title="bbox 1062 655 1858 691; baseline 0.001 -10"><span class='ocrx_word' id='word_1_558' title='bbox 1062 655 1257 689; x_wconf 89' lang='lat' dir='ltr'><strong>gubernarent,</strong></span> <span class='ocrx_word' id='word_1_559' title='bbox 1279 656 1361 682; x_wconf 89' lang='lat' dir='ltr'><strong>nihilo</strong></span> <span class='ocrx_word' id='word_1_560' title='bbox 1379 656 1482 683; x_wconf 86' lang='lat' dir='ltr'><strong>meliori</strong></span> <span class='ocrx_word' id='word_1_561' title='bbox 1502 663 1621 683; x_wconf 90' lang='lat' dir='ltr'><strong>essemus</strong></span> <span class='ocrx_word' id='word_1_562' title='bbox 1640 657 1664 682; x_wconf 92' lang='lat' dir='ltr'><strong>in</strong></span> <span class='ocrx_word' id='word_1_563' title='bbox 1685 660 1756 683; x_wconf 79' lang='lat' dir='ltr'><strong>statu</strong></span> <span class='ocrx_word' id='word_1_564' title='bbox 1775 664 1858 691; x_wconf 82' lang='lat' dir='ltr'><strong>quam</strong></span> 
     </span>
    </p>
   </div>
   <div class='ocr_carea' id='block_1_73' title="bbox 1062 702 1856 738">
    <p class='ocr_par' dir='ltr' id='par_1_73' title="bbox 1062 702 1856 738">
     <span class='ocr_line' id='line_1_73' title="bbox 1062 702 1856 738; baseline 0.001 -9"><span class='ocrx_word' id='word_1_565' title='bbox 1062 702 1235 730; x_wconf 74' lang='lat' dir='ltr'><strong>daemoniaci:</strong></span> <span class='ocrx_word' id='word_1_566' title='bbox 1262 703 1314 730; x_wconf 91' lang='lat' dir='ltr'><strong>imo</strong></span> <span class='ocrx_word' id='word_1_567' title='bbox 1337 711 1402 730; x_wconf 87' lang='lat' dir='ltr'><strong>vero</strong></span> <span class='ocrx_word' id='word_1_568' title='bbox 1421 703 1546 730; x_wconf 90' lang='lat' dir='ltr'><strong>deteriori</strong></span> <span class='ocrx_word' id='word_1_569' title='bbox 1568 703 1592 730; x_wconf 92' lang='lat' dir='ltr'><strong>in</strong></span> <span class='ocrx_word' id='word_1_570' title='bbox 1613 707 1683 730; x_wconf 88' lang='lat' dir='ltr'><strong>statu</strong></span> <span class='ocrx_word' id='word_1_571' title='bbox 1704 711 1784 738; x_wconf 85' lang='lat' dir='ltr'><strong>quam</strong></span> <span class='ocrx_word' id='word_1_572' title='bbox 1809 704 1856 730; x_wconf 87' lang='lat' dir='ltr'><strong>illi.</strong></span> 
     </span>
    </p>
   </div>
   <div class='ocr_carea' id='block_1_74' title="bbox 1063 749 1857 784">
    <p class='ocr_par' dir='ltr' id='par_1_74' title="bbox 1063 749 1857 784">
     <span class='ocr_line' id='line_1_74' title="bbox 1063 749 1857 784; baseline -0.003 -7"><span class='ocrx_word' id='word_1_573' title='bbox 1063 749 1155 784; x_wconf 86' lang='lat' dir='ltr'><strong>Neque</strong></span> <span class='ocrx_word' id='word_1_574' title='bbox 1183 749 1255 776; x_wconf 89' lang='lat' dir='ltr'><strong>enim</strong></span> <span class='ocrx_word' id='word_1_575' title='bbox 1275 749 1333 776; x_wconf 90' lang='lat' dir='ltr'><strong>illos</strong></span> <span class='ocrx_word' id='word_1_576' title='bbox 1357 749 1383 776; x_wconf 92' lang='lat' dir='ltr'><strong>in</strong></span> <span class='ocrx_word' id='word_1_577' title='bbox 1413 750 1564 777; x_wconf 82' lang='lat' dir='ltr'><strong>universam</strong></span> <span class='ocrx_word' id='word_1_578' title='bbox 1593 750 1696 776; x_wconf 83' lang='lat' dir='ltr'><strong>illorum</strong></span> <span class='ocrx_word' id='word_1_579' title='bbox 1720 749 1857 784; x_wconf 75' lang='lat' dir='ltr'><strong>tyrannidi</strong></span> 
     </span>
    </p>
   </div>
   <div class='ocr_carea' id='block_1_75' title="bbox 1062 796 1857 832">
    <p class='ocr_par' dir='ltr' id='par_1_75' title="bbox 1062 796 1857 832">
     <span class='ocr_line' id='line_1_75' title="bbox 1062 796 1857 832; baseline 0 -9"><span class='ocrx_word' id='word_1_580' title='bbox 1062 796 1186 831; x_wconf 84' lang='lat' dir='ltr'><strong>exposuit</strong></span> <span class='ocrx_word' id='word_1_581' title='bbox 1201 796 1269 823; x_wconf 87' lang='lat' dir='ltr'><strong>Deus</strong></span> <span class='ocrx_word' id='word_1_582' title='bbox 1279 804 1286 828; x_wconf 92' lang='lat'><strong>;</strong></span> <span class='ocrx_word' id='word_1_583' title='bbox 1297 796 1395 831; x_wconf 87' lang='lat' dir='ltr'><strong>alioqui</strong></span> <span class='ocrx_word' id='word_1_584' title='bbox 1409 797 1493 823; x_wconf 90' lang='lat' dir='ltr'><strong>multo</strong></span> <span class='ocrx_word' id='word_1_585' title='bbox 1512 796 1570 824; x_wconf 90' lang='lat' dir='ltr'><strong>istis</strong></span> <span class='ocrx_word' id='word_1_586' title='bbox 1591 797 1710 831; x_wconf 88' lang='lat' dir='ltr'><strong>graviora</strong></span> <span class='ocrx_word' id='word_1_587' title='bbox 1725 797 1796 832; x_wconf 90' lang='lat' dir='ltr'><strong>passi</strong></span> <span class='ocrx_word' id='word_1_588' title='bbox 1811 805 1857 823; x_wconf 86' lang='lat' dir='ltr'><strong>es-</strong></span> 
     </span>
    </p>
   </div>
   <div class='ocr_carea' id='block_1_76' title="bbox 1062 842 1858 878">
    <p class='ocr_par' dir='ltr' id='par_1_76' title="bbox 1062 842 1858 878">
     <span class='ocr_line' id='line_1_76' title="bbox 1062 842 1858 878; baseline -0.001 -9"><span class='ocrx_word' id='word_1_589' title='bbox 1062 847 1132 875; x_wconf 87' lang='lat' dir='ltr'><strong>sent,</strong></span> <span class='ocrx_word' id='word_1_590' title='bbox 1149 849 1227 878; x_wconf 90' lang='lat' dir='ltr'><strong>quam</strong></span> <span class='ocrx_word' id='word_1_591' title='bbox 1250 850 1319 870; x_wconf 93' lang='lat' dir='ltr'><strong>nunc</strong></span> <span class='ocrx_word' id='word_1_592' title='bbox 1339 844 1484 878; x_wconf 71' lang='lat' dir='ltr'><strong>patiuntur.</strong></span> <span class='ocrx_word' id='word_1_593' title='bbox 1510 842 1568 877; x_wconf 82' lang='lat' dir='ltr'><strong>Ego</strong></span> <span class='ocrx_word' id='word_1_594' title='bbox 1583 850 1647 870; x_wconf 83' lang='lat' dir='ltr'><strong>vero</strong></span> <span class='ocrx_word' id='word_1_595' title='bbox 1667 843 1762 870; x_wconf 89' lang='lat' dir='ltr'><strong>lubens</strong></span> <span class='ocrx_word' id='word_1_596' title='bbox 1777 851 1810 870; x_wconf 90' lang='lat' dir='ltr'><strong>ex</strong></span> <span class='ocrx_word' id='word_1_597' title='bbox 1825 843 1858 869; x_wconf 84' lang='lat' dir='ltr'><strong>iis</strong></span> 
     </span>
    </p>
   </div>
   <div class='ocr_carea' id='block_1_77' title="bbox 1062 888 1858 924">
    <p class='ocr_par' dir='ltr' id='par_1_77' title="bbox 1062 888 1858 924">
     <span class='ocr_line' id='line_1_77' title="bbox 1062 888 1858 924; baseline 0.003 -10"><span class='ocrx_word' id='word_1_598' title='bbox 1062 889 1106 923; x_wconf 88' lang='lat' dir='ltr'><strong>qui</strong></span> <span class='ocrx_word' id='word_1_599' title='bbox 1127 889 1177 916; x_wconf 88' lang='lat' dir='ltr'><strong>ista</strong></span> <span class='ocrx_word' id='word_1_600' title='bbox 1191 888 1284 915; x_wconf 88' lang='lat' dir='ltr'><strong>dicunt</strong></span> <span class='ocrx_word' id='word_1_601' title='bbox 1308 889 1458 916; x_wconf 80' lang='lat' dir='ltr'><strong>sciscitarer</strong></span> <span class='ocrx_word' id='word_1_602' title='bbox 1475 910 1482 922; x_wconf 96' lang='lat'><strong>,</strong></span> <span class='ocrx_word' id='word_1_603' title='bbox 1499 897 1578 924; x_wconf 88' lang='lat' dir='ltr'><strong>quam</strong></span> <span class='ocrx_word' id='word_1_604' title='bbox 1602 889 1708 916; x_wconf 89' lang='lat' dir='ltr'><strong>tandem</strong></span> <span class='ocrx_word' id='word_1_605' title='bbox 1728 889 1755 916; x_wconf 90' lang='lat' dir='ltr'><strong>in</strong></span> <span class='ocrx_word' id='word_1_606' title='bbox 1775 889 1858 916; x_wconf 89' lang='lat' dir='ltr'><strong>rebus</strong></span> 
     </span>
    </p>
   </div>
   <div class='ocr_carea' id='block_1_78' title="bbox 1061 935 1856 971">
    <p class='ocr_par' dir='ltr' id='par_1_78' title="bbox 1061 935 1856 971">
     <span class='ocr_line' id='line_1_78' title="bbox 1061 935 1856 971; baseline 0 -9"><span class='ocrx_word' id='word_1_607' title='bbox 1061 935 1240 970; x_wconf 78' lang='lat' dir='ltr'><strong>praesentibus</strong></span> <span class='ocrx_word' id='word_1_608' title='bbox 1265 935 1446 962; x_wconf 87' lang='lat' dir='ltr'><strong>confusionetn</strong></span> <span class='ocrx_word' id='word_1_609' title='bbox 1466 940 1603 968; x_wconf 85' lang='lat' dir='ltr'><strong>cernant,</strong></span> <span class='ocrx_word' id='word_1_610' title='bbox 1629 940 1659 963; x_wconf 94' lang='lat' dir='ltr'><strong>ut</strong></span> <span class='ocrx_word' id='word_1_611' title='bbox 1687 936 1856 971; x_wconf 77' lang='lat' dir='ltr'><strong>negotiorum</strong></span> 
     </span>
    </p>
   </div>
   <div class='ocr_carea' id='block_1_79' title="bbox 1063 981 1859 1016">
    <p class='ocr_par' dir='ltr' id='par_1_79' title="bbox 1063 981 1859 1016">
     <span class='ocr_line' id='line_1_79' title="bbox 1063 981 1859 1016; baseline 0 -8"><span class='ocrx_word' id='word_1_612' title='bbox 1063 985 1214 1008; x_wconf 86' lang='lat' dir='ltr'><strong>nostrorum</strong></span> <span class='ocrx_word' id='word_1_613' title='bbox 1235 981 1353 1016; x_wconf 88' lang='lat' dir='ltr'><strong>regimen</strong></span> <span class='ocrx_word' id='word_1_614' title='bbox 1375 988 1455 1009; x_wconf 87' lang='lat' dir='ltr'><strong>omne</strong></span> <span class='ocrx_word' id='word_1_615' title='bbox 1474 981 1640 1008; x_wconf 87' lang='lat' dir='ltr'><strong>daemonibus</strong></span> <span class='ocrx_word' id='word_1_616' title='bbox 1660 981 1798 1009; x_wconf 86' lang='lat' dir='ltr'><strong>tribuant?</strong></span> <span class='ocrx_word' id='word_1_617' title='bbox 1824 983 1859 1008; x_wconf 83' lang='lat' dir='ltr'><strong>At</strong></span> 
     </span>
    </p>
   </div>
   <div class='ocr_carea' id='block_1_80' title="bbox 1062 1026 1858 1061">
    <p class='ocr_par' dir='ltr' id='par_1_80' title="bbox 1062 1026 1858 1061">
     <span class='ocr_line' id='line_1_80' title="bbox 1062 1026 1858 1061; baseline 0.001 -8"><span class='ocrx_word' id='word_1_618' title='bbox 1062 1027 1133 1054; x_wconf 91' lang='lat' dir='ltr'><strong>enim</strong></span> <span class='ocrx_word' id='word_1_619' title='bbox 1145 1027 1228 1054; x_wconf 90' lang='lat' dir='ltr'><strong>solem</strong></span> <span class='ocrx_word' id='word_1_620' title='bbox 1242 1026 1363 1054; x_wconf 87' lang='lat' dir='ltr'><strong>videmus</strong></span> <span class='ocrx_word' id='word_1_621' title='bbox 1377 1035 1425 1061; x_wconf 92' lang='lat' dir='ltr'><strong>per</strong></span> <span class='ocrx_word' id='word_1_622' title='bbox 1440 1031 1478 1054; x_wconf 91' lang='lat' dir='ltr'><strong>tot</strong></span> <span class='ocrx_word' id='word_1_623' title='bbox 1491 1035 1620 1054; x_wconf 88' lang='lat' dir='ltr'><strong>annorum</strong></span> <span class='ocrx_word' id='word_1_624' title='bbox 1638 1027 1770 1054; x_wconf 86' lang='lat' dir='ltr'><strong>curricula</strong></span> <span class='ocrx_word' id='word_1_625' title='bbox 1784 1027 1858 1054; x_wconf 87' lang='lat' dir='ltr'><strong>ordi-</strong></span> 
     </span>
    </p>
   </div>
   <div class='ocr_carea' id='block_1_81' title="bbox 1062 1075 1856 1110">
    <p class='ocr_par' dir='ltr' id='par_1_81' title="bbox 1062 1075 1856 1110">
     <span class='ocr_line' id='line_1_81' title="bbox 1062 1075 1856 1110; baseline 0 -8"><span class='ocrx_word' id='word_1_626' title='bbox 1062 1080 1124 1102; x_wconf 88' lang='lat' dir='ltr'><strong>nate</strong></span> <span class='ocrx_word' id='word_1_627' title='bbox 1138 1076 1255 1110; x_wconf 88' lang='lat' dir='ltr'><strong>quotidie</strong></span> <span class='ocrx_word' id='word_1_628' title='bbox 1269 1075 1433 1110; x_wconf 87' lang='lat' dir='ltr'><strong>gradientem</strong></span> <span class='ocrx_word' id='word_1_629' title='bbox 1451 1084 1457 1101; x_wconf 90' lang='lat'>:</span> <span class='ocrx_word' id='word_1_630' title='bbox 1471 1075 1570 1101; x_wconf 78' lang='lat' dir='ltr'><strong>varium</strong></span> <span class='ocrx_word' id='word_1_631' title='bbox 1589 1075 1705 1103; x_wconf 90' lang='lat' dir='ltr'><strong>siderum</strong></span> <span class='ocrx_word' id='word_1_632' title='bbox 1721 1075 1835 1102; x_wconf 83' lang='lat' dir='ltr'><strong>chorum</strong></span> <span class='ocrx_word' id='word_1_633' title='bbox 1848 1096 1856 1107; x_wconf 90' lang='lat'><strong>,</strong></span> 
     </span>
    </p>
   </div>
   <div class='ocr_carea' id='block_1_82' title="bbox 1062 1120 1860 1156">
    <p class='ocr_par' dir='ltr' id='par_1_82' title="bbox 1062 1120 1860 1156">
     <span class='ocr_line' id='line_1_82' title="bbox 1062 1120 1860 1156; baseline -0.001 -8"><span class='ocrx_word' id='word_1_634' title='bbox 1062 1121 1107 1156; x_wconf 93' lang='lat' dir='ltr'><strong>qui</strong></span> <span class='ocrx_word' id='word_1_635' title='bbox 1121 1128 1197 1148; x_wconf 89' lang='lat' dir='ltr'><strong>suum</strong></span> <span class='ocrx_word' id='word_1_636' title='bbox 1212 1120 1333 1148; x_wconf 90' lang='lat' dir='ltr'><strong>ordinem</strong></span> <span class='ocrx_word' id='word_1_637' title='bbox 1348 1125 1437 1148; x_wconf 87' lang='lat' dir='ltr'><strong>servat</strong></span> <span class='ocrx_word' id='word_1_638' title='bbox 1447 1141 1454 1150; x_wconf 85' lang='lat'><strong><em>.</em></strong></span> <span class='ocrx_word' id='word_1_639' title='bbox 1467 1121 1536 1147; x_wconf 81' lang='lat' dir='ltr'><strong>lunae</strong></span> <span class='ocrx_word' id='word_1_640' title='bbox 1549 1128 1642 1148; x_wconf 91' lang='lat' dir='ltr'><strong>cursus</strong></span> <span class='ocrx_word' id='word_1_641' title='bbox 1656 1128 1801 1155; x_wconf 91' lang='lat' dir='ltr'><strong>numquam</strong></span> <span class='ocrx_word' id='word_1_642' title='bbox 1818 1121 1860 1148; x_wconf 90' lang='lat' dir='ltr'><strong>in-</strong></span> 
     </span>
    </p>
   </div>
   <div class='ocr_carea' id='block_1_83' title="bbox 1063 1165 1857 1200">
    <p class='ocr_par' dir='ltr' id='par_1_83' title="bbox 1063 1165 1857 1200">
     <span class='ocr_line' id='line_1_83' title="bbox 1063 1165 1857 1200; baseline 0 -7"><span class='ocrx_word' id='word_1_643' title='bbox 1063 1171 1213 1200; x_wconf 88' lang='lat' dir='ltr'><strong>terruptos,</strong></span> <span class='ocrx_word' id='word_1_644' title='bbox 1227 1165 1312 1193; x_wconf 82' lang='lat' dir='ltr'><strong>n‘octis</strong></span> <span class='ocrx_word' id='word_1_645' title='bbox 1331 1173 1363 1192; x_wconf 89' lang='lat' dir='ltr'><strong>ac</strong></span> <span class='ocrx_word' id='word_1_646' title='bbox 1386 1165 1438 1193; x_wconf 89' lang='lat' dir='ltr'><strong>diei</strong></span> <span class='ocrx_word' id='word_1_647' title='bbox 1460 1166 1658 1194; x_wconf 88' lang='lat' dir='ltr'><strong>successionem</strong></span> <span class='ocrx_word' id='word_1_648' title='bbox 1678 1172 1832 1193; x_wconf 87' lang='lat' dir='ltr'><strong>accuratam</strong></span> <span class='ocrx_word' id='word_1_649' title='bbox 1849 1176 1857 1198; x_wconf 81' lang='lat'><strong>;</strong></span> 
     </span>
    </p>
   </div>
   <div class='ocr_carea' id='block_1_84' title="bbox 1062 1211 1858 1246">
    <p class='ocr_par' dir='ltr' id='par_1_84' title="bbox 1062 1211 1858 1246">
     <span class='ocr_line' id='line_1_84' title="bbox 1062 1211 1858 1246; baseline 0.001 -8"><span class='ocrx_word' id='word_1_650' title='bbox 1062 1211 1150 1239; x_wconf 89' lang='lat' dir='ltr'><strong>omnia</strong></span> <span class='ocrx_word' id='word_1_651' title='bbox 1164 1218 1226 1238; x_wconf 92' lang='lat' dir='ltr'><strong>cum</strong></span> <span class='ocrx_word' id='word_1_652' title='bbox 1241 1219 1335 1245; x_wconf 89' lang='lat' dir='ltr'><strong>supera</strong></span> <span class='ocrx_word' id='word_1_653' title='bbox 1352 1216 1406 1238; x_wconf 94' lang='lat' dir='ltr'><strong>tum</strong></span> <span class='ocrx_word' id='word_1_654' title='bbox 1425 1211 1509 1238; x_wconf 89' lang='lat' dir='ltr'><strong>infera</strong></span> <span class='ocrx_word' id='word_1_655' title='bbox 1525 1216 1659 1246; x_wconf 87' lang='lat' dir='ltr'><strong>tamquam</strong></span> <span class='ocrx_word' id='word_1_656' title='bbox 1677 1212 1702 1238; x_wconf 92' lang='lat' dir='ltr'><strong>in</strong></span> <span class='ocrx_word' id='word_1_657' title='bbox 1723 1213 1858 1240; x_wconf 83' lang='lat' dir='ltr'><strong>concinam</strong></span> 
     </span>
    </p>
   </div>
   <div class='ocr_carea' id='block_1_85' title="bbox 1062 1257 1858 1293">
    <p class='ocr_par' dir='ltr' id='par_1_85' title="bbox 1062 1257 1858 1293">
     <span class='ocr_line' id='line_1_85' title="bbox 1062 1257 1858 1293; baseline 0.003 -9"><span class='ocrx_word' id='word_1_658' title='bbox 1062 1257 1173 1293; x_wconf 89' lang='lat' dir='ltr'><strong>quadam</strong></span> <span class='ocrx_word' id='word_1_659' title='bbox 1189 1257 1296 1291; x_wconf 84' lang='lat' dir='ltr'><strong>chorea,</strong></span> <span class='ocrx_word' id='word_1_660' title='bbox 1314 1258 1354 1284; x_wconf 89' lang='lat' dir='ltr'><strong>vel</strong></span> <span class='ocrx_word' id='word_1_661' title='bbox 1369 1258 1456 1292; x_wconf 88' lang='lat' dir='ltr'><strong>potius</strong></span> <span class='ocrx_word' id='word_1_662' title='bbox 1470 1259 1553 1285; x_wconf 85' lang='lat' dir='ltr'><strong>multo</strong></span> <span class='ocrx_word' id='word_1_663' title='bbox 1575 1259 1670 1286; x_wconf 92' lang='lat' dir='ltr'><strong>melius</strong></span> <span class='ocrx_word' id='word_1_664' title='bbox 1687 1264 1715 1286; x_wconf 89' lang='lat' dir='ltr'><strong>et</strong></span> <span class='ocrx_word' id='word_1_665' title='bbox 1735 1260 1858 1286; x_wconf 82' lang='lat' dir='ltr'><strong>exactius</strong></span> 
     </span>
    </p>
   </div>
   <div class='ocr_carea' id='block_1_86' title="bbox 1062 1304 1853 1339">
    <p class='ocr_par' dir='ltr' id='par_1_86' title="bbox 1062 1304 1853 1339">
     <span class='ocr_line' id='line_1_86' title="bbox 1062 1304 1853 1339; baseline 0.003 -9"><span class='ocrx_word' id='word_1_666' title='bbox 1062 1304 1164 1338; x_wconf 86' lang='lat' dir='ltr'><strong>singula</strong></span> <span class='ocrx_word' id='word_1_667' title='bbox 1181 1311 1259 1331; x_wconf 88' lang='lat' dir='ltr'><strong>suum</strong></span> <span class='ocrx_word' id='word_1_668' title='bbox 1279 1304 1364 1331; x_wconf 87' lang='lat' dir='ltr'><strong>loctttn</strong></span> <span class='ocrx_word' id='word_1_669' title='bbox 1389 1311 1497 1331; x_wconf 87' lang='lat' dir='ltr'><strong>servare</strong></span> <span class='ocrx_word' id='word_1_670' title='bbox 1509 1325 1516 1336; x_wconf 87' lang='lat'><strong>,</strong></span> <span class='ocrx_word' id='word_1_671' title='bbox 1537 1312 1623 1339; x_wconf 90' lang='lat' dir='ltr'><strong>neque</strong></span> <span class='ocrx_word' id='word_1_672' title='bbox 1636 1311 1713 1332; x_wconf 92' lang='lat' dir='ltr'><strong>suum</strong></span> <span class='ocrx_word' id='word_1_673' title='bbox 1727 1306 1853 1332; x_wconf 89' lang='lat' dir='ltr'><strong>ordinem</strong></span> 
     </span>
    </p>
   </div>
   <div class='ocr_carea' id='block_1_87' title="bbox 1062 1349 1782 1385">
    <p class='ocr_par' dir='ltr' id='par_1_87' title="bbox 1062 1349 1782 1385">
     <span class='ocr_line' id='line_1_87' title="bbox 1062 1349 1782 1385; baseline 0.004 -10"><span class='ocrx_word' id='word_1_674' title='bbox 1062 1349 1315 1384; x_wconf 57' lang='lat' dir='ltr'><strong>transgredi,,quem</strong></span> <span class='ocrx_word' id='word_1_675' title='bbox 1327 1349 1377 1376; x_wconf 91' lang='lat' dir='ltr'><strong>illis</strong></span> <span class='ocrx_word' id='word_1_676' title='bbox 1387 1349 1457 1376; x_wconf 89' lang='lat' dir='ltr'><strong>Deus</strong></span> <span class='ocrx_word' id='word_1_677' title='bbox 1471 1350 1504 1377; x_wconf 82' lang='lat' dir='ltr'><strong>ab</strong></span> <span class='ocrx_word' id='word_1_678' title='bbox 1519 1350 1594 1377; x_wconf 89' lang='lat' dir='ltr'><strong>initio</strong></span> <span class='ocrx_word' id='word_1_679' title='bbox 1609 1351 1782 1385; x_wconf 77' lang='lat' dir='ltr'><strong>praescripsit.</strong></span> 
     </span>
    </p>
   </div>
   <div class='ocr_carea' id='block_1_88' title="bbox 1098 1395 1857 1432">
    <p class='ocr_par' dir='ltr' id='par_1_88' title="bbox 1098 1395 1857 1432">
     <span class='ocr_line' id='line_1_88' title="bbox 1098 1395 1857 1432; baseline 0.003 -11"><span class='ocrx_word' id='word_1_680' title='bbox 1098 1395 1124 1421; x_wconf 88' lang='lat'><strong>7.</strong></span> <span class='ocrx_word' id='word_1_681' title='bbox 1139 1395 1179 1421; x_wconf 84' lang='grc' dir='ltr'><em>Αη</em></span> <span class='ocrx_word' id='word_1_682' title='bbox 1193 1395 1225 1421; x_wconf 76' lang='lat' dir='ltr'><strong>sit</strong></span> <span class='ocrx_word' id='word_1_683' title='bbox 1240 1395 1265 1421; x_wconf 83' lang='lat' dir='ltr'><strong>in</strong></span> <span class='ocrx_word' id='word_1_684' title='bbox 1278 1395 1351 1422; x_wconf 72' lang='lat' dir='ltr'><strong>rcbua</strong></span> <span class='ocrx_word' id='word_1_685' title='bbox 1365 1395 1484 1422; x_wconf 70' lang='lat' dir='ltr'><strong>Immanis</strong></span> <span class='ocrx_word' id='word_1_686' title='bbox 1498 1396 1716 1430; x_wconf 58' lang='lat' dir='ltr'><strong>conﬁnia—Sed</strong></span> <span class='ocrx_word' id='word_1_687' title='bbox 1730 1396 1794 1432; x_wconf 84' lang='lat' dir='ltr'><strong>quid</strong></span> <span class='ocrx_word' id='word_1_688' title='bbox 1806 1397 1857 1423; x_wconf 86' lang='lat' dir='ltr'><strong>ista</strong></span> 
     </span>
    </p>
   </div>
   <div class='ocr_carea' id='block_1_89' title="bbox 1062 1440 1858 1478">
    <p class='ocr_par' dir='ltr' id='par_1_89' title="bbox 1062 1440 1858 1478">
     <span class='ocr_line' id='line_1_89' title="bbox 1062 1440 1858 1478; baseline 0.004 -11"><span class='ocrx_word' id='word_1_689' title='bbox 1062 1446 1172 1475; x_wconf 86' lang='lat' dir='ltr'><strong>prosunt</strong></span> <span class='ocrx_word' id='word_1_690' title='bbox 1184 1461 1190 1472; x_wconf 89' lang='lat'><strong>,</strong></span> <span class='ocrx_word' id='word_1_691' title='bbox 1202 1440 1272 1468; x_wconf 89' lang='lat' dir='ltr'><strong>dicet</strong></span> <span class='ocrx_word' id='word_1_692' title='bbox 1285 1441 1380 1475; x_wconf 88' lang='lat' dir='ltr'><strong>aliquis</strong></span> <span class='ocrx_word' id='word_1_693' title='bbox 1392 1462 1400 1474; x_wconf 89' lang='lat'><strong>,</strong></span> <span class='ocrx_word' id='word_1_694' title='bbox 1420 1442 1490 1476; x_wconf 92' lang='lat' dir='ltr'><strong>quod</strong></span> <span class='ocrx_word' id='word_1_695' title='bbox 1505 1443 1599 1469; x_wconf 82' lang='lat' dir='ltr'><strong>caelum</strong></span> <span class='ocrx_word' id='word_1_696' title='bbox 1612 1443 1721 1478; x_wconf 90' lang='lat' dir='ltr'><strong>quidem</strong></span> <span class='ocrx_word' id='word_1_697' title='bbox 1737 1448 1765 1470; x_wconf 91' lang='lat' dir='ltr'><strong>ct</strong></span> <span class='ocrx_word' id='word_1_698' title='bbox 1777 1443 1818 1470; x_wconf 90' lang='grc'><strong>501</strong></span> <span class='ocrx_word' id='word_1_699' title='bbox 1829 1449 1858 1470; x_wconf 83' lang='lat' dir='ltr'><strong>ct.</strong></span> 
     </span>
    </p>
   </div>
   <div class='ocr_carea' id='block_1_90' title="bbox 1063 1487 1857 1522">
    <p class='ocr_par' dir='ltr' id='par_1_90' title="bbox 1063 1487 1857 1522">
     <span class='ocr_line' id='line_1_90' title="bbox 1063 1487 1857 1522; baseline 0.003 -8"><span class='ocrx_word' id='word_1_700' title='bbox 1063 1487 1134 1518; x_wconf 86' lang='lat' dir='ltr'><strong>luna,</strong></span> <span class='ocrx_word' id='word_1_701' title='bbox 1146 1492 1174 1515; x_wconf 89' lang='lat' dir='ltr'><strong>et</strong></span> <span class='ocrx_word' id='word_1_702' title='bbox 1186 1492 1271 1515; x_wconf 70' lang='lat' dir='ltr'><strong>cretus</strong></span> <span class='ocrx_word' id='word_1_703' title='bbox 1282 1492 1416 1515; x_wconf 86' lang='lat' dir='ltr'><strong>astrorum</strong></span> <span class='ocrx_word' id='word_1_704' title='bbox 1425 1509 1432 1522; x_wconf 90' lang='lat'><strong>,</strong></span> <span class='ocrx_word' id='word_1_705' title='bbox 1445 1493 1472 1515; x_wconf 90' lang='lat' dir='ltr'><strong>et</strong></span> <span class='ocrx_word' id='word_1_706' title='bbox 1483 1488 1534 1515; x_wconf 90' lang='lat' dir='ltr'><strong>alia</strong></span> <span class='ocrx_word' id='word_1_707' title='bbox 1548 1493 1643 1516; x_wconf 90' lang='lat' dir='ltr'><strong>cuncta</strong></span> <span class='ocrx_word' id='word_1_708' title='bbox 1656 1489 1770 1516; x_wconf 90' lang='lat' dir='ltr'><strong>multum</strong></span> <span class='ocrx_word' id='word_1_709' title='bbox 1783 1490 1857 1517; x_wconf 85' lang='lat' dir='ltr'><strong>ordi-</strong></span> 
     </span>
    </p>
   </div>
   <div class='ocr_carea' id='block_1_91' title="bbox 1062 1534 1857 1569">
    <p class='ocr_par' dir='ltr' id='par_1_91' title="bbox 1062 1534 1857 1569">
     <span class='ocr_line' id='line_1_91' title="bbox 1062 1534 1857 1569; baseline 0.001 -8"><span class='ocrx_word' id='word_1_710' title='bbox 1062 1542 1122 1561; x_wconf 90' lang='lat' dir='ltr'><strong>nem</strong></span> <span class='ocrx_word' id='word_1_711' title='bbox 1136 1542 1190 1569; x_wconf 87' lang='lat' dir='ltr'><strong>prae</strong></span> <span class='ocrx_word' id='word_1_712' title='bbox 1206 1542 1237 1562; x_wconf 87' lang='lat' dir='ltr'><strong>se</strong></span> <span class='ocrx_word' id='word_1_713' title='bbox 1252 1534 1349 1567; x_wconf 86' lang='lat' dir='ltr'><strong>ferant,</strong></span> <span class='ocrx_word' id='word_1_714' title='bbox 1367 1542 1410 1561; x_wconf 92' lang='lat' dir='ltr'><strong>res</strong></span> <span class='ocrx_word' id='word_1_715' title='bbox 1422 1539 1512 1562; x_wconf 89' lang='lat' dir='ltr'><strong>autem</strong></span> <span class='ocrx_word' id='word_1_716' title='bbox 1526 1540 1624 1562; x_wconf 79' lang='lat' dir='ltr'><strong>nostrae</strong></span> <span class='ocrx_word' id='word_1_717' title='bbox 1643 1535 1809 1563; x_wconf 89' lang='lat' dir='ltr'><strong>confusionis</strong></span> <span class='ocrx_word' id='word_1_718' title='bbox 1824 1544 1857 1563; x_wconf 87' lang='lat' dir='ltr'><strong>ac</strong></span> 
     </span>
    </p>
   </div>
   <div class='ocr_carea' id='block_1_92' title="bbox 1049 1579 1853 1615">
    <p class='ocr_par' dir='ltr' id='par_1_92' title="bbox 1049 1579 1853 1615">
     <span class='ocr_line' id='line_1_92' title="bbox 1049 1579 1853 1615; baseline 0.002 -9"><span class='ocrx_word' id='word_1_719' title='bbox 1049 1583 1050 1586; x_wconf 82' lang='lat'>‘</span> <span class='ocrx_word' id='word_1_720' title='bbox 1062 1579 1267 1614; x_wconf 83' lang='lat' dir='ltr'><strong>perturbationis</strong></span> <span class='ocrx_word' id='word_1_721' title='bbox 1280 1582 1334 1607; x_wconf 89' lang='lat' dir='ltr'><strong>sint</strong></span> <span class='ocrx_word' id='word_1_722' title='bbox 1348 1580 1446 1614; x_wconf 82' lang='lat' dir='ltr'><strong>plenae?</strong></span> <span class='ocrx_word' id='word_1_723' title='bbox 1454 1579 1534 1615; x_wconf 86' lang='lat' dir='ltr'><strong>Cujus</strong></span> <span class='ocrx_word' id='word_1_724' title='bbox 1551 1580 1657 1607; x_wconf 87' lang='lat' dir='ltr'><strong>tandem</strong></span> <span class='ocrx_word' id='word_1_725' title='bbox 1675 1580 1853 1612; x_wconf 81' lang='lat' dir='ltr'><strong>confusionis,</strong></span> 
     </span>
    </p>
   </div>
   <div class='ocr_carea' id='block_1_93' title="bbox 1062 1625 1855 1661">
    <p class='ocr_par' dir='ltr' id='par_1_93' title="bbox 1062 1625 1855 1661">
     <span class='ocr_line' id='line_1_93' title="bbox 1062 1625 1855 1661; baseline 0 -9"><span class='ocrx_word' id='word_1_726' title='bbox 1062 1626 1097 1652; x_wconf 92' lang='lat' dir='ltr'><strong>mi</strong></span> <span class='ocrx_word' id='word_1_727' title='bbox 1114 1625 1209 1657; x_wconf 94' lang='lat' dir='ltr'><strong>homo,</strong></span> <span class='ocrx_word' id='word_1_728' title='bbox 1225 1629 1271 1652; x_wconf 88' lang='lat' dir='ltr'><strong>aut</strong></span> <span class='ocrx_word' id='word_1_729' title='bbox 1284 1625 1513 1660; x_wconf 85' lang='lat' dir='ltr'><strong>perturbationis?</strong></span> <span class='ocrx_word' id='word_1_730' title='bbox 1527 1625 1571 1652; x_wconf 90' lang='grc'><strong>11111</strong></span> <span class='ocrx_word' id='word_1_731' title='bbox 1584 1626 1658 1653; x_wconf 89' lang='lat' dir='ltr'><strong>dives</strong></span> <span class='ocrx_word' id='word_1_732' title='bbox 1673 1630 1731 1659; x_wconf 82' lang='lat' dir='ltr'><strong>est,</strong></span> <span class='ocrx_word' id='word_1_733' title='bbox 1747 1627 1832 1661; x_wconf 89' lang='lat' dir='ltr'><strong>inquit</strong></span> <span class='ocrx_word' id='word_1_734' title='bbox 1847 1647 1855 1659; x_wconf 89' lang='lat'><strong>,</strong></span> 
     </span>
    </p>
   </div>
   <div class='ocr_carea' id='block_1_94' title="bbox 1061 1670 1857 1706">
    <p class='ocr_par' dir='ltr' id='par_1_94' title="bbox 1061 1670 1857 1706">
     <span class='ocr_line' id='line_1_94' title="bbox 1061 1670 1857 1706; baseline 0 -8"><span class='ocrx_word' id='word_1_735' title='bbox 1061 1676 1088 1698; x_wconf 91' lang='lat' dir='ltr'><strong>et</strong></span> <span class='ocrx_word' id='word_1_736' title='bbox 1101 1671 1153 1698; x_wconf 92' lang='lat' dir='ltr'><strong>vim</strong></span> <span class='ocrx_word' id='word_1_737' title='bbox 1166 1671 1237 1702; x_wconf 85' lang='lat' dir='ltr'><strong>facit,</strong></span> <span class='ocrx_word' id='word_1_738' title='bbox 1247 1671 1316 1705; x_wconf 86' lang='lat' dir='ltr'><strong>rapit</strong></span> <span class='ocrx_word' id='word_1_739' title='bbox 1330 1676 1357 1698; x_wconf 86' lang='lat' dir='ltr'><strong>et</strong></span> <span class='ocrx_word' id='word_1_740' title='bbox 1371 1670 1483 1704; x_wconf 86' lang='lat' dir='ltr'><strong>fraudat,</strong></span> <span class='ocrx_word' id='word_1_741' title='bbox 1496 1678 1640 1706; x_wconf 89' lang='lat' dir='ltr'><strong>pauperum</strong></span> <span class='ocrx_word' id='word_1_742' title='bbox 1656 1671 1796 1699; x_wconf 85' lang='lat' dir='ltr'><strong>facultates</strong></span> <span class='ocrx_word' id='word_1_743' title='bbox 1807 1673 1857 1698; x_wconf 86' lang='lat' dir='ltr'><strong>ah-</strong></span> 
     </span>
    </p>
   </div>
   <div class='ocr_carea' id='block_1_95' title="bbox 1062 1717 1855 1752">
    <p class='ocr_par' dir='ltr' id='par_1_95' title="bbox 1062 1717 1855 1752">
     <span class='ocr_line' id='line_1_95' title="bbox 1062 1717 1855 1752; baseline 0 -8"><span class='ocrx_word' id='word_1_744' title='bbox 1062 1718 1142 1744; x_wconf 86' lang='lat' dir='ltr'><strong>sumit</strong></span> <span class='ocrx_word' id='word_1_745' title='bbox 1156 1717 1288 1752; x_wconf 89' lang='lat' dir='ltr'><strong>quotidie,</strong></span> <span class='ocrx_word' id='word_1_746' title='bbox 1302 1725 1388 1752; x_wconf 89' lang='lat' dir='ltr'><strong>neque</strong></span> <span class='ocrx_word' id='word_1_747' title='bbox 1401 1717 1545 1752; x_wconf 87' lang='lat' dir='ltr'><strong>quidquam</strong></span> <span class='ocrx_word' id='word_1_748' title='bbox 1558 1717 1596 1744; x_wconf 92' lang='lat' dir='ltr'><strong>illi</strong></span> <span class='ocrx_word' id='word_1_749' title='bbox 1611 1718 1671 1744; x_wconf 91' lang='lat' dir='ltr'><strong>mali</strong></span> <span class='ocrx_word' id='word_1_750' title='bbox 1684 1717 1796 1749; x_wconf 69' lang='lat' dir='ltr'><strong>accidit;</strong></span> <span class='ocrx_word' id='word_1_751' title='bbox 1813 1718 1855 1744; x_wconf 87' lang='lat' dir='ltr'><strong>ai-</strong></span> 
     </span>
    </p>
   </div>
   <div class='ocr_carea' id='block_1_96' title="bbox 1062 1763 1856 1797">
    <p class='ocr_par' dir='ltr' id='par_1_96' title="bbox 1062 1763 1856 1797">
     <span class='ocr_line' id='line_1_96' title="bbox 1062 1763 1856 1797; baseline 0 -7"><span class='ocrx_word' id='word_1_752' title='bbox 1062 1767 1102 1790; x_wconf 86' lang='lat' dir='ltr'><strong>ter</strong></span> <span class='ocrx_word' id='word_1_753' title='bbox 1115 1763 1236 1790; x_wconf 83' lang='lat' dir='ltr'><strong>modeste</strong></span> <span class='ocrx_word' id='word_1_754' title='bbox 1250 1763 1322 1796; x_wconf 87' lang='lat' dir='ltr'><strong>vivit,</strong></span> <span class='ocrx_word' id='word_1_755' title='bbox 1340 1764 1540 1797; x_wconf 82' lang='lat' dir='ltr'><strong>temperantiam</strong></span> <span class='ocrx_word' id='word_1_756' title='bbox 1556 1767 1582 1790; x_wconf 89' lang='lat' dir='ltr'><strong>et</strong></span> <span class='ocrx_word' id='word_1_757' title='bbox 1593 1763 1722 1797; x_wconf 88' lang='lat' dir='ltr'><strong>justitiam</strong></span> <span class='ocrx_word' id='word_1_758' title='bbox 1736 1768 1856 1795; x_wconf 85' lang='lat' dir='ltr'><strong>exercet,</strong></span> 
     </span>
    </p>
   </div>
   <div class='ocr_carea' id='block_1_97' title="bbox 1062 1809 1858 1845">
    <p class='ocr_par' dir='ltr' id='par_1_97' title="bbox 1062 1809 1858 1845">
     <span class='ocr_line' id='line_1_97' title="bbox 1062 1809 1858 1845; baseline 0.003 -10"><span class='ocrx_word' id='word_1_759' title='bbox 1062 1816 1093 1836; x_wconf 91' lang='lat' dir='ltr'><strong>ac</strong></span> <span class='ocrx_word' id='word_1_760' title='bbox 1106 1810 1209 1837; x_wconf 76' lang='lat' dir='ltr'><strong>caeteris</strong></span> <span class='ocrx_word' id='word_1_761' title='bbox 1220 1809 1297 1836; x_wconf 91' lang='lat' dir='ltr'><strong>bonis</strong></span> <span class='ocrx_word' id='word_1_762' title='bbox 1310 1814 1420 1837; x_wconf 89' lang='lat' dir='ltr'><strong>ornatus</strong></span> <span class='ocrx_word' id='word_1_763' title='bbox 1433 1814 1483 1841; x_wconf 86' lang='lat' dir='ltr'><strong>est,</strong></span> <span class='ocrx_word' id='word_1_764' title='bbox 1498 1814 1524 1837; x_wconf 94' lang='lat' dir='ltr'><strong>et</strong></span> <span class='ocrx_word' id='word_1_765' title='bbox 1534 1815 1700 1845; x_wconf 88' lang='lat' dir='ltr'><strong>paupertate,</strong></span> <span class='ocrx_word' id='word_1_766' title='bbox 1716 1810 1817 1837; x_wconf 90' lang='lat' dir='ltr'><strong>morbis</strong></span> <span class='ocrx_word' id='word_1_767' title='bbox 1829 1815 1858 1837; x_wconf 90' lang='lat' dir='ltr'><strong>et</strong></span> 
     </span>
    </p>
   </div>
   <div class='ocr_carea' id='block_1_98' title="bbox 1062 1855 1855 1891">
    <p class='ocr_par' dir='ltr' id='par_1_98' title="bbox 1062 1855 1855 1891">
     <span class='ocr_line' id='line_1_98' title="bbox 1062 1855 1855 1891; baseline 0.001 -9"><span class='ocrx_word' id='word_1_768' title='bbox 1062 1856 1188 1883; x_wconf 88' lang='lat' dir='ltr'><strong>extremis</strong></span> <span class='ocrx_word' id='word_1_769' title='bbox 1201 1856 1279 1883; x_wconf 88' lang='lat' dir='ltr'><strong>malis</strong></span> <span class='ocrx_word' id='word_1_770' title='bbox 1294 1855 1429 1891; x_wconf 79' lang='lat' dir='ltr'><strong>affligitur.</strong></span> <span class='ocrx_word' id='word_1_771' title='bbox 1447 1856 1568 1883; x_wconf 80' lang='lat' dir='ltr'><strong>Haeccine</strong></span> <span class='ocrx_word' id='word_1_772' title='bbox 1581 1860 1644 1883; x_wconf 88' lang='lat' dir='ltr'><strong>sunt</strong></span> <span class='ocrx_word' id='word_1_773' title='bbox 1657 1863 1720 1890; x_wconf 78' lang='lat' dir='ltr'><strong>ergo</strong></span> <span class='ocrx_word' id='word_1_774' title='bbox 1731 1877 1737 1887; x_wconf 85' lang='lat'><strong>,</strong></span> <span class='ocrx_word' id='word_1_775' title='bbox 1754 1864 1814 1891; x_wconf 80' lang='lat' dir='ltr'><strong>quae</strong></span> <span class='ocrx_word' id='word_1_776' title='bbox 1827 1861 1855 1883; x_wconf 86' lang='lat' dir='ltr'><strong>te</strong></span> 
     </span>
    </p>
   </div>
   <div class='ocr_carea' id='block_1_99' title="bbox 1062 1901 1856 1936">
    <p class='ocr_par' dir='ltr' id='par_1_99' title="bbox 1062 1901 1856 1936">
     <span class='ocr_line' id='line_1_99' title="bbox 1062 1901 1856 1936; baseline -0.001 -8"><span class='ocrx_word' id='word_1_777' title='bbox 1062 1901 1264 1928; x_wconf 84' lang='lat' dir='ltr'><strong>scandalizant?</strong></span> <span class='ocrx_word' id='word_1_778' title='bbox 1299 1901 1363 1929; x_wconf 75' lang='lat' dir='ltr'><strong>Haec</strong></span> <span class='ocrx_word' id='word_1_779' title='bbox 1395 1906 1476 1934; x_wconf 84' lang='lat' dir='ltr'><strong>sunt,</strong></span> <span class='ocrx_word' id='word_1_780' title='bbox 1496 1901 1590 1936; x_wconf 86' lang='lat' dir='ltr'><strong>inquit.</strong></span> <span class='ocrx_word' id='word_1_781' title='bbox 1628 1901 1656 1928; x_wconf 89' lang='lat' dir='ltr'><strong>Si</strong></span> <span class='ocrx_word' id='word_1_782' title='bbox 1687 1909 1751 1936; x_wconf 85' lang='lat' dir='ltr'><strong>ergo</strong></span> <span class='ocrx_word' id='word_1_783' title='bbox 1781 1901 1856 1927; x_wconf 92' lang='lat' dir='ltr'><strong>mul-</strong></span> 
     </span>
    </p>
   </div>
   <div class='ocr_carea' id='block_1_100' title="bbox 1064 1948 1855 1983">
    <p class='ocr_par' dir='ltr' id='par_1_100' title="bbox 1064 1948 1855 1983">
     <span class='ocr_line' id='line_1_100' title="bbox 1064 1948 1855 1983; baseline 0 -9"><span class='ocrx_word' id='word_1_784' title='bbox 1064 1952 1104 1974; x_wconf 84' lang='lat' dir='ltr'><strong>tos</strong></span> <span class='ocrx_word' id='word_1_785' title='bbox 1121 1956 1154 1975; x_wconf 87' lang='lat' dir='ltr'><strong>ex</strong></span> <span class='ocrx_word' id='word_1_786' title='bbox 1170 1948 1211 1980; x_wconf 83' lang='lat' dir='ltr'><strong>iis,</strong></span> <span class='ocrx_word' id='word_1_787' title='bbox 1236 1948 1281 1983; x_wconf 93' lang='lat' dir='ltr'><strong>qui</strong></span> <span class='ocrx_word' id='word_1_788' title='bbox 1304 1948 1431 1983; x_wconf 86' lang='lat' dir='ltr'><strong>rapiunt,</strong></span> <span class='ocrx_word' id='word_1_789' title='bbox 1459 1948 1538 1983; x_wconf 76' lang='lat' dir='ltr'><strong>alliigi</strong></span> <span class='ocrx_word' id='word_1_790' title='bbox 1563 1948 1652 1975; x_wconf 82' lang='lat' dir='ltr'><strong>videas</strong></span> <span class='ocrx_word' id='word_1_791' title='bbox 1668 1969 1675 1980; x_wconf 87' lang='lat'><strong>,</strong></span> <span class='ocrx_word' id='word_1_792' title='bbox 1701 1953 1728 1975; x_wconf 88' lang='lat' dir='ltr'><strong>et</strong></span> <span class='ocrx_word' id='word_1_793' title='bbox 1750 1956 1783 1975; x_wconf 84' lang='lat' dir='ltr'><strong>cx</strong></span> <span class='ocrx_word' id='word_1_794' title='bbox 1799 1948 1830 1974; x_wconf 90' lang='lat' dir='ltr'><strong>iis</strong></span> <span class='ocrx_word' id='word_1_795' title='bbox 1847 1969 1855 1979; x_wconf 93' lang='lat'><strong>,</strong></span> 
     </span>
    </p>
   </div>
   <div class='ocr_carea' id='block_1_101' title="bbox 1063 1993 1856 2028">
    <p class='ocr_par' dir='ltr' id='par_1_101' title="bbox 1063 1993 1856 2028">
     <span class='ocr_line' id='line_1_101' title="bbox 1063 1993 1856 2028; baseline -0.001 -7"><span class='ocrx_word' id='word_1_796' title='bbox 1063 1994 1107 2027; x_wconf 81' lang='lat' dir='ltr'><strong>qui</strong></span> <span class='ocrx_word' id='word_1_797' title='bbox 1143 1994 1238 2021; x_wconf 83' lang='lat' dir='ltr'><strong>virtute</strong></span> <span class='ocrx_word' id='word_1_798' title='bbox 1266 1994 1368 2028; x_wconf 78' lang='lat' dir='ltr'><strong>praediti</strong></span> <span class='ocrx_word' id='word_1_799' title='bbox 1394 1994 1504 2026; x_wconf 87' lang='lat' dir='ltr'><strong>vivunt,</strong></span> <span class='ocrx_word' id='word_1_800' title='bbox 1529 1993 1686 2025; x_wconf 88' lang='lat' dir='ltr'><strong>nonnullos,</strong></span> <span class='ocrx_word' id='word_1_801' title='bbox 1702 1994 1745 2020; x_wconf 90' lang='lat' dir='ltr'><strong>vel</strong></span> <span class='ocrx_word' id='word_1_802' title='bbox 1773 1994 1856 2020; x_wconf 85' lang='lat' dir='ltr'><strong>etiam</strong></span> 
     </span>
    </p>
   </div>
   <div class='ocr_carea' id='block_1_102' title="bbox 1063 2039 1859 2072">
    <p class='ocr_par' dir='ltr' id='par_1_102' title="bbox 1063 2039 1859 2072">
     <span class='ocr_line' id='line_1_102' title="bbox 1063 2039 1859 2072; baseline 0 -6"><span class='ocrx_word' id='word_1_803' title='bbox 1063 2040 1219 2068; x_wconf 89' lang='lat' dir='ltr'><strong>innumeros</strong></span> <span class='ocrx_word' id='word_1_804' title='bbox 1233 2040 1307 2067; x_wconf 92' lang='lat' dir='ltr'><strong>bonis</strong></span> <span class='ocrx_word' id='word_1_805' title='bbox 1320 2040 1471 2072; x_wconf 86' lang='lat' dir='ltr'><strong>abundare,</strong></span> <span class='ocrx_word' id='word_1_806' title='bbox 1485 2047 1533 2066; x_wconf 90' lang='lat' dir='ltr'><strong>cur</strong></span> <span class='ocrx_word' id='word_1_807' title='bbox 1546 2047 1597 2066; x_wconf 94' lang='lat' dir='ltr'><strong>non</strong></span> <span class='ocrx_word' id='word_1_808' title='bbox 1614 2040 1773 2066; x_wconf 89' lang='lat' dir='ltr'><strong>sententiam</strong></span> <span class='ocrx_word' id='word_1_809' title='bbox 1789 2039 1859 2066; x_wconf 92' lang='lat' dir='ltr'><strong>hanc</strong></span> 
     </span>
    </p>
   </div>
   <div class='ocr_carea' id='block_1_103' title="bbox 1062 2085 1859 2120">
    <p class='ocr_par' dir='ltr' id='par_1_103' title="bbox 1062 2085 1859 2120">
     <span class='ocr_line' id='line_1_103' title="bbox 1062 2085 1859 2120; baseline -0.003 -7"><span class='ocrx_word' id='word_1_810' title='bbox 1062 2085 1183 2120; x_wconf 89' lang='lat' dir='ltr'><strong>deponis,</strong></span> <span class='ocrx_word' id='word_1_811' title='bbox 1202 2093 1287 2120; x_wconf 87' lang='lat' dir='ltr'><strong>neque</strong></span> <span class='ocrx_word' id='word_1_812' title='bbox 1302 2085 1444 2112; x_wconf 90' lang='lat' dir='ltr'><strong>Dominum</strong></span> <span class='ocrx_word' id='word_1_813' title='bbox 1458 2085 1570 2113; x_wconf 79' lang='lat' dir='ltr'><strong>laudas?</strong></span> <span class='ocrx_word' id='word_1_814' title='bbox 1585 2085 1652 2119; x_wconf 82' lang='lat' dir='ltr'><strong>Quia</strong></span> <span class='ocrx_word' id='word_1_815' title='bbox 1665 2085 1790 2112; x_wconf 91' lang='lat' dir='ltr'><strong>nimirum</strong></span> <span class='ocrx_word' id='word_1_816' title='bbox 1807 2085 1859 2112; x_wconf 90' lang='lat' dir='ltr'><strong>hoc</strong></span> 
     </span>
    </p>
   </div>
   <div class='ocr_carea' id='block_1_104' title="bbox 1063 2131 1857 2167">
    <p class='ocr_par' dir='ltr' id='par_1_104' title="bbox 1063 2131 1857 2167">
     <span class='ocr_line' id='line_1_104' title="bbox 1063 2131 1857 2167; baseline -0.003 -8"><span class='ocrx_word' id='word_1_817' title='bbox 1063 2132 1149 2167; x_wconf 88' lang='lat' dir='ltr'><strong>ipsttm</strong></span> <span class='ocrx_word' id='word_1_818' title='bbox 1163 2138 1222 2165; x_wconf 87' lang='lat' dir='ltr'><strong>est,</strong></span> <span class='ocrx_word' id='word_1_819' title='bbox 1233 2132 1303 2167; x_wconf 89' lang='lat' dir='ltr'><strong>quod</strong></span> <span class='ocrx_word' id='word_1_820' title='bbox 1320 2140 1361 2159; x_wconf 88' lang='lat' dir='ltr'><strong>me</strong></span> <span class='ocrx_word' id='word_1_821' title='bbox 1375 2132 1488 2166; x_wconf 88' lang='lat' dir='ltr'><strong>amplius</strong></span> <span class='ocrx_word' id='word_1_822' title='bbox 1502 2131 1673 2159; x_wconf 88' lang='lat' dir='ltr'><strong>scandalizat.</strong></span> <span class='ocrx_word' id='word_1_823' title='bbox 1691 2131 1745 2159; x_wconf 84' lang='lat' dir='ltr'><strong>Cur</strong></span> <span class='ocrx_word' id='word_1_824' title='bbox 1760 2131 1831 2158; x_wconf 89' lang='lat' dir='ltr'><strong>enim</strong></span> <span class='ocrx_word' id='word_1_825' title='bbox 1849 2152 1857 2162; x_wconf 86' lang='lat'><strong>,</strong></span> 
     </span>
    </p>
   </div>
   <div class='ocr_carea' id='block_1_105' title="bbox 1064 2177 1860 2212">
    <p class='ocr_par' dir='ltr' id='par_1_105' title="bbox 1064 2177 1860 2212">
     <span class='ocr_line' id='line_1_105' title="bbox 1064 2177 1860 2212; baseline -0.001 -7"><span class='ocrx_word' id='word_1_826' title='bbox 1064 2186 1124 2206; x_wconf 91' lang='lat' dir='ltr'><strong>cum</strong></span> <span class='ocrx_word' id='word_1_827' title='bbox 1139 2178 1192 2205; x_wconf 93' lang='lat' dir='ltr'><strong>duo</strong></span> <span class='ocrx_word' id='word_1_828' title='bbox 1204 2179 1257 2205; x_wconf 90' lang='lat' dir='ltr'><strong>sint</strong></span> <span class='ocrx_word' id='word_1_829' title='bbox 1278 2178 1400 2212; x_wconf 89' lang='lat' dir='ltr'><strong>improbi,</strong></span> <span class='ocrx_word' id='word_1_830' title='bbox 1415 2185 1483 2205; x_wconf 93' lang='lat' dir='ltr'><strong>unus</strong></span> <span class='ocrx_word' id='word_1_831' title='bbox 1496 2177 1605 2212; x_wconf 89' lang='lat' dir='ltr'><strong>punitur</strong></span> <span class='ocrx_word' id='word_1_832' title='bbox 1615 2198 1622 2210; x_wconf 85' lang='lat'><strong>,</strong></span> <span class='ocrx_word' id='word_1_833' title='bbox 1637 2181 1664 2205; x_wconf 89' lang='lat' dir='ltr'><strong>et</strong></span> <span class='ocrx_word' id='word_1_834' title='bbox 1679 2177 1748 2204; x_wconf 88' lang='lat' dir='ltr'><strong>alter</strong></span> <span class='ocrx_word' id='word_1_835' title='bbox 1759 2178 1860 2204; x_wconf 88' lang='lat' dir='ltr'><strong>evitato</strong></span> 
     </span>
    </p>
   </div>
   <div class='ocr_carea' id='block_1_106' title="bbox 1063 2222 1862 2261">
    <p class='ocr_par' dir='ltr' id='par_1_106' title="bbox 1063 2222 1862 2261">
     <span class='ocr_line' id='line_1_106' title="bbox 1063 2222 1862 2261; baseline -0.006 -8"><span class='ocrx_word' id='word_1_836' title='bbox 1063 2226 1194 2261; x_wconf 82' lang='lat' dir='ltr'><strong>supplicio</strong></span> <span class='ocrx_word' id='word_1_837' title='bbox 1204 2224 1327 2256; x_wconf 70' lang='lat' dir='ltr'><strong>discedit,</strong></span> <span class='ocrx_word' id='word_1_838' title='bbox 1342 2229 1370 2251; x_wconf 91' lang='lat' dir='ltr'><strong>et</strong></span> <span class='ocrx_word' id='word_1_839' title='bbox 1384 2231 1445 2251; x_wconf 93' lang='lat' dir='ltr'><strong>cum</strong></span> <span class='ocrx_word' id='word_1_840' title='bbox 1459 2223 1512 2250; x_wconf 89' lang='lat' dir='ltr'><strong>duo</strong></span> <span class='ocrx_word' id='word_1_841' title='bbox 1524 2224 1577 2250; x_wconf 92' lang='lat' dir='ltr'><strong>sint</strong></span> <span class='ocrx_word' id='word_1_842' title='bbox 1591 2223 1652 2250; x_wconf 80' lang='lat' dir='ltr'><strong>horti</strong></span> <span class='ocrx_word' id='word_1_843' title='bbox 1664 2243 1672 2256; x_wconf 91' lang='lat'><strong>,</strong></span> <span class='ocrx_word' id='word_1_844' title='bbox 1688 2230 1758 2250; x_wconf 87' lang='lat' dir='ltr'><strong>lIIIuS</strong></span> <span class='ocrx_word' id='word_1_845' title='bbox 1774 2222 1862 2249; x_wconf 78' lang='lat' dir='ltr'><strong>hono-</strong></span> 
     </span>
    </p>
   </div>
   <div class='ocr_carea' id='block_1_107' title="bbox 1065 2268 1861 2304">
    <p class='ocr_par' dir='ltr' id='par_1_107' title="bbox 1065 2268 1861 2304">
     <span class='ocr_line' id='line_1_107' title="bbox 1065 2268 1861 2304; baseline -0.004 -5"><span class='ocrx_word' id='word_1_846' title='bbox 1065 2273 1136 2299; x_wconf 85' lang='lat' dir='ltr'><strong>ribus</strong></span> <span class='ocrx_word' id='word_1_847' title='bbox 1150 2271 1308 2299; x_wconf 87' lang='lat' dir='ltr'><strong>cumulatur.</strong></span> <span class='ocrx_word' id='word_1_848' title='bbox 1324 2270 1390 2296; x_wconf 88' lang='lat' dir='ltr'><strong>alter</strong></span> <span class='ocrx_word' id='word_1_849' title='bbox 1403 2270 1535 2296; x_wconf 89' lang='lat' dir='ltr'><strong>continuis</strong></span> <span class='ocrx_word' id='word_1_850' title='bbox 1548 2269 1633 2304; x_wconf 82' lang='lat' dir='ltr'><strong>pcenis</strong></span> <span class='ocrx_word' id='word_1_851' title='bbox 1644 2268 1789 2304; x_wconf 80' lang='lat' dir='ltr'><strong>afﬂigitur?</strong></span> <span class='ocrx_word' id='word_1_852' title='bbox 1805 2268 1861 2296; x_wconf 86' lang='lat' dir='ltr'><strong>Hoc</strong></span> 
     </span>
    </p>
   </div>
   <div class='ocr_carea' id='block_1_108' title="bbox 1066 2313 1859 2352">
    <p class='ocr_par' dir='ltr' id='par_1_108' title="bbox 1066 2313 1859 2352">
     <span class='ocr_line' id='line_1_108' title="bbox 1066 2313 1859 2352; baseline -0.006 -8"><span class='ocrx_word' id='word_1_853' title='bbox 1066 2318 1150 2352; x_wconf 91' lang='lat' dir='ltr'><strong>ipsum</strong></span> <span class='ocrx_word' id='word_1_854' title='bbox 1165 2316 1243 2344; x_wconf 90' lang='lat' dir='ltr'><strong>etiam</strong></span> <span class='ocrx_word' id='word_1_855' title='bbox 1259 2315 1431 2350; x_wconf 73' lang='lat' dir='ltr'><strong>providentiae</strong></span> <span class='ocrx_word' id='word_1_856' title='bbox 1442 2314 1539 2341; x_wconf 71' lang='lat' dir='ltr'><strong>divinae</strong></span> <span class='ocrx_word' id='word_1_857' title='bbox 1558 2321 1626 2349; x_wconf 88' lang='lat' dir='ltr'><strong>opus</strong></span> <span class='ocrx_word' id='word_1_858' title='bbox 1637 2318 1679 2341; x_wconf 86' lang='lat' dir='ltr'><strong>est</strong></span> <span class='ocrx_word' id='word_1_859' title='bbox 1699 2313 1859 2340; x_wconf 80' lang='lat' dir='ltr'><strong>maximum.</strong></span> 
     </span>
    </p>
   </div>
   <div class='ocr_carea' id='block_1_109' title="bbox 1066 2359 1860 2396">
    <p class='ocr_par' dir='ltr' id='par_1_109' title="bbox 1066 2359 1860 2396">
     <span class='ocr_line' id='line_1_109' title="bbox 1066 2359 1860 2396; baseline -0.006 -6"><span class='ocrx_word' id='word_1_860' title='bbox 1066 2364 1092 2390; x_wconf 84' lang='lat' dir='ltr'><strong>Si</strong></span> <span class='ocrx_word' id='word_1_861' title='bbox 1104 2363 1173 2390; x_wconf 87' lang='lat' dir='ltr'><strong>enim</strong></span> <span class='ocrx_word' id='word_1_862' title='bbox 1189 2362 1323 2396; x_wconf 89' lang='lat' dir='ltr'><strong>improbos</strong></span> <span class='ocrx_word' id='word_1_863' title='bbox 1336 2368 1430 2388; x_wconf 87' lang='lat' dir='ltr'><strong>omnes</strong></span> <span class='ocrx_word' id='word_1_864' title='bbox 1443 2360 1486 2387; x_wconf 90' lang='lat' dir='ltr'><strong>hic</strong></span> <span class='ocrx_word' id='word_1_865' title='bbox 1494 2359 1608 2395; x_wconf 88' lang='lat' dir='ltr'><strong>puniret,</strong></span> <span class='ocrx_word' id='word_1_866' title='bbox 1625 2365 1652 2387; x_wconf 90' lang='lat' dir='ltr'><strong>et</strong></span> <span class='ocrx_word' id='word_1_867' title='bbox 1661 2367 1757 2386; x_wconf 88' lang='lat' dir='ltr'><strong>omnes</strong></span> <span class='ocrx_word' id='word_1_868' title='bbox 1774 2359 1860 2386; x_wconf 88' lang='lat' dir='ltr'><strong>bonos</strong></span> 
     </span>
    </p>
   </div>
   <div class='ocr_carea' id='block_1_110' title="bbox 1067 2405 1861 2441">
    <p class='ocr_par' dir='ltr' id='par_1_110' title="bbox 1067 2405 1861 2441">
     <span class='ocr_line' id='line_1_110' title="bbox 1067 2405 1861 2441; baseline -0.005 -6"><span class='ocrx_word' id='word_1_869' title='bbox 1067 2408 1211 2436; x_wconf 88' lang='lat' dir='ltr'><strong>honoribus</strong></span> <span class='ocrx_word' id='word_1_870' title='bbox 1233 2408 1276 2434; x_wconf 89' lang='lat' dir='ltr'><strong>hic</strong></span> <span class='ocrx_word' id='word_1_871' title='bbox 1296 2407 1414 2434; x_wconf 80' lang='lat' dir='ltr'><strong>afﬁceret</strong></span> <span class='ocrx_word' id='word_1_872' title='bbox 1431 2427 1438 2440; x_wconf 90' lang='lat'><strong>,</strong></span> <span class='ocrx_word' id='word_1_873' title='bbox 1459 2413 1671 2441; x_wconf 81' lang='lat' dir='ltr'><strong>supervacaneus</strong></span> <span class='ocrx_word' id='word_1_874' title='bbox 1683 2405 1778 2440; x_wconf 86' lang='lat' dir='ltr'><strong>judicii</strong></span> <span class='ocrx_word' id='word_1_875' title='bbox 1803 2405 1861 2432; x_wconf 82' lang='lat' dir='ltr'><strong>dies</strong></span> 
     </span>
    </p>
   </div>
   <div class='ocr_carea' id='block_1_111' title="bbox 1066 2451 1861 2487">
    <p class='ocr_par' dir='ltr' id='par_1_111' title="bbox 1066 2451 1861 2487">
     <span class='ocr_line' id='line_1_111' title="bbox 1066 2451 1861 2487; baseline -0.006 -5"><span class='ocrx_word' id='word_1_876' title='bbox 1066 2460 1147 2483; x_wconf 86' lang='lat' dir='ltr'><strong>esset.</strong></span> <span class='ocrx_word' id='word_1_877' title='bbox 1163 2455 1264 2481; x_wconf 80' lang='lat' dir='ltr'><strong>Rursus</strong></span> <span class='ocrx_word' id='word_1_878' title='bbox 1273 2454 1295 2480; x_wconf 91' lang='lat' dir='ltr'><strong>si</strong></span> <span class='ocrx_word' id='word_1_879' title='bbox 1307 2453 1407 2480; x_wconf 91' lang='lat' dir='ltr'><strong>nullum</strong></span> <span class='ocrx_word' id='word_1_880' title='bbox 1421 2452 1570 2487; x_wconf 89' lang='lat' dir='ltr'><strong>improbum</strong></span> <span class='ocrx_word' id='word_1_881' title='bbox 1583 2452 1698 2485; x_wconf 85' lang='lat' dir='ltr'><strong>puniret,</strong></span> <span class='ocrx_word' id='word_1_882' title='bbox 1711 2458 1761 2478; x_wconf 87' lang='lat' dir='ltr'><strong>nec</strong></span> <span class='ocrx_word' id='word_1_883' title='bbox 1776 2451 1861 2477; x_wconf 92' lang='lat' dir='ltr'><strong>ullum</strong></span> 
     </span>
    </p>
   </div>
   <div class='ocr_carea' id='block_1_112' title="bbox 1069 2497 1862 2532">
    <p class='ocr_par' dir='ltr' id='par_1_112' title="bbox 1069 2497 1862 2532">
     <span class='ocr_line' id='line_1_112' title="bbox 1069 2497 1862 2532; baseline -0.006 -4"><span class='ocrx_word' id='word_1_884' title='bbox 1069 2502 1165 2528; x_wconf 88' lang='lat' dir='ltr'><strong>bonum</strong></span> <span class='ocrx_word' id='word_1_885' title='bbox 1185 2501 1286 2528; x_wconf 88' lang='lat' dir='ltr'><strong>honore</strong></span> <span class='ocrx_word' id='word_1_886' title='bbox 1305 2499 1425 2526; x_wconf 82' lang='lat' dir='ltr'><strong>afficeret</strong></span> <span class='ocrx_word' id='word_1_887' title='bbox 1441 2519 1448 2530; x_wconf 87' lang='lat'><strong>,</strong></span> <span class='ocrx_word' id='word_1_888' title='bbox 1467 2502 1495 2525; x_wconf 91' lang='lat' dir='ltr'><strong>ct</strong></span> <span class='ocrx_word' id='word_1_889' title='bbox 1515 2498 1588 2532; x_wconf 86' lang='lat' dir='ltr'><strong>pravi</strong></span> <span class='ocrx_word' id='word_1_890' title='bbox 1603 2497 1707 2531; x_wconf 81' lang='lat' dir='ltr'><strong>pejores</strong></span> <span class='ocrx_word' id='word_1_891' title='bbox 1722 2497 1818 2524; x_wconf 86' lang='lat' dir='ltr'><strong>fierent</strong></span> <span class='ocrx_word' id='word_1_892' title='bbox 1831 2503 1862 2523; x_wconf 86' lang='lat' dir='ltr'><strong>ac</strong></span> 
     </span>
    </p>
   </div>
   <div class='ocr_carea' id='block_1_113' title="bbox 1067 2544 1862 2582">
    <p class='ocr_par' dir='ltr' id='par_1_113' title="bbox 1067 2544 1862 2582">
     <span class='ocr_line' id='line_1_113' title="bbox 1067 2544 1862 2582; baseline -0.009 -6"><span class='ocrx_word' id='word_1_893' title='bbox 1067 2550 1213 2577; x_wconf 85' lang='lat' dir='ltr'><strong>deteriores</strong></span> <span class='ocrx_word' id='word_1_894' title='bbox 1228 2569 1235 2580; x_wconf 83' lang='lat'><strong>,</strong></span> <span class='ocrx_word' id='word_1_895' title='bbox 1250 2552 1279 2574; x_wconf 95' lang='lat' dir='ltr'><strong>ut</strong></span> <span class='ocrx_word' id='word_1_896' title='bbox 1291 2547 1334 2582; x_wconf 95' lang='lat' dir='ltr'><strong>qui</strong></span> <span class='ocrx_word' id='word_1_897' title='bbox 1356 2546 1440 2573; x_wconf 91' lang='lat' dir='ltr'><strong>multo</strong></span> <span class='ocrx_word' id='word_1_898' title='bbox 1457 2546 1510 2573; x_wconf 86' lang='lat' dir='ltr'><strong>sint</strong></span> <span class='ocrx_word' id='word_1_899' title='bbox 1530 2545 1620 2580; x_wconf 90' lang='lat' dir='ltr'><strong>probis</strong></span> <span class='ocrx_word' id='word_1_900' title='bbox 1639 2544 1862 2579; x_wconf 84' lang='lat' dir='ltr'><strong>negligentiores:</strong></span> 
     </span>
    </p>
   </div>
   <div class='ocr_carea' id='block_1_114' title="bbox 1067 2591 1861 2630">
    <p class='ocr_par' dir='ltr' id='par_1_114' title="bbox 1067 2591 1861 2630">
     <span class='ocr_line' id='line_1_114' title="bbox 1067 2591 1861 2630; baseline -0.009 -8"><span class='ocrx_word' id='word_1_901' title='bbox 1067 2601 1094 2622; x_wconf 82' lang='lat' dir='ltr'><strong>et</strong></span> <span class='ocrx_word' id='word_1_902' title='bbox 1106 2596 1149 2630; x_wconf 91' lang='lat' dir='ltr'><strong>qui</strong></span> <span class='ocrx_word' id='word_1_903' title='bbox 1165 2593 1350 2628; x_wconf 87' lang='lat' dir='ltr'><strong>blasphemare</strong></span> <span class='ocrx_word' id='word_1_904' title='bbox 1363 2593 1471 2624; x_wconf 88' lang='lat' dir='ltr'><strong>vellent,</strong></span> <span class='ocrx_word' id='word_1_905' title='bbox 1489 2592 1570 2619; x_wconf 92' lang='lat' dir='ltr'><strong>Deum</strong></span> <span class='ocrx_word' id='word_1_906' title='bbox 1589 2591 1672 2625; x_wconf 89' lang='lat' dir='ltr'><strong>magis</strong></span> <span class='ocrx_word' id='word_1_907' title='bbox 1684 2595 1841 2617; x_wconf 72' lang='lat' dir='ltr'><strong>acrusarent</strong></span> <span class='ocrx_word' id='word_1_908' title='bbox 1852 2608 1861 2620; x_wconf 83' lang='lat'><em>.</em></span> 
     </span>
    </p>
   </div>
   <div class='ocr_carea' id='block_1_115' title="bbox 1068 2635 1862 2676">
    <p class='ocr_par' dir='ltr' id='par_1_115' title="bbox 1068 2635 1862 2676">
     <span class='ocr_line' id='line_1_115' title="bbox 1068 2635 1862 2676; baseline -0.01 -8"><span class='ocrx_word' id='word_1_909' title='bbox 1068 2642 1200 2676; x_wconf 84' lang='lat' dir='ltr'><strong>planeque</strong></span> <span class='ocrx_word' id='word_1_910' title='bbox 1211 2648 1252 2667; x_wconf 90' lang='lat' dir='ltr'><strong>res</strong></span> <span class='ocrx_word' id='word_1_911' title='bbox 1264 2644 1369 2666; x_wconf 88' lang='lat' dir='ltr'><strong>nostras</strong></span> <span class='ocrx_word' id='word_1_912' title='bbox 1382 2642 1509 2673; x_wconf 86' lang='lat' dir='ltr'><strong>negarent</strong></span> <span class='ocrx_word' id='word_1_913' title='bbox 1523 2637 1569 2665; x_wconf 91' lang='lat' dir='ltr'><strong>Dei</strong></span> <span class='ocrx_word' id='word_1_914' title='bbox 1584 2636 1751 2671; x_wconf 88' lang='lat' dir='ltr'><strong>providentia</strong></span> <span class='ocrx_word' id='word_1_915' title='bbox 1766 2635 1862 2671; x_wconf 56' lang='lat' dir='ltr'><strong>gubcr.</strong></span> 
     </span>
    </p>
   </div>
   <div class='ocr_carea' id='block_1_116' title="bbox 1069 2681 1861 2716">
    <p class='ocr_par' dir='ltr' id='par_1_116' title="bbox 1069 2681 1861 2716">
     <span class='ocr_line' id='line_1_116' title="bbox 1069 2681 1861 2716; baseline -0.008 -3"><span class='ocrx_word' id='word_1_916' title='bbox 1069 2686 1136 2713; x_wconf 89' lang='lat' dir='ltr'><strong>nari.</strong></span> <span class='ocrx_word' id='word_1_917' title='bbox 1149 2686 1214 2712; x_wconf 86' lang='lat' dir='ltr'><strong>Nam</strong></span> <span class='ocrx_word' id='word_1_918' title='bbox 1234 2685 1256 2712; x_wconf 86' lang='lat' dir='ltr'><strong>si</strong></span> <span class='ocrx_word' id='word_1_919' title='bbox 1279 2692 1349 2711; x_wconf 93' lang='lat' dir='ltr'><strong>nunc</strong></span> <span class='ocrx_word' id='word_1_920' title='bbox 1368 2684 1448 2711; x_wconf 88' lang='lat' dir='ltr'><strong>etiam</strong></span> <span class='ocrx_word' id='word_1_921' title='bbox 1467 2690 1527 2710; x_wconf 93' lang='lat' dir='ltr'><strong>cum</strong></span> <span class='ocrx_word' id='word_1_922' title='bbox 1549 2682 1661 2716; x_wconf 91' lang='lat' dir='ltr'><strong>improbi</strong></span> <span class='ocrx_word' id='word_1_923' title='bbox 1682 2681 1804 2709; x_wconf 91' lang='lat' dir='ltr'><strong>nonnulli</strong></span> <span class='ocrx_word' id='word_1_924' title='bbox 1816 2688 1861 2715; x_wconf 83' lang='lat' dir='ltr'><strong>pu-</strong></span> 
     </span>
    </p>
   </div>
   <div class='ocr_carea' id='block_1_117' title="bbox 1069 2729 1861 2767">
    <p class='ocr_par' dir='ltr' id='par_1_117' title="bbox 1069 2729 1861 2767">
     <span class='ocr_line' id='line_1_117' title="bbox 1069 2729 1861 2767; baseline -0.008 -7"><span class='ocrx_word' id='word_1_925' title='bbox 1069 2734 1186 2767; x_wconf 80' lang='lat' dir='ltr'><strong>niuntur,</strong></span> <span class='ocrx_word' id='word_1_926' title='bbox 1203 2737 1229 2760; x_wconf 88' lang='lat' dir='ltr'><strong>et</strong></span> <span class='ocrx_word' id='word_1_927' title='bbox 1245 2733 1409 2759; x_wconf 90' lang='lat' dir='ltr'><strong>honorantur</strong></span> <span class='ocrx_word' id='word_1_928' title='bbox 1429 2730 1506 2762; x_wconf 92' lang='lat' dir='ltr'><strong>boni,</strong></span> <span class='ocrx_word' id='word_1_929' title='bbox 1521 2737 1598 2764; x_wconf 55' lang='lat' dir='ltr'><strong>aeque</strong></span> <span class='ocrx_word' id='word_1_930' title='bbox 1609 2729 1702 2756; x_wconf 91' lang='lat' dir='ltr'><strong>dicunt</strong></span> <span class='ocrx_word' id='word_1_931' title='bbox 1711 2736 1757 2756; x_wconf 92' lang='lat' dir='ltr'><strong>res</strong></span> <span class='ocrx_word' id='word_1_932' title='bbox 1768 2729 1861 2755; x_wconf 85' lang='lat' dir='ltr'><strong>huma-</strong></span> 
     </span>
    </p>
   </div>
   <div class='ocr_carea' id='block_1_118' title="bbox 1069 2774 1861 2813">
    <p class='ocr_par' dir='ltr' id='par_1_118' title="bbox 1069 2774 1861 2813">
     <span class='ocr_line' id='line_1_118' title="bbox 1069 2774 1861 2813; baseline -0.005 -8"><span class='ocrx_word' id='word_1_933' title='bbox 1069 2787 1116 2806; x_wconf 90' lang='lat' dir='ltr'><strong>nas</strong></span> <span class='ocrx_word' id='word_1_934' title='bbox 1141 2779 1186 2805; x_wconf 86' lang='lat' dir='ltr'><strong>Dei</strong></span> <span class='ocrx_word' id='word_1_935' title='bbox 1209 2777 1373 2813; x_wconf 89' lang='lat' dir='ltr'><strong>providentia</strong></span> <span class='ocrx_word' id='word_1_936' title='bbox 1392 2776 1500 2803; x_wconf 88' lang='lat' dir='ltr'><strong>minime</strong></span> <span class='ocrx_word' id='word_1_937' title='bbox 1513 2775 1585 2810; x_wconf 79' lang='lat' dir='ltr'><strong>regi:</strong></span> <span class='ocrx_word' id='word_1_938' title='bbox 1602 2775 1624 2801; x_wconf 92' lang='lat' dir='ltr'><strong>si</strong></span> <span class='ocrx_word' id='word_1_939' title='bbox 1641 2782 1674 2802; x_wconf 91' lang='lat' dir='ltr'><strong>ne</strong></span> <span class='ocrx_word' id='word_1_940' title='bbox 1689 2774 1741 2802; x_wconf 91' lang='lat' dir='ltr'><strong>hoc</strong></span> <span class='ocrx_word' id='word_1_941' title='bbox 1755 2774 1861 2809; x_wconf 75' lang='lat' dir='ltr'><strong>quidem</strong></span> 
     </span>
    </p>
   </div>
   <div class='ocr_carea' id='block_1_119' title="bbox 1070 2819 1862 2858">
    <p class='ocr_par' dir='ltr' id='par_1_119' title="bbox 1070 2819 1862 2858">
     <span class='ocr_line' id='line_1_119' title="bbox 1070 2819 1862 2858; baseline -0.006 -7"><span class='ocrx_word' id='word_1_942' title='bbox 1070 2825 1144 2851; x_wconf 84' lang='lat' dir='ltr'><strong>ﬁeret</strong></span> <span class='ocrx_word' id='word_1_943' title='bbox 1155 2845 1161 2856; x_wconf 89' lang='lat'><strong>,</strong></span> <span class='ocrx_word' id='word_1_944' title='bbox 1176 2823 1238 2858; x_wconf 91' lang='lat' dir='ltr'><strong>quid</strong></span> <span class='ocrx_word' id='word_1_945' title='bbox 1252 2831 1304 2850; x_wconf 92' lang='lat' dir='ltr'><strong>non</strong></span> <span class='ocrx_word' id='word_1_946' title='bbox 1317 2823 1434 2850; x_wconf 88' lang='lat' dir='ltr'><strong>dicerent</strong></span> <span class='ocrx_word' id='word_1_947' title='bbox 1450 2841 1458 2854; x_wconf 92' lang='lat'><strong>,</strong></span> <span class='ocrx_word' id='word_1_948' title='bbox 1473 2828 1532 2855; x_wconf 76' lang='lat' dir='ltr'><strong>quae</strong></span> <span class='ocrx_word' id='word_1_949' title='bbox 1546 2820 1627 2847; x_wconf 90' lang='lat' dir='ltr'><strong>verba</strong></span> <span class='ocrx_word' id='word_1_950' title='bbox 1641 2828 1693 2847; x_wconf 88' lang='lat' dir='ltr'><strong>non</strong></span> <span class='ocrx_word' id='word_1_951' title='bbox 1707 2819 1862 2847; x_wconf 75' lang='lat' dir='ltr'><strong>eﬁ&#39;utirent?</strong></span> 
     </span>
    </p>
   </div>
   <div class='ocr_carea' id='block_1_120' title="bbox 1071 2866 1857 2906">
    <p class='ocr_par' dir='ltr' id='par_1_120' title="bbox 1071 2866 1857 2906">
     <span class='ocr_line' id='line_1_120' title="bbox 1071 2866 1857 2906; baseline -0.009 -7"><span class='ocrx_word' id='word_1_952' title='bbox 1071 2873 1213 2906; x_wconf 77' lang='lat' dir='ltr'><strong>Propterea</strong></span> <span class='ocrx_word' id='word_1_953' title='bbox 1227 2869 1354 2905; x_wconf 88' lang='lat' dir='ltr'><strong>quosdam</strong></span> <span class='ocrx_word' id='word_1_954' title='bbox 1369 2869 1440 2904; x_wconf 87' lang='lat' dir='ltr'><strong>pttnit</strong></span> <span class='ocrx_word' id='word_1_955' title='bbox 1453 2888 1460 2902; x_wconf 89' lang='lat'><strong>,</strong></span> <span class='ocrx_word' id='word_1_956' title='bbox 1474 2866 1604 2902; x_wconf 88' lang='lat' dir='ltr'><strong>quosdam</strong></span> <span class='ocrx_word' id='word_1_957' title='bbox 1617 2874 1668 2894; x_wconf 91' lang='lat' dir='ltr'><strong>non</strong></span> <span class='ocrx_word' id='word_1_958' title='bbox 1679 2866 1752 2902; x_wconf 88' lang='lat' dir='ltr'><strong>punit</strong></span> <span class='ocrx_word' id='word_1_959' title='bbox 1766 2873 1798 2893; x_wconf 72' lang='lat' dir='ltr'><strong>est</strong></span> <span class='ocrx_word' id='word_1_960' title='bbox 1812 2867 1857 2892; x_wconf 87' lang='lat' dir='ltr'><strong>im-</strong></span> 
     </span>
    </p>
   </div>
  </div>
