1978 3130
117 112 166 139 ’353
521 116 697 145 ΠΛΕΜΟΝΕΞ
715 117 783 146 NON
800 118 929 147 GUBERD

983 117 1013 145 ὶΕ
1032 117 1194 147 MUNDUM.
1216 118 1333 147 HOMIL.
1354 119 1374 148 l.

117 171 188 204 λόγει
205 170 353 207 μεγίστην,
372 172 474 200 οὑτωσὶ
487 173 590 208 λέγων·
612 175 639 202 Ὀ
659 176 767 209 Κύριος
794 175 916 208 ἔδωκεν,

118 217 133 241 ὁ
149 216 254 249 Κύριος
267 216 417 249 (tamen;
428 226 434 232 -
450 218 496 252 εἴη
514 219 546 246 τὸ
561 219 655 254 ὄνομα
670 220 780 254 Κυρίου
793 222 917 254 εὐλογη-

116 259 208 294 μένον
217 261 262 292 είς
280 260 355 293 τοὺς
369 261 490 295 αἰῶνας.
506 263 537 289 El
554 263 582 289 δὲ
596 264 663 300 ὑπὲρ
682 264 843 299 ἀμφοτέρων
855 263 918 290 τού-

119 313 171 330 των
187 304 364 339 εὐχαριστεῖν
387 306 428 332 δεῖ
448 307 495 332 καὶ
512 307 573 333 καθ’
587 307 677 338 ἑαυτὸ,
694 308 741 334 καὶ
758 307 808 342 τῆς
819 307 919 338 δόσεως

119 350 135 384 ἡ
152 348 298 384 ἀφαίρεσις
316 350 368 376 οὐκ
392 350 502 376 ἔλαττον
566 351 772 387 χρησιμωτέρα,
788 351 868 378 ποίαν
887 350 920 377 ἂν

122 393 251 428 σχοίημεν
268 393 449 429 συγγνώμην,
462 394 523 421 εἰπέ
539 403 593 430 μοι,
605 394 651 420 τὸν
660 394 747 426 οὕτως
760 395 862 430 ἥμερον
873 395 920 421 καὶ

122 437 314 471 φιλάνθρωπον
329 439 378 464 καὶ
395 438 541 474 κηδεμόνα,
557 439 605 465 καὶ
612 439 711 469 παντὸς
725 439 816 474 ἰατροῦ
830 439 919 473 σοφώ-

120 490 208 516 τερον.
225 482 274 508 καὶ
288 482 392 513 παντὸς
406 482 510 517 πατρὸς
521 482 772 518 φιλοστοργότερον.
793 484 840 508 καὶ
852 491 920 509 παν-

121 525 167 556 τὸς
184 525 314 552 δικαστοῦ
329 526 508 562 δικαιότερον,
525 528 572 554 καὶ
587 527 712 562 γεωργοῦ
737 527 838 558 παντὸς
864 527 922 553 ἑπι-

124 567 286 603 μελέστερον
306 568 357 599 τὰς
377 569 515 604 ἡμετέρας
533 569 721 604 θεραπεύοντα
752 569 839 604 ψυχὰς
865 570 920 600 τοῖς

123 612 254 644 ἐναντίοις
276 613 468 648 ἀμειϐόμενοι.
481 613 529 640 καὶ
551 613 580 640 ὃν
597 615 760 649 προσκυνεῖν
773 613 842 645 δέον,
854 614 921 640 ἀπο-

123 656 337 688 δυσπετοῦντες
351 655 426 692 Ἀρα
445 657 542 691 γένοιτ’
558 657 590 684 ἀν
619 667 644 684 τι
671 658 857 693 μανικώτερον
874 658 922 684 καὶ

123 700 356 736 ἀναισθητότερον
375 701 429 727 τῶν
456 702 484 727 ἐν
512 700 626 736 εὐταξίᾳ
648 701 766 736 τοσαύτῃ
790 701 922 735 λεγόντων

124 744 337 779 ἀποστερεῖσθαι
355 745 405 780 τῆς
421 745 467 772 τοῦ
482 744 550 771 Θεοῦ
562 745 691 780 προνοίας
708 746 798 780 ἡμᾶς;
817 746 923 780 ’Ὠσπερ

124 790 180 823 γὰρ
205 790 230 815 εἰ
255 798 299 821 τις
314 790 478 825 φιλονεικοίη
505 789 551 816 -ιδν
568 790 644 825 ἥλιον
658 787 729 815 εἶναι
746 788 861 824 ζοφερὸν
875 790 923 816 καὶ

124 831 238 866 ψυχρὸν,
257 833 378 867 ἐσχάτης
396 831 612 868 παραφροσύνης
633 832 745 867 ἐκφέρει
766 832 865 866 δεῖγμα
888 832 922 866 τῇ

124 875 209 910 ψήφῳ
220 884 226 889 ·
243 875 332 908 οὕτως
351 877 378 903 εἴ
395 885 437 908 τις
462 875 627 911 ἀμφιϐάλλοι
645 877 710 911 περὶ
731 876 779 911 τῆς
795 876 841 902 τοῦ
856 875 923 902 Θεοῦ

126 919 268 954 προνοίας,
282 919 387 955 -πολλῷ
411 919 510 955 μᾶλλον
534 920 630 955 μανίας
657 920 828 955 ἐγκλήμασίν
851 921 924 946 ἐστιν

126 963 289 995 ὑπεύθυνος.

164 1009 220 1043 υὺχ
231 1007 321 1040 οὕτως
334 1008 409 1044 ἣλιος
422 1008 515 1043 φανὸς,
530 1009 567 1040 ὡς
577 1009 594 1044 ἡ
609 1008 656 1035 τοῦ
670 1007 738 1035 Θεοῦ
752 1008 864 1044 πρόνοια
878 1016 926 1034 σα-

128 1053 198 1087 φής·
214 1052 274 1078 ἀλλ’
292 1053 368 1088 ὅμως
389 1052 510 1088 τολμῶσί
525 1061 598 1084 τινες
617 1052 717 1086 λέγειν,
733 1052 774 1078 ’ότι
800 1051 925 1086 δαίμονες

128 1096 164 1122 τά
175 1096 237 1123 καθ’
247 1097 324 1132 ἡμᾶς
334 1095 476 1123 διοικοῦσι.
489 1097 521 1122 Τί
541 1096 619 1123 πάθω
630 1105 636 1128 ;
649 1095 841 1131 Φιλάνθρωπον
854 1095 925 1130 ἔχεις

128 1140 286 1175 Δεσπότην’
307 1142 425 1176 αἱρεῖται
451 1140 550 1175 μᾶλλον
574 1139 792 1175 βλασφημεῖσθαι
810 1139 861 1166 ὑπὸ
878 1139 925 1166 σοῦ

128 1184 171 1210 διὰ
191 1185 244 1211 τῶν
261 1184 392 1219 ρημέιτων
405 1184 517 1216 τούτων,
532 1184 547 1220 ἦ
562 1186 618 1216 τοῖς
632 1184 754 1220 δαίμοσιν
775 1183 927 1218 ἐπιτρέψας

129 1226 162 1252 τὰ
179 1227 214 1252 si
232 1227 325 1252 πεῖσαί
343 1235 372 1252 σε
387 1226 500 1253 διὰττῶν
524 1227 695 1262 πραγμάτων
721 1226 780 1258 πῶς
801 1225 927 1260 δαίμονες

130 1269 270 1296 διοικοῦσι.
298 1270 366 1296 Τότε
386 1270 439 1306 γὰρ
462 1270 494 1297 ἂν
515 1270 600 1304 ἔγνως
624 1269 715 1302 καλῶς
741 1270 791 1305 τὴν
816 1269 928 1296 ἐκείνων

132 1314 265 1349 πονηρίαν
285 1313 330 1340 διά
345 1315 395 1350 τῆς
420 1315 516 1350 πείρας
541 1314 625 1348 αὐτῆς
636 1323 642 1330 ·
655 1314 754 1349 μᾶλλον
769 1313 797 1340 δὲ
817 1314 863 1340 καὶ
879 1312 928 1340 νῦν

130 1357 242 1385 δυνατὸν
269 1358 335 1393 ὑμῖν
361 1359 547 1394 παραστῆσαι.
565 1357 602 1389 ὡς
616 1359 644 1384 ὲν
662 1357 751 1393 μικρῷ
765 1366 817 1384 τινι
837 1365 928 1392 παρα·

129 1401 268 1437 δείγματι”
298 1402 472 1438 Ἀπήντησαν
502 1401 540 1437 τῷ
575 1401 686 1437 Χριστῷ
712 1399 928 1436 δαιμονιζόμενοί

129 1453 203 1476 τινες
222 1446 255 1471 ἐκ
271 1445 327 1472 τῶν
360 1445 500 1480 μνημείων
522 1445 707 1480 ἐξερχόμενοι,
737 1446 783 1472 καὶ
808 1445 929 1481 παρεκά-

130 1489 193 1515 λουν
215 1489 300 1516 αὐτὴν
327 1489 352 1516 οί
380 1489 505 1524 δαίμονες
533 1489 678 1525 ἐπιτρέψαι
709 1490 800 1521 αὑτοῖς
824 1490 863 1520 είς
880 1489 929 1522 τὴν

129 1530 231 1566 ἀγέλην
249 1531 306 1558 τῶν
333 1531 432 1566 χοίρων
459 1531 608 1558 εἰσελθεῖν’
633 1531 680 1558 καὶ
704 1531 850 1566 ἐπέτρεψε,
884 1531 930 1556 καὶ

130 1573 254 1608 ἀπῆλθον
279 1573 327 1599 καὶ
354 1573 576 1608 κατεκρήμνισαν
597 1573 696 1604 αὐτοὺς
722 1573 822 1604 εὐθέως
844 1572 931 1599 ἀπαν-

130 1625 196 1649 τας·
224 1617 299 1644 οὓτω
328 1617 456 1652 δαίμονες
481 1616 622 1644 διοικοῦσι.
649 1616 746 1643 Καίτοι
777 1616 845 1650 πρὸς
867 1616 930 1646 τοὺς

131 1659 240 1694 χοίρους
253 1659 343 1690 οὐδεὶς
354 1657 388 1694 ἦν
401 1659 493 1690 αὐτοῖς
510 1658 588 1693 λόγος
599 1679 606 1691 ,
624 1658 691 1694 πρὸς
706 1658 734 1684 δὲ
754 1658 783 1684 σε
795 1658 839 1684 ἀεὶ
854 1655 930 1692 [256]

131 1702 252 1738 τώλεμος
269 1702 403 1735 ἄσπονδος
432 1702 479 1728 καὶ
507 1702 663 1738 ἀκήρυκτός
693 1701 752 1727 ἐστι
785 1701 868 1736 μάχη.
885 1700 932 1727 καὶ

132 1746 218 1782 ἔχθρα
234 1747 381 1777 ἀθάνατος.
407 1746 438 1772 Εἰ
458 1746 486 1772 δὲ
503 1745 625 1776 ἐκείνων,
650 1744 718 1780 πρὸς
743 1744 790 1776 οὓς
805 1744 881 1771 οὐδὲν
897 1742 932 1780 ἢν

132 1791 225 1822 αὐτοῖς
238 1790 342 1821 κοινὸν,
360 1789 421 1816 οὐδὲ
435 1789 537 1825 μικρὰν
552 1789 650 1824 καιροῦ
665 1788 751 1824 ῥοπὴν
762 1787 931 1823 ἀνασχέσθαι

133 1833 300 1867 ὑπέμειναν·
315 1833 339 1858 εἰ
356 1832 421 1862 τοὺς
448 1831 595 1866 πολεμίους
618 1831 710 1862 αὐτοῖς
732 1830 780 1857 καὶ
800 1830 932 1865 διηνεκῶς

133 1877 233 1908 αὐτοὺς
248 1876 400 1908 δάκνοντας
411 1875 584 1911 ὑποχειρίους
596 1875 691 1902 ἔλαϐον
706 1875 788 1910 ἡμᾶς.
799 1875 825 1900 τί
838 1875 887 1900 οὐκ
898 1873 931 1901 ἂν

134 1920 300 1956 εἰργάσαντο
314 1928 320 1952 ;
339 1920 366 1946 τί
383 1919 412 1946 δὲ
425 1919 475 1946 οὐκ
492 1919 525 1946 ἂν
538 1919 591 1945 τῶν
610 1919 769 1954 ἀνηκέστων
782 1918 930 1953 διέθηκαν;

134 1962 185 1988 Διά
196 1962 252 1997 γὰρ
267 1961 348 1988 τοῦτο
361 1961 409 1988 καὶ
422 1961 436 1987 6
446 1961 511 1992 Θεὸς
525 1961 631 1995 ἀφῆκεν
643 1960 741 1992 αὐτοὺς
755 1960 886 1995 ἐμπεσεῖν
898 1960 931 1994 τῇ

133 2006 189 2033 τῶν
203 2007 307 2042 χοίρων
321 2006 424 2042 ἀγέλῃ,
442 2006 475 2032 ίν*
490 2007 519 2032 ἐν
543 2007 599 2038 τοῖς
617 2006 672 2032 τῶν
695 2005 801 2039 ἀλόγων
826 2004 933 2039 σώμασι

137 2051 228 2087 μάθῃς
242 2050 335 2077 αὐτῶν
355 2045 403 2076 καὶ
416 2050 466 2085 τὴν
481 2049 625 2085 πονηρίαν.
638 2049 693 2076 Καὶ
703 2049 745 2075 δτι
760 2050 823 2080 τοὺς
837 2048 933 2083 δαιμο-

136 2094 299 2130 νιζομένους
317 2094 440 2125 ἐκείνους
455 2094 542 2120 ταῦτα
559 2093 592 2119 ἂν
618 2093 760 2128 ἐποίησαν,
777 2092 795 2119 ἃ
813 2093 934 2124 καὶτοὺς

137 2139 258 2174 χοίρους,
268 2139 294 2164 εἰ
311 2138 348 2173 μὴ
362 2138 410 2164 καὶ
421 2138 450 2164 ἐν
464 2137 532 2172 αὐτῇ
543 2138 575 2172 τῇ
590 2137 674 2172 μανία
685 2136 785 2171 πολλῆς
796 2136 934 2171 ἀπήλαυον

136 2181 162 2206 οἱ
177 2178 363 2211 δαιμονῶντες
376 2179 426 2214 τῆς
442 2179 489 2205 τοῦ
504 2178 571 2205 Θεοῦ
585 2178 726 2214 προνοίας,
740 2178 819 2214 δῆλον
836 2178 932 2205 ἅπασι.

137 2225 193 2252 Καὶ
203 2224 251 2251 νῦν
263 2222 323 2256 οὖν,
334 2223 400 2250 ὅταν
418 2223 473 2259 ίδῃς
486 2222 630 2258 ἄνθρωπον
641 2222 694 2249 ὑπὸ
704 2222 834 2257 δαίμονος
845 2222 935 2248 κινού-

140 2277 231 2303 μενον,
246 2267 439 2303 προσκύνησον
456 2267 501 2293 τὸν
514 2266 663 2301 Δεσπότην,
683 2266 751 2301 μάθε
767 2265 822 2292 τῶν
839 2266 935 2301 δαιμό-

139 2322 193 2340 νων
207 2313 256 2348 τὴν
267 2312 412 2348 πονηρίαν·
425 2312 569 2347 ἀμφότερα
581 2310 636 2346 γὰρ
648 2311 721 2337 ἐστιν
739 2311 802 2337 ἰδεῖν
818 2311 865 2337 ἐπὶ
879 2310 936 2336 τῶν

139 2357 333 2392 δαιμονῶντων
344 2356 460 2387 τούτων,
469 2356 516 2382 καὶ
525 2355 574 2390 τὴν
584 2355 631 2381 τοῦ
639 2355 707 2381 Θεοῦ
720 2354 816 2389 φιλανθ
821 2354 935 2390 ρωπίαν,

139 2403 186 2428 καὶ
199 2401 250 2436 τὴν
265 2400 322 2427 τῶν
336 2400 472 2435 δαιμόνων
485 2399 594 2426 κακίαν·
605 2398 653 2434 τὴν
671 2399 720 2434 μὲν
733 2398 789 2425 τῶν
801 2399 937 2434 δαιμόνων

140 2446 248 2477 κακίαν,
261 2446 328 2472 ἄταν
341 2445 499 2480 ταράττωσι
515 2444 563 2471 καὶ
577 2443 712 2479 θορυϐῶσι
725 2444 774 2479 τὴν
785 2443 874 2479 ψυχὴν
889 2442 936 2469 τοῦ

142 2491 357 2526 παραπαίοντος·
379 2490 429 2524 τὴν
444 2489 472 2515 δὲ
488 2489 534 2515 τοῦ
550 2488 617 2515 Θεοῦ
642 2488 858 2524 φιλανθρωπίαν,
873 2489 937 2515 ὅταν

141 2535 225 2567 οὕτως
240 2536 338 2571 ἄγριον
350 2534 479 2568 δαίμονα,
494 2532 598 2559 ἐνοικον
610 2532 675 2559 ὄντα
689 2533 736 2559 καὶ
751 2532 938 2567 ἐπιθυμοῦντα

142 2578 366 2616 κατακρημνίσαι
382 2577 428 2604 τὸν
441 2577 594 2612 ἄνθρωπον,
604 2576 707 2612 κατέχῃ
723 2576 770 2602 καὶ
783 2576 886 2612 κωλύῃ,
901 2576 938 2612 μὴ

143 2623 293 2660 συγχωρῶν
312 2624 355 2655 εἰς
376 2623 451 2650 ἆπαν
472 2623 504 2657 τῇ
523 2622 613 2657 οἰκείᾳ
634 2621 787 2657 χρήσασθαι
806 2621 937 2656 δυνάμει,

141 2669 207 2696 ἀλλὰ
215 2668 348 2695 τοσοῦτον
363 2666 521 2702 ἐπιτρέπων
534 2665 702 2698 ἐνδείξασθαι
716 2665 765 2701 τὴν
781 2667 868 2700 ἰσχὺν,
879 2666 940 2692 ὅσον

141 2714 240 2741 καὶτὸν
253 2714 407 2749 ἄνθρωπον
418 2711 594 2747 σωφρονίσαι,
605 2711 652 2738 καὶ
660 2711 709 2746 τὴν
719 2710 823 2737 οἰκείαν
835 2711 940 2746 ἐκφανῆ

140 2759 249 2794 ποιῆσαι
271 2755 426 2792 πονηρίαν.
451 2755 542 2781 Βούλει
562 2755 609 2781 καὶ
628 2754 670 2789 ἐφ’
687 2754 782 2790 ἑτερου
812 2753 942 2789 παραδεί-

138 2810 240 2837 γματος
259 2801 348 2828 πάλιν
367 2799 434 2826 ἰδεῖν
453 2799 510 2830 πῶς
522 2799 617 2825 διοικεῖ
632 2797 747 2833 δαίμων,
764 2798 829 2824 ὅταν
846 2799 860 2824 ὀ
876 2797 942 2829 Θεὸς

138 2847 210 2883 αὐτῷ
228 2845 377 2882 συγχωρεῖ
393 2844 427 2879 τῇ
450 2844 538 2878 οἰκεία
557 2842 707 2878 κεχρῆσθαι
729 2843 858 2877 δυνάμει;
885 2841 943 2868 Ἐν-

1709 119 1764 147 τοι

973 174 1069 210 νόησον
1085 175 1118 202 τὰ
1133 175 1268 210 βουκόλια,
1281 176 1315 203 τά
1329 176 1443 212 ποίμνια
1453 177 1499 204 τοῦ
1514 177 1584 209 Ίὼὸ,
1597 177 1656 209 πῶς
1670 178 1700 204 ὲν
1715 178 1766 213 μιᾷ

972 219 1068 255 καιροῦ
1088 221 1156 256 ῥοπῇ
1184 220 1272 247 πάντα
1291 221 1484 254 κατανάλωσε,
1501 222 1547 248 τὸν
1569 222 1685 249 ἐλεεινὸν
1709 221 1765 248 τῶν

973 263 1076 290 παίδων
1089 263 1174 290 αὑτοῦ
1190 263 1317 296 θάνατον,
1332 265 1381 301 τὴν
1396 265 1466 292 κατὰ
1479 265 1526 292 τοῦ
1542 266 1669 302 σώματος
1680 265 1763 293 αὑτοῦ

973 307 1081 343 πληγὴν
1101 308 1267 343 ἐνεχθεῖσαψ
1286 309 1334 336 καὶ
1348 309 1408 344 όψει
1424 310 1456 337 τὸ
1469 310 1545 346 ὠμὸν
1558 311 1606 337 καὶ
1618 311 1764 346 ἀπάνθρω-

973 360 1024 377 πον
1041 351 1088 379 καὶ
1099 352 1209 386 ἀφειδὲς
1220 353 1271 388 τῆς
1286 352 1340 380 τῶν
1354 353 1488 388 δαιμόνων
1500 355 1642 390 πονηρίας,
1655 355 1702 381 καὶ
1709 355 1764 381 ἀπὸ

972 395 1076 422 τούτων
1093 396 1155 432 είσῃ
1170 397 1275 430 σαφῶς,
1290 397 1331 424 δτι
1348 398 1372 423 εἰ
1396 398 1444 424 καὶ
1456 398 1516 424 τόδε
1531 399 1561 425 τὺ
1577 399 1631 425 πᾶν
1652 399 1764 434 ἐπέτρε-

972 439 1022 474 ψεν
1036 439 1127 466 αὐτῶν
1143 441 1176 475 τῇ
1198 440 1309 475 ἐξουσίᾳ
1334 441 1349 466 6
1372 441 1450 473 Θεὸς,
1478 442 1567 469 πάντα
1587 442 1619 468 ἂν
1636 443 1765 477 συνέχεάν

974 483 1020 510 καὶ
1035 484 1231 520 συνετάραξαν,
1250 486 1297 512 καὶ
1313 485 1348 512 τὰ
1360 485 1413 512 τῶν
1433 486 1531 521 χοίρων
1541 486 1616 521 ἡμᾶς
1636 485 1765 516 διέθηκαν

975 530 1021 556 καὶ
1034 530 1068 556 τά
1085 530 1140 557 τῶν
1156 530 1302 565 βουκολίων
1317 532 1441 565 ἐκείνων,
1459 532 1497 564 ὡς
1509 532 1569 559 οὐδὲ
1585 533 1686 567 μικρὰν
1705 541 1752 559 και

977 575 1022 610 ροῦ
1036 575 1122 611 ῥοπὴν
1137 576 1282 611 φείσασθαι
1296 577 1346 612 τῆς
1356 577 1495 613 ἡμετέρας
1511 577 1543 604 ἂν
1555 577 1700 612 ἠνέσχοντο
1715 585 1768 602 σω-

974 622 1083 656 τηρίας.
1095 622 1126 648 Εἰ
1144 622 1272 657 δαίμονες
1283 622 1409 658 διῴκουν,
1423 623 1499 650 οὐδὲν
1511 623 1566 649 τῶν
1576 621 1767 658 δαιμονώντων

975 667 1127 702 ἀνθρώπων
1141 668 1252 702 ἄμεινον
1276 668 1444 704 διεκείμεθα,
1468 669 1568 704 μᾶλλον
1587 669 1616 695 δὲ
1632 668 1769 697 κάκείνων

975 713 1084 749 χείρους
1113 715 1145 741 ἂν
1169 712 1251 750 ἦμεν.
1273 715 1343 742 Οῠτε
1369 715 1424 751 γὰρ
1451 715 1572 746 ἐκείνους
1600 714 1715 742 καθόλου
1733 715 1767 750 τῇ

975 761 1114 796 τυραννίδι
1125 761 1179 787 τῶν
1193 761 1330 797 δαιμόνων
1343 761 1473 795 ἐξέδωκεν
1487 762 1501 787 ὁ
1515 761 1591 793 Θεὸς,
1600 761 1662 788 ἐπεὶ
1678 759 1768 796 πολλῷ

976 805 1080 832 τούτων
1098 805 1277 842 χαλεπώτερα.
1298 806 1331 833 ἂν
1358 806 1476 840 ἔπαθον,
1498 803 1536 833 ὧν
1553 806 1687 842 πάσχουσι
1709 806 1767 833 νῦν.

983 851 1054 886 Ἐγὼ
1066 851 1095 878 δὲ
1110 852 1220 878 κάκεῖνο
1233 852 1266 879 ἂν
1285 852 1428 888 ἐπυθόμην
1443 852 1497 879 τῶν
1516 852 1604 879 ταῦτα
1617 853 1750 887 λεγόντων
1760 873 1768 884 ,

978 897 1057 924 ποίαν
1073 898 1105 933 δὴ
1115 897 1228 931 ἀταξίαν
1241 898 1269 925 ἐν
1284 900 1340 930 τοῖς
1355 898 1488 934 παροῦσιν
1498 899 1626 934 ὁρῶντες,
1634 899 1771 935 δαιμόνων

979 945 1112 980 διοικήσει
1127 945 1161 972 τά
1171 945 1231 971 καθ’
1244 945 1318 980 ἡμᾶς
1334 945 1490 971 ἀνατιθέασι
1506 946 1594 972 πάντα
1604 955 1611 978 ;
1623 945 1720 972 Καίτοι
1738 954 1771 980 γε

977 991 1054 1026 ἥλιον
1067 991 1175 1027 ὁρῶμεν
1186 991 1233 1018 ἐπὶ
1247 991 1385 1023 τοσούτοις
1398 991 1486 1018 ἔτεσιν
1499 990 1617 1018 εὔτακτα
1631 991 1692 1018 καθ’
1707 992 1772 1018 ἐκά-

979 1046 1045 1073 στην
1064 1037 1208 1072 βαδίζοντα
1226 1037 1275 1074 τὴν
1290 1038 1406 1074 ἡμέραν,
1422 1038 1543 1064 ποικίλον
1559 1038 1681 1074 ἀστέρων
1691 1037 1771 1073 χορὸν

977 1085 1027 1120 τὴν
1057 1085 1161 1111 οἰκείαν
1185 1085 1369 1120 διατηροῦντα
1398 1083 1493 1116 τάξιν,
1521 1083 1637 1119 σελήνης
1655 1083 1772 1119 δρόμους

978 1130 1236 1166 ἀπαρεμποδίστους
1246 1137 1271 1162 ε,
1283 1129 1379 1161 νυκτὸς
1389 1130 1436 1156 καὶ
1444 1129 1550 1165 ἡμέρας
1558 1128 1681 1164 διαδοχὴν
1694 1129 1772 1163 ἀκρι-

979 1176 1025 1211 ϐῆ,
1041 1175 1140 1208 πάντα,
1158 1175 1206 1202 καὶ
1220 1175 1254 1202 τὰ
1265 1175 1321 1202 ἄνω
1334 1175 1382 1202 καὶ
1398 1175 1432 1202 τὰ
1449 1175 1523 1202 κάτω
1536 1174 1631 1210 ὥσπερ
1643 1175 1673 1200 ἐν
1685 1174 1772 1209 ἁρμο-

980 1222 1028 1258 νίῳ
1045 1222 1100 1249 τινὶ
1116 1221 1230 1258 χορείᾳ,
1258 1221 1361 1257 μᾶλλον
1387 1221 1415 1248 δέ
1438 1221 1485 1248 καὶ
1511 1220 1602 1255 πολλῷ
1627 1220 1707 1246 πλέον
1725 1219 1773 1246 καὶ

979 1269 1189 1304 ἀκριὸἐστερον,
1206 1268 1256 1304 τὴν
1270 1268 1374 1295 οίκείαν
1393 1269 1509 1294 ἕκαστον
1522 1266 1614 1302 χώραν
1627 1266 1774 1301 διαφυλάτ-

979 1321 1036 1342 τον,
1054 1313 1102 1338 καὶ
1121 1312 1172 1338 οὐκ
1199 1312 1374 1348 ἐξιστάμενον
1396 1313 1446 1347 τῆς
1469 1309 1619 1347 τάξεως,ἧς
1633 1311 1710 1347 παρὰ
1724 1311 1774 1347 τὴν

981 1358 1067 1394 ἀρχὴν
1080 1358 1150 1384 αὐτὰ
1163 1357 1248 1384 ποιῶν
1263 1357 1356 1391 ἔταξεν
1375 1358 1389 1383 ὁ
1403 1356 1480 1389 Θεός.

1017 1404 1050 1436 ζ’.
1066 1404 1121 1430 Καὶ
1130 1404 1158 1430 τί
1173 1403 1275 1430 τούτων
1287 1403 1393 1438 ὄφελος,
1407 1403 1499 1438 φησὶν,
1515 1403 1579 1429 ὅταν
1589 1402 1702 1438 οὐρανὸς
1715 1402 1773 1437 μὲν,

982 1451 1028 1478 καὶ
1041 1451 1127 1486 ἣλιος,
1146 1450 1192 1477 καὶ
1207 1450 1318 1485 σελήνη,
1343 1450 1392 1477 καὶ
1406 1450 1530 1486 ἀστέρων
1552 1449 1649 1485 χορὸς,
1671 1449 1719 1476 καὶ
1741 1450 1776 1477 τὰ

982 1497 1050 1524 ἄλλα
1067 1496 1143 1532 [257]
1161 1497 1251 1524 πάντα
1268 1496 1371 1532 πολλὴν
1396 1496 1444 1533 ἔχῃ
1470 1496 1520 1532 τὴν
1543 1496 1681 1529 εὐταξίαν,
1699 1496 1734 1522 τὰ
1747 1496 1776 1523 δὲ

982 1543 1106 1579 ἡμέτερα
1134 1542 1293 1578 συγχύσεως
1348 1542 1553 1578 πεπληρωμένα
1579 1542 1775 1577 καὶλάταξίακ

984 1589 1068 1620 Ποίας
1083 1589 1252 1624 συγχύσεως,
1278 1588 1418 1622 ἄνθρωπε,
1445 1589 1492 1616 καὶ
1512 1589 1641 1622 ὰταξίας;
1661 1589 1689 1616 ’0
1704 1590 1777 1616 δεῖνα

984 1637 1107 1669 πλουτεῖ,
1120 1636 1198 1671 φησὶ,
1211 1635 1259 1662 καὶ
1271 1634 1405 1670 βιάζεται,
1420 1635 1538 1671 ἁρπάζει
1548 1637 1596 1662 καὶ
1610 1636 1777 1667 πλεονεκτεῖ,

983 1682 1031 1713 τὰς
1048 1680 1103 1707 τῶν
1132 1681 1257 1716 πενήτων
1279 1681 1376 1712 οὐσίας
1407 1681 1554 1707 καταπίνει
1583 1680 1644 1707 καθ’
1659 1680 1779 1716 ἑκάστην

984 1727 1101 1764 ἡμέραν,
1114 1728 1160 1754 καὶ
1173 1727 1249 1753 οὐδὲν
1266 1726 1365 1762 πάσχει
1379 1726 1476 1754 δεινόν·
1490 1727 1583 1763 ἔτερος
1599 1728 1628 1754 ἐν
1643 1727 1780 1762 ἐπιεικείᾳ

984 1774 1030 1809 ζῇ,
1042 1772 1204 1809 σωφροσύνῃ
1216 1773 1264 1799 καὶ
1273 1772 1435 1808 δικαιοσύνῃ
1449 1772 1496 1799 καὶ
1508 1773 1564 1803 τοῖς
1578 1772 1668 1804 ἀλλοις
1678 1772 1780 1799 ἅπασιν

986 1819 1099 1854 ἀγαθοῖς
1116 1819 1337 1854 κεκοσμημένος,
1347 1818 1394 1845 καὶ
1408 1818 1491 1854 πενίᾳ
1505 1818 1553 1845 καὶ
1568 1818 1656 1850 νόσοις
1667 1818 1781 1850 καὶτοῖς

987 1866 1114 1901 ἐσχάτοις
1131 1865 1280 1898 κολάζεται·
1291 1865 1398 1897 δεινοῖς.
1414 1864 1498 1891 Ταῦτ’
1512 1862 1559 1891 οὖν
1575 1865 1679 1892 ἐστιτὰ
1699 1872 1782 1892 σκαν-

986 1911 1130 1944 δαλίζοντά
1146 1919 1190 1944 de;
1208 1911 1300 1937 Ταῦτα
1310 1931 1317 1942 ,
1332 1911 1425 1945 φησίν.
1449 1910 1513 1937 Ἐὰν
1531 1909 1577 1938 οὖν
1593 1910 1652 1946 ἴδῃς
1667 1911 1713 1937 καὶ
1726 1911 1782 1937 τῶν

988 1959 1167 1995 ἁρπαζόντων
1185 1957 1300 1990 πολλοὺς
1315 1957 1523 1994 κολαζομένους,
1531 1958 1578 1984 καὶ
1591 1957 1645 1984 τῶν
1654 1959 1682 1983 ἐν
1696 1958 1781 1994 ἀρετῇ

988 2005 1098 2038 ζώντων
1116 2004 1214 2036 ἐνίους,
1231 2003 1247 2039 ἢ
1261 2003 1308 2030 καὶ
1327 2003 1441 2039 μυρίους
1453 2002 1639 2034 ἀπολαύοντας
1655 2003 1782 2037 ἀγαθῶν,

987 2051 1032 2078 διὰ
1053 2051 1080 2077 τί
1097 2051 1135 2086 μὴ
1158 2050 1233 2082 λύεις
1247 2049 1349 2085 ταύτην
1370 2050 1421 2084 τὴν
1446 2050 1549 2085 ψῆφον,
1575 2049 1642 2085 μηδὲ
1663 2049 1783 2084 ἀποδέχῃ

988 2098 1034 2124 τὸν
1051 2097 1208 2132 Δεσπότην;
1226 2097 1288 2123 ’Ότι
1304 2095 1370 2123 αὐτὸ
1380 2095 1459 2123 τοῦτό
1479 2097 1536 2123 ἐστι
1555 2096 1585 2122 τὺ
1607 2095 1783 2127 σκανδαλιξον

991 2152 1025 2178 με
1042 2143 1134 2169 πλέον.
1154 2141 1203 2169 Διά
1218 2142 1245 2168 τί
1259 2141 1313 2177 γὰρ
1330 2141 1379 2168 δύο
1393 2141 1477 2168 όντων
1489 2141 1543 2168 τῶν
1558 2141 1695 2176 πονηρῶν,
1705 2142 1718 2168 ὁ
1733 2141 1784 2176 μὲν

991 2191 1146 2223 κολάζεται,
1162 2190 1176 2216 ὁ
1190 2189 1218 2216 δὲ
1235 2187 1377 2223 διαφυγὼν
1397 2187 1560 2224 ἀπέρχεται,
1574 2187 1622 2214 καὶ
1635 2187 1682 2214 δύο
1699 2187 1784 2214 όντων

990 2237 1113 2272 ἀγαθῶν,
1129 2237 1144 2262 ὁ
1163 2235 1213 2272 μὲν
1228 2236 1352 2270 τιμᾶται,
1364 2235 1379 2261 6
1390 2234 1419 2260 δὲ
1431 2233 1636 2269 τιμωρούμενος
1650 2233 1782 2265 διατελεῖ;

990 2284 1045 2311 Καὶ
1067 2282 1148 2309 τοῦτο
1170 2280 1236 2308 αὐτὸ
1260 2281 1310 2316 τῆς
1328 2279 1376 2306 τοῦ
1400 2279 1468 2306 Θεοῦ
1498 2279 1626 2314 προνοίας
1656 2278 1784 2314 μέγιστον

990 2331 1070 2366 ἔργον
1088 2329 1170 2355 ἐστίν.
1181 2328 1213 2354 Εἰ
1225 2327 1279 2363 γὰρ
1291 2327 1395 2358 πάντας
1406 2324 1524 2352 ἐνταῦθα
1540 2324 1652 2356 ἐκόλαζε
1663 2324 1725 2355 τοὺς
1736 2332 1785 2350 πο-

991 2377 1108 2412 νηροὺς.
1131 2374 1179 2401 καὶ
1201 2373 1306 2405 πάντας
1322 2371 1438 2398 ἐνταῦθα
1452 2370 1534 2405 ἐτίμα
1562 2370 1625 2401 τοὺς
1652 2368 1783 2403 ἀγαθοὺς,

992 2423 1107 2458 περιττὴ
1121 2423 1138 2457 ἡ
1157 2421 1205 2456 τῆς
1221 2420 1340 2456 κρίσεως
1357 2416 1393 2454 ἦν
1412 2418 1514 2453 ἡμέρα.
1538 2416 1623 2443 Πάλιν
1639 2417 1664 2442 εί
1684 2415 1785 2451 μηδένα

991 2468 1104 2501 ἐκόλαζε
1118 2467 1248 2503 πονηρὸν,
1268 2465 1336 2500 μηδέ
1351 2463 1433 2499 ἐτίμα
1449 2462 1510 2489 τινὰ
1527 2461 1581 2487 τῶν
1597 2461 1723 2495 ἀγαθῶν,
1738 2461 1785 2487 καὶ

991 2516 1016 2541 οί
1031 2514 1129 2548 φαῦλοι
1146 2512 1307 2548 φαυλότεροι
1324 2510 1372 2537 καὶ
1397 2509 1511 2539 κακίους
1528 2508 1561 2534 ἂν
1583 2506 1720 2541 ἐγένοντο,
1747 2506 1785 2538 ὡς

993 2559 1083 2594 πολλῷ
1098 2559 1152 2586 τῶν
1172 2557 1299 2594 χρηστῶν
1324 2555 1514 2592 ῥᾳθυμότερον
1536 2555 1583 2580 καὶ
1615 2553 1746 2590 μειζόνως
1760 2553 1784 2579 οί

995 2606 1153 2643 βουλόμενοι
1178 2605 1359 2640 βλασφημεῖν,
1377 2602 1571 2638 κατηγόρησαν
1590 2601 1623 2628 ἂν
1637 2600 1684 2627 τοῦ
1698 2599 1766 2626 Θεοῦ
1776 2620 1783 2631 ,

994 2653 1042 2680 καὶ
1057 2651 1209 2686 ὁλοσχερῶς
1224 2650 1257 2677 ἂν
1271 2647 1348 2676 εἷπον
1368 2647 1581 2683 ἀποστερεῖσθαι
1608 2647 1737 2681 προνοίας
1750 2647 1785 2673 τὰ

994 2698 1055 2726 καθ’
1071 2697 1156 2733 ἡμᾶς.
1168 2696 1199 2722 Εἰ
1211 2695 1265 2730 γὰρ
1280 2694 1326 2721 καὶ
1343 2693 1391 2721 νῦν
1406 2692 1597 2728 κολαζομένων
1608 2691 1690 2718 τινῶν
1704 2699 1787 2726 πονη-

997 2745 1062 2782 ρῶν.
1077 2744 1124 2770 καὶ
1146 2741 1310 2778 τιμωμένων
1332 2739 1460 2775 ἀγαθῶν,
1480 2739 1581 2775 ὁμοίως
1601 2738 1683 2773 φασὶν
1699 2738 1786 2774 ἀπρο-

1030 2845 1042 2860 ³
1054 2844 1121 2870 Culh.
1134 2842 1354 2875 ἁπαρεμποδίστως.
1371 2841 1435 2866 Edil.
1457 2840 1667 2872 ἀπαραποδέστους.
