1978 3130
112 199 156 228 93,5
612 201 613 205 “
661 203 704 231 DE
723 204 868 233 DlABOLO
887 206 1102 236 TENTATORE.
1119 209 1231 240 HOMlL.
1247 212 1279 241 Il.

117 257 199 293 probis
213 268 221 287 :
237 265 266 288 et
281 262 425 296 quosdam
440 263 542 292 honore
558 262 638 292 allicit
652 286 660 298 ,
674 265 802 301 quosdam
818 265 920 294 honore

121 314 164 333 non
177 305 260 334 afﬁcit
275 315 311 335 ex
334 309 428 337 bonis.
444 310 502 338 Non
517 311 694 346 punitomnes
705 333 713 345 ,
726 317 756 340 ut
769 312 816 340 tibi
829 320 921 341 resur-

123 354 260 381 rectionem
274 362 340 383 esse
363 357 543 391 persuadeat;
556 358 686 393 quosdam
699 366 764 387 vero
778 359 855 394 punit
869 380 878 393 ,
892 364 921 387 ut

125 400 326 436 negligentiones
348 410 400 437 per
411 403 524 430 aliorum
535 404 692 439 supplicium
706 405 801 432 timore
813 405 920 440 percul-

125 454 165 474 sos
182 446 370 482 diligentiores
388 449 495 476 efﬁciat.
511 449 615 476 Rursus
634 450 775 478 nonnullos
791 459 823 478 ex
836 451 916 478 bonis

126 493 218 520 honore
233 493 317 521 afticit
327 515 336 527 ,
363 500 393 522 ut
407 501 518 523 caeteros
532 497 565 523 ad
580 504 698 524 amorem
715 498 820 525 virtutis
833 499 918 526 hono-

125 541 191 567 ribus
206 541 257 567 illis
271 541 385 575 alliciat;
397 549 450 569 non
459 550 552 570 omnes
564 547 652 570 autem
663 543 807 571 honoribus
821 544 915 578 afﬁcit,

124 591 148 613 ut
166 587 282 614 alterum
305 591 414 622 tempus
438 596 498 616 esse
517 596 664 623 cognoscas
680 610 687 623 ,
705 591 775 625 quod
795 592 919 619 omnibus

122 633 268 660 mercedem
284 635 432 668 persolvet.
445 635 474 662 Si
485 635 555 662 enitn
566 642 662 663 omnes
676 636 702 663 in
718 637 767 664 hac
783 638 845 670 vita,
859 646 918 672 qua:

122 684 283 713 meruerunt,
295 681 460 715 acciperent,
473 681 588 708 sermoni
596 681 630 709 de
638 684 833 710 resurrectione
840 683 917 711 fidem

121 725 213 752 habere
225 731 399 759 recusarent;
412 727 482 762 quod
491 727 513 754 si
527 734 607 755 nemo
617 735 677 763 quae
687 733 831 762 meruerat,
841 737 917 757 rece-

120 771 308 805 pisset,plures
313 776 388 799 certe
397 773 601 808 uegligentiores
607 773 762 802 evasissent.
772 774 915 809 Propterea

118 816 245 852 quosdam
264 818 350 852 punit,
358 818 487 853 quosdam
497 819 605 846 minime
614 820 699 854 punit,
709 824 806 848 etcum
822 821 862 849 eis
873 822 917 856 qui

119 864 272 897 puniuntur,
289 869 346 891 tum
361 865 401 892 eis
426 866 470 900 qui
486 873 539 892 non
555 867 701 901 puniuntur
715 867 842 901 prodest;
855 875 916 895 nam

118 910 224 936 istorum
236 910 346 944 quidetn
360 911 480 946 reprimit
502 912 696 946 improbitatem
711 933 718 944 ,
730 913 834 940 illorum
853 921 917 941 vero

116 957 243 992 supplicio
254 958 433 985 modestiores
443 963 556 986 caeteros
565 959 659 986 reddit.
667 961 754 994 Atque
769 961 821 988 hoc
834 969 866 988 ex
883 961 916 988 il-

117 1004 157 1037 lis,
168 1012 227 1039 qua:
240 1004 309 1031 dixit
319 1004 442 1032 Christus
452 1005 518 1039 ipse,
529 1005 698 1033 manifestum
707 1011 757 1034 est.
769 1006 836 1034 Cum
845 1007 916 1035 enim

117 1051 296 1077 renuntiatum
307 1051 343 1078 illi
353 1056 424 1078 esset
437 1052 580 1087 collapsam
596 1053 688 1080 turrim
700 1053 822 1082 homines
835 1062 917 1089 quos-

117 1096 173 1123 dam
184 1096 320 1129 obrttisse,
334 1097 371 1124 ait
384 1097 418 1124 ad
432 1097 501 1124 illos:
517 1097 585 1131 Quid
603 1099 750 1126 existimatis
761 1102 821 1135 quia
828 1105 851 1127 et
861 1101 911 1135 ipsi

116 1147 256 1176 peccatores
270 1143 366 1177 fuerint
381 1143 463 1170 solum
472 1144 484 1171 ?
493 1143 564 1177 Non,
578 1144 635 1172 dico
644 1144 712 1172 vobis
728 1153 737 1172 :
750 1145 795 1172 sed
805 1146 826 1172 si
836 1146 916 1181 paeni-

116 1189 215 1215 tentiam
224 1197 276 1216 non
285 1190 396 1224 egeritis,
407 1194 429 1216 et
437 1197 479 1217 vos
492 1190 580 1217 eadem
588 1190 718 1225 patiemini
731 1191 806 1226 (Luc.
817 1191 860 1219 l5.
874 1192 914 1227 4).

147 1233 198 1261 Cur
213 1243 267 1261 non
281 1242 369 1261 omnes
382 1235 422 1260 hic
438 1235 707 1270 puniantur.—Vides
721 1241 750 1263 ut
761 1237 798 1263 illi
806 1244 913 1272 quoque

115 1284 222 1315 propter
240 1284 351 1315 peccata
363 1280 508 1314 perierint,
524 1285 550 1308 et
562 1282 653 1309 caeteri
664 1286 772 1316 propter
783 1282 913 1317 justitiam

113 1333 163 1352 non
173 1325 329 1358 evaserint,
345 1326 393 1354 sed
407 1331 436 1353 ut
448 1327 551 1354 illorttnt
565 1327 696 1362 supplicio
710 1328 805 1356 fierent
815 1329 912 1356 melio-

112 1372 174 1399 res?
188 1371 287 1406 ltaque
303 1371 401 1406 injuria
416 1377 478 1400 sunt
490 1372 587 1406 aﬂ'ecti,
603 1373 704 1408 inquit,
720 1373 777 1406 illi,
793 1375 838 1409 qui
854 1382 912 1410 pce-

110 1427 158 1446 nas
170 1419 323 1447 dederunt:
341 1424 465 1455 poterant
478 1420 550 1447 enim
563 1424 590 1447 et
604 1420 654 1455 ipsi
669 1428 722 1447 non
736 1421 830 1455 puniti,
845 1422 913 1449 alio-

109 1473 168 1492 rum
182 1466 318 1500 supplicio
339 1465 396 1493 fieri
418 1466 552 1493 meliores.
568 1467 649 1501 Atqui
673 1467 695 1494 si
711 1467 838 1494 meliores
852 1468 912 1495 illos

108 1519 157 1546 per
170 1511 360 1546 pcenitentiam
371 1519 500 1539 evasuros
510 1512 632 1539 scivisset
642 1532 649 1544 ,
672 1520 840 1547 nequaquam
852 1513 912 1541 illos

108 1558 268 1592 pttnivisset.
283 1557 312 1585 Si
330 1558 402 1585 enim
417 1566 476 1586 cum
490 1559 634 1593 prievideat
647 1559 737 1586 multis
755 1567 832 1586 suam
852 1560 912 1587 lou-

107 1605 297 1639 ganimitatetn
309 1604 375 1632 nihil
393 1604 574 1639 profuturam,
592 1609 681 1632 tamen
694 1613 742 1633 eos
755 1606 838 1633 multa
850 1614 910 1634 eum

107 1651 351 1686 patientiatolerat,
366 1658 428 1678 suas
448 1655 536 1686 partes
553 1658 644 1686 agens,
655 1656 682 1678 et
692 1651 910 1685 illisconcedens,

106 1702 135 1724 ut
151 1704 166 1723 a
187 1696 302 1724 stultitia
316 1704 363 1723 sua
378 1696 536 1731 resipiscam
558 1706 565 1723 :
580 1696 714 1731 qttomodo
728 1704 785 1730 eos,
797 1698 842 1732 qui
855 1705 909 1724 cae-

107 1748 229 1769 terorum
248 1742 382 1777 supplicio
402 1743 525 1769 meliores
545 1742 651 1769 evasuri
666 1747 752 1774 erant,
776 1750 808 1770 eo
823 1743 908 1770 fructu

106 1788 227 1822 privaret
237 1809 245 1821 ,
269 1789 316 1822 qui
332 1795 365 1815 ex
382 1788 538 1822 poenitentia
551 1789 719 1823 percipitur?
734 1789 824 1824 Itaque
836 1790 909 1817 nulla

105 1834 148 1861 isti
158 1834 215 1861 lursi
229 1838 294 1861 sunt
306 1833 403 1868 injuria
417 1854 424 1866 ,
440 1833 510 1869 quod
523 1839 551 1861 et
563 1834 670 1861 illorum
684 1834 783 1862 malitia
797 1835 832 1862 sit
846 1842 909 1870 sup-

104 1879 186 1914 plicio
198 1887 325 1914 repressa
341 1899 348 1912 ,
376 1883 403 1907 et
425 1879 493 1914 quod
514 1879 628 1907 leviores
652 1885 794 1915 propterea
814 1881 908 1908 futura:

102 1926 160 1952 sint
171 1933 270 1960 paenae,
281 1933 348 1960 quas
359 1924 386 1952 in
402 1925 487 1953 altero
502 1925 602 1953 saeculo
617 1925 707 1953 luituri
718 1930 788 1959 sunt,
799 1927 869 1961 quod
879 1927 905 1954 in

102 1971 157 1998 isto
166 1971 234 1998 mala
249 1970 438 1998 sustinuerint.
453 1970 555 1998 Rursus
566 1971 602 1998 illi
617 1972 662 2006 qui
677 1972 761 2006 puniti
771 1979 822 1999 non
834 1977 905 2005 sunt,

102 2017 179 2044 nulla
193 2022 258 2044 sunt
284 2017 383 2052 injuria
399 2017 466 2044 lazsi.
480 2017 566 2044 Licuit
579 2017 650 2044 enim
663 2017 728 2052 ipsis
740 2039 748 2050 ,
764 2018 785 2045 si
800 2018 906 2053 quidem

101 2063 268 2094 voluissent,
281 2062 482 2097 longanimitate
494 2062 539 2089 Dei
554 2062 586 2090 ad
598 2064 726 2098 optimam
734 2064 771 2091 uti
781 2065 907 2091 mutatio—

100 2116 185 2141 nem,
202 2108 361 2143 patientiam
379 2108 437 2142 ejus
458 2108 590 2135 laudando
611 2116 743 2136 sumtnam
766 2109 824 2144 ejus
839 2111 906 2138 tole-

101 2154 220 2181 rat-tiam
235 2154 370 2185 revereri,
379 2158 406 2180 et
419 2153 452 2180 ad
465 2154 591 2181 virtutem
605 2155 748 2190 aliquattdo
761 2157 880 2184 converti
896 2178 903 2190 ,

99 2205 184 2235 atqtte
197 2208 231 2227 ex
248 2200 362 2226 aliorum
373 2199 504 2235 supplicio
517 2200 630 2228 salutem
646 2209 720 2228 suam
739 2201 903 2230 lucrifacere.

98 2246 181 2280 Quod
203 2246 226 2272 si
246 2247 274 2272 in
304 2245 421 2279 nequitia
441 2250 617 2280 perseverant
629 2266 636 2278 ,
663 2253 716 2274 non
740 2247 810 2274 Deus
821 2253 863 2275 est
877 2249 903 2275 in

98 2291 253 2326 causa,qui
264 2296 404 2325 propterea
418 2291 549 2325 patienter
563 2290 623 2324 fert,
640 2296 668 2319 ut
682 2299 728 2319 eos
743 2293 793 2320 sibi
809 2301 904 2321 recon-

98 2337 192 2370 ciliet;
207 2344 304 2364 verum
321 2336 358 2363 illi
371 2337 447 2364 venia
460 2341 522 2364 sunt
537 2337 654 2372 indigni,
670 2338 714 2373 qui
728 2339 773 2365 Dei
786 2339 905 2374 longani-

99 2385 208 2415 mitate,
216 2388 245 2410 ut
256 2383 384 2418 oportuit,
397 2391 450 2410 non
463 2383 517 2410 sint
538 2384 588 2410 usi.
600 2383 692 2419 Neque
701 2392 764 2412 vero
773 2386 903 2413 rationem

99 2433 211 2457 tantum
225 2429 304 2456 istam
317 2428 414 2456 afferre
426 2436 568 2464 possumus
580 2450 587 2460 ,
602 2429 637 2456 ob
650 2437 728 2464 quam
749 2430 775 2458 in
789 2431 838 2458 hac
850 2431 903 2458 vita

99 2475 168 2503 mali
186 2482 284 2503 omnes
304 2475 414 2502 minime
429 2475 580 2509 plectuntur
591 2495 599 2508 ,
624 2475 670 2502 sed
686 2481 713 2503 et
729 2475 808 2503 aliam
820 2477 903 2504 nihilo

99 2522 153 2548 ista
169 2522 315 2548 minorem.
329 2520 414 2553 Quam
427 2520 550 2548 tandem?
561 2520 636 2553 Quod
651 2521 787 2554 nimirum,
802 2523 824 2549 si
839 2530 903 2550 con-

99 2568 194 2595 festim
209 2572 271 2603 post
288 2573 397 2602 peccata
412 2574 504 2601 poenas
519 2571 637 2595 sumeret
661 2568 731 2595 Deus
745 2590 752 2600 ,
767 2569 901 2597 sublatttm

98 2619 176 2641 esset
191 2621 207 2641 e
222 2614 314 2641 medio
328 2620 413 2648 genus
425 2612 569 2640 humanunt
583 2635 590 2646 ,
604 2621 691 2648 neque
705 2615 831 2642 continua
842 2622 902 2642 suc-

97 2661 226 2688 cessione
249 2660 283 2687 ad
300 2660 358 2687 haec
372 2664 492 2694 tempora
515 2660 688 2694 pervenisset.
709 2661 798 2696 Atque
810 2666 838 2688 ut
852 2661 903 2688 hoc

99 2714 195 2734 verum
204 2714 266 2734 esse
280 2713 444 2741 cognoscas,
458 2705 519 2733 audi
530 2706 687 2741 prophetam
699 2706 832 2735 dicentem
848 2716 854 2734 :
871 2707 903 2735 Si

99 2754 247 2788 iniquitates
261 2752 433 2780 observaveris
444 2773 451 2784 ,
467 2752 591 2787 Domine,
607 2753 663 2788 quis
670 2753 799 2781 sustinebit
815 2753 900 2789 (Paul.

101 2800 165 2830 129,
180 2799 230 2835 5)?
243 2799 321 2834 Quod
335 2798 358 2825 si
372 2798 462 2825 lubeat
473 2797 523 2825 hoc
532 2798 632 2825 dietum
644 2799 806 2832 examinare,
819 2799 901 2826 omis-

100 2855 130 2875 sa
157 2849 185 2876 in
207 2847 378 2883 singulorum
401 2846 480 2872 vitam
500 2850 591 2874 exacta
607 2840 776 2881 inquisitione
802 2847 902 2882 (neque

100 2895 173 2922 enim
188 2894 245 2922 fleri
261 2896 363 2929 potest,
380 2895 409 2918 ut
417 2899 475 2927 quae
487 2892 598 2926 quisque
606 2891 719 2927 gesserit
729 2891 754 2918 in
765 2892 818 2919 vita
830 2891 900 2920 scia-

99 2940 183 2976 mus),
197 2947 258 2976 quae
273 2938 335 2967 sine
350 2936 561 2964 centradictione
569 2937 657 2964 cuncti
665 2944 816 2972 peccamus,
827 2944 858 2965 ea
869 2937 896 2965 in

1720 215 1771 245 256

973 267 1090 298 medium
1103 269 1281 304 proferamus,
1295 275 1322 298 et
1334 279 1367 299 ex
1377 271 1427 299 hoc
1434 273 1510 302 nobis
1525 275 1645 311 liqueott,
1656 278 1728 313 quod
1748 279 1770 307 si

974 315 1010 343 ob
1023 315 1125 351 singula
1139 320 1246 350 peccata
1260 317 1424 351 puniremur,
1435 318 1491 354 jam
1504 321 1567 348 olim
1583 323 1721 358 periissem
1729 334 1769 352 us.

973 361 1024 394 Qui
1034 361 1142 389 fratrem
1156 369 1234 389 suum
1249 362 1349 390 fatuum
1360 364 1579 399 appellarit,reus
1588 372 1629 395 est
1639 369 1770 404 gehennae

973 408 1040 443 ignis
1055 408 1163 444 (Matth.
1178 409 1205 437 5.
1219 409 1278 444 22),
1297 409 1391 444 inquit.
1404 412 1445 438 An
1459 412 1539 447 igitur
1551 419 1593 441 est
1606 415 1701 450 aliqttis
1725 425 1772 443 no-

972 458 1068 486 strum,
1082 455 1127 489 qui
1139 454 1189 482 hoc
1202 460 1339 490 peccatum
1350 464 1404 484 non
1417 459 1602 487 commiserit?
1612 469 1711 497 ergone
1728 470 1770 490 su-

973 498 1028 526 bito
1051 507 1065 526 e
1087 500 1176 527 medio
1195 501 1251 528 tolli
1272 502 1417 536 oportuit?
1440 503 1530 539 Itaque
1552 505 1649 534 sublati
1674 515 1773 536 omnes

971 553 1092 574 essemus
1103 555 1118 574 e
1126 547 1225 581 medio,
1235 552 1315 584 atque
1326 549 1406 577 deleti
1418 552 1551 586 quondam
1562 557 1589 580 et
1598 553 1768 588 jamdudum.

971 591 1075 620 Rursus
1090 593 1112 620 is
1127 593 1172 628 qui
1183 593 1266 628 jurat,
1281 594 1375 630 inquit,
1388 597 1439 623 etsi
1448 602 1521 625 recte
1533 598 1614 633 juret,
1632 607 1688 627 rem
1701 602 1765 634 agit,

971 645 1030 672 quae
1052 646 1067 665 a
1093 640 1164 666 tnalo
1191 645 1232 667 est
1255 639 1315 677 (Ib.
1341 649 1364 668 υ.
1381 642 1415 670 57
1429 641 1451 678 ).
1475 643 1540 677 Quis
1562 645 1639 680 igitur
1658 651 1699 673 est
1722 648 1766 681 qui

971 691 1024 709 tton
1037 683 1151 718 jurarit?
1166 686 1220 712 imo
1237 694 1299 714 vero
1315 707 1323 721 ,
1339 688 1399 722 quis
1421 693 1463 716 est
1486 690 1531 724 qui
1552 698 1605 717 non
1624 692 1768 726 aliquattdo

975 729 1121 764 pejerarit?
1132 730 1181 764 Qui
1195 732 1344 765 mulierem,
1358 734 1457 769 inquit,
1473 736 1567 769 aspicit
1581 737 1687 765 lascivis
1699 746 1764 766 ocu-

970 775 1013 808 lis,
1039 775 1143 803 adulter
1170 777 1302 812 perfectus
1321 783 1364 807 est
1383 780 1443 816 (Ib.
1457 789 1480 808 υ.
1505 782 1564 817 28).
1580 784 1666 819 Atque
1687 784 1769 820 hujus

970 827 1034 848 sane
1059 822 1161 856 peccati
1182 824 1280 851 multos
1304 824 1440 853 offendere
1453 834 1595 862 possumus
1616 837 1686 857 reos.
1698 831 1765 858 Cum

969 865 1050 901 igitur
1063 867 1120 894 hate
1133 876 1192 902 qua:
1205 869 1232 896 in
1245 869 1368 898 confesso
1382 877 1454 905 sunt,
1471 874 1531 900 talia
1548 878 1655 909 tamque
1667 875 1764 904 intole-

969 911 1053 938 randa
1066 912 1128 944 sint,
1141 918 1168 940 et
1182 914 1277 942 horum
1291 917 1395 951 singula
1409 918 1522 945 seorsim
1536 921 1696 955 supplicium
1716 929 1764 949 no-

970 957 1010 984 bis
1024 964 1163 987 accersant
1176 960 1331 989 inevitabile
1341 983 1348 996 ,
1364 964 1387 990 si
1403 971 1434 991 ea
1449 973 1554 1000 quoque
1568 967 1705 994 nobiscum
1720 977 1764 996 rc-

969 1008 1093 1038 putemus
1107 1027 1115 1038 ,
1132 1014 1191 1041 qua:
1207 1009 1311 1036 oce'ultc
1332 1011 1500 1044 peccavimus
1516 1032 1523 1046 ,
1541 1017 1596 1040 tum
1617 1015 1764 1049 prtesertim

968 1051 1085 1078 divinam
1097 1053 1290 1087 providentiam
1304 1063 1479 1090 agnoscemus
1494 1079 1502 1090 ,
1518 1067 1579 1094 quin
1598 1068 1650 1088 non
1664 1061 1691 1088 in
1705 1062 1764 1089 sin-

967 1098 1028 1133 gula
1039 1099 1115 1127 nobis
1129 1105 1234 1135 peccata
1250 1103 1409 1136 supplicium
1425 1103 1530 1132 inferat.
1544 1105 1635 1141 Itaque
1648 1107 1670 1134 si
1684 1115 1762 1142 quem

967 1144 1066 1172 videris
1081 1146 1227 1180 rapientem
1247 1169 1254 1181 ,
1271 1147 1437 1177 fraudantetn
1450 1170 1457 1181 ,
1472 1155 1499 1178 et
1512 1158 1572 1178 eum
1587 1153 1696 1180 minime
1705 1161 1756 1188 pu-

967 1190 1028 1224 niri,
1045 1197 1140 1220 excute
1150 1196 1178 1219 tu
1188 1201 1293 1228 quoque
1308 1196 1497 1224 conscientiam
1509 1202 1580 1225 tuam
1594 1218 1601 1230 ,
1614 1204 1706 1233 reputa
1720 1204 1760 1227 te-

966 1243 1026 1263 cum
1042 1237 1121 1264 vitam
1137 1242 1224 1271 tuam,
1238 1245 1265 1266 et
1281 1245 1324 1266 tua
1333 1240 1428 1268 delicta
1445 1250 1571 1276 percurre
1585 1253 1591 1270 :
1607 1249 1662 1271 tum
1679 1245 1763 1280 probo

966 1281 1099 1317 intelliges
1113 1283 1157 1310 tibi
1174 1285 1261 1318 primo
1270 1293 1322 1312 non
1338 1287 1481 1321 expedire,
1494 1293 1522 1315 ut
1537 1289 1562 1315 in
1573 1290 1690 1323 peccatis
1703 1291 1760 1318 sin-

966 1327 1035 1362 gulis
1050 1329 1177 1362 puniaris.
1195 1329 1296 1358 ldcirco
1308 1331 1380 1359 enim
1395 1340 1488 1361 severe
1504 1335 1579 1361 multi
1596 1335 1757 1370 loquuntur,

965 1373 1036 1408 quod
1063 1381 1116 1401 non
1140 1383 1186 1402 sua
1213 1376 1286 1410 pritts
1308 1385 1387 1412 quant
1408 1379 1493 1406 aliena
1512 1381 1698 1409 considerent:
1714 1383 1761 1410 sed

965 1419 1063 1446 nostris
1076 1419 1184 1447 omissis
1194 1429 1288 1449 omnes
1300 1423 1325 1450 in
1339 1431 1383 1451 res
1393 1425 1504 1452 aliorum
1517 1426 1690 1460 inquiramus.
1706 1428 1761 1456 Ve-

965 1467 1114 1491 rumtamen
1129 1472 1162 1492 ne
1176 1466 1291 1500 amplius
1307 1467 1332 1494 id
1348 1476 1457 1503 agamus
1472 1490 1480 1503 ,
1497 1470 1543 1498 sed
1558 1471 1635 1506 plane
1652 1479 1761 1501 contra-

965 1508 1045 1536 rium.
1062 1511 1101 1538 Ac
1118 1511 1140 1538 si
1155 1512 1263 1546 quidem
1288 1513 1389 1547 justum
1412 1515 1526 1550 aliquem
1541 1518 1628 1551 puttiri
1642 1519 1733 1547 videas
1749 1541 1756 1554 ,

963 1553 1016 1581 Job
1030 1556 1191 1584 recordare:
1208 1558 1257 1585 etsi
1273 1560 1344 1586 enim
1356 1560 1444 1594 justus
1463 1562 1498 1589 sit
1517 1563 1612 1598 aliquis
1623 1585 1630 1596 ,
1651 1572 1700 1592 nec
1716 1570 1759 1593 ta-

964 1607 1024 1627 men
1034 1600 1130 1635 justior
1145 1602 1190 1629 illo
1201 1603 1261 1636 erit,
1272 1612 1357 1639 neqtte
1370 1606 1412 1633 vel
1424 1607 1555 1635 modicum
1568 1609 1603 1637 illi
1619 1611 1756 1644 proximus

963 1645 1029 1672 erit:
1041 1653 1073 1673 ac
1088 1646 1150 1674 licet
1163 1648 1301 1676 innumera
1310 1650 1345 1677 sit
1357 1652 1424 1678 mala
1437 1654 1658 1687 passus,necdutu
1670 1661 1757 1684 tamett

963 1691 1106 1726 quidquatn
1123 1693 1175 1720 tale
1190 1701 1284 1728 passus
1297 1700 1347 1729 est,
1364 1697 1442 1731 quale
1455 1699 1496 1726 vir
1512 1699 1565 1727 ille.

998 1738 1026 1766 8.
1042 1739 1097 1766 Hoc
1111 1740 1190 1774 igitur
1200 1746 1290 1769 mente
1304 1750 1433 1777 versans,
1448 1744 1541 1773 desine
1552 1746 1692 1774 Dominutn
1706 1756 1751 1775 ac-

962 1790 1065 1817 cusare,
1080 1792 1140 1811 eum
1151 1785 1284 1822 intelligas
1298 1787 1390 1821 Deum,
1405 1797 1459 1816 non
1469 1790 1540 1825 quod
1551 1791 1625 1819 illum
1636 1793 1753 1827 deserat,

964 1829 1044 1856 talem
1058 1829 1147 1858 sinere
1162 1831 1238 1859 malis
1247 1832 1327 1868 afﬂigi
1338 1854 1345 1866 ,
1362 1834 1410 1862 sed
1428 1836 1499 1870 quod
1513 1836 1586 1864 illum
1601 1845 1698 1867 corona
1709 1840 1756 1867 do-

964 1882 1029 1902 nare
1044 1879 1123 1910 atque
1135 1875 1308 1905 illustriorem
1323 1879 1386 1907 velit
1400 1880 1522 1909 reddere.
1539 1882 1566 1910 Si
1582 1891 1646 1911 vero
1659 1892 1754 1919 pecca-

962 1925 1045 1947 torcm
1055 1921 1146 1948 videas
1153 1922 1433 1957 castigari,recordare
1439 1927 1586 1962 paralytici,
1596 1930 1640 1963 qui
1648 1930 1754 1964 triginta

960 1972 987 1994 et
995 1968 1115 2003 octojam
1124 1976 1207 1996 annos
1217 1970 1243 1996 in
1251 1970 1320 1998 lecto
1330 1971 1492 2000 decubuerat
1502 1973 1621 2010 (Joan.5.
1637 1976 1674 2012 5).
1685 1977 1750 2005 Nam

960 2012 1034 2040 illum
1048 2018 1156 2049 propter
1170 2020 1279 2050 peccata
1291 2021 1345 2044 tum
1355 2017 1478 2046 traditum
1499 2019 1537 2047 illi
1552 2021 1646 2049 morbo
1661 2021 1754 2056 fuisse,

959 2060 1019 2087 audi
1029 2068 1081 2094 quo
1093 2065 1170 2096 pacto
1183 2061 1283 2089 Christi
1297 2063 1378 2091 verba
1393 2068 1533 2093 testentur:
1546 2065 1612 2094 Ecce
1623 2076 1701 2095 sanus
1714 2069 1756 2104 fa-

959 2110 1014 2132 ctus
1024 2114 1049 2133 es
1057 2114 1066 2132 :
1071 2107 1128 2141 jam
1141 2107 1195 2134 noli
1203 2116 1316 2143 peccare,
1329 2117 1360 2136 ne
1369 2109 1477 2138 deterius
1489 2111 1533 2138 tibi
1551 2113 1648 2148 aliquid
1654 2115 1755 2141 contin-

958 2156 1001 2186 gat
1016 2151 1095 2187 (Ibid.
1110 2160 1134 2180 υ.
1152 2153 1206 2188 14).
1226 2153 1272 2181 Vel
1283 2155 1355 2182 enim
1371 2163 1462 2183 eorum
1475 2165 1534 2192 quae
1549 2160 1732 2188 commisimus
1748 2183 1755 2194 ,

960 2196 1058 2224 luimus
1072 2205 1174 2232 punias,
1186 2198 1250 2226 dum
1261 2201 1436 2235 castigamur;
1448 2203 1489 2230 vel
1502 2205 1669 2232 occasionem
1683 2207 1756 2233 acci-

959 2243 1046 2277 pimus
1064 2251 1237 2278 coronarum,
1250 2245 1273 2272 si
1284 2246 1346 2273 dum
1360 2253 1432 2276 recte
1451 2249 1564 2277 vivimus
1574 2271 1581 2282 ,
1595 2251 1673 2279 malis
1685 2253 1755 2280 afﬂi-

957 2288 1052 2320 gimur.
1076 2288 1165 2324 Itaque
1182 2291 1238 2318 sive
1256 2291 1280 2318 in
1301 2291 1403 2326 justitia
1423 2294 1481 2321 sive
1493 2295 1520 2322 in
1536 2297 1652 2330 peccatis
1673 2298 1756 2326 vitam

957 2333 1084 2369 degamus
1095 2355 1102 2368 ,
1116 2335 1178 2362 utile
1192 2336 1268 2364 nobis
1283 2342 1324 2365 est
1334 2339 1430 2372 puniri,
1447 2340 1517 2375 quod
1531 2341 1556 2368 id
1571 2342 1714 2377 aliquando
1727 2345 1758 2372 il-

957 2381 1096 2409 lustriores
1110 2389 1159 2409 nos
1173 2383 1279 2417 reddat,
1294 2384 1436 2420 aliquando
1449 2387 1625 2417 modestiores
1638 2390 1736 2418 efﬁciat
1748 2413 1755 2423 ,

956 2434 988 2455 ac
1000 2427 1117 2455 futurutn
1140 2429 1299 2464 supplicium
1314 2431 1391 2459 nobis
1412 2433 1523 2469 mitiget.
1541 2435 1622 2464 Posse
1641 2444 1758 2473 namque

956 2474 1070 2508 aliquem
1087 2495 1094 2507 ,
1110 2475 1155 2510 qui
1171 2475 1250 2503 fuerit
1273 2476 1299 2503 in
1319 2477 1369 2505 ltae
1383 2479 1435 2506 vita
1451 2480 1568 2514 punitus,
1580 2486 1607 2509 et
1618 2491 1678 2510 eum
1695 2492 1756 2519 gra-

957 2520 1052 2547 tiarum
1065 2520 1169 2548 actione
1181 2527 1276 2548 cuncta
1295 2523 1441 2556 pertulerit,
1461 2526 1617 2560 gravitatem
1632 2527 1756 2564 supplicii

957 2564 983 2593 in
992 2567 1073 2594 altera
1093 2567 1146 2594 vita
1160 2568 1288 2596 subeundi
1303 2569 1426 2605 mitigare
1441 2592 1449 2604 ,
1469 2572 1542 2600 disce
1564 2582 1597 2601 ex
1618 2574 1659 2601 his
1683 2576 1756 2603 Pault

957 2613 1044 2640 verbis
1055 2622 1062 2640 :
1073 2612 1136 2639 Ideo
1142 2613 1206 2641 inter
1214 2615 1257 2641 vos
1267 2615 1340 2642 multi
1351 2616 1447 2650 infirmi
1460 2622 1483 2644 et
1497 2618 1644 2652 imbecilles,
1657 2625 1681 2648 et
1694 2621 1756 2648 dar-

957 2658 1036 2685 miunt
1046 2659 1129 2685 multi.
1146 2659 1220 2692 Quod
1234 2660 1256 2687 si
1270 2661 1616 2697 nosmetipwrjudicaremus
1625 2685 1632 2698 ,
1644 2674 1695 2693 non
1705 2666 1756 2693 uti-

955 2713 1003 2739 que
1008 2705 1196 2739 judicaremur;
1212 2706 1271 2732 dum
1282 2707 1528 2742 judicamurautem,
1539 2710 1756 2739 aDominocorri-

957 2753 1082 2787 pimur,ut
1092 2761 1142 2779 non
1151 2762 1207 2780 cum
1218 2755 1312 2781 mundo
1321 2755 1469 2782 damnamur
1481 2756 1504 2792 (1
1516 2757 1574 2784 Cor.
1584 2759 1627 2785 Η.
1641 2758 1755 2793 50-52).

991 2797 1162 2825 Providentiae
1173 2798 1222 2825 Dei
1236 2799 1424 2828 demonstratio.
1439 2816 1475 2822 —
1498 2802 1561 2830 Haec
1576 2803 1653 2838 igitur
1666 2805 1756 2832 omnia

959 2852 1021 2872 cum
1034 2845 1170 2879 explorata
1184 2846 1237 2872 sint
1250 2845 1327 2874 nobis
1340 2867 1347 2879 ,
1363 2847 1399 2874 ita
1408 2847 1442 2874 de
1457 2849 1620 2882 providentia
1635 2850 1680 2877 Dei
1694 2850 1755 2884 phi—

955 2890 1144 2926 losophemur,
1160 2891 1251 2927 eisque
1271 2892 1316 2927 qui
1333 2893 1519 2921 contradicunt
1538 2902 1568 2922 os
1585 2894 1753 2922 obturemus.

956 2937 1031 2972 Quod
1045 2938 1065 2965 si
1078 2936 1141 2972 quid
1154 2937 1267 2973 accidat,
1278 2938 1348 2973 quod
1365 2943 1482 2967 mentem
1497 2944 1617 2968 nostram
1629 2941 1753 2974 excedat,
