1978 3130
242 209 295 237 251

242 275 277 294 ne
291 266 390 294 idcirco
409 272 452 293 res
471 269 576 293 nostras
590 264 677 292 divina
695 265 748 299 regi
769 264 932 299 providentia
948 270 1029 299 nege-

242 321 301 341 mus
316 321 322 344 ;
338 312 385 340 sed
403 320 464 339 cum
483 319 541 339 eam
554 319 588 338 ex
603 314 676 345 parte
689 310 967 345 comprehenderimus
980 331 987 342 ,
1003 310 1029 337 iu

241 360 274 387 iis
296 367 355 394 qum.
373 358 563 393 comprehendi
584 358 690 384 minime
712 363 832 392 queunt,
855 356 1030 391 iuvestigabili

241 405 299 439 ejus
322 405 458 439 sapientia:
472 403 607 431 cedamus.
629 403 656 430 Si
671 403 741 429 enim
761 402 877 429 hominis
891 403 1030 429 artilicium

242 451 323 478 homo
339 451 476 485 imperitus
490 449 594 485 assequi
609 449 717 477 minime
731 454 816 484 potest
829 471 836 482 ,
853 449 935 476 multo
950 448 1033 483 magis

242 498 406 533 impossibile
416 503 504 532 est,ut
515 499 669 526 immensam
686 499 731 525 Dei
746 498 938 533 providentiam
953 498 1031 524 intel-

243 544 308 578 ligat
322 552 398 572 mens
411 544 536 571 humana.
551 543 730 571 lmerutabilia
749 544 841 579 quippe
859 549 916 570 sunt
935 544 1035 578 judicia

243 590 309 623 ejus,
323 593 348 616 et
361 589 544 624 investigabiles
557 589 603 616 vite
617 590 671 624 eius
681 589 691 625 (
700 588 775 616 Rom.
791 590 835 616 ll.
848 589 882 616 35
893 590 912 623 ).
924 589 1036 616 Verum-

245 639 333 662 tamen
347 642 407 661 cum
426 643 457 662 ex
479 635 568 669 paucis
581 635 614 662 de
628 639 684 662 toto
701 635 832 669 possimus
853 635 1033 670 probationem

243 686 275 706 ac
290 679 367 706 fidem
379 684 479 706 certam
493 680 613 714 accipere
625 700 632 713 ,
653 688 700 715 pro
719 681 822 707 cunctis
838 689 896 716 qua:
914 681 1036 707 accidunt

245 724 301 752 Deo
319 726 417 759 gratias
439 733 556 760 agamus.
577 725 641 753 Nam
664 731 691 753 et
711 726 762 753 alia
779 726 881 753 ratione
897 733 1037 760 possumus

245 771 345 806 absque
361 772 411 798 ulla
428 772 638 800 contradictione
652 772 685 799 de
701 772 865 807 providentia
878 772 966 799 divina
982 772 1037 807 piti-

245 815 389 850 losophari,
402 817 422 843 si
434 817 556 844 velimus.
569 817 762 852 interrogemus
773 818 844 845 enim
859 817 1036 850 adversarios,

245 869 281 889 an
291 862 324 889 sit
337 863 424 889 Deus?
438 864 508 897 qttod
521 863 543 890 si
559 863 674 890 dixerint
688 871 740 890 non
755 871 814 891 esse
828 863 921 896 Deum,
934 872 967 890 ne
978 864 1037 891 illos

246 914 376 942 responso
390 907 539 942 dignentur.
557 907 588 935 Ut
604 909 674 935 enim
688 908 794 935 furiosis
808 917 913 943 aequum
927 916 980 936 non
996 913 1037 935 est

247 957 276 980 ut
288 953 432 988 quidquam
455 953 680 987 respondeamus,
700 955 736 981 ita
758 961 808 981 nec
825 955 876 981 illis
889 954 933 989 qui
953 954 1036 981 Deum

246 1006 300 1026 non
309 1006 367 1026 esse
377 999 477 1026 dicunt.
492 999 557 1026 Nam
569 1000 591 1026 si
606 1000 748 1035 navigium,
760 1001 785 1027 in
796 1008 848 1035 quo
864 1000 939 1035 pauci
951 1005 1037 1028 nauta:

247 1043 344 1071 fuerint
357 1048 385 1071 et
396 1049 527 1077 vectores,
545 1045 602 1072 fieri
613 1046 703 1080 nequit
717 1051 746 1073 ut
758 1046 891 1074 incolume
905 1051 1035 1078 servetur,

247 1097 282 1116 ne
295 1089 327 1116 ad
342 1091 418 1117 unius
429 1090 535 1125 quidem
549 1091 626 1118 stadii
642 1092 767 1125 spatium,
783 1092 884 1127 absque
895 1101 973 1120 manu
988 1091 1059 1128 gu-"

247 1135 396 1163 bernatoris
411 1145 418 1161 :
434 1137 516 1164 multo
530 1137 612 1172 magis
627 1142 715 1165 tantus
729 1138 772 1165 hic
794 1139 923 1172 mundus,
939 1141 981 1175 qui
1000 1145 1039 1168 tut

249 1181 274 1207 in
293 1188 322 1208 se
341 1189 451 1216 corpora
469 1183 587 1210 continet
601 1191 632 1210 ex
652 1184 791 1211 elementis
810 1185 922 1212 conﬂata
937 1206 944 1217 ,
966 1191 1039 1213 tanto

248 1231 370 1260 tempore
384 1236 435 1254 non
450 1228 589 1260 durasset,
604 1229 654 1256 nisi
669 1234 741 1256 esset
754 1230 840 1265 aliqua
852 1231 1016 1265 providentia
1030 1253 1037 1264 ,

249 1280 308 1306 qum
323 1273 359 1298 illi
376 1279 502 1308 praeesset
514 1295 520 1306 ,
535 1280 561 1301 et
577 1274 626 1301 hoc
639 1276 790 1302 universum
806 1281 923 1304 tueretur
935 1285 1040 1312 semper

595 210 623 239 S.
644 210 784 239 JOANNIS
803 207 1038 237 CHRYSOSTOMI
1059 208 1216 236 AllClllEl’.
1237 208 1504 237 CONSTANTINOP.

1823 209 1874 236 258

1081 270 1113 290 ac
1125 268 1238 298 regeret.
1261 263 1335 297 Quod
1357 263 1379 290 si
1395 271 1562 291 communem
1578 264 1696 292 omnium
1712 267 1874 293 sententiam

1082 315 1110 338 et
1124 311 1206 346 ipsam
1220 318 1310 338 rerum
1323 311 1513 346 experientiam
1525 312 1533 327 ί
1548 312 1653 339 reveriti
1668 312 1749 340 Deum
1766 319 1827 339 esse
1839 313 1874 337 fa-

1084 361 1189 384 teantur
1201 378 1208 389 ,
1225 356 1275 384 hoc
1289 357 1342 384 illis
1358 357 1477 384 dicamus
1495 366 1500 384 :
1515 356 1542 385 Si
1562 357 1596 384 sit
1613 357 1680 385 Deus
1691 379 1698 390 ,
1712 364 1742 385 ut
1757 357 1879 392 proferto

1084 407 1134 434 est,
1147 403 1265 437 sequitur
1275 410 1336 429 eum
1347 403 1426 430 etiam
1435 403 1535 438 justum
1547 411 1607 430 esse
1624 412 1631 429 τ
1647 403 1696 430 nisi
1707 403 1778 430 enim
1792 402 1879 437 justus

1085 448 1128 479 sit,
1140 455 1173 475 ne
1184 448 1253 476 Deus
1264 447 1369 482 quidem
1383 452 1424 474 est
1437 457 1443 474 :
1458 448 1528 482 quod
1542 448 1564 474 si
1576 448 1664 482 justus
1677 449 1720 479 sit,
1735 447 1880 482 unicuique

1086 501 1134 528 pro
1149 494 1249 520 meritis
1262 493 1358 521 reddit.
1373 494 1452 529 Atqui
1466 494 1585 521 videmus
1601 502 1652 522 non
1668 502 1761 521 omnes
1773 494 1818 522 hic
1833 501 1880 528 pro

1087 540 1188 566 meritis
1207 540 1325 573 recipere
1339 548 1345 566 :
1360 539 1471 574 proinde
1491 547 1602 567 necesse
1615 545 1654 566 est
1670 540 1780 567 alteram
1803 539 1880 566 uobis

1087 586 1230 621 repositam
1251 587 1451 613 retributionem
1471 594 1626 621 speremus,
1643 592 1669 613 ut
1682 594 1741 613 cum
1757 594 1805 621 pro
1823 594 1879 612 me-

1088 632 1146 660 ritis
1161 633 1341 667 unusquisque
1356 633 1506 668 receperit,
1521 639 1647 667 appareat
1663 633 1765 668 justitia
1778 633 1879 660 divina.

1089 679 1152 706 Htcc
1159 679 1230 706 enim
1242 680 1326 706 oratio
1337 687 1388 706 non
1402 679 1436 706 de
1451 679 1615 713 providentia
1627 679 1726 712 solum,
1739 679 1786 706 sed
1800 680 1880 707 etiam

1088 724 1122 752 de
1137 725 1331 752 resurrectione
1347 725 1541 760 philosophiam
1557 725 1633 752 nobis
1651 725 1803 752 introducit.
1821 726 1882 752 lta-e

1090 771 1169 806 igitur
1183 771 1298 798 scientes
1311 791 1318 803 ,
1339 778 1398 798 eum
1419 771 1469 805 ipsi
1489 771 1522 798 de
1538 771 1703 805 pravidentia
1717 776 1743 798 et
1758 779 1881 798 resurre-

1089 817 1177 844 ctione
1192 817 1365 848 tneditemur,
1381 822 1436 844 tum
1452 821 1563 844 caeteros
1576 817 1718 844 doceamus
1729 838 1736 848 ,
1757 821 1784 843 et
1803 825 1882 843 omne

1089 862 1204 889 studium
1220 863 1245 889 in
1260 862 1285 889 id
1299 862 1475 894 cauleramus,
1491 868 1518 889 ut
1534 863 1575 895 iis,
1589 863 1633 896 qui
1649 863 1776 889 adversus
1791 863 1882 889 Domi-

1091 915 1154 934 ntnn
1169 907 1312 940 insaniunt,
1329 915 1358 934 os
1372 907 1550 940 occludamus,
1566 915 1678 942 eumque
1693 915 1742 934 nos
1756 907 1782 934 in
1799 907 1883 933 omni.

1090 953 1138 980 bus
1151 954 1338 988 glorilicemns.
1360 954 1404 982 Sic
1423 954 1494 980 enim
1517 954 1645 989 majorem
1665 954 1722 989 ejus
1738 962 1833 981 curam
1854 962 1884 980 ac

1090 1001 1266 1035 patrocinium
1281 1001 1502 1035 promerebimur,
1513 1006 1538 1028 et
1551 1001 1661 1028 Inuitum
1674 1000 1803 1027 auxilium
1817 1000 1883 1027 obti-

1090 1045 1221 1080 nebimns,
1232 1051 1311 1081 atque
1321 1046 1356 1073 ita
1368 1055 1428 1073 vera
1441 1047 1540 1073 malitia
1556 1047 1737 1077 liberabimur,
1752 1051 1780 1073 et
1793 1045 1881 1073 futura

1091 1091 1159 1118 bona
1173 1099 1378 1126 consequentur,
1393 1093 1475 1127 gratia
1492 1097 1519 1119 et
1540 1092 1702 1126 benignitate
1718 1092 1823 1119 Domini
1841 1100 1884 1117 no-

1090 1138 1138 1164 stri
1153 1137 1216 1165 Jesu
1227 1137 1342 1171 Christi,
1358 1146 1404 1173 per
1417 1146 1498 1173 quem
1510 1143 1538 1166 et
1550 1147 1610 1165 cum
1624 1146 1677 1173 quo
1694 1138 1765 1164 l‘atri
1778 1137 1862 1172 gloria
1876 1159 1883 1170 ,

1091 1191 1142 1210 uua
1157 1191 1216 1210 cum
1229 1183 1327 1218 Spiritu
1338 1183 1527 1218 Sancto,nunc
1539 1189 1564 1211 et
1579 1191 1693 1218 semper.
1710 1189 1737 1210 et
1751 1184 1776 1210 in
1789 1183 1883 1210 saecula

1091 1229 1260 1256 seculorum.
1278 1231 1373 1256 Amen.

1125 1285 1132 1299 ¹
1151 1284 1228 1313 Colb.,
1241 1284 1350 1315 ipsarum
1359 1291 1440 1309 rerum
1449 1284 1632 1309 consensionem.

252 1382 292 1403 AD
315 1382 369 1404 EOS
391 1383 444 1409 QUI
478 1383 661 1412 OBJICIUNT,
685 1385 746 1406 CUR
769 1386 786 1406 Ε
809 1386 909 1408 MEDIO
931 1387 1087 1410 SUBLATUS
1109 1389 1170 1410 NON
1188 1389 1236 1411 SIT
1257 1390 1410 1411 DIABOLUS
1426 1403 1433 1416 ,
1456 1391 1496 1411 ET
1517 1389 1602 1416 QUOD
1623 1390 1722 1412 ιιωυε
1755 1391 1885 1414 ΠΔῌῙῚΑ

555 1434 644 1456 mnu.
665 1435 722 1456 nos
743 1436 865 1464 manu,
889 1437 915 1457 st
938 1437 1161 1466 ATTENDAMUS,
1184 1439 1224 1460 ET
1246 1440 1287 1460 ns
1302 1439 1506 1461 recurremus
1532 1430 1586 1471 (α).

878 1509 1051 1516 —_.

598 1664 702 1683 ιιολιιιιΑ
720 1662 736 1681 ll
743 1675 748 1680 .

287 1733 312 1759 l.
326 1732 392 1760 Laus
406 1732 524 1761 Flaviani
538 1735 656 1771 episcopi.
670 1750 703 1755 -—
715 1735 787 1763 Isaac
800 1737 906 1772 qttidem
919 1746 979 1766 cum
994 1747 1039 1766 θι-

251 1782 368 1812 optasset
388 1779 531 1814 aliquando
552 1780 690 1814 prandium
715 1782 759 1808 lilii
781 1783 904 1810 manibus
921 1790 1039 1818 paratum

250 1823 407 1856 comedere,
422 1823 504 1851 lilium
525 1832 556 1851 ex
570 1825 671 1853 :edibus
690 1826 722 1853 ad
742 1828 910 1856 venationem
928 1830 1015 1856 etnisit
1031 1839 1038 1858 :

252 1869 295 1896 hic
308 1877 371 1896 vero
386 1875 476 1897 noster
497 1870 568 1898 Isaac
587 1879 647 1898 cum
666 1877 818 1908 exoptasset
835 1875 973 1908 prandium
996 1883 1040 1902 su-

251 1915 459 1942 mcremanibus
472 1916 569 1943 nostris
585 1922 720 1951 paratum,
741 1926 793 1945 non
815 1927 848 1946 ex
871 1919 972 1948 aedibus
993 1929 1041 1948 nos

229 1971 232 1974 λ
250 1960 355 1992 emisit,
371 1961 417 1988 sed
432 1961 489 1996 ipse
511 1967 629 1989 nostram
649 1963 682 1990 ad
701 1972 819 1992 mensam
838 1967 962 1993 accurrit.
976 1967 1040 2000 Quis

251 2006 378 2040 majorem
394 2012 532 2041 paternum
553 2015 670 2036 amorem
690 2018 813 2045 umquam
826 2011 967 2039 exhibuit?
982 2013 1040 2047 quis

251 2051 428 2079 humilitatem
445 2053 572 2088 majorem
585 2061 628 2086 eo,
644 2056 688 2090 qui
703 2060 755 2083 tam
769 2057 906 2086 ardentem
919 2058 1041 2094 dignatus

251 2102 292 2124 est
306 2098 446 2126 ostendere
461 2100 616 2133 caritatem,
634 2106 788 2136 tantumque
804 2104 886 2130 voluit
899 2112 928 2132 se
943 2105 1040 2132 demit-

253 2143 331 2170 tere?
343 2143 520 2177 Quamobrem
543 2153 591 2172 nos
605 2147 684 2173 etiam
697 2167 704 2178 ,
720 2148 765 2181 qui
781 2153 807 2175 et
824 2149 896 2176 vocis
916 2150 1041 2177 intentio-

252 2197 312 2216 nem
325 2194 352 2217 et
365 2191 460 2224 pedum
479 2191 630 2219 firmitatem
670 2194 799 2221 matutina
819 2197 1040 2225 sermocinatione

251 2234 429 2270 dcpressimns
442 2257 450 2269 ,
467 2238 568 2270 paterni
583 2238 671 2266 vultus
691 2244 799 2273 aspectu
814 2242 924 2268 recreati
937 2263 943 2274 ,
956 2243 1041 2270 conti-

253 2289 305 2308 nuo
318 2283 479 2310 infirmitatis
491 2284 566 2311 obliti
581 2292 672 2312 sumus
685 2305 692 2317 ,
707 2290 840 2320 torporem
853 2289 1018 2315 excussimus
1033 2310 1040 2322 ,

254 2327 386 2362 voluptate
401 2330 527 2356 commoti
542 2338 634 2357 smnus
647 2335 674 2358 et
687 2332 778 2364 erecti,
791 2333 957 2367 splendidam
971 2334 1039 2361 vidi-

224 2399 231 2405 ,
254 2382 313 2400 mtts
336 2375 481 2407 canitiem,
507 2381 534 2403 et
555 2377 644 2404 anima
669 2382 758 2405 nostra
785 2379 843 2406 luce
867 2380 967 2414 repleta
988 2384 1039 2407 est.

254 2420 396 2454 I’ropterea
414 2429 518 2456 quoque
538 2428 660 2458 prompto
674 2429 701 2450 ct
713 2424 793 2451 alacri
814 2425 903 2453 animo
923 2434 1041 2453 mensam

254 2466 410 2500 appouimus
420 2488 426 2498 ,
441 2473 469 2494 ut
485 2476 548 2501 nos,
564 2477 625 2496 cum
643 2470 805 2503 comederit,
821 2471 968 2499 benedicat.
984 2471 1041 2499 Non

255 2512 297 2538 hic
311 2511 405 2538 furtum
421 2518 459 2539 est
473 2518 498 2540 et
519 2513 611 2547 dolus,
631 2521 659 2541 ut
676 2515 730 2542 illic
747 2521 802 2542 tum
820 2516 868 2543 fuit
883 2526 888 2542 :
903 2517 970 2544 alius
981 2525 1042 2552 qut-

253 2557 313 2584 dem
328 2557 423 2585 alferre
436 2559 526 2592 jussus
536 2565 585 2592 est,
601 2561 668 2588 alius
682 2570 745 2588 vero
760 2563 848 2589 attulit
861 2571 868 2594 ;
883 2563 929 2590 sed
943 2571 992 2598 ego
1005 2563 1043 2590 af-

254 2603 323 2630 ferre
336 2603 426 2638 jussus
445 2612 502 2632 sum
515 2627 522 2638 ,
543 2614 594 2641 ego
609 2614 714 2642 quoque
729 2609 812 2635 attuli.
830 2609 868 2635 'l‘u
882 2618 944 2637 vero
958 2610 1042 2637 bene-

253 2650 369 2677 dictione
383 2651 514 2685 spiritnali
534 2653 646 2681 benedic
665 2655 758 2688 nobis,
773 2661 856 2689 pater,
872 2661 898 2683 et
919 2664 949 2683 ca
963 2665 1041 2691 quam

254 2696 375 2730 accipere
388 2701 510 2731 optamus
522 2706 624 2731 omnes,
640 2707 751 2734 qumque
766 2709 817 2727 non
832 2701 909 2728 modo
925 2702 980 2735 tibi,
995 2702 1041 2729 sed

255 2745 281 2768 et
294 2742 357 2769 tnihi
370 2747 397 2770 et
408 2744 532 2771 omnibus
546 2744 587 2771 his
601 2746 635 2772 sit
646 2746 732 2773 utilis:
746 2753 913 2774 communem
924 2749 1041 2775 omnium

256 2792 375 2816 nostrum
391 2789 532 2817 Dominum
543 2799 652 2825 precare
666 2811 674 2823 ,
689 2796 719 2818 ut
738 2792 818 2819 vitam
839 2799 910 2820 tuam
929 2794 962 2821 ad
978 2802 1041 2824 pro-

252 2829 335 2858 lixam
349 2832 422 2860 Isaac
436 2839 598 2862 senectutem
615 2836 744 2870 producat
760 2846 766 2863 :
784 2837 834 2864 hoc
848 2839 919 2865 enim
933 2846 959 2866 ct
976 2842 1040 2869 mihi

287 2881 322 2912 (α)
339 2883 426 2910 collata
438 2893 492 2910 cum
502 2880 587 2912 Codice
603 2889 676 2917 neuio
688 2887 757 2916 1694.
771 2893 795 2914 et
805 2888 870 2914 Coll).
882 2889 940 2914 1050

1055 1503 1107 1523 00

1109 1511 1265 1520 —___

1092 1606 1118 1628 et
1140 1601 1199 1628 istis
1216 1608 1276 1628 rore
1302 1602 1359 1629 caeli
1381 1610 1411 1630 ac
1439 1602 1596 1638 pinguedine
1613 1607 1691 1630 terra:
1719 1603 1803 1629 multo
1825 1610 1885 1636 pre-

1093 1645 1186 1672 tiosius
1198 1650 1239 1672 est
1250 1651 1277 1674 et
1289 1646 1459 1675 fructuosius.

1130 1688 1270 1716 Homiliam
1294 1692 1472 1726 praecedentem
1493 1697 1680 1718 commemorat.
1711 1707 1747 1712 —
1775 1693 1885 1720 Veruur

1091 1735 1228 1762 enimvero
1240 1736 1295 1771 jam
1313 1741 1415 1771 tempus
1434 1742 1494 1769 est,
1509 1743 1537 1764 ut
1557 1745 1675 1765 mensam
1696 1746 1883 1773 apponamus:

1091 1788 1150 1815 qua:
1172 1789 1251 1815 porro
1273 1781 1316 1808 illa
1330 1782 1392 1809 est?
1407 1782 1534 1817 Reliquia:
1556 1783 1679 1810 nimirum
1696 1791 1789 1810 eorum
1803 1804 1809 1815 ,
1826 1792 1887 1818 qua»:

1093 1834 1177 1861 nuper
1187 1827 1291 1854 caritati
1307 1832 1401 1854 vestrze
1414 1828 1483 1854 dicta
1497 1833 1577 1854 sunt:
1591 1828 1677 1855 adhue
1690 1829 1774 1861 enim,
1786 1829 1886 1862 adhuc,

1091 1871 1217 1906 inquam,
1233 1872 1268 1899 de
1281 1872 1387 1900 diabolo
1400 1880 1550 1900 sermonem
1565 1873 1692 1901 habemus
1702 1894 1710 1906 ,
1727 1882 1807 1909 quem
1822 1879 1886 1903 ante

1091 1917 1158 1944 duos
1172 1918 1221 1944 hos
1236 1918 1294 1945 dies
1309 1918 1486 1951 instituimus,
1501 1927 1581 1954 quem
1593 1925 1621 1947 et
1634 1927 1712 1947 tuane
1727 1920 1761 1946 ad
1775 1928 1821 1947 eos
1835 1921 1885 1947 Ita-

1092 1963 1196 1990 buitnus
1207 1983 1214 1995 ,
1229 1963 1273 1998 qtti
1284 1965 1416 1999 mysteriis
1428 1964 1573 1996 initiantur,
1589 1973 1649 1992 cuin
1662 1965 1696 1992 de
1710 1965 1887 1992 abrenuntia-

1092 2009 1163 2036 tione
1187 2009 1273 2044 deque
1294 2010 1479 2044 aggregatioue
1501 2010 1569 2045 apud
1594 2010 1659 2037 istos
1679 2011 1884 2038 dissereremus.

1093 2055 1147 2081 lloc
1161 2060 1249 2082 autem
1265 2056 1376 2090 agimus,
1391 2064 1442 2083 non
1457 2057 1528 2091 quod
1541 2056 1655 2084 delectet
1668 2064 1718 2083 nos
1733 2056 1768 2083 de
1779 2057 1888 2083 diabolo

1092 2100 1172 2126 verba
1185 2100 1271 2127 facere
1283 2121 1290 2132 ,
1306 2101 1352 2127 sed
1366 2101 1436 2136 quod
1453 2106 1506 2128 tuta
1527 2102 1561 2128 sit
1579 2101 1655 2128 vobis
1668 2110 1728 2136 quae
1741 2102 1775 2129 de
1789 2110 1821 2130 eo
1835 2102 1888 2129 do-

1092 2146 1176 2172 ctrina
1193 2145 1336 2180 profertur.
1352 2147 1398 2173 Est
1411 2147 1481 2174 enim
1497 2147 1619 2174 inimicus
1634 2152 1660 2174 et
1674 2147 1760 2174 hostis
1773 2153 1864 2174 noster
1877 2157 1885 2174 :

1092 2191 1154 2218 illud
1171 2199 1251 2226 porro
1271 2193 1439 2219 securitatem
1458 2200 1579 2227 magnam
1596 2193 1684 2227 parit,
1700 2192 1722 2218 si
1744 2193 1821 2218 nobis
1843 2200 1889 2219 res

1092 2238 1258 2265 inimicorum
1275 2239 1349 2272 plane
1362 2239 1416 2265 sint
1431 2243 1510 2265 notat.
1527 2239 1645 2265 Diximus
1661 2247 1747 2273 nuper
1761 2246 1823 2266 eum
1839 2247 1886 2273 per

1092 2285 1244 2311 violentiam
1257 2292 1310 2310 non
1321 2285 1436 2317 vincere,
1449 2291 1534 2318 neque
1547 2292 1593 2318 per
1606 2284 1784 2319 tyrannidem,
1798 2292 1886 2319 neque

1092 2330 1276 2357 necessitatem
1289 2329 1438 2361 afl'ereudo,
1450 2337 1499 2356 nec
1513 2330 1631 2364 cogendo
1645 2338 1652 2357 :
1669 2331 1796 2364 quoniam
1812 2331 1834 2357 si
1850 2331 1886 2357 ita

1092 2381 1179 2409 esset,
1194 2383 1287 2402 omnes
1301 2376 1390 2410 utique
1405 2375 1528 2410 perderet
1544 2385 1550 2401 :
1566 2375 1696 2410 httjusque
1716 2377 1755 2403 rei
1775 2376 1887 2410 protuli-

1092 2430 1151 2450 mus
1164 2427 1347 2457 argumentum
1364 2429 1459 2456 porcos
1469 2442 1475 2453 ,
1493 2422 1518 2448 in
1531 2429 1597 2456 quos
1612 2421 1675 2448 nihil
1690 2429 1772 2456 agere
1785 2422 1885 2449 dmino-

1093 2477 1141 2496 ues
1154 2474 1306 2504 potuerunt,
1321 2473 1462 2502 antequam
1478 2475 1491 2494 a
1508 2468 1619 2495 Domino
1639 2469 1800 2502 permissum
1816 2472 1887 2495 esset

1093 2514 1197 2548 (ΜαιιΙι.
1210 2514 1236 2541 8.
1245 2514 1291 2541 5t.
1317 2513 1396 2548 seqq.)
1408 2522 1415 2545 ;
1429 2518 1547 2540 armenta
1559 2513 1619 2545 Job,
1631 2518 1658 2540 et
1669 2520 1766 2548 greges
1779 2522 1786 2545 ;
1801 2521 1887 2547 neque

1092 2561 1162 2588 enim
1175 2561 1231 2587 haec
1244 2560 1364 2587 diabolus
1377 2567 1457 2586 ausus
1467 2563 1507 2586 est
1519 2559 1640 2594 perdere,
1652 2566 1793 2593 quousque
1806 2559 1887 2586 desu-

1092 2615 1140 2643 per
1155 2611 1312 2642 potestatem
1326 2606 1437 2640 accepit.
1455 2605 1542 2633 Unum
1557 2606 1637 2640 igitur
1652 2605 1702 2632 hoe
1718 2605 1834 2639 primum
1849 2605 1888 2631 di-

1092 2654 1214 2686 dicimus,
1230 2661 1291 2681 enm
1305 2661 1353 2688 per
1366 2652 1418 2678 vim
1434 2657 1478 2678 aut
1492 2651 1676 2678 necessitatem
1691 2658 1745 2677 non
1761 2651 1865 2677 vincere
1879 2659 1885 2676 :

1092 2699 1237 2727 secundum
1250 2705 1308 2734 post
1320 2698 1381 2725 illud
1393 2696 1552 2728 addidimus,
1565 2696 1635 2731 quod
1650 2696 1774 2730 quamvis
1789 2696 1887 2722 fraudi-

1093 2747 1141 2774 bus
1156 2746 1258 2777 vincat,
1279 2753 1331 2772 non
1346 2750 1433 2772 tamen
1449 2743 1487 2771 sic
1501 2743 1603 2771 cunctis
1617 2742 1739 2776 superior
1770 2743 1858 2770 evadit
1876 2752 1884 2776 ;

1092 2798 1118 2820 et
1132 2799 1223 2819 rursus
1235 2791 1360 2818 athletam
1375 2792 1460 2824 ipsum
1476 2790 1501 2816 in
1515 2789 1630 2816 medium
1645 2789 1805 2822 protulimus
1816 2788 1865 2814 Job
1879 2808 1887 2819 ,
1903 2796 1916 2810 ν

1091 2839 1133 2866 cui
1148 2839 1209 2865 licet
1223 2838 1295 2864 mille
1308 2836 1442 2864 machinas
1456 2835 1623 2867 admoverit,
1641 2842 1695 2862 non
1715 2842 1776 2861 eum
1797 2838 1888 2859 tamen

1092 2884 1141 2911 hac
1155 2884 1257 2912 ratione
1279 2882 1432 2917 superavit,
1453 2881 1500 2909 sed
1520 2886 1546 2909 et
1567 2881 1653 2908 victus
1672 2879 1810 2907 abscessit.
1824 2877 1885 2906 l‘ua
