1978 3130
221 142 274 171 259

220 200 252 235 δὴ
274 198 370 233 “toﬁ-:0;
389 186 500 228 '0u\.
523 202 570 230 καὶ
594 204 632 240 μὴ
658 205 713 241 βίᾳ,
731 207 808 242 φησὶ,
830 209 936 243 κρατεῖ,
954 210 1012 237 ἀλλ’

219 248 313 284 ἀπάτῃ
324 256 330 262 ·
348 249 394 275 καὶ
409 248 454 275 διὰ
465 247 543 275 τοῦτο
559 249 662 284 βέλτιον
675 249 709 287 ἦν
723 253 805 279 αὐτὸν
819 253 1012 290 ἀφανισθῆναι.

219 296 251 322 Εἰ
263 296 317 331 γὰρ
335 297 380 323 καὶ
395 297 569 332 περιεγένετο
582 299 596 325 6
611 298 680 330 Ἰὼϐ,
692 300 750 326 ἀλλ’
761 301 888 338 ἠπατήθη
898 304 913 329 6
927 303 1013 339 ’Δδὰμ

219 342 266 369 καὶ
284 343 465 379 ὑπεσκελίσθη
479 351 486 358 ·
502 345 526 370 ει
540 343 567 370 δὲ
585 344 706 381 ἀνῃρέθη
721 346 753 373 ὲκ
771 347 854 382 μέσου
871 348 1011 383 καθάπαξ,

217 388 278 414 οὐδὲ
298 389 311 414 6
330 387 415 423 Ἀδὰμ
429 388 463 415 ἂν
480 389 663 425 ὑπεσκελίσθη
688 391 772 418 ποτέ·
798 393 846 420 νῦν
870 393 899 420 δὲ
922 395 1012 430 μένων

217 434 331 469 ἡττᾶται
356 435 406 469 μὲν
431 435 475 469 ὑφ’
491 435 560 469 ἐνὸς,
578 438 747 473 περιγίνεται
761 439 791 466 δὲ
806 440 928 467 πολλῶν·
945 441 1011 469 δέκα

217 477 300 504 αὐτοῦ
314 478 470 514 κρατοῦσιν,
483 479 551 507 ἀλλά
565 482 670 517 μυρίων
685 483 768 516 αὐτὸς
778 487 875 518 κρατεῖ
885 486 932 512 καὶ
945 495 1010 513 κατ-

216 522 379 556 αγωνίζεται
390 532 396 539 ·
418 525 442 550 εί
457 524 484 551 δὲ
510 526 614 553 ἀνεῖλεν
630 527 712 554 αὐτὸν
727 529 760 555 ὲκ
778 528 825 555 τοῦ
844 530 936 564 μέσου,
960 532 1010 559 οὐκ

215 567 250 594 ἂν
265 560 324 595 οὐδὲ
338 570 363 595 oi
378 569 469 605 μύριοι
486 570 636 601 ἀπώλοντο.
652 564 684 599 Τί
699 571 746 601 οὖν
760 575 828 610 πρὸς
841 560 921 603 τοῦτο
929 560 1010 612 ’ἐροῦ-

217 623 284 648 μεν;
300 615 360 641 Ὅτι
378 616 495 650 μάλιστα
519 618 569 653 μὲν
591 619 659 647 πολὺ
675 619 835 657 τιμιώτεροι
849 622 904 649 τῶν
924 624 1009 658 ἡττω-

217 660 306 694 μένων
319 661 344 686 οί
359 662 538 698 κρατοῦντες,
553 663 604 691 κᾶν
619 666 644 691 οί
661 667 710 701 μὲν
724 667 844 700 πλείους,
856 670 880 695 οἱ
891 670 919 696 δὲ
931 670 1009 698 ἐλάτ-

214 714 276 737 τους
294 704 355 733 ὦσι.
370 708 528 742 Κρείσσων
542 710 595 745 γὰρ
609 709 663 745 εἷς,
686 714 763 748 φησὶ,
778 714 871 741 ποιῶν
894 716 1008 751 θέλημα

216 754 301 785 Θεοῦ,
318 754 338 788 ἢ
350 755 450 789 μύριοι
461 756 637 792 παράνομοι.
653 759 785 796 Δεύτερον
799 762 827 788 δὲ
839 763 880 789 ὅτι
896 763 1006 799 ἀναιρε-

213 801 306 832 θέντος
321 801 367 828 τοῦ
381 801 596 838 ἀνταγωνιστοῢ.
611 805 692 837 αὐτὸς
703 807 718 832 6
732 807 840 841 κρατῶν
855 809 907 843 ὲπη
913 808 1007 843 ρεάζε-

212 853 258 873 ται
271 847 306 873 δι’
323 848 491 875 ἐκείνου-Ἂν
508 849 556 884 μὲν
569 849 624 886 γὰρ
642 852 715 887 ἀφῇς
732 853 822 888 μένειν
833 853 879 880 τὸν
892 855 1005 883 ἀντίπα-

212 889 267 923 λον,
283 893 307 918 οἱ
334 892 513 928 ρᾳθυμότεροι
538 895 598 930 οὐχὶ
621 895 665 923 διὰ
682 897 746 929 τοὺς
769 899 1004 935 σπουδαιοτέρους,

211 937 279 963 ἀλλὰ
293 937 338 964 διὰ
354 938 403 974 τὴν
420 939 524 966 ἑαυτῶν
540 941 676 976 ρᾳθυμίαν
689 943 890 978 ὲπηρεάζονται
902 953 910 961 ’
928 945 961 972 ἂν
977 945 1006 972 δὲ

212 983 310 1019 ἀνέλῃς
324 983 399 1021 [262]
412 985 458 1012 τὸν
471 986 686 1022 ἀνταγωνιστὴν,
700 989 724 1015 οί
744 990 949 1026 σπουδαιότεροι
959 991 1004 1018 διὰ

211 1031 273 1062 τοὺς
285 1030 444 1066 ρᾳθύμουςιι
457 1032 704 1070 ἐπεϐουλεύθησαν,
716 1037 764 1063 καὶ
776 1037 824 1072 τὴν
840 1039 943 1064 οίκείαν
954 1039 1005 1066 οὐκ

210 1077 381 1110 ἐπεδείξαντο
393 1078 520 1114 δύναμιν,
540 1080 601 1107 οὐδὲ
613 1081 668 1108 τῶν
686 1083 826 1117 στεφάνων
842 1084 984 1120 ἐπέτυχον.

245 1167 278 1202 β’.
291 1168 367 1203 Τάχα
377 1169 482 1196 οὐδέπω
492 1171 627 1206 συνήκατε
635 1172 665 1198 τὸ
673 1172 777 1207 λεχθέν·
787 1173 886 1202 οὐκοῦν
895 1175 1001 1212 ἀνάγκη

156 1235 168 1243 η
211 1214 376 1250 σαφέστερον
391 1216 457 1242 αὐτὸ
473 1216 554 1243 πάλιν
578 1218 674 1244 εἰπεῖν·
685 1219 775 1246 Ἔστω
797 1220 1002 1258 ἀνταγωνιστὴς

208 1257 263 1292 εἷς·
289 1260 411 1288 εστωσαν
432 1261 461 1288 δὲ
484 1262 530 1289 καὶ
549 1263 666 1299 ἀθληταὶ
682 1264 728 1291 δύο
744 1266 813 1301 πρὸς
827 1267 930 1294 ἐκεῖνον
947 1277 1001 1296 πα-

208 1305 294 1332 λαίειν
308 1306 462 1341 μέλλοντες,
477 1309 525 1335 καὶ
537 1309 640 1336 τούτων
653 1310 708 1337 τῶν
723 1311 770 1338 δύο
784 1312 907 1348 ἀθλητῶν
921 1315 936 1340 6
950 1315 1000 1350 μὲν

207 1351 260 1377 ὑπὸ
274 1353 497 1388 γαστριμαργίας
513 1353 584 1380 ἐστω
593 1354 801 1391 διεφθαρμένος,
815 1358 997 1394 ἠμελημένος.

206 1397 432 1433 ἐξησθενημένος,
446 1399 699 1436 ἑκνενευρισμένος,
717 1402 810 1438 ἕτερος
831 1404 861 1430 δὲ
884 1405 1000 1433 σπουδά-

140 1455 161 1470 ις
206 1445 271 1477 ζων,
288 1445 418 1479 εὐεκτῶν,
433 1447 462 1473 ὲν
476 1447 633 1484 παλαίστρᾳ
655 1448 811 1485 διατρίϐων,
836 1452 866 1478 ἐν
891 1460 999 1487 γυμνα-

206 1491 275 1521 σίοις
286 1491 404 1523 πολλοῖς,
416 1492 507 1519 πᾶσαν
520 1493 568 1528 τὴν
579 1494 696 1530 ἄσκησιν
711 1495 760 1530 τὴν
776 1496 840 1532 περὶ
853 1497 903 1532 τὴν
913 1497 998 1534 ἄθλη-

207 1545 247 1562 σιν
262 1536 482 1572 ἐπιδεικνύμενος
493 1546 500 1554 ·
516 1538 549 1565 ἂν
565 1539 655 1566 τοίνυν
670 1540 768 1578 ἀνέλῃς
783 1542 830 1568 τὸν
845 1543 998 1578 ἀνταγωνι-

206 1582 282 1618 στὴν,
299 1582 350 1609 τίνι
373 1583 531 1619 ὲπηρέασας
550 1585 671 1619 τούτων;
688 1584 743 1623 ἆρα
756 1588 796 1623 τῷ
812 1589 927 1625 ρᾳθύμῳ
950 1591 998 1618 καὶ

205 1627 311 1662 ἀμελεῖ,
337 1628 354 1663 ἢ
384 1628 421 1663 τῷ
448 1630 585 1666 σπουδαίῳ
609 1631 649 1667 τῷ
675 1633 794 1660 τοσαῦτα
809 1635 995 1670 πεπονηκότι;

204 1673 322 1709 Εὔδηλον
337 1675 377 1701 ὃτι
399 1675 438 1710 τῷ
461 1677 599 1712 σπουδαίῳ
609 1686 616 1692 ·
631 1678 646 1704 6
664 1679 714 1713 μὲν
728 1678 782 1714 γὰρ
795 1680 838 1706 διὰ
851 1681 897 1708 τὸν
912 1681 996 1718 ῥᾴθυ-

150 1744 152 1747 ,
206 1729 255 1755 μον
271 1720 399 1756 ἠδίκηται
425 1721 614 1757 ἀναιρεθέντος
637 1724 683 1750 τοῦ
705 1725 924 1760 ὰνταγωνιστοῦ·
940 1729 954 1754 ό
968 1728 997 1756 δὲ

205 1767 326 1802 ῥᾴθυμος
343 1767 470 1802 μένοντος
489 1769 585 1796 τούτου
600 1771 650 1797 οὐκ
665 1770 705 1798 ἔτι
721 1772 765 1799 διὰ
781 1773 827 1799 τδν
851 1775 996 1801 σπουδαῖον

203 1813 372 1849 ἐπηρέασται
381 1822 389 1830 ·
408 1814 463 1841 ἀπὸ
482 1815 536 1851 γὰρ
553 1816 603 1852 τῆς
615 1817 718 1850 οἰκείας
729 1818 867 1855 ῥᾳθυμίας
879 1821 997 1848 κατέπε-

204 1866 259 1885 σεν.

237 1905 314 1932 Εἴπω
327 1906 375 1932 καὶ
390 1906 487 1942 ἑτέραν
501 1907 579 1934 λύσιν
596 1908 643 1934 τοῦ
659 1909 816 1944 ζητήματος
831 1911 939 1943 τούτου,
952 1911 995 1938 ἵνα

203 1951 303 1987 μάθῃς,
319 1953 359 1979 δτι
373 1953 423 1989 οὐχ
442 1954 457 1980 6
473 1954 596 1986 διάϐολος
615 1954 775 1990 ὲπηρεάζει,
793 1956 850 1982 ἀλλ’
869 1959 886 1992 ὴ
908 1958 996 1985 οἰκεία

202 1998 322 2034 ῥᾳθυμία
337 2000 477 2035 πανταχοῦ
491 2001 663 2034 ὑποσκελίζει
672 2002 736 2034 τοὺς
749 2003 786 2039 μὴ
799 2004 992 2039 προσέχοντας.

208 2044 342 2078 Ἀφείσθω
351 2047 365 2072 6
375 2046 497 2079 διάϐολος
508 2048 522 2073 ὁ
533 2048 636 2084 σφόδρα
651 2048 770 2084 πονηρὸς
780 2050 809 2076 οὐ
822 2049 912 2084 φύσει,
926 2051 995 2078 ἀλλὰ

201 2092 361 2126 προαιρέσει
379 2093 426 2119 καὶ
440 2092 538 2128 γνώμῃ
550 2101 556 2108 ·
581 2094 622 2120 δτι
636 2094 690 2130 γὰρ
705 2095 755 2122 οὐκ
770 2095 827 2122 ἔστι
843 2095 922 2131 φύσει
943 2105 994 2124 πο-

199 2145 231 2172 νη
237 2137 282 2171 pb;
296 2138 310 2163 ὁ
323 2138 454 2170 διάϐολος,
471 2140 518 2166 ἀπ’
527 2140 617 2166 αὐτῶν
627 2141 681 2167 τῶν
695 2141 836 2176 ὀνομάτων
855 2143 974 2178 μάνθανε
985 2152 991 2159 ’

199 2183 321 2216 διάϐολος
345 2184 400 2220 γὰρ
423 2186 477 2212 ἀπὸ
498 2186 546 2212 τοῦ
567 2186 722 2215 διαϐάλλειν
743 2190 866 2224 εἴρηται·
885 2190 992 2217 διέϐαλε

199 2231 253 2267 γὰρ
266 2231 312 2258 τὸν
327 2232 470 2268 ἄνθρωπον
485 2233 553 2268 πρὸς
565 2234 611 2260 τὸν
625 2234 692 2261 Θεόν
702 2243 710 2250 ·
725 2235 800 2269 Οὐχὶ
815 2235 930 2270 δωρεὰν
943 2237 993 2264 σέ-

199 2278 280 2304 ϐεταί
295 2286 332 2305 σε
347 2278 414 2310 Ἰὼϐ,
430 2278 529 2312 λέγων·
544 2279 613 2306 ἀλλ’
630 2280 817 2308 ἀπόστειλον
833 2282 891 2316 τὴν
906 2283 992 2318 χεῖρά

199 2332 267 2356 σου,
281 2325 329 2351 καὶ
348 2324 422 2359 ἅψαι
438 2323 483 2352 ὧν
498 2326 560 2361 ἔχει
571 2335 577 2341 ·
593 2327 619 2353 εὶ
638 2327 682 2361 μὴ
705 2329 749 2361 εις
771 2329 934 2363 πρόσωπόν
954 2338 992 2358 σε

195 2370 428 2404 βλασφημῆσει.
459 2371 570 2398 Διέϐαλε
600 2372 681 2399 πάλιν
708 2374 754 2401 τὸν
770 2375 836 2402 Θεὸν
861 2376 929 2411 πρὸς
946 2377 991 2403 τὸν

197 2417 355 2452 ἄνθρωπον·
382 2418 445 2452 Πῦρ
467 2419 579 2446 ἔπεσεν
600 2421 634 2448 ἐκ
653 2421 707 2448 τοῦ
730 2423 872 2456 οὐρανοῦ,
893 2423 988 2458 λέγων,

197 2464 246 2490 καί
268 2464 432 2499 κατέφλεγε
452 2466 488 2493 τὰ
510 2467 658 2501 πρόϐατασ
674 2469 825 2502 ἐσπούδαζε
839 2470 893 2506 γὰρ
908 2471 990 2499 αὑτὸν

198 2511 300 2542 πεῖσαι,
316 2511 357 2538 ὅτι
372 2512 474 2540 ἄνωθεν
491 2515 523 2540 ὲκ
540 2514 595 2541 τῶν
612 2516 735 2551 οὐρανῶν
748 2518 762 2543 6
778 2517 896 2552 πόλεμος
911 2516 989 2551 οὗτος

195 2555 387 2592 ἀνερῤιπίσθη,
408 2558 456 2585 καὶ
473 2560 637 2595 συνέκρουσε
657 2561 704 2588 τὸν
727 2563 836 2598 οίκέτην
859 2563 928 2599 πρὸς
944 2564 989 2590 τὸν

195 2602 338 2638 δεσπότην,
352 2605 398 2631 καὶ
414 2605 459 2631 τὸν
472 2606 605 2644 δεσπότην
618 2608 686 2644 πρὸς
699 2609 743 2635 τὸν
757 2609 866 2637 δοῦλον·
889 2610 988 2645 μᾶλλον

195 2648 223 2674 δὲ
243 2649 273 2675 οὐ
292 2649 482 2686 συνέκρουσεν,
497 2653 555 2679 ἀλλ’
570 2654 732 2691 ἐπεχείρησε
754 2657 812 2691 μὲν,
827 2658 877 2683 οὐκ
893 2658 987 2693 ἴσχυσε

194 2695 234 2728 δὲ,
249 2696 281 2722 ἵν’
293 2696 358 2724 ὅταν
379 2697 435 2734 ἴδῃς
453 2699 546 2735 ἕτερον
566 2702 784 2737 συγκρουόμενον
796 2703 904 2739 οίκέτην
920 2705 988 2740 πρὸς

194 2741 238 2767 τὸν
247 2742 391 2779 δεσπὼην,
399 2744 445 2771 τὸν
459 2746 544 2781 Ἀδὰμ
554 2747 622 2782 πρὸς
630 2747 676 2774 τὸν
685 2748 761 2781 Θεὸν,
769 2750 816 2775 καὶ
825 2750 987 2778 πιστεύοντα

194 2787 275 2814 αὐτοῦ
301 2789 333 2824 τῇ
359 2789 480 2826 διαϐολῇ,
496 2791 585 2828 μάθῃς
611 2792 651 2818 ὅτι
666 2793 716 2819 οὐκ
738 2794 791 2820 άπδ
808 2796 858 2830 τῆς
882 2796 986 2828 οἰκείας

224 2883 237 2897 ⁸
247 2883 307 2914 Hl‘g.
322 2885 348 2909 et
364 2884 430 2910 Colb.
443 2886 496 2914 τοὺς
506 2888 683 2919 ῥᾳθυμοτέρως.

587 145 617 173 S.
636 145 779 176 JOANNIS
797 148 1039 180 CHRYSOSTOMI
1058 153 1219 186 ARCHIEP.
1239 158 1514 193 CONSTANTINOP.

1804 167 1859 197 260

1065 211 1214 260 δυνάμεως,
1242 217 1300 244 ἀλλ’
1314 219 1370 246 ἀπὸ
1393 221 1443 256 τῆς
1466 222 1571 250 ἐκείνου
1595 224 1732 260 ῥᾳθυμίας
1752 235 1784 254 τε
1809 231 1858 255 καὶ

1063 259 1193 294 ἀμελείας
1208 262 1258 297 τήν
1274 264 1350 299 ίσχὺν
1364 265 1454 293 ἔλαϐε.
1472 259 1600 301 Διάϐολος
1615 259 1703 298 τοίνυν
1718 272 1763 299 διὰ
1776 273 1858 301 τοῦτο

1063 305 1169 342 εἴρηται
1182 316 1189 322 ·
1211 309 1242 336 τὸ
1255 309 1409 338 διαϐάλλειν
1423 312 1452 339 δὲ
1466 314 1513 341 καὶ
1529 315 1567 351 μὴ
1584 314 1738 344 διαϐάλλειν
1755 319 1787 345 οὐ
1803 320 1857 354 φύ-

1065 359 1106 383 σις
1121 351 1205 387 ἐστὶν,
1219 354 1287 382 ἀλλὰ
1303 358 1420 393 πρᾶγμα
1437 359 1597 395 γιγνόμενον
1614 363 1660 388 καὶ
1675 351 1858 400 ἀπογιγνόμε-

1062 407 1117 432 νον,
1133 401 1281 436 συμϐαῖνον
1303 405 1350 431 καὶ
1370 405 1589 442 ὰποσυμϐαῖνον·
1603 409 1637 435 τὰ
1653 409 1682 436 δὲ
1693 411 1808 438 τοιαῦτα
1825 413 1856 439 οὐ

1063 446 1170 480 φύσεως
1186 448 1279 485 ἐπέχει
1303 451 1379 485 τάξιν
1392 453 1454 480 οὐδὲ
1471 454 1576 487 οὐσίας.
1591 453 1657 484 Οἶδα
1682 458 1723 485 ὃτι
1747 459 1856 491 πολλοῖς

1061 491 1285 530 δυσκατάληπτος
1304 498 1318 525 6
1341 498 1419 533 λόγος
1435 496 1513 533 οὗτος
1524 502 1539 528 6
1550 503 1614 538 περὶ
1627 503 1675 538 τῆς
1689 505 1786 537 οὐσίας
1808 506 1856 532 καὶ

1061 539 1116 566 τῶν
1142 542 1370 578 συμϐεϐηκότων·
1395 546 1453 572 ἀλλ’
1474 547 1545 574 εἰσὶν
1569 549 1595 575 οί
1619 550 1668 576 καὶ
1691 550 1855 588 λεπτότερον

1061 586 1171 613 ἀκούειν
1189 588 1331 625 δυνάμενοι
1342 599 1348 605 ·
1364 591 1460 628 διόπερ
1476 594 1524 620 καὶ
1540 595 1622 630 ἡμεῖς
1636 596 1723 625 ταῦτα
1739 586 1855 634 εἰρήκα-

1062 640 1122 666 μεν.
1133 633 1264 662 Βούλεσθε
1280 637 1327 663 καὶ
1342 638 1384 673 ἐφ’
1395 639 1487 675 ἕτερον
1499 641 1586 676 ὄνομα
1598 642 1681 676 ἔλθω;
1695 645 1741 671 καὶ
1755 633 1856 680 ὄψεσθε

1060 677 1170 706 κάκεῖνο
1191 680 1222 706 οὐ
1245 681 1296 716 τῆς
1318 683 1413 715 οὐσίας
1431 684 1491 711 οὐδὲ
1508 686 1558 721 τῆς
1577 687 1684 722 φύσεως
1701 677 1788 726 ὄνομα
1807 690 1850 717 δν-

1060 724 1181 760 Πονηρὸς
1197 727 1361 765 καλεῖται,ή
1387 729 1415 756 δὲ
1439 733 1555 767 πονηρία
1578 734 1609 760 οὐ
1635 724 1854 770 φύσεώς-ἑστιν,

1060 769 1126 796 ἀλλὰ
1140 773 1342 808 προαιρέσεως⁸
1358 776 1406 802 καὶ
1418 776 1472 812 γὰρ
1486 779 1534 805 καὶ
1547 779 1617 816 αὐτη
1634 781 1698 808 ποτὲ
1714 783 1765 817 μὲν
1778 783 1856 818 ἐγγί-

1058 824 1144 849 νεται,
1161 819 1227 845 ποτὲ
1243 819 1272 846 δὲ
1289 821 1460 856 ἀπογίνεται.
1482 824 1528 860 Μὴ
1542 825 1596 861 γὰρ
1609 827 1641 862 δὴ
1659 828 1738 855 τοῦτό
1756 838 1802 864 μοι
1816 830 1855 856 εί-

1059 871 1122 898 πῃς,
1137 864 1178 890 ὅτι
1203 866 1246 892 ἐπ’
1263 867 1368 894 ἐκείνου
1387 869 1534 902 διαπαντὸς
1549 872 1641 907 μένει·
1662 875 1710 901 καὶ
1726 875 1783 911 γὰρ
1806 877 1853 903 καὶ

1058 909 1102 934 ἐπ’
1115 909 1220 938 ἐκείνου
1243 912 1293 939 οὐκ
1310 913 1339 946 ἐξ
1362 915 1451 951 ἀρχῆς
1465 914 1509 952 ἦν,
1528 917 1597 945 ἀλλὰ
1614 919 1684 954 μετά
1700 909 1788 948 ταῦτα
1802 922 1853 948 ἐπ-

1058 954 1176 989 εγένετο,
1193 957 1232 984 διὸ
1248 959 1297 986 καὶ
1317 960 1474 997 ἀποστάτης
1488 963 1598 998 λέγεται
1609 973 1616 981 ⁸
1640 966 1728 994 καίτοι
1746 968 1852 995 πολλῶν

1056 1000 1207 1037 ἀνθρώπων
1230 1004 1315 1032 ὅντων
1338 1007 1483 1042 πονηρῶν,
1506 1010 1586 1045 μόνος
1607 1012 1711 1044 ἐκεῖνος
1732 1015 1853 1049 πονηρὸς

1056 1048 1116 1073 κατ’
1131 1047 1227 1085 ἐξοχὴν
1245 1049 1321 1087 ["263]
1345 1052 1465 1087 λέγεται.
1482 1055 1514 1081 Τί
1534 1055 1696 1091 δήποτε¹οὖν
1713 1058 1785 1085 οὕτω
1798 1047 1853 1086 ’κα-

1054 1091 1157 1125 λεῖται;
1171 1094 1233 1121 ’Ότι
1246 1095 1323 1122 οὐδὲν
1338 1098 1403 1134 παρ’
1413 1099 1429 1134 ἡ
1434 1100 1492 1134 μῶν
1506 1101 1680 1137 ἠδικημένος,
1693 1104 1724 1130 οὐ
1742 1104 1853 1140 μικρὸν,

1053 1138 1084 1164 οὐ
1101 1139 1172 1174 μέγα
1188 1141 1315 1174 ἐγκαλεῖν
1329 1142 1410 1179 ἔχων,
1437 1145 1500 1172 ἰδὼν
1524 1147 1675 1183 τιμηθέντα
1689 1138 1853 1186 τδνάνθρω-

1053 1193 1115 1216 πον,
1132 1186 1234 1219 εὐθέως
1248 1188 1418 1225 ἑϐάσκηνενιι
1434 1191 1517 1219 αὐτοῦ
1533 1195 1591 1225 τοῖς
1605 1194 1726 1229 ἀγαθοῖς.
1742 1196 1853 1232 Ταύτης

1052 1228 1098 1257 οὖν
1123 1233 1174 1267 τῆς
1197 1235 1331 1270 πονηρίας
1347 1236 1374 1262 τί
1393 1237 1493 1270 γένοιτ’
1510 1239 1543 1266 ἂν
1566 1241 1666 1276 χεῖρον,
1685 1241 1742 1267 ἀλλ’
1758 1242 1774 1277 ῆ
1788 1228 1852 1269 ὅταν

1052 1276 1137 1312 ἔχθρα
1152 1279 1200 1305 καὶ
1215 1280 1332 1316 πολέμος
1381 1284 1517 1320 μηδεμίαν
1531 1285 1641 1321 εὐλογον
1659 1287 1750 1314 αἰτίαν
1762 1276 1849 1323 έχων;

1057 1324 1192 1358 ’Δφείσθω
1208 1327 1298 1354 τοίνυν
1321 1330 1335 1356 ὁ
1359 1330 1494 1364 διάϐολος,
1511 1333 1558 1359 καὶ
1584 1335 1792 1370 παραγάγωμεν
1809 1337 1849 1368 εἰς

1052 1370 1134 1405 μέσον
1149 1371 1198 1407 τὴν
1215 1374 1315 1406 κτίσιν,
1334 1375 1377 1402 ἵνα
1396 1377 1486 1414 μάθῃς
1497 1378 1538 1404 ὅτι
1551 1379 1600 1414 οὐχ
1617 1381 1631 1406 6
1646 1379 1771 1412 διάϐολος
1783 1382 1849 1417 ἡμῖν

1049 1416 1136 1449 αίτιος
1152 1417 1208 1444 τῶν
1224 1419 1330 1452 κακῶν,
1346 1422 1396 1449 ἐὰν
1416 1422 1540 1459 θέλωμεν
1554 1426 1700 1461 προσέχειν
1711 1435 1718 1442 ·
1735 1427 1780 1454 ἴνα

1049 1461 1110 1498 θῃς,
1127 1463 1168 1490 ὅτι
1191 1465 1206 1491 6
1229 1466 1347 1503 ἀσθενὴς
1362 1468 1412 1504 τὴν
1433 1471 1595 1507 προαίρεσιν
1610 1473 1658 1500 καὶ
1673 1461 1850 1509 ¹Ιγμελημένος

1049 1509 1095 1535 καὶ
1110 1510 1240 1546 ῥᾴθυμος,
1256 1514 1305 1540 καὶ
1321 1514 1445 1542 διαϐόλου
1459 1517 1510 1543 οὐκ
1527 1518 1603 1551 ὄντος
1617 1521 1785 1548 καταπίπτει
1802 1522 1850 1548 καὶ

1049 1556 1090 1588 είς
1103 1557 1230 1595 βάραθρα
1241 1559 1328 1587 πολλὰ
1344 1562 1445 1594 κακίας
1459 1563 1556 1590 ἑαυτὸν
1569 1565 1745 1593 καταϐάλλει.
1755 1566 1785 1593 '0
1795 1567 1851 1594 διά⁹

1049 1603 1127 1636 ϐολος
1153 1607 1271 1642 πονηρός
1288 1607 1381 1634 ἐστιν·
1405 1607 1466 1636 οίδα
1491 1610 1580 1645 κάγὼ,
1598 1612 1647 1638 καὶ
1671 1612 1850 1648 ὡμολόγηται

1047 1649 1128 1677 τοῦτο
1140 1651 1216 1688 παρὰ
1232 1653 1325 1686 πᾶσιν,
1337 1654 1405 1681 ἀλλὰ
1423 1655 1493 1690 μετά
1502 1657 1646 1692 ἀκριϐείας
1658 1659 1778 1694 πρόσεχε
1792 1660 1849 1690 τοῖς

1050 1696 1176 1732 μέλλουσι
1192 1699 1359 1734 ῥηθήσεσθαι
1373 1700 1430 1728 νῦν.
1448 1702 1486 1729 Οὐ
1499 1702 1554 1738 γὰρ
1570 1704 1605 1731 τὰ
1621 1705 1736 1740 τυχόντα
1760 1706 1847 1738 ἐστὶν,

1048 1743 1106 1770 ἀλλ’
1123 1744 1193 1780 ὑπὲρ
1204 1743 1242 1772 ὧν
1255 1746 1392 1782 πολλαχοῦ
1408 1747 1516 1781 πολλοῖς
1528 1749 1660 1782 πολλάκις
1673 1750 1794 1785 γίνονται
1808 1751 1847 1778 16-

1047 1799 1101 1824 γοι,
1119 1791 1189 1827 ὑπὲρ
1206 1789 1244 1819 ὧν
1261 1793 1345 1829 πολλὴ
1364 1794 1438 1830 μάχη
1456 1796 1504 1822 καὶ
1520 1795 1640 1831 πόλεμος
1658 1797 1719 1832 οὐχὶ
1741 1799 1846 1829 πιστοῖς

1049 1837 1117 1872 πρὸς
1130 1838 1263 1870 ἀπίστους
1275 1839 1366 1874 μόνον,
1377 1840 1446 1868 ἀλλά
1459 1841 1507 1868 καὶ
1522 1844 1628 1874 πιστοῖς
1640 1843 1708 1878 πρὸς
1721 1844 1845 1876 πιστούς·

1049 1881 1130 1909 τοῦτο
1143 1883 1198 1919 γάρ
1215 1885 1274 1911 ὲστι
1289 1885 1319 1912 τὸ
1334 1885 1431 1921 ὀδύνης
1446 1887 1541 1922 γέμον.

1081 1972 1115 2007 γ’.
1144 1973 1174 2000 ὐ
1189 1974 1240 2010 μὲν
1254 1972 1301 2002 οὗν
1314 1975 1438 2009 διάϐολος
1451 1977 1637 2013 ὡμολόγηται,
1659 1979 1753 2011 καθὼς
1765 1979 1843 2014 ἔφην,

1046 2020 1163 2055 πονηρὸς
1179 2019 1249 2048 εἶναι
1265 2022 1342 2058 παρὰ
1359 2024 1438 2050 πᾶσι·
1456 2024 1484 2050 τί
1506 2025 1628 2060 περὶτῆς
1638 2026 1756 2060 κτίσεως
1771 2027 1845 2062 ἐροῦ-

1047 2075 1097 2101 μεν
1113 2067 1163 2103 τῆς
1178 2067 1266 2103 καλῆς
1285 2069 1388 2104 ταύτης
1402 2071 1450 2097 καὶ
1465 2071 1641 2107 θαυμαστῆς;
1657 2073 1674 2108 ἢ
1695 2074 1743 2100 καὶ
1758 2075 1775 2110 ή
1791 2073 1844 2101 κτί-

1046 2121 1088 2144 σις
1105 2115 1228 2150 πονηρά;
1246 2116 1302 2142 Καὶ
1323 2117 1366 2149 τίς
1385 2116 1457 2144 οὕτω
1483 2119 1592 2154 μιαρὸς,
1611 2120 1653 2151 τις
1668 2118 1757 2152 οὕτως
1773 2121 1843 2147 ἀναί-

1046 2158 1144 2194 σθητος
1160 2161 1205 2187 καὶ
1219 2162 1367 2198 παραπλὴξ
1380 2163 1418 2196 ὡς
1432 2165 1623 2201 κατηγορῆσαι
1637 2165 1688 2200 τῆς
1703 2166 1821 2198 κτίσεως
1833 2176 1840 2199 ;

1045 2205 1077 2232 Τί
1092 2204 1138 2232 οὖν
1163 2208 1225 2242 περὶ
1244 2208 1346 2243 ταύτης
1368 2210 1502 2245 ὲροῦμεν;
1518 2211 1555 2237 Οὐ
1572 2212 1626 2247 γάρ
1645 2212 1704 2238 ἐστι
1721 2213 1839 2248 πονηρὰ.

1044 2252 1112 2280 ἀλλὰ
1128 2255 1174 2281 καὶ
1198 2255 1268 2290 καλὴ
1285 2257 1331 2282 καὶ.
1343 2256 1445 2291 δεῖγμα
1459 2257 1509 2292 τῆς
1524 2257 1571 2284 τοῦ
1587 2258 1654 2284 Θεοῦ
1671 2259 1770 2292 σοφίας
1795 2259 1842 2285 καὶ

1043 2298 1184 2335 δυνάμεως
1194 2301 1240 2327 καὶ
1251 2301 1458 2337 φιλανθρωπίας
1469 2303 1692 2330 ἑστίν.¹Ακουσον
1702 2304 1771 2338 γοῦν
1782 2303 1839 2336 πῶς

1043 2343 1128 2379 αὐτὴν
1144 2345 1158 2371 ὁ
1171 2347 1314 2382 προφήτης
1330 2347 1477 2382 θαυμάζει,
1490 2348 1594 2382 λέγων·
1613 2348 1661 2382 Ὧς
1677 2348 1840 2384 ἐμεγαλύν-

1043 2391 1079 2424 θη
1100 2390 1136 2417 τὰ
1154 2391 1226 2426 ἔργα
1242 2400 1311 2424 σου,
1330 2392 1435 2427 Κύριε]
1452 2394 1551 2420 πάντα
1569 2394 1605 2420 ἐν
1622 2395 1717 2428 σοφία
1738 2394 1838 2427 ἐποίη-

1042 2445 1101 2470 σας
1110 2445 1116 2451 ·
1129 2437 1160 2463 οὐ
1175 2437 1342 2465 καθέκαστον
1356 2438 1513 2475 ἐπεξῆλθεν,
1526 2439 1596 2466 ἀλλὰ
1607 2439 1790 2476 παρεχώρησε
1800 2440 1838 2475 τῷ

1041 2483 1227 2520 ἀκαταλήπτῳ
1250 2485 1299 2519 τῆς
1324 2484 1421 2519 σοφίας
1438 2484 1486 2512 τοῦ
1502 2486 1645 2513 Θεοῦ.”οτι
1661 2486 1690 2513 δὲ
1704 2487 1753 2513 καὶ
1769 2495 1836 2522 χρη-

1043 2529 1129 2564 σίμως
1153 2531 1239 2566 αὐτὴν
1262 2530 1333 2557 οὕτω
1357 2531 1443 2566 καλὴν
1468 2532 1515 2558 καὶ
1540 2533 1662 2568 μεγάλην
1687 2532 1833 2567 ἐποίησεν,

1041 2576 1156 2604 ἄκουσόν
1176 2586 1248 2609 τινος
1263 2577 1400 2611 λέγοντος,
1417 2579 1457 2605 ὅτι
1477 2578 1525 2605 Ἐκ
1536 2578 1683 2613 μεγέθους
1697 2578 1747 2606 καὶ
1763 2580 1830 2605 καλ-

1039 2623 1136 2658 λονῆς
1158 2624 1328 2659 κτισμάτων
1348 2626 1505 2659 ἀναλόγως
1521 2626 1538 2652 ὁ
1553 2624 1768 2660 τ-ενεσιουρξγὸς
1779 2625 1832 2651 αὐ-

1040 2667 1099 2695 τῶν
1117 2669 1265 2703 θεωρεῖται
1279 2679 1285 2685 ·
1306 2671 1423 2698 ἄκουσον
1440 2671 1487 2697 καὶ
1500 2670 1548 2696 τοῦ
1565 2670 1673 2697 Παύλου
1689 2670 1829 2704 λέγοντος·

1042 2713 1081 2740 Τὰ
1095 2715 1150 2749 γὰρ
1165 2715 1276 2749 ἀόρατα
1291 2716 1385 2743 αὐτοῦ
1405 2716 1464 2743 ἀπὸ
1486 2716 1613 2749 κτίσεως
1634 2717 1752 2750 κόσμου
1772 2715 1832 2747 τοῖς

1039 2760 1182 2794 ποιήμασι
1196 2763 1345 2797 νοούμενα
1356 2762 1524 2796 καθορᾶται.
1534 2762 1707 2798 Τούτων.γὰρ
1719 2762 1831 2792 ἕκαστος

1038 2805 1148 2840 ᾐνίξατο
1161 2807 1193 2834 δι’
1205 2804 1242 2834 ὧν
1257 2807 1342 2840 εἶπεν,
1360 2809 1400 2835 ὅτι
1413 2808 1483 2844 αὓτη
1499 2809 1566 2845 πρὸς
1580 2808 1746 2843 θεογνωσίαν
1759 2809 1828 2843 ἡμᾶς

1071 2894 1084 2915 ι
1093 2896 1133 2922 Sic
1144 2897 1204 2928 Reg.
1221 2900 1247 2922 el
1257 2897 1325 2924 Colh.
1345 2898 1431 2924 Morel.
1444 2901 1470 2924 et
1482 2899 1537 2924 Sav.
1550 2899 1688 2923 ἑὸάσχανιν.
