1978 3130
123 175 173 203 ἳεὲ)

123 233 173 267 jam
186 234 264 258 restat
278 230 404 265 questio.
421 231 549 265 Quzenam
563 231 607 258 illa
622 230 753 259 tandem?
767 229 844 264 Quod
857 229 918 258 licet

125 285 171 313 per
187 277 239 303 vim
252 296 261 310 ,
282 275 408 312 inquiunt
422 297 430 309 ,
446 285 500 304 non
521 277 628 309 vincat,
647 280 763 303 attamen
785 275 919 303 fraudibus

127 324 221 351 vincit:
235 323 349 358 ideoque
363 324 460 352 melius
473 324 550 356 foret,
562 329 590 351 ut
602 324 708 360 penitus
719 324 824 351 deletus
837 327 918 351 esset.

125 371 246 404 Quamvis
265 370 339 398 enim
359 370 411 398 Job
433 371 555 405 superior
568 371 703 402 evaserit,
724 370 808 397 Adam
829 375 919 397 tamen

126 419 248 452 deceptus
263 423 303 444 est
315 422 345 445 et
359 417 546 452 supplantatus
562 426 568 443 :
585 417 654 452 quod
669 417 690 444 si
704 417 788 444 semel
801 424 817 444 e
831 415 920 443 medio

126 465 240 491 sublatus
251 469 334 495 esset,
348 472 383 491 ne
392 464 477 491 Adam
488 464 594 499 quidem
607 464 791 498 supplantatus
805 470 919 497 unquam

125 510 234 542 fuisset;
248 510 305 544 jam
316 517 391 541 vero,
406 509 469 536 dum
484 514 593 540 manet,
606 510 641 536 ab
656 517 708 536 uno
720 509 826 543 quidem
839 516 920 542 supe-

125 562 205 589 ratur,
218 563 249 583 ac
260 556 351 583 multis
362 557 483 591 superior
492 556 580 583 evadit
591 565 599 582 τ
609 555 703 582 decem
714 555 788 582 illum
799 555 918 587 vincunt,

123 601 169 628 sed
189 601 224 628 ab
238 608 271 628 eo
287 601 361 628 mille
381 607 540 636 superantur
551 606 578 628 et
592 606 796 636 expugnantur:
812 601 852 627 sin
871 608 920 627 au-

122 651 174 674 tem
191 647 263 674 illum
275 654 291 674 e
305 647 395 674 medio
406 647 567 680 sustulisset,
582 654 669 681 neque
683 646 757 674 mille
768 647 811 673 isti
825 646 920 681 periis-

122 697 190 719 sent.
207 692 276 725 Quid
291 692 371 727 igitur
384 692 417 720 ad
431 693 481 720 hoc
494 691 734 726 respondebimus?
747 691 828 719 Multo
842 691 921 718 nimi-

124 745 180 764 rum
195 737 279 772 pluris
294 745 355 764 esse
369 737 505 765 faciendos
519 737 562 772 qui
578 737 706 768 vincunt,
721 744 799 772 quam
813 737 857 771 qui
872 744 920 764 su-

124 787 266 818 perantur,
282 783 344 810 lieet
367 782 392 809 hi
414 783 502 817 plures
524 783 594 815 sint,
612 782 650 809 illi
666 783 814 816 pauciores.
830 781 921 808 Melior

124 828 192 856 enim
206 833 241 855 est
252 849 259 860 ,
276 828 363 863 inquit
374 849 380 859 ,
397 836 462 854 unus
472 831 515 861 qui
528 828 605 863 faciat
620 827 772 854 voluntatem
787 827 835 854 Dei
845 835 920 861 quam

124 874 191 901 mille
204 874 285 909 iniqui
299 874 308 910 (
320 873 402 901 Eccli.
418 874 461 900 16.
475 874 522 908 5).
544 873 644 901 Deinde
657 881 720 900 vero
733 873 802 908 quod
821 872 919 900 adver-

122 920 191 947 sario
204 920 309 947 sublato
326 920 411 947 victor
431 920 487 954 ipse
507 927 555 954 per
574 919 638 947 illud
659 919 755 946 danmo
771 918 916 945 afﬁciatur.

122 966 186 993 Nam
199 967 221 993 si
236 966 420 994 adversarium
434 966 540 1001 quidem
554 973 663 994 manere
678 967 824 1000 permittas.
841 965 916 999 igua-

122 1015 208 1040 viorcs
226 1021 280 1040 non
296 1013 332 1040 ob
346 1020 393 1040 eos
406 1034 414 1045 ,
428 1013 472 1048 qui
493 1013 576 1047 magis
597 1012 700 1039 strenui
720 1016 800 1044 sunt,
821 1011 867 1038 sed
885 1011 920 1037 ob

123 1059 253 1093 ignaviam
265 1067 341 1085 suam
353 1058 449 1086 damna
462 1059 612 1093 patiuntur;
627 1058 667 1085 sin
678 1063 767 1085 autem
780 1057 921 1084 sustuleris

123 1105 315 1136 adversarium,
332 1105 378 1139 qui
392 1105 475 1139 magis
488 1104 588 1131 strenui
601 1107 673 1135 sunt,
689 1103 724 1130 ob
737 1103 846 1137 ignavos
859 1101 919 1129 afﬁ-

121 1150 225 1177 ciuntur
240 1150 348 1184 injuria,
371 1157 458 1184 neque
474 1150 578 1177 virtutis
592 1157 648 1177 sua:
663 1149 798 1184 specimen
813 1148 895 1176 edunt
907 1169 914 1180 .

123 1205 208 1231 neque
220 1204 339 1223 coronas
353 1197 545 1231 adipiscuntur.

155 1242 180 1268 ξ.
205 1241 331 1268 Nondum
352 1241 465 1268 fortasse
487 1241 642 1276 percipitis,
656 1249 715 1276 qua:
734 1240 788 1268 dixi
803 1250 810 1268 :
826 1248 918 1276 quam-

120 1287 211 1314 obrem
234 1287 335 1314 clarius
354 1287 448 1314 eadem
462 1291 502 1314 est
517 1294 627 1314 necesse
646 1286 778 1314 dicantur.
794 1286 835 1314 Sit
849 1286 921 1321 pugil

122 1341 189 1360 unus
205 1333 213 1348 ¹
225 1343 232 1364 ;
248 1334 303 1360 sint
315 1339 342 1360 et
356 1333 462 1361 athletae
476 1333 529 1360 duo
541 1333 585 1367 qui
598 1340 660 1360 cum
673 1340 707 1360 eo
720 1333 772 1361 sint
785 1333 919 1366 luctaturi,

120 1385 200 1416 atque
212 1388 245 1407 ex
262 1380 305 1407 his
318 1380 424 1407 duobus
436 1379 543 1407 athletis
558 1387 626 1407 untts
641 1379 748 1415 quidem
761 1379 796 1406 sit
807 1379 922 1414 ingluvie

119 1431 262 1461 corruptus
273 1447 281 1459 ,
297 1431 466 1461 contemptus
476 1446 483 1458 ,
500 1426 599 1453 viribus
613 1425 744 1458 deiectus,
759 1430 900 1453 enervatus
913 1433 920 1457 ;

119 1471 186 1499 alter
196 1479 261 1499 vero
272 1471 320 1506 qui
330 1476 437 1499 strenue
446 1479 475 1498 se
483 1475 567 1506 gerat,
575 1471 643 1498 bene
653 1471 743 1499 habito
752 1471 787 1498 sit
796 1478 919 1505 corpore,

120 1518 147 1545 in
160 1518 286 1552 palaestra
301 1523 433 1551 Versetur,
443 1518 469 1545 in
483 1518 571 1546 multis
585 1518 740 1553 gymnasiis,
754 1518 880 1552 omnique
891 1524 921 1545 se

120 1565 245 1592 athletica
269 1565 463 1593 exercitatione
483 1565 640 1593 corroboret
663 1574 670 1592 :
696 1566 718 1592 si
740 1565 920 1593 adversarium

120 1618 186 1646 ergo
200 1611 345 1639 sustuleris
356 1632 364 1645 ,
386 1611 440 1638 utri
461 1611 556 1638 horum
579 1611 701 1646 injuriam
723 1611 843 1639 inferes?
857 1619 920 1638 num

121 1658 217 1692 ignavo
229 1662 258 1685 et
271 1658 417 1693 negligenti
427 1678 434 1690 ,
454 1665 488 1684 an
502 1662 610 1685 strenuo
622 1678 630 1690 ,
645 1657 689 1692 qui
703 1661 742 1684 tot
755 1657 860 1684 labores
872 1664 920 1684 ex-

120 1703 286 1730 antlaverit‘!
308 1702 385 1730 Haud
406 1702 514 1730 dubium
527 1723 535 1736 ,
553 1703 616 1737 quin
636 1707 746 1730 strenuo
763 1711 769 1729 :
796 1709 857 1729 nam
878 1702 922 1729 hic

120 1749 230 1784 quidem
245 1754 356 1783 propter
369 1749 493 1784 ignavum
507 1748 661 1776 adversario
675 1748 780 1775 sublato
793 1748 920 1775 damnum

119 1801 162 1822 est
175 1803 289 1829 passus;
306 1800 332 1821 at
347 1795 456 1830 ignavus
470 1795 515 1822 illo
530 1799 654 1822 manente
669 1801 721 1822 non
733 1794 787 1829 jam
803 1794 838 1821 ob
850 1799 920 1821 stre-

120 1849 202 1868 nuum
218 1841 315 1875 injuria
327 1844 368 1868 est
381 1840 500 1874 aiiectus,
510 1841 607 1875 quippe
614 1840 659 1875 qui
671 1844 779 1875 propter
790 1839 921 1874 ignaviam

121 1895 198 1914 suam
212 1886 373 1913 conciderit.

159 1932 221 1959 Non
235 1932 352 1959 diabolus
365 1932 435 1959 [indit
446 1931 581 1963 hominem,
595 1930 639 1957 sed
652 1930 875 1965 propriaignaoia.
886 1945 923 1950 —

122 1980 216 2006 Dicam
237 1985 265 2007 et
285 1979 364 2006 aliam
383 1978 537 2013 quaestionis
550 1977 628 2012 hujus
643 1977 800 2005 solutionem
812 1997 820 2010 ,
837 1981 866 2003 ut
880 1976 922 2003 in-

122 2026 230 2061 telligas
243 2034 297 2052 non
311 2025 447 2052 diabolum
461 2024 583 2059 injuriam
597 2023 694 2050 inferre
706 2043 714 2056 ,
727 2022 774 2050 sed
788 2022 922 2057 propriam

122 2073 257 2107 ignaviam
274 2079 322 2098 eos
334 2092 342 2104 ,
361 2071 405 2105 qui
422 2070 530 2097 minime
543 2069 635 2096 attenti
650 2073 731 2101 sunt,
748 2068 845 2102 ubique
857 2075 921 2102 sup-

123 2120 256 2152 plantare.
275 2118 450 2152 Belinqttaltlr
463 2115 585 2143 diabolus
604 2114 747 2142 admodum
767 2113 853 2140 malus
869 2121 922 2140 non

121 2171 219 2194 matura
235 2186 243 2198 ,
271 2164 319 2191 sed
342 2163 422 2191 animi
441 2162 578 2198 proposito
598 2168 631 2188 ac
654 2161 785 2188 sententia
801 2168 807 2186 :
824 2159 923 2186 malum

123 2212 196 2239 enim
211 2215 309 2238 natura
325 2217 377 2236 non
391 2216 450 2236 esse
463 2209 596 2235 diabolum
610 2227 617 2238 .
634 2215 666 2234 ex
687 2205 839 2233 nominibus
860 2205 923 2240 ipsis

124 2264 271 2292 cognosce.
287 2255 412 2283 Diabolus
423 2262 546 2288 namque,
561 2254 611 2280 hoc
622 2257 662 2280 est
676 2257 824 2283 accusator,
839 2252 925 2278 dictus

123 2309 168 2330 est
179 2303 214 2330 ab
225 2302 395 2329 accusando:
408 2301 543 2327 hominem
556 2299 627 2326 enim
641 2298 710 2332 apud
722 2299 804 2325 Deum
817 2304 925 2325 accusa-

127 2351 183 2381 vit,
199 2347 273 2375 Num
286 2348 364 2383 gratis
378 2346 427 2373 Job
443 2351 466 2372 te
479 2345 559 2372 colit?
573 2344 709 2379 inquiens,
724 2343 768 2370 sed
782 2344 851 2369 mitte
869 2342 925 2368 ina-

125 2404 187 2422 num
203 2400 285 2425 tuam.
301 2398 324 2420 et
339 2398 413 2427 tange
422 2399 478 2426 quae
490 2390 563 2418 habet
578 2398 587 2417 :
600 2390 620 2417 si
631 2389 718 2416 nonin
728 2389 819 2425 faciem
832 2395 855 2415 te
869 2388 925 2414 bla-

125 2439 288 2475 rphemnbit‘
303 2437 373 2473 (Job
387 2438 412 2464 i.
435 2436 461 2464 9.
478 2436 506 2463 ii
520 2436 541 2470 ).
564 2435 707 2462 Accusavit
729 2441 821 2461 rursus
843 2434 924 2460 Deum

126 2486 196 2521 apud
213 2484 350 2512 hominem
363 2503 370 2515 ,
391 2482 464 2517 Ignis
478 2481 567 2508 cecidit
589 2481 620 2507 de
640 2481 701 2507 cwlo
715 2500 722 2512 ,
745 2479 870 2514 inquiens
881 2499 887 2510 ,
904 2483 927 2505 et

128 2531 265 2559 combussit
281 2538 338 2557 oves
359 2528 420 2564 (ΙΙ).
436 2536 460 2554 υ.
476 2527 528 2563 i6)
544 2536 550 2554 :
567 2526 699 2561 siquidem
714 2525 749 2552 illi
765 2525 927 2560 persuadere

128 2578 274 2609 nitebatur,
290 2575 407 2610 desuper
426 2581 442 2601 e
456 2573 528 2600 exiis
543 2572 640 2600 bellum
655 2571 725 2598 istud
746 2571 772 2598 in
791 2578 852 2598 eum
867 2578 927 2597 esse

129 2629 311 2654 commotum,
329 2626 357 2649 et
374 2628 480 2648 servum
499 2627 560 2647 cum
581 2619 689 2646 domino
703 2618 862 2650 collidebat,
878 2617 927 2644 do-

130 2672 286 2704 minumque
301 2675 364 2695 cttm
382 2673 461 2694 servo
477 2674 484 2692 :
500 2665 554 2692 imo
568 2672 631 2692 vero
648 2672 701 2692 non
714 2663 866 2696 coliidebat,
880 2663 927 2690 sed

130 2720 239 2744 conatus
256 2718 298 2742 est
313 2713 440 2749 quidem,
462 2715 490 2739 at
512 2719 564 2739 non
579 2710 660 2738 valuit
676 2719 683 2737 :
699 2715 727 2737 ut
740 2717 801 2738 cum
815 2710 928 2737 alterum

167 2784 174 2797 ‘
191 2782 256 2810 ΗΜ,
267 2781 299 2806 sit
311 2780 383 2810 pugil
395 2786 465 2808 unus,
475 2779 538 2803 ἔστω
548 2777 723 2810 ᾁνταγωνιςτῇς
736 2777 776 2806 εἷς,
787 2776 891 2800 deerant
902 2776 926 2810 in

137 2811 196 2836 lidit.
211 2806 370 2842 ωειλ-ειηἏὲἒὶ
383 2806 508 2836 habentur
518 2811 544 2842 in
556 2806 618 2842 Reg.
630 2811 657 2834 et
667 2808 746 2837 Coib.,
758 2811 892 2838 monetque
902 2806 927 2831 in

136 2845 196 2867 notis
206 2843 258 2868 suis
272 2840 383 2868 Ducaeus
401 2847 456 2865 esse
467 2840 627 2865 restituenda.

164 2875 174 2889 ³
185 2875 244 2906 Reg.
258 2875 332 2899 solus
344 2873 432 2903 habet,
448 2871 470 2896 si
483 2870 524 2896 tibi
536 2868 665 2900 benedicet,
679 2869 708 2894 σὲ
718 2868 849 2899 mitiﬁcet,
863 2868 928 2899 quod

134 2905 337 2931 eodem’recidit.

611 170 655 198 DE
673 171 822 201 DIABOLO
839 172 1061 201 TENTATORE.
1083 172 1202 200 ll0MlL.
1224 171 1256 199 ll.

1712 174 1765 204 160

974 230 1072 258 videris
1092 237 1196 258 servum
1218 237 1278 258 cum
1298 230 1407 259 domino
1426 233 1596 261 commissum
1614 238 1641 261 ct
1657 234 1719 262 odio
1738 234 1766 261 in

974 283 1035 303 eum
1050 280 1224 309 commotum,
1239 276 1323 304 Adam
1337 277 1438 304 scilicet
1451 278 1476 305 in
1491 279 1583 310 Deum.
1600 280 1710 313 ejusque
1722 286 1768 306 ca-

973 321 1082 349 lumnize
1095 321 1173 349 ﬁdem
1189 322 1342 356 habentem,
1357 330 1412 350 non
1424 331 1457 351 ex
1473 326 1578 359 propria
1595 326 1703 358 virtute,
1719 325 1766 353 sed

974 376 1006 396 ex
1023 369 1092 395 illius
1105 376 1166 396 eum
1179 369 1281 404 ignavia
1296 370 1474 405 socordiaque
1484 370 1570 399 discas
1585 372 1665 399 robur
1678 381 1769 407 acqui-

974 414 1077 442 sivisse.
1093 414 1218 442 Diabolus
1232 415 1311 450 igitur
1324 415 1423 442 idcirco
1433 417 1519 443 dictus
1531 422 1582 450 est,
1598 417 1623 444 id
1636 423 1677 445 est
1690 427 1769 446 accu-

973 464 1066 488 δεξιοῖς
1085 468 1163 495 μοι·γο
1184 468 1311 489 accusare
1330 466 1357 489 οἱ
1380 470 1434 489 non
1449 470 1573 490 accusare
1599 469 1692 492 natura
1715 474 1769 492 non

973 510 1023 538 est,
1040 506 1086 532 sed
1102 507 1181 539 actio,
1197 514 1256 542 qua:
1271 507 1300 534 ﬁt
1312 511 1340 534 et
1354 515 1414 535 esse
1427 507 1525 535 desinit
1537 529 1544 541 ,
1560 517 1620 543 qua:
1632 510 1727 538 accidit
1744 517 1770 538 ct

973 552 1095 580 accidere
1105 553 1201 580 desinit
1214 561 1221 580 :
1237 558 1381 580 resautem
1394 553 1524 588 ejusmodi
1539 562 1591 581 non
1604 561 1706 583 natura:
1721 564 1768 583 ne-

974 605 1025 632 que
1041 598 1195 625 substantia:
1214 598 1393 625 conditionem
1415 603 1477 626 sunt
1495 604 1588 626 nactae.
1604 599 1665 627 Scio
1680 601 1769 628 multis

973 643 1169 678 comprehensu
1189 643 1324 671 difﬁcilem
1349 644 1418 671 hunc
1433 652 1494 672 esse
1508 644 1541 672 de
1558 645 1705 672 substantia
1721 646 1767 672 de-

973 697 1025 724 que
1038 690 1218 717 accidentibus
1237 697 1407 723 sermonem;
1430 690 1476 718 sed
1498 696 1560 717 sunt
1578 692 1623 726 qui
1646 691 1768 718 subtilius

973 736 1064 763 audire
1076 740 1203 771 possunt:
1215 743 1293 770 quam
1305 736 1339 763 ob
1351 744 1457 763 causam
1468 742 1495 763 et
1508 744 1556 764 nos
1570 737 1627 764 inec
1641 738 1766 764 diximus.

974 782 1058 809 Vultis
1072 782 1141 809 etad
1154 782 1267 809 alterum
1281 790 1378 809 nomen
1393 783 1508 815 veniam,
1525 791 1556 810 ac
1568 783 1692 811 videbitis
1704 784 1766 811 illud

973 835 1079 862 quoque
1098 835 1151 854 non
1173 828 1328 855 substantia:
1351 836 1437 863 neque
1459 834 1560 856 natura:
1580 837 1677 857 nomen
1691 830 1767 857 esse?

973 872 1058 900 Malus
1072 877 1180 899 vocatur
1193 881 1200 898 :
1219 873 1318 903 malitia
1331 881 1395 900 vero
1408 881 1461 900 non
1475 878 1515 901 est
1530 879 1631 901 natura:
1641 895 1648 907 ,
1663 875 1709 901 sed
1724 882 1767 902 ar-

974 919 1043 946 bitrii
1063 926 1094 946 ac
1117 919 1244 954 propositi
1260 928 1267 947 :
1281 928 1342 946 nam
1363 925 1389 947 et
1408 920 1463 954 ipsa
1481 927 1671 956 nonnumquan
1687 921 1766 955 inest,

976 969 1003 992 et
1016 973 1215 1000 nonnumquam
1231 966 1318 993 inesse
1329 965 1436 993 desinit.
1448 967 1504 993 Noli
1518 967 1588 994 enim
1603 967 1666 994 mihi
1678 967 1768 995 dicere

973 1011 999 1038 in
1013 1011 1058 1038 illo
1071 1019 1129 1039 eam
1145 1016 1272 1046 perpetuo
1286 1020 1395 1040 manere
1410 1021 1416 1039 :
1432 1020 1493 1039 nam
1507 1017 1533 1040 et
1548 1013 1574 1040 in
1588 1013 1633 1040 illo
1646 1013 1680 1041 ab
1692 1013 1768 1041 initio

973 1064 1026 1084 non
1037 1056 1096 1090 fuit,
1108 1057 1154 1084 sed
1171 1062 1262 1092 postea
1275 1058 1387 1085 accessit
1399 1066 1406 1090 ;
1423 1058 1595 1093 quamobrem
1606 1063 1634 1086 et
1647 1063 1768 1094 apostata

972 1103 1069 1130 dicitur
1083 1112 1089 1130 :
1106 1104 1209 1131 tametsi
1223 1111 1282 1130 cum
1302 1104 1377 1130 multi
1392 1104 1444 1131 sint
1459 1104 1580 1132 homines
1593 1105 1654 1132 mali
1668 1126 1675 1138 ,
1692 1105 1766 1132 solus

974 1150 1019 1178 ille
1031 1157 1077 1185 per
1086 1151 1269 1177 excellentiam
1285 1150 1368 1177 Malus
1380 1150 1485 1178 dicitur.
1500 1151 1584 1184 Quam
1600 1151 1705 1178 tandem
1720 1151 1768 1186 igi-

976 1201 1019 1223 tur
1045 1196 1079 1223 ob
1106 1203 1213 1222 causam
1235 1196 1274 1223 sic
1296 1196 1468 1230 appellatur?
1489 1196 1564 1230 Quod
1585 1197 1733 1224 nullatenus
1752 1205 1767 1224 a

972 1242 1049 1269 nobis
1072 1242 1166 1277 injuria
1188 1242 1345 1275 lacessitus,
1368 1249 1427 1269 cum
1448 1242 1512 1269 nihil
1534 1242 1658 1277 exiguum
1673 1263 1681 1276 ,
1702 1242 1767 1269 nihil

973 1296 1098 1323 magnum
1113 1292 1202 1322 posset
1215 1288 1342 1323 obiicere,
1357 1295 1417 1315 cum
1432 1288 1534 1315 honore
1547 1287 1670 1315 aliectum
1685 1288 1766 1316 vidis-

974 1339 1015 1361 set
1029 1334 1175 1367 hominem,
1190 1335 1316 1361 continuo
1329 1334 1405 1362 bonis
1418 1334 1475 1369 ejus
1490 1334 1594 1361 invidit.
1609 1334 1677 1368 Quid
1690 1335 1768 1369 igitur

975 1381 1026 1408 hac
1041 1381 1140 1408 malitia
1154 1381 1267 1415 nequius
1284 1381 1347 1415 ﬁngi
1363 1380 1464 1415 possit,
1479 1388 1557 1415 quam
1571 1388 1630 1407 cum
1645 1380 1716 1407 nulla
1730 1381 1768 1408 le-

972 1428 1064 1463 gitima
1075 1428 1109 1456 de
1121 1435 1200 1455 causa
1213 1428 1303 1455 odium
1317 1435 1348 1455 ac
1361 1428 1460 1456 bellum
1472 1428 1610 1455 exoritur?
1624 1427 1768 1463 Relinqua-

973 1479 1017 1501 tur
1031 1474 1120 1509 itaque
1134 1474 1276 1507 diabolus;
1291 1479 1317 1501 et
1329 1480 1480 1502 creaturam
1502 1475 1528 1501 in
1548 1474 1663 1501 medium
1679 1474 1768 1509 proie-

973 1527 1080 1553 ramus,
1102 1525 1131 1547 ut
1152 1519 1239 1547 discas
1259 1528 1312 1547 non
1329 1527 1436 1547 causam
1459 1520 1535 1547 nobis
1558 1520 1688 1547 malorum
1708 1527 1768 1547 esse

972 1565 1119 1597 diabolum,
1135 1565 1157 1593 si
1171 1565 1288 1592 animum
1299 1564 1438 1593 attendere
1447 1564 1559 1592 velimus
1573 1573 1579 1591 :
1596 1569 1624 1591 ut
1637 1564 1767 1599 intelligas

973 1619 1033 1638 eum
1043 1632 1050 1644 ,
1068 1611 1112 1646 qui
1131 1611 1267 1646 proposito
1280 1611 1361 1638 animi
1373 1614 1415 1638 est
1429 1610 1579 1644 imbecillis,
1596 1611 1732 1646 negligens
1742 1617 1769 1638 et

973 1656 1084 1692 ignavus
1096 1678 1104 1688 ,
1124 1657 1228 1684 etiamsi
1251 1656 1373 1684 diabolus
1392 1663 1445 1683 non
1467 1656 1520 1688 sit,
1541 1656 1683 1684 concidere
1699 1660 1726 1683 et
1741 1656 1768 1683 in

973 1703 1056 1730 multa
1075 1703 1197 1730 vitiorum
1220 1702 1343 1730 barathra
1364 1702 1481 1737 seipsum
1499 1702 1662 1737 praecipitem
1677 1709 1765 1737 agere.

975 1749 1101 1776 Diabolus
1116 1749 1201 1775 malus
1215 1753 1257 1775 est
1269 1757 1275 1775 :
1291 1747 1348 1775 scio
1360 1747 1494 1783 equidem,
1511 1753 1537 1775 ct
1552 1748 1578 1774 in
1592 1747 1715 1774 confesso
1727 1752 1768 1774 est

973 1795 1042 1830 apud
1054 1802 1148 1822 omnes
1160 1803 1168 1824 :
1184 1795 1230 1822 sed
1241 1794 1349 1822 attende
1359 1793 1498 1829 diligenter
1511 1793 1543 1820 ad
1558 1800 1589 1821 ea
1599 1814 1606 1826 ,
1623 1801 1683 1828 quze
1695 1800 1766 1820 nunc

973 1840 1068 1868 dicturi
1084 1848 1177 1867 sumus
1193 1849 1200 1867 :
1216 1847 1269 1867 non
1284 1839 1356 1867 enim
1373 1847 1417 1867 res
1432 1843 1495 1866 sunt
1509 1839 1632 1872 vulgares
1645 1859 1653 1872 ,
1674 1838 1720 1865 sed
1735 1838 1769 1865 de

974 1886 1071 1922 quibus
1081 1893 1096 1913 a
1110 1885 1201 1913 multis
1213 1892 1398 1920 szepenumero
1411 1884 1501 1912 multis
1515 1884 1541 1911 in
1557 1884 1623 1911 locis
1638 1883 1770 1911 habentur

974 1940 1111 1960 sermones
1123 1940 1130 1965 ;
1146 1932 1180 1959 de
1190 1931 1286 1966 quibus
1301 1931 1381 1958 multa
1396 1938 1467 1965 saepe
1479 1930 1613 1957 contentio
1627 1935 1654 1957 et
1668 1929 1767 1956 bellum

974 1978 1102 2011 exoritur,
1116 1985 1167 2005 non
1181 1977 1303 2004 ﬁdelibus
1316 1980 1416 2003 tantmn
1430 1975 1556 2002 adversus
1569 1974 1690 2002 inﬁdeles
1700 1995 1707 2006 ,
1722 1974 1768 2001 sed

974 2029 1001 2052 et
1012 2024 1132 2052 ﬁdelibus
1146 2024 1275 2051 adversus
1293 2023 1386 2051 ﬁdeles
1400 2031 1407 2049 :
1424 2022 1475 2050 hoc
1487 2022 1558 2050 enim
1574 2027 1624 2055 est,
1639 2022 1709 2056 quod
1723 2022 1770 2048 do-

975 2070 1061 2098 lorem
1075 2070 1165 2097 inurit.

1011 2117 1038 2144 5.
1060 2116 1197 2143 Diabolum
1223 2115 1302 2150 igitur
1323 2114 1421 2141 malum
1435 2121 1494 2141 esse
1514 2113 1631 2140 l‘atcntur
1651 2120 1768 2140 omnes:

976 2162 1039 2198 quid
1050 2162 1083 2189 de
1096 2166 1216 2189 creatura
1228 2162 1276 2188 ista
1294 2160 1362 2188 bona
1377 2165 1404 2187 et
1415 2160 1589 2186 admiratione
1605 2159 1683 2194 digna
1699 2159 1770 2186 dice-

979 2208 1059 2235 mus?
1071 2215 1104 2234 an
1124 2207 1203 2234 etiam
1221 2206 1318 2233 malam
1337 2212 1397 2232 esse
1411 2204 1582 2232 creaturam?
1595 2204 1629 2231 Et
1643 2204 1701 2238 quis
1726 2204 1771 2231 ille

976 2253 1044 2280 adeo
1057 2253 1195 2285 scelestus,
1209 2252 1268 2286 quis
1280 2251 1347 2278 adeo
1358 2250 1478 2286 stupidus
1488 2258 1518 2277 ac
1532 2255 1621 2278 mente
1629 2256 1732 2284 captus,
1741 2255 1771 2277 ut

978 2304 1129 2326 creaturam
1145 2298 1271 2325 accuset?
1284 2297 1354 2330 Quid
1370 2304 1434 2332 ergo
1450 2296 1484 2324 de
1497 2296 1539 2323 illa
1554 2296 1694 2323 dicemus?
1712 2296 1771 2323 Non

978 2346 1050 2373 enim
1066 2345 1134 2372 mala
1149 2349 1199 2377 est,
1215 2343 1262 2371 sed
1273 2348 1301 2371 et
1314 2344 1392 2375 bona,
1405 2347 1432 2370 et
1443 2343 1580 2378 sapientia:
1594 2343 1651 2376 Dei,
1666 2343 1771 2369 virtutis

978 2400 1009 2419 ac
1019 2391 1189 2426 benignitatis
1202 2395 1243 2418 est
1254 2394 1449 2425 argumentum.
1470 2390 1538 2417 Audi
1551 2397 1615 2424 ergo
1628 2397 1679 2424 quo
1695 2393 1774 2424 pacto

979 2438 1052 2465 illam
1071 2437 1218 2464 admiretur
1229 2435 1358 2470 propheta
1380 2435 1471 2462 dicens
1487 2444 1494 2461 :
1512 2435 1594 2468 Quam
1609 2434 1773 2469 magnificam

979 2488 1038 2511 sunt
1052 2491 1128 2518 opera
1143 2487 1195 2514 tua,
1212 2481 1322 2508 Domine
1347 2480 1357 2507 !
1384 2481 1469 2508 omnia
1493 2481 1519 2507 in
1543 2480 1667 2516 sapientia
1693 2480 1772 2515 fecisti

982 2528 1067 2565 (Paul.
1083 2528 1146 2555 105.
1160 2527 1217 2562 24).
1229 2526 1286 2554 Non
1298 2526 1432 2562 sigillatim
1444 2527 1591 2561 percurrit;
1608 2525 1655 2553 sed
1669 2525 1772 2552 incom-

981 2573 1153 2610 preltensibili
1167 2573 1264 2601 divinae
1273 2573 1410 2608 sapientia:
1424 2571 1595 2599 immensitati
1606 2571 1696 2599 cessit.
1719 2570 1775 2598 Uti-

980 2621 1041 2648 liter
1061 2625 1149 2648 autem
1170 2620 1237 2647 adeo
1255 2619 1352 2647 bonam
1372 2623 1399 2646 et
1414 2619 1580 2654 magniﬁcam
1595 2618 1668 2645 illam
1688 2625 1703 2644 a
1719 2618 1775 2645 Deo

982 2667 1078 2694 iactam
1090 2674 1152 2694 esse
1166 2670 1195 2694 ut
1218 2666 1341 2698 noveris,
1363 2665 1423 2692 audi
1445 2664 1595 2700 quempiam
1617 2664 1771 2691 dicentem:

982 2712 1024 2739 Ex
1037 2712 1209 2747 magnitudine
1220 2715 1242 2738 et
1251 2711 1332 2746 specie
1342 2715 1513 2737 creaturarum
1528 2718 1571 2741 per
1587 2709 1772 2745 proportionem

982 2763 1080 2784 creator
1103 2758 1206 2785 illarum
1230 2757 1326 2783 videtur
1349 2755 1432 2791 (Sap.
1460 2757 1504 2785 i5.
1527 2756 1563 2790 5)
1585 2755 1668 2783 :audi
1693 2756 1772 2782 etiam

980 2805 1093 2832 Paulum
1118 2804 1248 2832 dicentem
1265 2812 1272 2831 :
1286 2801 1428 2830 Inuisibilia
1454 2802 1520 2828 enim
1533 2802 1615 2836 ipsius
1631 2809 1647 2828 α
1659 2805 1774 2828 creatura

983 2850 1071 2876 mundi
1089 2857 1133 2884 per
1142 2857 1171 2876 ea
1184 2856 1241 2884 qua:
1261 2848 1328 2883 facta
1347 2852 1414 2880 sunt,
1439 2847 1564 2874 intellecta
1587 2846 1775 2881 conspiciuntur

985 2895 1073 2931 (Rom.
1091 2896 1115 2922 i.
1129 2895 1192 2931 20).
1208 2894 1306 2922 Horum
1321 2894 1391 2922 enim
1403 2894 1515 2929 quisque
1530 2901 1577 2928 per
1590 2900 1621 2921 ea
1631 2912 1639 2926 ,
1654 2900 1714 2928 qua:
1732 2891 1774 2919 di-
