1978 3130
206 135 255 163 261

206 193 254 222 xit.
273 198 322 218 nos
335 190 368 218 ab
383 198 424 222 ea,
441 189 517 224 quasi
528 190 687 221 manu,duci
700 189 733 215 ad
749 189 794 215 Dei
807 189 997 222 cognittonem,

206 236 383 264 subtndicavit
393 256 400 268 ,
413 235 483 270 quod
501 235 544 262 illa
556 235 662 268 efﬁciat,
675 238 704 261 ut
718 234 858 261 Dotttinttm
872 239 1000 267 agnosca-

206 289 275 309 mus.
296 281 367 315 Quid
390 281 488 316 igitur?
515 280 544 309 Si
558 280 655 308 b0nam
680 279 750 306 hanc
772 283 799 306 et
815 277 999 305 admirabilem

206 333 355 355 creaturam
377 327 467 354 multis
480 327 623 362 impietatis
636 333 743 354 causam
765 324 899 353 exstitisse
911 323 1001 351 videa-

207 381 278 406 mus,
293 381 355 400 ttutn
377 373 449 400 illam
475 372 679 400 accusabimus?
693 371 878 406 Nequaquam,
895 370 942 398 sed
954 377 1001 398 eos

206 420 252 454 qui
276 419 418 451 medicina,
435 424 462 446 ut
477 419 610 454 oportuit,
625 426 677 446 non
700 422 763 445 suttt
788 418 838 444 usi.
861 416 1001 450 Quomodo

208 473 272 498 ergo
287 473 365 492 causa
376 466 517 500 impietatis
530 465 580 494 erit
589 465 642 497 illa,
655 473 714 500 quae
721 465 754 491 ad
765 465 811 492 Dei
824 464 1001 499 cognitionem

209 518 258 537 nos
272 511 412 545 provehit?
434 510 594 537 Obtenebrati
619 515 692 542 sunt,
708 510 808 545 ittquit,
824 511 851 537 in
871 510 1002 545 cogitatio-

209 555 282 582 nibus
294 556 346 582 suis
360 555 522 590 philosOphi,
538 560 562 582 et
576 555 721 588 coluerunt,
735 560 759 582 et
779 555 916 582 servierunt
932 563 1002 582 crea~

209 605 273 627 tura:
287 601 369 638 potius
383 609 458 636 quam
472 601 579 628 creatori
596 600 682 636 (Rom.
699 602 724 628 i.
737 601 782 628 2|.
797 600 853 637 25).
868 601 1001 636 Nusquam

209 646 330 674 diabolus
351 647 402 678 ltic,
420 655 549 682 nusquam
568 647 611 674 ltic
621 647 737 679 daemon,
752 646 798 675 sed
811 652 931 675 creatura
946 648 1003 674 sola

210 692 308 720 divina:
321 693 478 728 cognitionis
493 694 617 728 magistra
631 694 657 720 in
679 693 767 720 ntedio
792 693 928 728 proposita
951 698 1001 720 est.

212 739 332 773 Quonam
347 747 410 773 ergo
422 744 500 774 pacto
519 747 597 766 causa
614 739 756 774 impietatis
770 743 811 766 est
834 738 922 765 facta?
944 738 1002 765 Non

210 791 244 810 ex
261 788 355 811 natura
371 791 433 816 sua,
448 783 493 812 sed
505 791 536 811 ex
547 792 642 811 eorum
654 784 753 811 incuria
763 805 770 816 ,
786 784 830 819 qui
843 783 877 811 ad
887 791 930 811 res
942 791 1004 811 suas

209 830 303 857 attenti
323 837 376 857 non
395 835 481 858 erant.
501 830 569 863 Quid
593 831 692 866 igitur?
710 830 878 865 tollentusne‘,
901 837 1001 865 quaeso,

211 880 361 903 creaturam
383 877 508 911 quoque?

250 921 356 948 Rectum
366 923 534 950 membrorum
547 931 621 949 usum
634 923 772 957 corrumpit
786 922 896 958 ignavia.
907 937 943 943 —
952 921 1004 950 Sed

212 968 275 1003 quid
289 976 339 1004 ego
354 969 388 996 de
403 974 525 996 creatura
537 969 647 1004 loquor?
661 969 701 996 Ad
715 969 833 996 membra
855 973 945 996 nostra
960 977 1005 996 ve-

212 1015 316 1041 niamus
332 1024 339 1042 :
354 1023 415 1042 nattt
430 1019 456 1042 et
470 1015 526 1050 ipsa
549 1022 655 1042 causam
668 1022 729 1042 esse
750 1014 904 1049 perditionis
927 1021 1005 1049 repe-

211 1062 323 1094 riemus,
348 1061 398 1088 nisi
420 1061 537 1088 animum
560 1062 737 1095 attendamus,
763 1069 816 1089 non
840 1069 873 1089 ex
899 1061 1005 1096 propria

212 1112 316 1140 ttatura,
330 1107 377 1134 sed
391 1115 424 1134 ex
437 1107 539 1142 ignavia
552 1111 652 1134 nostra.
675 1108 713 1134 Ac
726 1107 794 1139 vide,
804 1115 911 1142 quzeso;
928 1107 1006 1134 datus

212 1157 254 1181 est
267 1153 370 1186 oculus,
383 1157 413 1180 ut
423 1158 570 1180 creaturam
585 1154 701 1186 intuens,
710 1153 849 1180 Dominum
858 1153 1004 1188 gloriﬁces;

211 1203 240 1226 at
252 1199 273 1226 si
285 1199 362 1226 oculo
378 1203 450 1226 recte
463 1207 515 1226 non
531 1200 628 1233 utaris,
652 1199 773 1227 adulterii
790 1200 835 1227 tibi
851 1200 1006 1228 conciliator

212 1244 310 1272 evadit.
331 1244 432 1280 Lingua
453 1253 517 1273 vero
531 1246 590 1273 data
602 1251 662 1279 est,
678 1250 707 1273 ut
721 1246 822 1279 laudes,
840 1251 869 1274 ut
887 1247 1006 1274 celebres

212 1296 378 1324 creatorem;
394 1296 422 1318 at
436 1291 458 1319 si
472 1297 546 1319 recte
561 1300 613 1319 non
628 1292 759 1326 attendas,
775 1293 946 1328 blasphemia:
960 1294 1006 1320 tibi

213 1337 242 1363 ﬁt
264 1336 429 1364 adntinistra.
450 1337 543 1365 Manus
566 1338 635 1365 data:
651 1343 722 1372 sunt,
744 1345 772 1366 ut
793 1339 826 1366 ad
843 1347 935 1374 preces
948 1339 1007 1367 illas

213 1383 358 1415 extendas;
375 1383 422 1411 sed
440 1384 462 1411 si
477 1384 582 1412 sobrius
606 1393 660 1412 non
687 1386 734 1418 sis,
759 1385 791 1412 ad
815 1386 934 1421 rapinam
961 1393 1007 1414 eas

213 1428 346 1456 extendis.
368 1428 453 1456 Pedes
466 1429 519 1457 dati
531 1434 608 1462 sunt,
623 1435 651 1457 ut
669 1430 702 1458 ad
713 1431 782 1458 bona
797 1439 877 1466 opera
891 1439 984 1460 curras
997 1441 1005 1466 ;

214 1474 260 1501 sed
284 1475 306 1502 si
329 1475 464 1510 negligens
480 1476 575 1509 fueris,
591 1484 683 1504 eorum
708 1484 760 1512 ope
782 1478 865 1505 malas
889 1479 1007 1506 actiones

214 1520 381 1554 exsequeris.
405 1521 483 1548 Vides
509 1521 645 1549 inﬁrmum
670 1527 766 1550 cuncta
793 1523 914 1551 laedere?
934 1524 1007 1552 vides

214 1563 348 1592 itttirtttum
375 1567 492 1594 remedia
511 1568 636 1595 salutaria
655 1569 816 1603 praecipitem
837 1569 864 1596 in
894 1574 1006 1597 mortem

213 1619 303 1647 agere,
316 1619 368 1640 non
383 1621 417 1640 ex
429 1618 522 1640 natura
536 1621 594 1647 sua,
605 1614 652 1642 sed
669 1622 702 1642 ex
721 1614 791 1642 illius
807 1615 1007 1643 imbecillitate?

214 1658 315 1685 leum
331 1659 450 1686 condidit
470 1660 550 1693 Deus,
566 1665 595 1687 ut
618 1668 685 1695 opus
704 1661 848 1694 admirans,
865 1661 1006 1689 Dominum

215 1703 341 1732 adorares
352 1713 359 1737 ;
373 1710 401 1732 at
411 1705 456 1732 alii
465 1705 601 1734 conditore
611 1706 737 1734 derelicto
744 1707 838 1734 caelum
849 1707 935 1742 ipsum
943 1707 1009 1735 ado-

215 1755 327 1778 rarunt:
345 1751 370 1778 id
383 1759 447 1779 vero
462 1757 570 1787 propter
584 1760 677 1780 eorum
696 1753 826 1788 ignaviam
841 1759 869 1781 et
881 1754 1008 1789 insipien-

217 1797 279 1823 tiam
292 1797 398 1825 accidit.
419 1797 470 1825 Sed
486 1798 548 1832 quid
561 1806 610 1833 ego
624 1803 773 1826 creaturam
783 1799 862 1826 dico?
883 1799 1009 1827 Enimve-

216 1849 247 1869 ro
257 1842 321 1877 quid
336 1843 478 1870 salutarius
490 1851 569 1872 cruce
593 1845 649 1871 ﬁeri
676 1845 775 1879 possit?
789 1846 861 1880 atqui
879 1853 943 1873 crux
958 1846 1008 1873 ista

216 1888 369 1916 scandalum
390 1889 502 1916 inﬁrmis
524 1894 564 1917 est
587 1889 656 1917 facta
675 1900 681 1918 :
702 1891 810 1918 Verbum
839 1892 904 1919 enim
927 1893 1009 1919 crucis

217 1935 377 1970 pereuntibus
396 1935 495 1970 quidem
518 1937 623 1963 stultitia
647 1943 701 1969 est;
724 1938 755 1964 iis
773 1943 856 1965 autem
878 1939 921 1973 qui
946 1938 1010 1965 salui

217 1981 299 2015 ﬁunt,
318 1981 366 2008 Dei
377 1982 455 2009 virtus
470 1987 507 2009 est
518 1983 555 2017 (i.
568 1982 628 2010 Cor.
644 1984 670 2012 i.
686 1983 750 2018 ts);
767 1987 794 2010 et
816 1991 922 2016 rursus,
938 1983 1010 2010 Prat-

218 2027 331 2054 dicamus
342 2026 469 2055 Christum
480 2028 645 2062 cruciﬁxum,
665 2028 764 2056 Judwis
782 2030 883 2065 quidem
903 2030 1011 2057 scanda-

218 2072 282 2104 lum,
296 2073 410 2106 gentibus
419 2077 503 2100 autem
515 2074 647 2100 stultitiam
661 2074 698 2109 (i.
717 2073 776 2101 Cor.
792 2075 816 2102 Ι.
827 2075 884 2110 25).
896 2076 964 2109 Quid
977 2076 1010 2104 ad

218 2117 367 2145 docendum
386 2118 473 2153 aptius
488 2119 569 2146 Paulo
590 2119 652 2154 ﬁttgi
667 2121 750 2154 possit
769 2125 796 2148 et
816 2121 963 2155 apostolis?
984 2127 1012 2149 at

219 2164 263 2191 isti
284 2165 397 2199 apostoli
417 2165 506 2192 multis
520 2165 587 2192 odor
601 2166 694 2193 mortis
705 2171 767 2194 sunt
781 2167 858 2194 facti:
871 2168 907 2195 ait
921 2168 1010 2203 igitur,

219 2211 283 2237 Aliis
296 2210 395 2245 quidem
407 2210 471 2237 odor
484 2211 574 2238 mortis
589 2211 615 2237 in
636 2216 742 2238 mortem
753 2220 763 2244 ;
775 2213 833 2240 aliis
845 2218 930 2240 autem
949 2215 1012 2241 odor

219 2256 275 2282 vita:
286 2256 311 2282 in
321 2256 445 2291 vitam(‘2.
459 2255 517 2282 Cor.
542 2256 570 2283 2.
590 2257 648 2291 16).
666 2257 747 2285 Vides
760 2258 919 2287 inﬁrmuma
932 2260 1012 2287 Paulo

219 2302 299 2328 etiam
309 2301 380 2334 hedi,
392 2301 507 2329 validunt
521 2307 608 2330 autem
623 2311 656 2331 ne
670 2311 683 2330 a
699 2304 806 2332 diabolo
815 2305 922 2340 quidem
942 2307 1011 2334 afﬁci

219 2347 338 2374 damno?

255 2393 282 2420 4.
304 2392 351 2420 Vis
371 2394 449 2420 etiam
463 2393 497 2421 de
514 2393 619 2422 Christo
647 2402 798 2423 sermonem
826 2397 1013 2425 instituamus?

220 2439 288 2472 Quid
301 2446 361 2466 cum
376 2439 418 2466 illa
430 2440 515 2467 salute
529 2440 643 2468 conferri
654 2441 825 2476 potest?quid
840 2443 884 2470 illo
899 2443 1013 2470 adventu

222 2485 382 2512 fructuosius
390 2485 402 2511 ’ἶ
413 2485 484 2519 atqui
496 2485 538 2512 hic
549 2485 606 2520 ipse
616 2486 747 2514 adventus
759 2487 882 2514 salutaris
895 2494 921 2515 et
932 2489 1012 2522 utilis,

222 2531 312 2557 multis
324 2531 441 2557 accessio
453 2538 588 2565 poenarum
600 2535 642 2558 est
652 2531 746 2559 factus.
756 2531 790 2559 1η
800 2533 927 2567 judicium
938 2535 1013 2568 enim,

223 2578 316 2612 inquit.
328 2577 354 2603 in
365 2577 431 2603 Ittmc
446 2577 567 2603 mundum
578 2577 643 2611 veni,
659 2582 685 2604 ut
707 2579 750 2611 qui
769 2587 819 2605 non
832 2579 932 2612 vident,
947 2581 1014 2607 vide-

222 2628 277 2655 ant,
293 2628 316 2649 et
329 2622 373 2657 qui
384 2622 475 2655 uident,
494 2622 553 2649 ιιι-εἰ
565 2623 629 2656 [iant
643 2623 733 2658 (Joan.
747 2624 774 2651 9.
786 2624 841 2659 59).
866 2625 934 2658 Quid
957 2626 1016 2653 ais?

225 2677 268 2696 tttx
283 2668 410 2696 carcitatis
425 2675 505 2695 causa
517 2667 584 2694 facta
600 2669 659 2695 est?
674 2669 731 2696 Non
744 2670 787 2696 lux
803 2669 871 2697 facta
884 2675 925 2697 est
937 2678 1016 2698 causa

224 2715 361 2747 cmcitatis,
377 2713 423 2741 sed
438 2714 573 2741 oculorum
594 2715 690 2742 anima:
709 2715 875 2743 imbecillitas
899 2717 1018 2752 recipere

225 2761 314 2788 lumen
331 2768 382 2788 non
400 2760 492 2788 valuit.
516 2760 593 2788 Vides
613 2761 746 2788 ittﬁrmttm
758 2762 875 2797 undique
889 2762 959 2796 laedi,
973 2771 1017 2790 va-

227 2808 308 2835 lidunt
321 2812 407 2835 autem
422 2807 538 2843 undique
552 2807 691 2835 utilitatem
707 2807 867 2842 decerpere?
880 2808 945 2836 Nam
962 2809 1019 2836 ubi-

226 2861 279 2891 que
293 2855 414 2883 voluntas
424 2859 465 2882 est
479 2854 504 2881 in
518 2861 612 2890 causa,
630 2854 725 2889 ubique
748 2858 867 2882 nostrum
881 2854 1018 2883 arbitrium

561 133 589 160 S.
609 131 748 161 JO.\NN|S
767 128 1002 159 CllRYSOSTOMl
1025 128 1183 157 ARCHIEP.
1203 127 1470 157 CONSTA'NTINOP.

1794 124 1850 152 263

1054 189 1097 211 est
1112 189 1205 211 auctor
1220 192 1226 210 :
1241 182 1452 218 quandoquidem
1468 181 1599 215 diabolus,
1615 182 1637 210 si
1663 189 1745 210 nosse
1769 183 1848 213 velis,

1053 231 1134 258 etiam
1150 229 1221 257 utilis
1234 229 1310 257 ttobis
1332 234 1383 260 est.
1398 229 1420 256 si
1440 235 1482 260 eo,
1498 234 1577 264 prout
1599 234 1716 264 oportet,
1729 234 1848 260 utantur.

1053 284 1228 312 magnamque
1242 275 1319 303 nobis
1334 275 1474 303 utilitatem
1488 275 1555 309 parit
1568 296 1574 309 ,
1600 283 1687 310 neque
1711 275 1851 302 mediocre

1054 324 1131 351 nobis
1144 323 1205 350 inde
1218 322 1320 350 luerunt
1344 322 1461 350 obvenit.
1482 321 1538 349 Hoc
1550 322 1685 349 mttltoties
1702 327 1730 349 et
1743 329 1777 349 ex
1789 322 1852 356 ipso

1054 370 1105 397 Job
1118 369 1282 398 ostendimus
1298 377 1304 395 :
1320 373 1407 403 potest
1419 373 1507 396 autem
1521 376 1553 396 ex
1569 369 1627 404 ipso
1642 377 1748 404 quoque
1763 368 1851 396 Paulo

1055 416 1165 450 intelligi
1180 424 1187 442 :
1202 416 1241 442 sic
1253 415 1324 442 enim
1339 415 1376 441 ait
1398 414 1431 442 de
1450 414 1610 442 fornicatore
1625 415 1746 442 scribens
1759 424 1765 441 :
1782 414 1852 441 Tra-

1054 462 1105 489 dite
1119 462 1266 497 Itujumtodi
1280 467 1375 489 satana:
1387 462 1414 488 in
1429 462 1558 488 interitum
1571 462 1667 495 carnis,
1691 467 1719 488 ut
1741 462 1850 497 spiritus

1055 508 1138 534 salvus
1151 508 1181 534 sit
1195 507 1231 544 (i.
1245 507 1304 534 Cor.
1327 508 1355 535 5.
1378 508 1417 543 5).
1435 507 1505 535 Ecce
1529 508 1610 535 etiatn
1640 507 1734 534 salutis
1755 513 1853 534 auctor

1055 555 1140 581 factus
1152 558 1194 581 est
1206 554 1339 587 diabolus,
1357 555 1459 581 tametsi
1471 562 1523 581 non
1536 561 1568 582 ex
1586 554 1667 588 ipsius
1684 558 1784 587 mente,
1801 553 1852 581 sed

1056 609 1088 628 ex
1102 601 1216 628 artiﬁcio
1231 601 1354 636 apostoli.
1374 602 1439 628 Nam
1457 602 1681 636 quemadmodum
1697 601 1794 629 ntedici
1808 602 1851 628 vi-

1056 654 1134 681 peras
1148 652 1265 680 sttmunt,
1281 652 1306 674 et
1321 647 1476 682 perniciosis
1491 647 1617 674 membris
1628 647 1738 675 resectis
1751 648 1854 674 theria-

1055 700 1086 719 ca
1102 693 1293 720 medicamenta
1305 693 1469 720 coniiciunt:
1485 693 1520 720 ita
1538 701 1644 729 quoque
1660 694 1760 721 Paulus
1772 693 1852 726 fecit;

1055 738 1182 773 quidquid
1197 738 1282 766 inerat
1296 739 1358 766 utile
1368 747 1401 767 ex
1416 739 1489 766 illato
1508 747 1523 766 a
1539 739 1645 766 diabolo
1657 740 1788 775 supplicio
1803 747 1853 766 su-

1057 791 1132 811 mens
1147 785 1276 820 reliquum
1288 785 1389 812 omisit.
1411 785 1446 813 Ut
1468 785 1539 812 enim
1566 785 1698 819 intelligas
1715 793 1769 812 tton
1791 792 1854 812 esse

1056 831 1149 858 salutis
1159 836 1294 859 auctorem
1310 831 1453 862 diabolum,
1468 830 1515 858 sed
1527 830 1600 857 illum
1611 831 1635 857 in
1648 830 1673 857 id
1685 830 1853 862 incubuisse,

1058 884 1086 906 ut
1101 879 1236 906 hominem
1252 877 1377 912 perderet
1391 884 1422 904 ac
1435 876 1585 908 devoraret,
1601 876 1752 910 apostolum
1762 880 1854 902 autent

1057 925 1187 960 sapientia
1201 933 1246 952 sua
1262 925 1352 960 gulam
1366 924 1390 951 ci
1405 923 1528 958 fregisse,
1545 923 1605 950 audi
1617 923 1679 957 quid
1694 923 1720 949 in
1734 922 1855 950 secunda

1057 971 1090 998 ad
1102 971 1256 998 Corinthios
1272 970 1389 1006 Epistola
1404 969 1437 997 de
1452 969 1545 996 eodem
1573 969 1734 996 fornicatore
1762 969 1853 996 dicat:

1059 1018 1214 1051 Confirmata
1227 1017 1253 1043 in
1267 1017 1340 1043 illum
1364 1016 1510 1047 caritatem,
1535 1024 1566 1042 ne
1587 1015 1652 1049 forte
1673 1015 1857 1041 abundantiori

1059 1063 1160 1089 tristitia
1173 1061 1336 1088 absorbeatur
1347 1061 1390 1096 qui
1399 1060 1524 1096 ejusmodi
1534 1066 1579 1092 est,
1589 1065 1613 1087 et
1626 1061 1857 1087 circumveniantur

1059 1117 1074 1135 a
1098 1113 1187 1134 satana
1199 1107 1227 1143 (‘2
1242 1107 1302 1134 Cor.
1317 1106 1344 1133 2.
1359 1106 1384 1134 8.
1399 1107 1424 1133 7.
1440 1106 1483 1141 Η)
1497 1115 1504 1132 :
1518 1106 1702 1140 prarripiatttus
1711 1113 1746 1133 ex
1760 1106 1857 1132 bellum

1060 1153 1180 1181 faucibus
1191 1153 1336 1185 hominem,
1348 1153 1395 1179 ait.
1415 1152 1561 1186 Tamquam
1575 1152 1645 1179 ettitn
1657 1151 1787 1179 carnifice
1797 1160 1858 1186 per-

1059 1207 1131 1234 saepe
1141 1199 1247 1227 diabolo
1272 1206 1335 1226 usus
1359 1203 1399 1226 est
1422 1197 1575 1233 apostolus;
1603 1197 1743 1225 carniﬁces
1765 1203 1858 1225 autent

1059 1245 1196 1272 maleﬁcos
1209 1244 1316 1279 quidem
1331 1244 1443 1279 puniunt
1453 1265 1460 1276 ,
1477 1248 1504 1270 at
1519 1252 1571 1271 non
1592 1248 1721 1278 quantum
1752 1244 1858 1277 volunt,

1059 1291 1105 1318 sed
1121 1295 1247 1325 quatttum
1264 1290 1368 1324 judices
1380 1290 1470 1316 sinunt
1485 1298 1491 1315 :
1507 1297 1539 1316 ea
1561 1291 1658 1325 quippe
1674 1290 1715 1317 lex
1739 1295 1782 1317 est
1795 1298 1858 1318 car-

1061 1336 1155 1369 niﬁcis,
1173 1341 1201 1363 ttt
1213 1336 1245 1363 ad
1255 1335 1351 1370 judicis
1363 1340 1454 1362 nututn
1465 1335 1605 1363 attendens
1620 1343 1726 1370 poenam
1748 1336 1857 1364 inferat.

1061 1383 1140 1410 Vides
1159 1383 1191 1410 ad
1211 1387 1337 1418 quatttam
1361 1382 1512 1409 ascenderit
1531 1382 1666 1417 apOstolus
1679 1383 1859 1417 dignitatem?

1060 1429 1109 1463 Qui
1135 1429 1313 1456 circumdatus
1337 1432 1395 1456 erat
1419 1435 1533 1463 corpore
1546 1428 1705 1463 incorporeo
1720 1432 1858 1463 tamquam

1060 1474 1186 1502 carniﬁce
1200 1475 1338 1507 utebatur;
1352 1479 1379 1502 et
1404 1474 1474 1509 quod
1502 1474 1609 1501 diabolo
1631 1475 1782 1501 communis
1804 1475 1859 1502 Do-

1060 1522 1148 1548 minus
1163 1521 1197 1548 dc
1209 1521 1260 1548 Job
1283 1521 1318 1548 ita
1334 1521 1490 1555 prtecipiens
1510 1521 1556 1553 ait,
1572 1520 1659 1555 Tange
1670 1528 1777 1548 carnem
1791 1522 1858 1555 ejus,

1060 1571 1229 1594 verumtamen
1258 1567 1370 1593 animam
1382 1567 1436 1601 ejus
1448 1574 1478 1593 ne
1494 1567 1604 1602 tetigeris
1630 1566 1692 1601 (Job
1712 1567 1740 1594 2.
1756 1567 1784 1603 ϐ)
1801 1576 1808 1593 :
1825 1567 1859 1594 li-

1061 1613 1139 1640 mites
1153 1619 1344 1646 mettsuraSque
1363 1619 1500 1646 ptenantm
1520 1613 1705 1647 praescribens,
1737 1621 1772 1640 ne
1799 1621 1859 1640 cum

1062 1666 1160 1694 procax
1173 1664 1199 1686 et
1216 1658 1352 1686 etfrzenata
1366 1659 1400 1686 sit
1413 1659 1500 1686 bellua
1512 1680 1519 1691 ,
1545 1660 1702 1687 insolentius
1729 1660 1859 1695 impetum

1062 1704 1140 1731 faciat
1157 1712 1164 1731 :
1181 1704 1231 1731 ltoc
1242 1704 1321 1731 etiam
1334 1705 1387 1739 agit
1400 1706 1555 1740 apostolus:
1572 1713 1631 1732 cum
1647 1706 1718 1732 enim
1734 1705 1861 1733 tradidis-

1062 1756 1102 1778 set
1115 1751 1138 1777 ei
1151 1750 1339 1777 fortticatoretn
1353 1771 1359 1782 ,
1375 1750 1420 1782 ait,
1436 1749 1469 1776 In
1496 1750 1626 1777 ᾶηιευὶιιιηι
1650 1752 1734 1777 carnis
1745 1752 1784 1786 (l.
1797 1751 1858 1778 Cor.

1062 1797 1088 1824 5.
1110 1797 1155 1833 5),
1170 1797 1221 1824 ltoc
1235 1801 1285 1829 est,
1301 1797 1425 1823 Animam
1440 1797 1499 1831 ejus
1513 1805 1546 1824 ne
1562 1798 1690 1832 tetigeris.
1715 1797 1795 1825 Vides
1811 1806 1860 1824 att-

1061 1845 1212 1871 eloritatcm
1227 1843 1314 1871 servi?
1342 1843 1399 1871 Noli
1418 1850 1482 1878 ergo
1496 1843 1630 1870 diabolum
1659 1844 1773 1876 timere,
1799 1845 1861 1877 licet

1063 1891 1235 1924 incorporeus
1246 1889 1280 1916 sit
1297 1899 1302 1915 :
1317 1889 1426 1924 impegit
1439 1889 1509 1916 enim
1523 1889 1639 1922 ;atniltil
1649 1890 1812 1918 itttbecillius
1821 1896 1861 1918 est

1062 1944 1105 1968 eo,
1119 1936 1164 1970 qui
1178 1935 1315 1970 impcgcrit
1327 1956 1334 1967 ,
1352 1935 1414 1962 licet
1429 1935 1539 1962 mininte
1558 1943 1671 1970 corpore
1686 1936 1721 1963 sit
1745 1936 1860 1963 circum-

1063 1982 1153 2014 datus;
1165 1981 1390 2016 quetttadtnodutn
1413 1989 1499 2016 neque
1514 1982 1648 2009 robustius
1661 1988 1702 2009 est
1715 1983 1860 2018 quidquatn

1065 2035 1107 2060 eo,
1124 2028 1168 2062 qui
1182 2027 1264 2054 libere
1275 2032 1301 2054 et
1311 2035 1374 2054 cum
1390 2027 1486 2055 ﬁducia
1502 2029 1586 2063 possit
1600 2036 1689 2064 agere,
1705 2029 1769 2056 licet
1788 2037 1861 2057 utor-

1065 2075 1116 2102 tale
1128 2081 1225 2108 corpus
1235 2074 1413 2101 circumferat.

1100 2121 1127 2148 5.
1149 2120 1211 2147 llmc
1225 2128 1239 2146 a
1253 2127 1297 2147 tne
1320 2127 1390 2147 nunc
1404 2119 1474 2147 dicta
1495 2125 1557 2147 sunt
1571 2121 1670 2154 omttia,
1686 2129 1740 2148 non
1757 2127 1786 2148 ut
1803 2122 1859 2149 dia-

1065 2167 1153 2194 boluttt
1164 2166 1274 2193 critnine
1283 2166 1433 2198 liberarem,
1447 2166 1493 2194 sed
1503 2172 1530 2194 ut
1540 2175 1588 2194 vos
1600 2168 1633 2194 ab
1647 2167 1751 2201 ignavia
1764 2169 1861 2196 liberos

1065 2213 1203 2240 redderent
1215 2222 1221 2239 :
1232 2212 1361 2247 siquident
1375 2220 1534 2247 magnopere
1547 2213 1685 2240 contendit
1699 2214 1753 2247 ille,
1768 2222 1862 2249 pecca—

1068 2263 1154 2286 torum
1169 2264 1196 2285 ut
1216 2262 1368 2285 nostrorum
1382 2258 1409 2285 in
1425 2258 1510 2293 ipsum
1524 2259 1628 2293 culpant
1642 2259 1798 2294 rejiciamus
1811 2270 1817 2287 :
1834 2267 1861 2288 ut

1071 2304 1120 2331 hac
1145 2311 1192 2339 spe
1204 2304 1303 2336 laetati,
1319 2311 1379 2330 cum
1392 2311 1472 2331 omne
1483 2312 1567 2339 genus
1580 2305 1713 2333 scelerum
1736 2314 1860 2341 pervase-

1066 2351 1157 2383 rimus,
1182 2349 1266 2377 multa
1285 2350 1416 2384 supplicia
1441 2349 1517 2377 nobis
1540 2357 1695 2385 augeamus,
1713 2359 1764 2379 nec
1780 2353 1858 2379 ullattt

1068 2397 1127 2424 ideo
1138 2397 1241 2423 vcttiant
1257 2396 1440 2431 impetremus,
1456 2396 1527 2432 quod
1540 2397 1645 2432 culpam
1659 2399 1685 2425 in
1695 2407 1758 2426 eum
1772 2404 1858 2427 trans-

1068 2442 1214 2474 tulerimus,
1230 2443 1298 2469 sicut
1310 2450 1359 2469 nec
1370 2443 1424 2470 Eva
1439 2443 1599 2478 impetravit.
1611 2443 1665 2471 Nos
1678 2453 1743 2472 vero
1757 2454 1857 2481 nequa-

1067 2498 1145 2524 quattt
1160 2489 1184 2516 id
1198 2497 1316 2524 agamus,
1330 2489 1376 2516 sed
1391 2497 1440 2517 ttos
1455 2489 1526 2524 ipsos
1545 2497 1732 2525 agnoscamus,
1750 2493 1858 2519 vulnera

1068 2542 1242 2570 agnoscamus
1263 2544 1270 2562 :
1285 2535 1323 2562 sic
1335 2536 1405 2563 enim
1419 2539 1446 2562 et
1456 2536 1647 2564 medicamenta
1662 2539 1812 2572 poterimus
1821 2539 1866 2566 ad-

1070 2582 1161 2609 bibere
1176 2590 1253 2609 :nam
1268 2582 1313 2617 qui
1327 2582 1448 2610 morbum
1461 2591 1512 2610 non
1529 2584 1612 2616 novit,
1624 2584 1690 2611 nihil
1703 2585 1737 2612 de
1751 2586 1858 2620 agritu-

1069 2627 1132 2655 ditte
1145 2628 1274 2655 sollicitus
1287 2628 1346 2655 erit.
1360 2628 1439 2656 Multa
1450 2630 1617 2664 peccavimus
1630 2638 1703 2662 ;smo
1715 2632 1838 2666 equidem
1850 2639 1857 2665 ;

1070 2681 1162 2701 omnes
1187 2675 1257 2701 enim
1279 2675 1365 2710 pmnis
1382 2675 1489 2702 obttoxii
1510 2683 1622 2708 sumus;
1646 2681 1673 2703 at
1685 2678 1763 2704 venia
1787 2679 1861 2707 nobis

1072 2725 1164 2754 negata
1185 2728 1238 2748 tton
1254 2725 1304 2753 est,
1319 2728 1369 2748 nec
1383 2729 1398 2748 a
1419 2722 1573 2756 paenitentia
1588 2723 1738 2751 excidimus
1754 2733 1760 2750 :
1775 2724 1859 2752 adhuc

1071 2766 1141 2792 enim
1156 2770 1257 2792 stamus
1272 2766 1298 2793 itt
1312 2772 1466 2798 scatntnate,
1482 2772 1509 2794 et
1522 2767 1546 2794 itt
1562 2768 1728 2801 paenitentia:
1738 2772 1860 2798 certami-

1073 2810 1150 2837 nibus
1163 2818 1310 2838 vcrsamur.
1327 2812 1413 2839 Senex
1434 2819 1473 2844 es,
1489 2816 1515 2839 et
1529 2812 1562 2839 ad
1576 2813 1662 2848 ipsum
1680 2814 1784 2842 exitum
1801 2816 1858 2843 vitae

1074 2857 1216 2890 pervenisti
1227 2857 1238 2884 ?
1251 2857 1290 2886 Nc
1305 2862 1359 2885 tum
1371 2858 1476 2894 quidem
1488 2865 1503 2885 a
1517 2859 1671 2893 pwttitettlia
1687 2865 1713 2888 te
1726 2862 1857 2889 arbitreris
