1978 3130
217 106 268 134 265

218 163 274 190 vit?
288 163 355 190 Num
372 163 432 190 illos
454 170 559 198 quoque
583 164 703 191 diabolus
723 165 847 198 decepit?
871 164 1004 199 qttomodo

215 211 290 244 igitur
305 217 352 237 vos
367 219 418 236 non
435 211 563 244 decepit?
582 211 669 238 Etvos
689 216 716 238 et
739 211 775 238 illi
791 211 912 238 homines
925 211 999 243 estis,

213 256 359 283 secundum
383 261 503 284 naturam
531 257 625 292 loquor
646 266 652 283 :
672 257 763 284 eadem
781 258 886 291 utriqtte
910 261 1004 284 natura

213 302 315 336 pnrditi
328 303 392 329 estis
405 323 412 334 ,
427 303 520 329 iisdem
535 302 701 329 naturalibus
715 302 902 336 cupiditatibus
917 311 924 329 :
939 309 1004 337 quo-

213 347 291 374 modo
304 347 383 382 igitur
399 355 450 374 non
466 348 535 375 idem
560 353 678 375 vestrum
699 355 844 381 eorumque
865 347 1003 374 studium?

211 394 276 426 Quia
291 402 343 421 non
368 394 459 421 eadetn
476 394 594 428 utrisque
608 394 728 420 voluntas
744 402 750 420 :
775 393 833 420 ideo
849 393 883 420 illi
899 393 1002 427 decepti

210 443 281 470 sunt.
297 446 343 465 vos
356 447 406 465 non
422 440 495 466 item.
511 439 600 474 Neque
622 440 656 465 ita
672 439 775 473 loquor,
795 443 823 466 ut
837 438 971 465 diabolum
987 446 1002 466 θ

209 485 321 510 crimine
334 492 435 517 eruam,
447 484 492 511 sed
507 489 535 511 ut
549 492 595 510 vos
608 493 622 510 a
639 484 755 518 peccatis
768 484 865 511 liberos
879 483 1000 511 reddam.

208 529 337 564 Malignus
351 535 391 556 est
402 529 532 561 diabolus,
549 530 573 556 id
589 537 638 564 ego
648 529 742 562 fateor;
759 529 805 556 sed
820 529 869 556 sibi
884 529 932 564 ipsi
946 537 1001 555 ma-

209 574 306 608 lignus,
321 583 372 600 non
386 575 461 601 nobis
473 595 481 608 ,
495 575 517 600 si
532 574 680 607 vigilemus.
694 574 764 601 Talis
780 575 874 609 quippe
888 579 928 601 est
943 582 1000 600 ma~

207 620 333 654 Iignitatis
351 626 443 647 natura
459 629 466 646 z
486 628 516 647 ea
542 620 659 654 praeditis
678 620 763 646 solum
779 626 818 647 est
832 620 996 654 perniciosa;

207 667 290 693 virtus
304 672 393 693 autem
411 672 502 693 contra
523 675 575 693 non
599 668 654 700 ipsa
680 667 796 700 pra-ditis
819 671 936 698 mutum,
950 666 997 694 sed

207 714 286 740 etiam
303 714 429 747 proximis
443 713 514 739 utilis
527 721 586 740 esse
600 717 694 747 potest.
717 712 750 740 Ut
762 721 825 740 vero
849 713 935 740 discas
949 713 998 739 im-

207 759 317 793 probutn
333 759 381 786 sibi
396 759 555 794 improbum,
571 759 668 786 bonum
682 764 769 785 autern
779 760 837 785 aliis
845 760 924 786 etiam
937 767 997 787 esse

206 804 314 836 bonum,
329 804 493 838 proverbiale
506 804 552 830 tibi
567 804 745 831 testimonium
760 804 890 838 proferam
909 814 914 830 :
932 804 994 838 Fili,

204 849 289 884 inquit
303 871 310 883 ,
328 851 349 876 si
363 850 443 876 malus
460 851 493 877 sia
505 871 512 883 ,
524 850 592 877 solus
617 851 717 877 ltauries
731 851 817 882 mala;
830 851 868 877 sin
879 851 990 885 sapiens,

203 902 225 923 et
239 898 282 923 tibi
292 898 340 932 ipsi
356 902 378 924 et
390 898 504 932 proximo
519 897 566 923 eris
580 898 680 931 sapiens
695 898 704 932 (
719 897 794 923 Prov.
810 897 836 924 9.
854 897 886 924 I2
903 897 921 931 ).

236 941 329 969 Contra
343 942 503 969 theatralium
517 943 714 976 spectaculorum
728 948 871 969 sectatores.
892 942 991 969 Volun-

201 993 239 1014 tas
254 987 342 1022 ubique
355 988 466 1014 domina.
480 1003 516 1007 —
529 987 569 1014 Illi
582 987 684 1022 decepti
704 992 765 1014 sunt
784 988 809 1014 in
826 988 951 1020 theatris;
966 992 994 1014 at

200 1041 248 1061 vos
269 1042 320 1060 non
339 1034 443 1068 decepti
463 1034 536 1061 estis.
560 1034 680 1068 Magnum
703 1034 766 1061 illud
781 1041 814 1061 ex
834 1034 912 1061 rebus
930 1034 993 1068 ipsis

200 1085 399 1114 argumentum,
414 1080 484 1106 clara
503 1079 694 1106 demonstratio
713 1084 739 1106 et
758 1080 924 1107 ratiocinatio
939 1088 991 1107 non

199 1125 288 1157 dubia,
304 1126 465 1152 voluntatem
479 1126 576 1161 ubique
589 1126 721 1152 dominam
737 1134 805 1153 esse.
819 1126 873 1153 liae
887 1131 912 1153 tu
928 1127 990 1154 item

199 1173 345 1207 argumenti
368 1173 470 1200 ratione
490 1178 565 1200 utere
584 1182 590 1198 :
610 1177 637 1199 ct
656 1173 678 1200 si
699 1173 789 1199 videas
811 1173 944 1200 hominem
965 1173 990 1199 in

198 1220 314 1254 nequitia
328 1220 417 1246 vivere
427 1240 434 1251 ,
450 1225 529 1254 atque
544 1219 738 1253 improbitatem
751 1227 856 1246 omnem
875 1221 970 1246 sectari
982 1241 988 1252 ,

197 1272 228 1291 ac
241 1264 335 1291 deinde
349 1265 540 1300 providentiam
555 1264 601 1291 Dei
615 1264 750 1291 criminari
762 1265 914 1298 dicereque,
929 1273 988 1291 eum

197 1311 309 1338 fortuna:
334 1316 360 1338 et
385 1311 430 1338 fati
457 1311 606 1338 necessitati
633 1310 835 1345 dmmonumquc
857 1311 989 1346 tyrannidi

198 1365 314 1386 nostram
329 1359 474 1394 subjecisse
490 1364 611 1386 naturam
622 1379 629 1391 ,
645 1363 671 1386 et
684 1359 798 1393 undique
811 1359 915 1392 culpam
931 1367 944 1385 a
958 1366 988 1386 se

196 1405 308 1437 amoliri,
323 1411 401 1439 atque
416 1405 441 1432 in
458 1410 618 1437 creatorem,
630 1405 673 1439 qui
688 1405 810 1431 universo
825 1405 886 1431 huic
900 1405 988 1439 provi-

195 1452 250 1485 det,
265 1460 323 1479 eam
342 1452 484 1479 transferre
500 1461 506 1478 2
524 1451 580 1486 ejus
596 1459 626 1478 os
640 1451 744 1480 obtura.
762 1459 812 1477 non
832 1451 923 1483 verbo,
940 1450 986 1478 sed

195 1498 272 1530 facto,
289 1497 452 1532 ostendeque
465 1498 500 1524 illi
514 1498 594 1524 alium
608 1505 765 1524 conservum
780 1497 861 1531 probe
874 1505 904 1524 ac
918 1502 986 1524 tem-

195 1548 286 1576 perate
306 1543 448 1570 viventem.
469 1542 526 1569 Non
547 1550 612 1577 opus
631 1547 672 1570 est
689 1543 764 1576 longa
780 1542 915 1574 oratione,
933 1550 985 1570 non

194 1595 260 1622 opus
274 1588 404 1614 eoneinno
417 1591 556 1621 apparatu,
573 1595 625 1614 non
641 1586 816 1622 syllogismis;
834 1587 880 1614 sed
895 1588 985 1621 operi-

195 1632 242 1659 bus
256 1633 283 1659 fit
297 1633 500 1660 demonstratio.
515 1633 561 1659 Dic
575 1632 610 1659 illi
626 1641 633 1659 :
651 1632 683 1658 Et
697 1636 723 1658 tu
738 1640 832 1659 servus
844 1640 873 1659 es
886 1636 914 1658 ut
930 1632 982 1663 ille,

194 1684 220 1706 tu
235 1679 314 1706 homo
332 1684 360 1705 ut
378 1679 420 1705 ille
437 1688 442 1704 :
461 1679 486 1705 in
502 1678 596 1706 eodem
617 1678 716 1705 mundo
730 1679 854 1710 versaris,
874 1678 923 1705 sub
936 1686 983 1706 eo-

192 1725 252 1752 dem
272 1726 337 1752 ca-lo
357 1726 450 1752 iisdem
474 1726 590 1752 vesaeris
611 1725 676 1752 cibis
691 1734 698 1751 :
713 1733 761 1752 cur
779 1730 804 1752 tu
823 1726 848 1752 in
867 1726 983 1760 nequitia

193 1770 276 1804 degis,
292 1771 335 1797 ille
350 1771 374 1796 in
390 1770 504 1797 virtute?
520 1769 581 1797 Ideo
595 1770 714 1804 permisit
727 1770 795 1797 Deus
809 1770 893 1797 malos
907 1770 983 1797 bonis

193 1816 338 1850 permixtos
351 1823 420 1847 esse,
437 1823 485 1842 nec
499 1816 577 1842 aliam
600 1816 675 1842 bonis
689 1821 796 1847 terram,
811 1816 892 1843 alium
906 1817 982 1843 malis

191 1862 282 1888 orbem
298 1861 388 1893 dedit;
408 1861 453 1888 sed
475 1861 522 1888 hos
538 1862 588 1888 illis
602 1862 787 1894 commiscuit,
804 1869 859 1889 rem
873 1863 980 1889 utilissi-

191 1915 260 1933 mam
277 1911 409 1941 operatus.
426 1906 491 1934 Nam
506 1907 565 1934 boni
581 1907 747 1941 probatiores
760 1913 904 1942 apparent,
919 1908 981 1935 dum

191 1952 218 1980 in
235 1953 328 1979 ‘medio
349 1953 484 1980 hominum
497 1974 506 1985 ,
520 1953 563 1987 qui
578 1961 623 1980 eos
638 1962 652 1980 a
669 1957 741 1980 recta
756 1953 860 1980 vivendi
882 1954 982 1980 ratione

190 2003 301 2025 avocant
323 2004 349 2025 et
367 1998 400 2025 ad
420 1998 517 2025 malum
539 1998 664 2027 trahunt.
680 2004 819 2025 versantur
830 2019 836 2030 ,
852 2003 879 2025 et
894 2003 980 2025 tamen

190 2045 313 2071 virtutem
328 2049 473 2071 sectantur.
489 2043 593 2078 Oportet
605 2045 686 2076 enim,
702 2044 797 2079 inquit,
812 2044 917 2071 Ilienses
930 2053 982 2072 esse

190 2091 217 2116 in
235 2091 317 2122 vobis,
334 2095 361 2116 ut
380 2091 422 2124 qui
442 2090 539 2125 probati
560 2094 618 2116 sunt
630 2110 637 2122 ,
658 2090 784 2125 manifesti
800 2090 863 2125 ﬁant
876 2091 901 2117 in
914 2091 982 2118 vobis

190 2136 229 2170 (I.
241 2135 299 2162 Cor.
317 2136 360 2162 II.
382 2135 437 2170 I9).

225 2181 276 2208 Cur
294 2181 351 2207 boni
367 2189 424 2207 cum
441 2181 514 2207 malis
536 2181 662 2215 permixti.
678 2196 713 2201 —
728 2181 790 2208 Ideo
804 2180 882 2216 igitur
898 2181 981 2209 malos

190 2228 216 2254 in
233 2227 320 2254 medio
335 2228 442 2262 reliquit
452 2249 458 2257 ,
473 2232 501 2254 ut
515 2227 576 2254 boni
597 2228 680 2262 magis
693 2227 872 2261 splenderent.
889 2227 981 2255 Viden‘

189 2279 317 2308 quantum
332 2274 432 2300 lucrum
443 2274 455 2292 ν
468 2273 518 2300 Sed
534 2281 586 2300 non
600 2273 634 2299 ab
653 2273 780 2307 improbis
799 2273 899 2300 lucrum
910 2294 917 2305 ,
933 2273 980 2301 sed

189 2329 204 2348 a
223 2320 370 2347 Constantia
385 2321 525 2347 bonorum.
547 2319 646 2346 Idcirco
663 2319 720 2346 Noe
739 2319 911 2351 admirantur,
927 2328 979 2347 non

189 2366 259 2401 quod
276 2366 362 2400 justus
384 2373 415 2392 ac
437 2365 571 2400 perfectus
590 2369 662 2392 esset
675 2370 775 2392 tantum
786 2385 794 2398 ,
808 2365 854 2392 sed
870 2365 939 2400 quod
954 2365 979 2392 in

189 2411 361 2446 generatione
372 2411 413 2437 illa
426 2418 504 2445 prava
516 2415 595 2444 atque
608 2417 732 2444 perversa
743 2411 866 2438 virtutem
877 2417 980 2437 servas-

189 2462 248 2488 set,
270 2463 330 2483 cum
352 2455 452 2482 nullum
477 2456 580 2482 virtutis
599 2455 748 2490 exemplum
772 2455 900 2488 haberet,
918 2463 979 2482 cum

189 2510 283 2529 omnes
297 2510 358 2528 eutn
376 2502 408 2528 ad
429 2502 554 2528 malitiam
571 2505 714 2529 evocarent
728 2510 735 2528 :
750 2506 776 2528 at
795 2502 857 2535 ipsis
871 2507 978 2529 contra-

189 2549 255 2576 riam
271 2549 340 2575 viam
357 2548 478 2579 tenebat,
494 2547 564 2574 velut
579 2549 601 2574 si
616 2548 701 2575 viator
717 2548 846 2582 quispiam
857 2569 863 2579 ,
885 2556 978 2583 magna

189 2594 357 2622 multitudine
369 2594 462 2621 eodem
477 2594 570 2620 itinere
582 2601 641 2620 cum
653 2593 752 2628 impetu
765 2598 901 2628 pergente,
915 2601 980 2620 con-

190 2642 299 2668 trarium
311 2644 403 2674 carpat
417 2641 476 2667 iter.
489 2639 655 2674 Quapropter
667 2648 719 2667 non
734 2639 890 2674 simpliciter
902 2640 976 2671 dixit,

191 2687 247 2714 Νοε
255 2688 340 2722 justus
351 2691 373 2712 et
386 2687 523 2721 perfectus,
539 2684 585 2712 sed
600 2685 711 2719 adjecit,
722 2685 748 2712 in
762 2686 921 2720 generatione
932 2693 979 2712 sua

189 2733 264 2767 (Gen.
276 2732 303 2760 6.
316 2732 355 2766 9),
368 2738 492 2767 perversa
507 2731 608 2758 scilicet
621 2735 647 2758 et
658 2730 806 2765 desperata,
820 2730 864 2757 ubi
878 2730 977 2757 nullum

188 2779 292 2805 virtutis
302 2777 490 2804 commercium
502 2781 567 2804 crat.
579 2776 669 2810 Itaque
681 2776 714 2803 ab
726 2776 851 2810 improbis
865 2775 891 2803 id
902 2775 979 2802 bonis

188 2823 252 2851 lucri
277 2823 419 2852 accedebat
435 2831 440 2848 :
462 2822 500 2850 sie
518 2826 544 2850 et
567 2821 676 2850 arbores
696 2829 711 2848 a
734 2821 873 2849 contrariis
891 2820 977 2848 ventis

576 107 604 134 S.
625 107 764 137 JO.\NNIS
775 108 1014 136 CIIRYSOSTOMI
1034 110 1192 141 ARCIIIEP.
1213 114 1480 145 CONSTANTINOP.

1799 119 1852 147 266

1063 166 1167 200 agitata:
1181 167 1344 197 robustiores
1356 170 1430 197 (lunt.
1444 171 1492 198 Est
1504 171 1581 199 etiam
1598 174 1724 209 improbis
1737 183 1752 203 a
1768 176 1852 204 bono-

1060 219 1118 237 rum
1129 213 1263 240 eonsortio
1276 214 1375 241 lucrum
1389 225 1395 242 :
1411 219 1620 247 verecundantur
1631 229 1734 256 nempe,
1750 223 1852 257 pudore

1059 257 1212 286 afficiuntur
1225 264 1252 286 et
1271 261 1432 289 erubescunt
1453 263 1486 289 ab
1505 265 1560 297 eis;
1575 268 1676 294 etiamsi
1691 276 1757 296 vero
1771 277 1787 296 a
1803 278 1851 297 ne-

1059 302 1139 335 quitia
1155 311 1207 330 non
1222 303 1367 338 absistunt,
1381 311 1496 335 attamen
1512 309 1625 338 latenter
1642 313 1728 340 solum
1751 315 1851 343 audent

1058 346 1174 375 facinora
1191 354 1352 384 perpetrare.
1366 351 1422 379 Nec
1442 361 1532 387 parum
1549 361 1588 382 est
1603 357 1749 392 iniquitatis
1765 360 1849 386 auda-

1057 392 1125 439 ciam
1148 394 1203 420 tolli
1223 403 1230 421 :
1250 395 1360 423 aliorum
1384 398 1481 433 quippe
1502 400 1553 426 vita
1576 401 1680 430 illorum
1701 406 1848 439 nequitiam

1057 437 1221 466 criminatur.
1240 440 1307 467 Audi
1327 442 1405 476 igitur
1417 444 1479 478 quid
1494 444 1596 472 dicatur
1610 446 1642 473 de
1654 447 1726 482 justo
1768 450 1849 477 Mole-

1056 488 1109 532 stus
1123 490 1159 532 est
1174 485 1244 512 nobis
1257 487 1295 513 vel
1307 487 1367 514 dum
1381 491 1532 524 conspicitur
1546 492 1624 527 (Sap.
1638 494 1664 521 2.
1682 496 1738 531 15).
1756 497 1847 532 Neque

1057 529 1081 556 id
1097 530 1232 557 minimum
1247 537 1288 559 est
1301 534 1493 562 emendationis
1505 536 1618 570 initium,
1633 547 1693 567 curn
1707 529 1765 576 ejus
1779 529 1846 576 pra:-

1054 577 1139 603 sentia
1155 581 1311 612 torquentur
1326 589 1332 606 :
1350 581 1398 607 nisi
1413 583 1482 608 enim
1496 584 1534 610 eis
1549 585 1675 613 molestus
1691 594 1761 615 esset
1775 589 1846 616 illius

1054 628 1227 656 conspectus,
1244 633 1294 651 non
1317 626 1350 652 ita
1370 627 1549 662 loquerentur.
1563 631 1617 658 Nec
1631 633 1764 661 modicum
1781 635 1844 662 illud

1054 667 1269 702 impedimentum
1293 676 1352 703 est,
1377 681 1429 707 quo
1453 675 1541 702 minus
1565 677 1662 704 malitia
1686 687 1733 705 sua
1758 679 1845 708 libere

1053 719 1168 741 utantur.
1183 715 1274 743 Vidisti
1289 723 1414 752 quantum
1428 719 1530 747 lucrum
1545 722 1620 749 bonis
1635 731 1681 757 per
1696 725 1842 759 improbos.

1052 758 1178 794 improbis
1197 769 1243 795 per
1262 762 1345 790 bonos
1359 764 1484 792 accedat?
1501 766 1560 793 ideo
1577 775 1629 794 non
1649 771 1783 804 separavit
1795 779 1844 798 eos

1052 804 1129 836 Deus,
1144 805 1189 832 sed
1205 807 1362 834 commixtos
1377 810 1490 843 reliquit.

1085 851 1111 877 2.
1133 851 1183 878 Cur
1200 853 1313 881 diabolus
1332 855 1496 890 relinquatur.
1511 872 1547 876 ——
1567 858 1636 886 Idem
1659 859 1748 895 itaque
1764 862 1843 889 nobis

1049 897 1128 923 etiam
1144 898 1176 925 de
1189 899 1293 926 diabolo
1307 901 1340 927 sit
1357 909 1453 928 sermo.
1473 903 1532 929 Ideo
1548 905 1617 931 cnitn
1637 906 1709 933 illum
1725 907 1768 934 hic
1780 916 1842 935 esse

1048 944 1118 975 sivit,
1131 949 1157 971 ιιι
1169 949 1193 972 te
1205 945 1338 973 fortiorem
1351 948 1482 981 redderet,
1499 955 1526 976 ut
1537 951 1739 984 splendidiorem
1752 954 1839 982 athle—

1050 993 1101 1035 tam
1117 989 1224 1022 faceret,
1237 996 1264 1018 ut
1275 993 1372 1027 majora
1385 993 1472 1021 forent
1481 997 1635 1025 certamina.
1649 998 1675 1025 Si
1690 999 1748 1034 quis
1761 1000 1842 1035 igitur

1048 1033 1127 1067 dicat,
1140 1036 1192 1062 Cur
1204 1036 1336 1064 diabolum
1351 1039 1455 1073 reliquit
1470 1040 1558 1068 Deus?
1574 1041 1631 1069 h:ec
1646 1043 1682 1070 illi
1694 1033 1838 1076 resnonde.

1047 1080 1111 1112 Quia
1129 1080 1160 1107 iis
1173 1082 1216 1115 qui
1231 1082 1337 1116 vigilant
1351 1088 1377 1110 ct
1391 1085 1440 1111 sibi
1454 1086 1603 1120 attendunt,
1616 1096 1667 1115 non
1682 1090 1761 1116 modo
1772 1091 1839 1118 nihil

1032 1124 1142 1157 'nocct,
1161 1128 1206 1152 sed
1227 1127 1306 1153 etiam
1329 1128 1400 1156 utilis
1419 1134 1477 1161 est,
1495 1139 1548 1157 non
1562 1133 1670 1160 arbitrio
1683 1142 1751 1166 suo.
1765 1136 1838 1170 quod

1047 1171 1143 1197 malum
1158 1177 1214 1203 est,
1228 1173 1274 1200 sed
1295 1174 1399 1201 illorum
1421 1175 1586 1209 fortitudine,
1602 1179 1647 1213 qui
1662 1180 1719 1214 ejus
1737 1182 1840 1209 malitia

1046 1221 1073 1243 ut
1088 1226 1134 1250 par
1147 1223 1187 1245 est
1202 1224 1318 1247 utuntur.
1337 1221 1470 1255 Siquidem
1491 1228 1517 1249 et
1537 1231 1596 1250 cum
1615 1225 1682 1252 Jobo
1699 1227 1817 1254 conﬂixit
1829 1248 1837 1259 ,

1045 1271 1097 1290 non
1113 1269 1140 1290 ut
1154 1265 1224 1292 illum
1238 1266 1376 1293 clariorem
1391 1268 1524 1301 redderet,
1537 1270 1583 1296 Sed
1596 1275 1623 1297 ut
1633 1272 1816 1306 supplantaret
1829 1282 1836 1300 :

1044 1308 1157 1343 ideoque
1171 1310 1255 1337 malus
1269 1317 1325 1344 est,
1341 1313 1410 1346 quod
1425 1314 1470 1340 tali
1489 1314 1523 1341 sit
1546 1317 1680 1352 proposito
1693 1324 1724 1344 ac
1739 1317 1837 1345 volun-

1045 1358 1115 1386 tate;
1134 1359 1249 1383 attamen
1273 1358 1337 1384 nihil
1356 1359 1455 1391 justum
1471 1360 1536 1387 ltcsit
1547 1381 1554 1393 ,
1571 1362 1617 1388 sed
1633 1363 1676 1389 hic
1691 1364 1778 1397 potius
1792 1364 1836 1391 Iu-

1042 1407 1116 1427 crum
1136 1409 1169 1428 ex
1185 1402 1230 1428 tali
1251 1410 1335 1437 pugna
1356 1406 1515 1438 reportavit,
1532 1411 1560 1432 ut
1574 1406 1628 1441 jam
1643 1409 1811 1436 ostendimus
1828 1418 1836 1436 :

1042 1451 1122 1481 atque
1144 1447 1247 1475 dazmon
1274 1450 1436 1483 nequitiam,
1457 1451 1544 1485 justus
1567 1460 1631 1479 vero
1653 1453 1836 1482 fortitudinem

1042 1492 1171 1520 exhibuit.
1189 1495 1222 1520 At
1241 1496 1338 1522 multos
1352 1497 1520 1530 supplantat,
1536 1498 1638 1532 inquies
1653 1507 1659 1526 :
1674 1499 1709 1526 ob
1728 1501 1835 1528 illorum

1041 1537 1142 1565 scilicet
1164 1539 1360 1573 infirmitatem,
1385 1549 1436 1568 non
1459 1547 1545 1569 autem
1565 1543 1662 1571 virtute
1679 1552 1743 1577 sua,
1762 1547 1836 1580 quod

1039 1582 1093 1616 jam
1109 1583 1227 1617 pluribus
1240 1585 1448 1613 demonstratum
1464 1593 1514 1614 est.
1531 1587 1615 1615 Tuum
1631 1597 1694 1624 ergo
1708 1596 1780 1617 recte
1793 1592 1837 1618 di-

1041 1630 1096 1663 rige
1117 1630 1251 1663 animum,
1272 1635 1298 1658 et
1318 1640 1458 1666 numquam
1481 1634 1620 1669 ab.aliquo
1643 1635 1834 1663 detrimentum

1039 1675 1163 1710 accipies,
1178 1676 1231 1703 imo
1244 1678 1358 1705 maxima
1372 1679 1527 1711 lueraberis,
1542 1688 1593 1707 non
1608 1689 1622 1706 a
1637 1682 1726 1716 probis
1739 1683 1834 1714 modo.

1039 1721 1084 1747 sed
1097 1722 1175 1748 etiam
1187 1722 1220 1749 ab
1231 1723 1367 1757 improbis.
1382 1723 1443 1750 Ideo
1454 1725 1536 1757 enim,
1552 1731 1580 1752 ut
1591 1731 1668 1754 antea
1680 1727 1746 1759 dixi,
1757 1736 1837 1755 cont-

1040 1767 1136 1794 mixtos
1157 1768 1260 1803 reliquit
1284 1769 1354 1796 Deus
1378 1769 1518 1803 homines,
1537 1772 1651 1799 maxime
1671 1773 1756 1800 bonos
1770 1782 1834 1800 cum

1038 1813 1130 1844 malis,
1146 1818 1174 1840 ut
1190 1813 1238 1841 ltos
1257 1815 1289 1841 ad
1309 1823 1382 1842 suam
1405 1817 1537 1850 propriam
1553 1818 1680 1845 reducant
1695 1821 1834 1847 virtutem.

1037 1859 1106 1885 Audi
1121 1859 1182 1893 quid
1198 1860 1333 1894 discipulis
1346 1861 1416 1889 dicat
1429 1862 1551 1890 Christus
1567 1873 1573 1890 :
1587 1864 1676 1892 Simile
1689 1867 1784 1900 factum
1797 1872 1835 1894 est

1037 1913 1141 1940 regnum
1152 1906 1270 1933 Helorum
1281 1907 1389 1940 mulieri,
1403 1916 1459 1941 qua:
1469 1914 1596 1943 acceptum
1611 1911 1761 1944 {erittantum
1773 1912 1834 1939 abs-

1037 1952 1122 1977 condit
1141 1952 1167 1978 in
1189 1952 1279 1986 farina:
1298 1953 1360 1979 satis
1380 1954 1458 1980 tribus
1473 1953 1586 1990 (Matth.
1603 1955 1645 1982 I3.
1661 1956 1724 1990 53).
1741 1957 1833 1993 Itaque.

1035 1995 1098 2029 justi
1117 1997 1168 2022 vim
1191 1996 1312 2024 fermenti
1334 1998 1431 2025 habent
1443 2019 1450 2031 ,
1467 2004 1495 2026 ut
1509 1999 1541 2026 ad
1556 2008 1629 2027 suam
1650 2002 1832 2029 conditionem

1038 2041 1173 2076 improbos
1194 2042 1361 2070 transferant.
1383 2043 1435 2071 Sed
1458 2046 1532 2079 pauci
1552 2051 1613 2072 sunt
1630 2047 1711 2082 justi,
1728 2049 1791 2082 quia
1806 2055 1834 2077 et

1038 2086 1195 2114 fermentum
1211 2095 1320 2122 parvum
1336 2094 1395 2121 est;
1411 2097 1503 2116 verum
1524 2090 1566 2117 illa
1582 2092 1700 2126 paucitas
1714 2102 1830 2121 massam

1037 2141 1088 2159 non
1109 2133 1199 2166 lzedit,
1218 2134 1264 2161 sed
1285 2139 1366 2162 totam
1389 2136 1499 2163 farinam
1520 2145 1568 2172 pro
1589 2138 1668 2165 insita
1688 2140 1788 2168 virtute
1805 2142 1832 2168 in

1036 2186 1110 2206 suam
1135 2179 1261 2207 transfert
1281 2181 1471 2208 conditionem.
1499 2182 1544 2210 Sic
1564 2183 1698 2217 justorum
1723 2193 1833 2221 quoque

1037 2225 1119 2251 virtus
1139 2233 1191 2252 non
1211 2225 1237 2252 in
1252 2234 1362 2253 numero
1374 2227 1423 2253 sita
1439 2231 1479 2254 est
1491 2248 1498 2260 ,
1513 2228 1559 2255 sed
1574 2229 1600 2255 in
1613 2229 1696 2264 gratia
1715 2230 1834 2265 Spiritus

1036 2269 1117 2297 robur
1130 2275 1212 2310 totum
1229 2271 1316 2298 habet.
1332 2271 1474 2299 Duodecim
1490 2277 1565 2300 erant
1591 2275 1703 2308 apostoli
1719 2285 1726 2302 :
1744 2277 1834 2304 viden‘

1035 2324 1114 2350 quam
1130 2317 1262 2344 modicum
1278 2318 1312 2344 sit
1327 2317 1508 2346 fermentum?
1523 2324 1593 2346 totus
1606 2321 1679 2348 orbis
1695 2322 1720 2348 in
1736 2323 1834 2351 inlide—

1034 2362 1108 2389 litate
1122 2363 1277 2390 versabatur
1291 2372 1298 2390 :
1314 2363 1400 2390 viden‘
1414 2369 1511 2399 quanta
1528 2366 1633 2392 massa?
1647 2367 1693 2393 sed
1711 2367 1749 2394 illi
1764 2369 1836 2395 duo-

1035 2407 1120 2434 decim
1135 2411 1217 2434 totum
1233 2408 1324 2435 orbem
1341 2408 1373 2435 ad
1392 2417 1421 2436 se
1435 2416 1632 2437 converterunt.
1652 2411 1834 2440 Fermentum

1034 2457 1060 2479 et
1073 2460 1158 2480 massa
1172 2453 1292 2487 ejusdem
1305 2458 1366 2480 sunt
1379 2458 1491 2487 naturae,
1505 2455 1551 2482 sed
1566 2463 1618 2482 non
1631 2456 1753 2490 ejusdem
1765 2466 1838 2492 qua-

1035 2499 1114 2526 litatis
1130 2507 1137 2526 :
1152 2499 1323 2534 quamobrem
1339 2500 1408 2527 inter
1420 2500 1506 2534 justos
1522 2502 1625 2536 reliquit
1640 2502 1790 2537 improbos,
1804 2509 1831 2531 ut

1034 2544 1256 2578 quemadmodum
1273 2545 1298 2571 hi
1318 2545 1436 2579 ejusdem
1458 2551 1558 2573 natura:
1575 2552 1731 2582 suntatque
1744 2549 1811 2583 justi
1825 2571 1834 2581 ,

1033 2591 1071 2618 sic
1086 2591 1204 2626 ejusdem
1220 2592 1347 2626 propositi
1363 2591 1466 2619 flerent.

1071 2637 1155 2664 Homo
1168 2638 1236 2664 solus
1249 2643 1335 2664 auctor
1347 2638 1451 2671 peccati.
1465 2653 1500 2658 —
1515 2638 1577 2665 [Ime
1594 2639 1724 2666 memoria
1740 2645 1839 2668 tenea-

1033 2683 1076 2714 tis,
1093 2683 1136 2710 his
1149 2691 1179 2710 os
1194 2684 1314 2710 obturate
1329 2684 1429 2718 ignavis
1450 2684 1513 2717 illis,
1529 2685 1677 2718 dissolutis,
1695 2687 1837 2720 segniori-

1034 2729 1100 2760 bus,
1118 2729 1161 2764 qui
1183 2730 1287 2756 virtutis
1310 2730 1412 2757 labores
1432 2730 1582 2765 refugiunt,
1597 2729 1642 2765 qui
1657 2739 1836 2759 communem

1033 2779 1153 2802 nostrum
1168 2775 1309 2802 Dominum
1326 2776 1456 2802 incusant.
1476 2775 1603 2809 Peccasti,
1621 2776 1717 2811 inquit,
1733 2778 1839 2810 quiete:

1034 2819 1111 2855 (Gen.
1125 2822 1152 2850 4.
1167 2821 1194 2856 7)
1211 2830 1218 2848 :
1234 2829 1268 2849 ne
1280 2821 1388 2857 adjicias
1401 2821 1471 2848 aliud
1485 2821 1592 2856 gravius
1605 2827 1746 2857 peceatum
1762 2823 1837 2859 (Er-
