1978 3130
209 126 262 154 267

208 182 381 216 ἠσύχασον,
401 178 438 214 μὴ
451 177 571 214 προσθῇς
586 178 715 214 δευτέραν
725 179 862 214 ἁμαρτίαν
875 179 997 215 χαλεπω-

208 226 289 258 τέραν
301 231 308 238 ’
327 222 376 257 οὐχ
392 220 464 247 οὕτω
478 220 595 255 χαλεπὸν
613 220 644 246 τὸ
655 221 799 256 ἁμαρτεῖν,
810 221 848 253 ὠς
866 222 935 257 μετά
948 222 998 257 τὴν

208 264 344 300 ἁμαρτίαν
365 262 411 289 τοῦ
436 261 571 288 Δεσπότου
591 264 765 298 κατηγορεῖν.
791 263 937 297 Ἐπίγνωθι
953 264 998 290 τὸν

208 309 292 334 αἴτιον
308 306 358 340 τῆς
374 304 521 340 ἁμαρτίας,
540 304 587 330 καὶ
610 304 706 331 ούδένα
729 304 808 331 ἄλλον
824 305 962 340 εὑρήσεις,
980 305 997 340 ἢ

207 350 252 375 τὴν
276 347 454 384 ἡμαρτηκότα
480 345 521 372 σέ.
544 346 686 380 Πανταχοῦ
711 346 898 382 προαιρέσεως
919 346 999 382 χρεία

209 390 312 425 ἀγαθῆς
324 399 330 404 ·
345 389 434 422 ἔδειξα
450 388 516 423 ὑμῖν
529 387 608 414 τοῦτο
621 387 670 413 οὐκ
685 388 738 414 ἀπὸ
752 387 888 422 λογισμῶν
901 387 999 421 ψιλῶν,

209 431 266 458 ἀλλ’
280 431 333 457 ἀπὸ
349 430 499 457 συνδούλων
511 429 567 455 τῶν
583 430 612 455 ἐν
626 429 700 464 αὑτῷ
714 429 754 464 τῷ
768 430 865 465 κόσμῳ
879 429 998 461 ζώντων.

210 473 302 508 Ταύτῃ
316 472 362 499 καὶ
371 471 452 502 αὐτὸς
466 471 588 506 κέχρησο
607 472 640 506 τῇ
661 471 798 503 ἀποδείξει
811 479 817 485 ”
840 471 911 497 οὕτω
925 472 972 498 καὶ
985 472 1000 498 ό

209 515 299 546 κοινὸς
326 515 399 549 ἡμᾶς
421 515 511 549 κρινεῖ
530 513 685 548 Δεσπότης·
705 513 804 548 μάθετε
830 514 923 540 τοῦτον
949 514 1000 549 τῆς

209 556 373 588 ἀποδείξεως
395 555 440 581 τὸν
459 555 570 591 τρόπον.
587 555 635 581 καὶ
658 555 745 587 οὐδεὶς
765 556 837 590 ὑμᾶς
856 555 1000 590 δυνήσεται

211 598 418 633 συλλογίσασθαι
437 603 461 624 α.
480 597 609 632 Πορνεύει
633 606 689 628 τις;
708 598 794 630 δεῖξον
810 597 884 633 αὐτῷ
897 607 1001 633 σωφροο

210 641 307 667 νοῦντα
331 640 440 674 ἕτερον·
471 639 627 665 πλεονεκτεῖ
644 638 720 675 [270]
738 648 780 671 τις
804 641 851 666 καὶ
864 640 1000 675 ἁρπάζει;

210 683 295 714 δεῖξον
317 680 392 715 αύτῷ
415 681 462 706 τὸν
479 680 666 716 ἐλεημοσύνην
684 681 803 708 διδόντα·
817 683 846 708 ὲν
867 682 1002 718 βασκανίᾳ

211 724 244 759 ζῇ
258 724 305 750 καὶ
319 723 423 757 φθόνῳ;
437 722 521 754 δεῖξον
539 722 612 756 αὑτῷ
629 723 675 749 τὸν
689 724 809 759 καθαρὸν
821 724 868 750 τοῦ
886 724 1000 756 πάθους·

211 767 256 793 ὑπ’
269 766 354 801 ὀργῆς
367 767 523 801 κρατεῖται;
536 764 582 791 τὸν
598 766 626 790 ἐν
639 765 784 801 φιλοσοφίᾳ
796 765 886 797 ζῶντα
902 768 942 799 εἰς
954 767 1002 802 μέ-

212 816 257 834 σον
271 809 368 842 ἄγαγε.
389 807 427 833 Οὐ
441 807 495 841 γὰρ
508 806 548 832 δεῖ
561 807 641 841 μόνον
657 807 697 838 είς
712 807 746 833 τὰ
764 807 868 834 παλαιὰ
888 808 1003 843 ἀνατρέ-

209 856 269 883 χειν
286 851 453 885 διηγήματα,
469 848 539 875 ἁλλά
556 849 604 875 καὶ
621 849 676 875 ἀπὸ
691 848 747 875 τῶν
771 850 914 884 παρόντων
931 849 1002 885 λαμ-

212 893 304 920 ϐάνειν
323 891 359 917 τὰ
375 890 605 926 παραδείγματα·
623 891 670 917 καὶ
690 892 745 926 γάρ
765 891 812 918 καὶ
825 892 945 926 τήμερον
959 892 1003 918 διὰ

211 935 261 970 τὴν
271 934 319 961 τοῦ
334 933 402 960 Θεοῦ
418 933 497 968 χάριν
511 933 562 959 οὐκ
577 932 706 959 ἐλάττονα
718 933 772 960 τῶν
787 933 928 969 προτέρων
945 935 1004 960 ἐστὶ

211 977 246 1004 τὰ
263 974 475 1011 κατορθώματα.
493 975 622 1006 ’Δπιστός
637 975 696 1001 ἐστι
710 975 758 1001 καὶ
771 975 880 1010 ψευδεῖς
894 977 1004 1011 ἡγεῖται

210 1019 260 1049 τὰς
275 1017 387 1052 Γραφάς
407 1014 493 1047 εἷναις
512 1016 542 1042 οὐ
562 1016 696 1048 πιστεύει,
708 1016 750 1042 ὃτι
768 1018 783 1042 ό
811 1016 870 1043 Ἱὼὸ
885 1017 1004 1049 τοιοῦτος

211 1059 263 1096 ἧν;
278 1059 364 1091 δεῖξον
381 1058 456 1093 αὑτῷ
475 1058 569 1094 ἕτερον
592 1058 737 1094 ἄνθρωπον
765 1059 812 1085 τὺν
830 1059 935 1086 ἐκείνου
956 1060 1004 1086 τοῦ

211 1101 316 1129 δικαίου
329 1099 463 1135 ζηλοῦντα
471 1099 516 1126 τὸν
525 1099 591 1134 βίον.
603 1099 682 1126 Οὕτω
695 1101 743 1127 καὶ
755 1101 768 1127 ό
778 1101 917 1136 Δεσπότης
929 1103 1005 1137 ἡμᾶς

212 1144 317 1179 κρινεῖ·
336 1141 495 1171 συνδούλους
514 1141 606 1176 ἵστησι
622 1141 691 1176 μετὰ
707 1141 868 1174 συνδούλων,
891 1143 939 1170 καὶ
954 1143 1004 1170 οὐκ

212 1185 267 1212 ἀπὸ
278 1185 328 1220 τῆς
345 1183 428 1210 αὐτοῦ
444 1183 562 1219 κρίσεως
577 1183 654 1219 φέρει
667 1183 717 1219 τὴν
732 1183 833 1218 ψῆφον,
848 1184 891 1211 ἴνα
905 1184 943 1219 μὴ
953 1184 1005 1220 i9-

214 1229 293 1262 ξηται
306 1227 396 1260 λέγειν
412 1234 454 1257 τις
469 1225 561 1256 πάλιν,
578 1225 704 1261 καθάπερ
721 1226 825 1258 ἐκεῖνος
839 1227 853 1252 ὁ
867 1227 976 1261 οἰκέτης
991 1227 1005 1252 ό

213 1269 243 1295 τὺ
256 1268 387 1295 τάλαντον
404 1266 570 1298 πιστευθεὶς,
585 1268 632 1293 καὶ
651 1267 711 1293 ἀντὶ
734 1267 867 1294 ταλάντου
886 1277 1005 1303 κατηγο-

216 1310 275 1346 ρίαν
288 1308 489 1345 προσενεγκὼν,
510 1308 575 1335 "Ott
590 1310 724 1342 σκληρὸς
743 1308 781 1336 εἴ.
791 1309 856 1336 Δέον
875 1310 930 1346 γὰρ
944 1311 1005 1337 στέ-

215 1361 281 1382 νειν.
296 1352 336 1378 ὃτι
357 1351 405 1377 οὐκ
419 1350 593 1377 ἐδιπλασίασε
604 1351 635 1378 τὸ
647 1351 787 1384 τάλαντον,
805 1351 874 1378 ἀλλά
894 1353 941 1378 καὶ
955 1362 1004 1387 χα-

214 1394 372 1429 λεπωτέραν
387 1393 437 1428 τὴν
452 1393 589 1428 ἁμαρτίαν
601 1394 760 1428 εἰργάσατο,
774 1394 824 1428 τὴν
837 1395 1005 1430 κατηγορίαν

214 1436 264 1471 τὴν
279 1435 350 1462 κατὰ
363 1433 410 1461 τοῦ
422 1434 554 1460 δεσπότου
569 1435 700 1470 προσθεὶς
714 1436 746 1470 τῇ
759 1435 848 1470 οἰκείᾳ.
863 1435 958 1470 ἀργία.
973 1436 1005 1462 Τί

216 1478 270 1512 γάρ
288 1485 371 1512 φησιν
383 1484 390 1508 ;
403 1474 495 1502 Εἴδόν
511 1484 549 1502 σε
563 1476 608 1503 ὅτι
627 1477 764 1509 σκληρὸς
776 1475 812 1503 εἴ.
827 1475 862 1504 Ὦ
873 1477 948 1504 ἁθλι·
959 1478 1007 1504 καὶ

216 1518 386 1553 ταλαίπωρε,
406 1516 453 1543 καὶ
459 1516 632 1552 ἀγνωμονῶν,
644 1517 692 1545 καὶ
701 1517 812 1554 ὁκνηρέ⁶
823 1518 943 1549 ὀφείλωνς
956 1519 1007 1555 τῆς

217 1559 316 1587 σαυτοῦ
334 1559 496 1593 κατηγορεῖν
510 1557 609 1592 ἀργίας
625 1558 672 1584 καὶ
679 1558 827 1593 ὑφελέσθαι
838 1568 864 1586 τι
875 1561 926 1595 τῆς
941 1569 1007 1596 προ-

216 1601 296 1637 τέρας
308 1600 456 1636 ἁμαρτίας,
474 1600 506 1625 σὺ
521 1599 549 1626 δὲ
560 1600 606 1626 ἐπὶ
618 1600 663 1626 τὸν
674 1600 807 1636 δεσπότην
822 1603 871 1637 τὴν
886 1611 990 1637 κατηγο
999 1619 1006 1624 -

217 1644 277 1679 ρίαν
294 1641 476 1678 μετενεγκὼν,
490 1641 551 1668 ἀντὶ
577 1641 624 1668 τοῦ
650 1642 782 1670 ταλάντου
804 1643 852 1678 τὴν
869 1645 1006 1680 ἁμαρτίαν

216 1683 419 1715 ἐδιπλασίασας.

251 1742 284 1772 γ’.
297 1737 346 1764 Διά
354 1736 433 1763 τοῦτο
441 1737 456 1762 ὁ
465 1735 531 1767 Θεὸς
541 1735 652 1768 δούλους
660 1737 708 1762 καὶ
715 1736 825 1769 δούλους
834 1739 949 1774 ἵστησιν,
964 1739 1008 1765 ἵνα

215 1778 288 1806 οξτοι
299 1778 420 1809 ἐκείνους
436 1777 561 1814 κρίνωσι,
579 1778 701 1804 κάκεῖνοι
726 1779 771 1804 διὰ
794 1779 896 1806 τούτων
915 1781 1007 1815 κρινό-

219 1830 294 1856 μενοι
320 1820 357 1855 μὴ
375 1820 457 1855 ἔχωσι
484 1819 576 1845 λοιπὸν
602 1821 766 1854 κατηγορεῖν
788 1821 836 1846 τοῦ
859 1823 1004 1850 Δεσπότου.

217 1863 266 1889 Διὰ
280 1861 360 1888 τοῦτό
375 1868 469 1895 φησιν’
491 1861 658 1894 Ἕρχεταιό
682 1861 749 1894 Υίὸς
773 1862 826 1888 τοῦ
849 1863 1006 1896 ἁνιίλίώπου

215 1903 263 1930 ἐπὶ
275 1902 328 1936 τῆς
338 1903 431 1936 δόξης
442 1902 496 1928 τοῦ
514 1903 629 1936 Πατρός
647 1903 750 1929 αὑτοῦ.
771 1904 841 1938 Ὄρα
857 1905 906 1939 τῆς
928 1905 1007 1940 δόξης

214 1946 245 1972 τὸ
257 1945 472 1980 ¹ἀπαράλλακτον
483 1952 489 1958 ·
506 1944 557 1970 οὐκ
582 1942 670 1975 εἶπεν,
690 1944 752 1970 Ἐπὶ
765 1944 844 1979 δόξης
867 1946 962 1981 ὁμοίας
974 1949 1006 1982 τῇ

214 1987 278 2024 δόξῃ
292 1987 339 2013 τοῦ
353 1985 470 2021 Πατρὸς,
485 1985 542 2012 ἀλλ’
563 1985 626 2012 Ἐπὶ
640 1985 696 2019 τῆς
708 1985 801 2019 δόξης
812 1986 865 2013 τοῦ
882 1988 1006 2021 Πατρὸς,

214 2029 265 2055 καὶ
277 2028 404 2060 συνάξει
416 2027 453 2054 τὰ
462 2027 535 2060 ἔθνη
549 2026 647 2053 πάντα
656 2035 662 2042 ο
679 2027 794 2063 φοϐερὸν
809 2028 839 2054 τὸ
855 2030 1006 2064 κριτήριον,

215 2070 329 2105 φοόερδν
348 2071 404 2101 τοῖς
418 2069 608 2105 ἁμαρτάνουσι
625 2069 674 2096 καὶ
685 2069 847 2102 ὑπευθύνοις
857 2079 863 2085 ”
876 2072 937 2097 ἐπεὶ
951 2073 1007 2103 τοῖς

215 2113 363 2140 συνειδόσιν
376 2113 482 2143 ἑαυτοῖς
494 2111 698 2147 κατορθώματα
719 2111 844 2138 ποθεινὸν
861 2113 908 2138 καὶ
923 2121 1003 2148 προσ--

214 2155 294 2190 ηνές·
311 2154 366 2180 Καὶ
379 2153 487 2185 στήσει
501 2154 537 2179 τὰ
551 2153 685 2186 πρόϐατα
709 2153 744 2179 ἑκ
757 2153 874 2185 δεξιῶν,
903 2155 951 2181 καὶ
971 2155 1007 2181 τὰ

213 2197 312 2230 ἐρίφια
323 2195 357 2227 ἐξ
368 2194 542 2230 εὐωνύμων·
559 2195 607 2221 καὶ
625 2192 699 2221 οὗτοι
719 2196 840 2222 κάκεῖνοι
855 2196 1004 2232 ἄνθρωποι.

215 2238 265 2264 Διά
287 2237 312 2263 τί
328 2236 374 2264 οὖν
390 2237 487 2263 ἐκεῖνοι
515 2237 564 2272 μὲν
581 2237 718 2272 πρόϐατα,
749 2234 821 2264 οὗτοι
845 2238 874 2265 δέ
892 2239 1005 2274 ἐρίφια;

215 2281 270 2314 Οὐχ
295 2279 338 2305 ἵνα
364 2279 413 2314 τὴν
429 2278 580 2312 ἐναλλαγὴν
607 2279 658 2313 τῆς
683 2279 802 2312 φύσεως,
827 2280 941 2307 ἀλλ’ἵνα
957 2282 1006 2316 τὴν

215 2320 365 2354 ἐναλλαγὴν
377 2320 426 2354 τῆς
441 2320 629 2355 προαιρέσεως
647 2319 750 2357 μάθῃς.
764 2321 814 2347 Διὰ
829 2321 854 2347 τί
867 2322 895 2348 δὲ
918 2323 942 2348 οἰ
968 2323 1006 2357 μὴ

214 2361 332 2393 διδόντες
348 2361 532 2397 ἐλεημοσύνην
543 2362 656 2396 ἐρίφια;
674 2361 736 2388 Ὅτι
755 2362 879 2398 ἄκαρπόν
904 2365 962 2390 ἐστι
977 2364 1007 2390 τὸ

215 2403 354 2435 ζῶον,καὶ
368 2402 428 2429 οὗτε
453 2403 501 2438 τὴν
524 2403 578 2430 ἀπὸ
599 2403 647 2430 τοῦ
671 2404 808 2438 γάλακτος
822 2404 1005 2440 λειτουργίαν,

214 2444 276 2471 οὔτε
291 2445 340 2479 τὴν
361 2444 416 2471 ἀπὸ
437 2444 490 2471 τῶν
512 2446 709 2479 γεννημάτων,
732 2445 794 2472 οὔτε
814 2446 864 2481 τὴν
883 2448 938 2474 ἀπὸ
951 2447 1006 2474 τῶν

215 2486 316 2521 τριχῶν
332 2486 467 2521 εἰσφέρειν
480 2487 592 2513 δύναται
613 2489 668 2518 τοῖς
691 2488 883 2522 κεκτημένοις,
901 2498 1006 2515 παντα-

215 2527 294 2562 χόθεν
311 2528 414 2562 ἔρημον
430 2527 460 2554 ὃν
473 2528 521 2563 τῆς
535 2529 663 2564 τοιαύτης
673 2530 806 2564 εἰσφορᾶς
821 2529 834 2549 1³
849 2530 895 2556 διά
908 2531 938 2556 τὸ
956 2531 1006 2566 τῆς

215 2569 323 2603 ἡλικίας
333 2569 434 2604 ἁωρον,
446 2569 497 2596 Διά
512 2570 589 2596 τοῦτο
602 2571 665 2602 τοὺς
686 2571 784 2598 οὐδένα
814 2573 918 2607 καρπὸν
931 2572 1007 2608 ἐλεη-

216 2609 335 2646 μοσύνης
350 2612 482 2646 φέροντας
506 2612 635 2639 ἐκάλεσεν
658 2613 765 2648 ἐρίφια,
785 2614 849 2645 τοὺς
866 2614 898 2641 ἐκ
910 2614 1006 2647 δεξιῶν

215 2651 354 2687 πρόὸατω
369 2653 422 2679 ἀπὸ
437 2653 491 2690 γὰρ
508 2654 610 2680 τούτων
625 2655 736 2690 πολλὴή
755 2655 836 2691 φορὰ.
851 2656 883 2682 ὲκ
897 2656 947 2690 τῆς
958 2656 1005 2682 τοῦ

215 2693 288 2729 ἐρίου
305 2694 422 2729 φύσεως,
440 2696 472 2722 ἐκ
488 2696 542 2722 τῶν
552 2697 740 2731 γεννημάτων,
752 2698 784 2724 ἐκ
798 2697 845 2724 τοῦ
857 2698 1004 2732 γάλακτος.

216 2736 249 2762 Τί
263 2734 309 2762 οὖν
328 2745 394 2772 φησι
412 2737 478 2773 πρὸς
490 2738 606 2771 αὐτούςς
624 2739 762 2766 Πεινῶντά
786 2748 819 2774 με
835 2739 920 2767 εἴδετε
932 2761 939 2772 ,
958 2741 1006 2768 καὶ

215 2777 348 2812 ἐθρέψατε
360 2787 367 2794 ·
383 2779 498 2815 γυμνὸν,
516 2781 563 2807 καὶ
574 2780 750 2815 περιεϐάλετέ
760 2789 767 2796 '
782 2781 867 2814 ξένον,
880 2783 927 2808 καὶ
944 2791 1007 2809 συν-

215 2818 342 2855 ηγάγετε.
362 2821 446 2847 Πάλιν
467 2822 534 2857 πρὸς
549 2822 669 2853 ἐκείνους
679 2822 713 2848 τὰ
727 2823 855 2849 ἐναντίαθ
873 2824 963 2850 καίτοι
973 2833 1006 2858 γε

215 2863 240 2888 οι
253 2862 329 2888 αὐτοὶ
340 2863 478 2898 ἄνθρωποι
489 2864 534 2890 καὶ
547 2861 619 2890 οὗτοι
634 2864 765 2898 κάκεῖνοι,
781 2864 830 2896 τὰς
846 2865 931 2898 αὐτὰς
943 2866 1004 2894 ἐλα-

245 2906 255 2940 ῗ
273 2909 333 2940 Reg.
340 2911 497 2939 συλήσασθαι.

246 2939 262 2960 ¹⁸
273 2942 328 2966 Duo
338 2949 396 2966 mss.
408 2943 517 2971 τοιαύτης
528 2946 607 2974 φορᾶς.

572 121 602 149 S.
619 120 762 149 JOANNIS
779 122 1022 151 CHRYSOSTOMI
1042 121 1201 151 ARCHIEP.
1226 121 1501 151 CONSTANTINOP.

1788 121 1843 150 εοε

1054 181 1100 207 σον
1112 181 1278 215 ἐπαγγελίας
1289 179 1337 206 κα)⁵
1356 176 1429 207 οὗτοι
1442 180 1573 212 κάκεῖνοι,
1597 179 1631 206 τὰ
1647 179 1716 206 αὐτὰ
1738 179 1846 206 ἔπαθλα
1868 184 1898 214 ῖί.

1051 222 1218 258 ἀμφοτέροις
1246 221 1390 258 προέκειτο
1415 221 1632 258 κατορθώσασιν,
1649 226 1663 253 ὁ
1686 220 1771 252 αὐτὸς
1800 222 1846 247 καὶ

1053 264 1120 300 πρὸς
1130 264 1240 295 τούτους
1256 264 1303 290 καὶ
1321 264 1389 298 πρὸς
1403 263 1526 295 ἐκείνους
1540 261 1617 298 ἦλθε,
1642 263 1713 299 μετὰ
1728 262 1778 297 τῆς
1796 263 1846 289 αὑ-

1052 307 1101 340 τῆς
1115 307 1285 341 γυμνότητος
1302 306 1349 333 καὶ
1364 305 1433 341 πρὸς
1445 305 1556 337 τούτους
1569 305 1617 332 καὶ
1633 304 1700 341 πρὸς
1711 305 1846 335 ἐκείνους,

1054 347 1123 382 μετά
1136 348 1186 383 τῆς
1202 348 1288 382 αὐτῆς
1299 347 1405 383 πείνης,
1414 347 1461 374 καὶ
1475 346 1550 379 ξένος
1561 346 1662 382 ὁμοίως
1672 355 1679 362 ·
1697 346 1788 373 πάντα
1804 346 1848 372 ἴσα

1053 389 1190 421 κάκείνοις
1204 391 1251 417 καὶ
1267 389 1385 422 τούτοις,

1089 431 1150 463 Πῶς
1163 429 1210 458 οὗν
1223 432 1254 458 τὸ
1267 432 1342 464 τέλος
1355 432 1404 458 οὐκ
1418 432 1490 464 ῖσον;
1506 431 1567 458 Ὅτι
1586 431 1603 466 ἡ
1620 429 1783 466 προαίρεσις
1798 430 1848 456 οὐκ

1053 474 1175 508 ἀφῆκεν·
1187 474 1255 509 αὕτη
1280 474 1335 510 γὰρ
1353 474 1421 509 μόνη
1439 474 1489 508 τὴν
1511 473 1642 510 διαίρεσιν
1662 472 1738 509 [ει-ιι]
1753 473 1847 507 ἐποιή-

1055 524 1129 542 σατο.
1147 517 1197 542 Διά
1209 516 1287 543 τοῦτο
1300 517 1398 542 ἐκεῖνοι
1417 515 1467 550 μὲν
1479 516 1519 546 εἰς
1536 515 1658 549 γέενναν,
1675 513 1748 542 οὗτοι
1763 515 1792 541 δὲ
1808 516 1847 546 είς

1055 556 1192 592 βασιλείαν
1204 565 1210 572 ’
1227 558 1252 583 εί
1268 558 1296 584 δὲ
1314 559 1328 584 ό
1342 557 1465 588 διάϐολος
1487 554 1522 592 ἦν
1546 556 1638 587 αὐτοῖς
1652 555 1708 582 τῶν
1722 557 1848 591 ἁμαρτη-

1057 599 1149 633 μάτων
1161 599 1175 625 ό
1187 599 1283 630 αἴτιος,
1299 599 1350 625 οὐκ
1364 597 1408 630 ἂν,
1425 598 1506 625 ἄλλου
1521 598 1693 633 ἁμαρτόντος
1705 598 1752 624 καὶ
1773 597 1847 632 ὠθή-

1056 648 1162 671 σαντος,
1174 637 1247 666 οὗτοι
1260 640 1373 675 ἔμελλον
1393 639 1566 672 κολάζεσθαι.
1580 637 1658 670 Εἶδες
1670 638 1790 665 ἐνταῦθα
1801 639 1848 665 καὶ

1055 682 1117 713 τοὺς
1141 682 1325 716 ἁμαρτόντας,
1353 682 1480 713 καὶτοὺς
1507 680 1757 715 κατορθώσανταςς
1778 678 1847 712 εἶδες

1056 723 1114 754 πῶς
1134 723 1235 755 ἰδόντες
1248 724 1311 754 τοὺς
1329 723 1487 755 συνδούλους
1505 722 1762 758 ὲπεστομίσθησαν;
1779 723 1849 756 Φέρε

1057 773 1098 790 σοι
1113 765 1160 791 καὶ
1173 765 1216 798 ἐφ’
1232 765 1324 800 ἕτερον
1339 765 1515 800 παράδειγμα
1529 764 1575 790 τὸν
1592 764 1671 798 λόγον
1685 764 1848 798 ἀγάγωμεν.

1056 806 1200 841 Παρθένοι,
1215 807 1306 841 φησὶν,
1322 805 1393 842 ἦσαν
1408 807 1485 833 δέκα.
1500 806 1586 833 Πάλιν
1606 805 1724 832 ἐνταῦθα
1740 806 1768 832 αί
1781 813 1850 840 προ-

1056 848 1178 882 αιρέσεις
1192 848 1221 874 αἱ
1245 848 1466 884 κατορθώσασαι,
1493 848 1573 875 πάλιν
1594 849 1621 874 αί
1636 847 1850 882 διαμαρτοῦσαι,

1057 890 1101 916 ἵνα
1117 890 1150 915 ἐκ
1165 890 1340 926 παραλλήλου
1356 891 1404 917 καὶ
1417 891 1520 917 τούτων
1532 890 1567 916 τὰ
1577 890 1767 925 ἁμαρτήματα
1780 889 1850 924 ἴδῃς,

1057 931 1192 958 κάκείνων
1204 932 1238 959 τά
1253 932 1473 969 κατορθώματα·
1489 933 1506 968 ἠ
1528 932 1583 967 γὰρ
1605 931 1748 966 σύγκρισις
1767 931 1853 965 σαφέ-

1059 982 1142 1009 στερα
1157 973 1244 1000 ταῦτα
1264 976 1345 1001 ποιεῖ.
1370 974 1426 1001 Καὶ
1449 971 1530 1001 αὗται
1546 974 1676 1010 παρθένοι
1702 973 1851 1004 κάκεῖναι,

1058 1015 1106 1042 καὶ
1120 1011 1198 1042 αὗται
1209 1015 1291 1042 πέντε
1303 1016 1428 1042 κάκεῖναι
1438 1024 1445 1031 ·
1461 1015 1606 1050 λαμπάδας
1616 1013 1688 1050 εἶχον
1702 1015 1751 1041 καὶ
1769 1010 1853 1040 αὗται

1058 1057 1196 1084 κάκεῖναι’
1214 1057 1260 1084 τὸν
1278 1057 1394 1092 νυμφίον
1410 1057 1541 1092 ἀνέμενον
1557 1058 1654 1084 πᾶσαι.
1674 1057 1737 1089 Πῶς
1760 1054 1808 1082 οὖν
1826 1055 1853 1081 αἱ

1060 1100 1109 1134 μὲν
1124 1099 1259 1134 εἰσῆλθον,
1274 1100 1302 1126 αι
1317 1099 1345 1126 δέ
1358 1099 1409 1126 οὐκ
1423 1099 1548 1135 εἰσῆλθον
1561 1108 1568 1132 ;
1580 1099 1642 1126 Ὀτι
1661 1099 1690 1125 αι
1705 1099 1754 1134 μὲν
1765 1098 1854 1124 ἀπάν-

1059 1141 1163 1176 θρωποι
1173 1139 1254 1177 ἦσαν,
1271 1142 1300 1168 αἱ
1317 1141 1346 1168 δέ
1359 1141 1459 1178 ἥμεροι
1481 1142 1528 1168 καὶ
1549 1141 1748 1177 φιλάνθρωποι.
1769 1140 1855 1175 Ὁρᾷς

1059 1183 1141 1210 πάλιν
1157 1183 1207 1218 τὴν
1233 1182 1393 1218 προαίρεσιν
1408 1182 1455 1209 τοῦ
1475 1183 1570 1214 τέλους
1585 1183 1675 1210 αἰτίαν
1691 1181 1852 1217 γινομένην.

1059 1225 1119 1260 οὐχὶ
1135 1225 1180 1252 τὸν
1195 1225 1316 1251 διάὸολον
1326 1233 1333 1257 ;
1345 1223 1416 1257 εἶδες
1426 1225 1458 1252 ἐκ
1472 1225 1648 1260 παραλλήλου
1662 1225 1712 1256 τὰς
1733 1223 1853 1259 κρίσεις.

1060 1268 1106 1294 καὶ
1121 1268 1154 1294 ὲκ
1166 1267 1219 1294 τῶν
1234 1267 1336 1302 ὁμοίων
1350 1267 1503 1303 φερομένην
1518 1267 1568 1302 τὴν
1586 1267 1692 1302 ψῆφον;
1710 1266 1854 1292 Σύνδουλοι

1061 1308 1220 1340 συνδούλους
1242 1308 1376 1343 κρινοῦσι.
1401 1308 1495 1335 Βούλει
1519 1317 1560 1334 σοι
1582 1308 1661 1341 δείξω
1681 1308 1730 1334 καὶ.
1750 1307 1780 1340 ἐξ
1805 1308 1855 1334 ἀν-

1059 1350 1160 1386 ομοίων
1173 1350 1319 1385 γινομένην
1334 1349 1478 1386 σύγκρισιν
1489 1359 1496 1383 ;
1509 1350 1613 1385 γίνεται
1626 1350 1680 1386 γὰρ
1699 1350 1747 1377 καὶ
1759 1350 1788 1382 ἐξ
1805 1351 1856 1376 ἀν-

1060 1393 1171 1428 ομοίων,
1188 1392 1258 1418 ὥστε
1275 1392 1325 1428 τὴν
1339 1393 1503 1428 κατάκρισιν
1523 1392 1650 1427 γενέσθαι
1671 1392 1853 1427 σαφεστέραν.

1062 1434 1183 1469 Ἄνδρες
1195 1434 1359 1468 Νινευῗται,
1371 1437 1464 1470 φησὶν,
1487 1435 1716 1468 ἀναστήσονται
1733 1434 1782 1461 καί
1800 1443 1856 1460 κα-

1060 1477 1236 1511 τακρινοῦσι
1256 1477 1314 1511 τὴν
1336 1477 1443 1512 γενεὰν
1461 1478 1585 1511 ταύτην.
1608 1477 1708 1504 Οὐκέτι
1727 1477 1818 1511 ὅμοιοι
1830 1477 1856 1502 οἱ

1061 1520 1216 1555 κρινόμενοι
1226 1528 1233 1534 ⁸
1249 1520 1273 1546 οἱ
1291 1519 1341 1555 μὲν
1356 1519 1411 1554 γὰρ
1422 1519 1566 1555 βάρϐαροι,
1583 1520 1608 1545 οἱ
1627 1519 1654 1546 δὲ
1676 1519 1799 1545 Ἰουδαῖοι
1811 1527 1817 1533 ι
1830 1518 1856 1544 οί

1063 1562 1112 1597 μὲν
1127 1561 1299 1597 προφητικῖκ
1310 1561 1472 1596 ἀπήλαυσαν
1491 1560 1675 1593 διδασκαλίας,
1693 1561 1718 1587 οἱ
1737 1560 1766 1586 δὲ
1780 1559 1858 1586 οὐδέ-

1061 1611 1127 1630 ποτε
1144 1602 1274 1638 μετέσχον
1289 1602 1365 1634 θείας
1383 1603 1551 1637 ἀκροάσεως.
1577 1603 1614 1628 Οὺ
1632 1602 1714 1628 τοῦτο
1727 1601 1756 1627 δὲ
1775 1602 1857 1636 μόνον

1061 1645 1119 1671 ἐστὶ
1131 1645 1161 1671 τὸ
1176 1644 1316 1680 διάφορον,
1329 1644 1387 1670 ἀλλ’
1403 1644 1443 1670 ὅτι
1466 1645 1524 1671 ἐκεῖ
1541 1644 1590 1679 μὲν
1606 1643 1700 1674 δοῦλος
1721 1643 1855 1678 ἀπῆλθεν,

1061 1687 1179 1714 ἐνταῦθα
1191 1687 1219 1713 δὲ
1245 1688 1259 1714 ό
1278 1687 1432 1722 Δεσπότης·
1455 1687 1580 1717 κάκεῖνος
1599 1686 1648 1722 μὲν
1662 1685 1858 1720 καταστροφὴν

1061 1729 1194 1764 ἐκήρυττε
1210 1728 1443 1764 παραγενόμενος,
1452 1726 1529 1760 οὗτος
1539 1728 1567 1754 δὲ
1579 1727 1718 1762 βασιλείαν
1729 1727 1858 1761 οὐρανῶν

1061 1770 1261 1804 εὐηγγελίζετο.
1274 1770 1355 1801 Τίνας
1369 1767 1416 1796 οὖν
1431 1769 1504 1800 είκδς
1525 1767 1559 1804 ἦν
1576 1769 1722 1796 πιστεῦσαι
1741 1768 1856 1803 μᾶλλον,

1060 1812 1123 1842 τοὺς
1136 1811 1290 1846 βαρϐάρους
1300 1811 1348 1838 καὶ
1361 1812 1490 1846 ἀνοήτους
1500 1811 1547 1837 καὶ
1557 1811 1691 1846 μηδέποτε
1706 1810 1860 1845 μετασχόν-

1061 1861 1109 1884 τας
1121 1853 1196 1884 θείας
1206 1853 1390 1884 διδασκαλίας,
1403 1852 1419 1886 ﬁ
1430 1852 1494 1884 τοὺς
1504 1853 1535 1878 ἐκ
1548 1852 1660 1888 πρώτης
1671 1851 1780 1887 ἡλικίας
1788 1859 1857 1887 προ-

1062 1895 1190 1927 φητικαῖς
1205 1894 1388 1928 ἐντραφέντας
1401 1893 1520 1929 βίϐλοις
1532 1893 1618 1920 Παντὶ
1632 1893 1721 1928 δῆλον,
1733 1893 1777 1919 ὅτι
1791 1893 1857 1924 τοὺς

1067 1935 1212 1966 Ἰουδαίους
1228 1935 1344 1970 μᾶλλον
1354 1935 1423 1962 ἀλλὰ
1438 1936 1533 1969 γέγονε
1546 1934 1712 1961 τούναντίον.
1733 1935 1790 1961 Καὶ
1807 1931 1855 1960 οὗ·

1060 1985 1102 2003 τοι
1118 1977 1168 2012 μὲν
1192 1977 1348 2012 ἠπίστησαν
1371 1976 1411 2011 τῷ
1431 1977 1554 2012 Δεσπότῃ
1574 1976 1712 2011 βασιλείαν
1730 1975 1858 2011 οὐρανῶν

1061 2018 1234 2053 κηρύττοντι.
1243 2020 1342 2045 ἐκεῖνοι
1356 2019 1385 2045 δὲ
1396 2019 1561 2045 ἐπίστευσαν
1572 2019 1611 2053 τῷ
1622 2018 1760 2053 συνδούλῳ
1774 2025 1858 2044 κατα-

1062 2061 1182 2096 στροφὴν
1198 2061 1362 2092 ἀπειλοῦντι,
1378 2062 1421 2088 ἴνα
1438 2061 1569 2096 μειζόνως
1582 2061 1719 2087 κάκείνων
1732 2061 1750 2095 ἡ
1765 2060 1856 2086 ἐπιεί-

1061 2111 1122 2128 κεια
1141 2103 1188 2129 καὶ
1207 2103 1310 2130 τούτων
1333 2104 1350 2139 ἡ
1371 2103 1552 2139 ἀγνωμοσύνη
1576 2104 1742 2138 φανήσηται.
1762 2103 1809 2137 Μή
1828 2111 1858 2130 τι

1061 2144 1180 2179 δαίμων;
1196 2145 1232 2180 μή
1249 2154 1276 2172 τι
1294 2145 1437 2177 διάΰολος;
1454 2146 1490 2180 μή
1508 2153 1536 2171 τι
1546 2145 1632 2180 τύχη;
1653 2145 1690 2180 μή
1710 2153 1738 2170 τι
1755 2145 1856 2179 εἱμαρ-

1063 2187 1144 2221 μένη;
1162 2187 1222 2221 οὐχὶ
1232 2187 1345 2218 ἔκαστος
1363 2187 1454 2222 ἐαυτῷ
1466 2188 1554 2219 αῐτιος
1567 2187 1615 2213 καὶ
1628 2187 1676 2221 τῆς
1690 2186 1793 2218 κακίας
1807 2187 1859 2213 καὶ

1060 2227 1110 2262 τῆς
1123 2228 1224 2263 ἀρετῆς
1238 2229 1356 2262 ἐγίνετο;
1371 2229 1403 2255 Εί
1418 2229 1472 2264 γὰρ
1491 2228 1528 2264 μὴ
1548 2229 1626 2255 αὐτοὶ
1640 2228 1754 2263 ἔμελλον
1771 2228 1859 2255 ὑπεύ-

1061 2269 1134 2296 Θυνοι
1154 2270 1273 2302 ἔσεσθαι,
1288 2270 1338 2297 οὐκ
1352 2270 1386 2297 ἂν
1402 2268 1490 2303 εἶπεν,
1507 2271 1548 2297 ὃτι
1566 2270 1787 2305 Κατακρινοῦσι
1798 2270 1859 2304 τὴν·

1060 2312 1168 2346 γενεὰν
1182 2312 1293 2346 ταύτην
1303 2319 1310 2327 ’
1326 2312 1378 2338 οὐκ
1392 2312 1424 2338 ἂν
1438 2313 1485 2339 καὶ
1504 2312 1554 2348 τὴν
1573 2311 1732 2346 βασίλισσαν
1749 2311 1798 2338 τοῦ
1814 2312 1859 2338 νό-

1060 2361 1107 2379 του
1123 2353 1298 2388 κατακρίνειν
1311 2354 1376 2385 τοὺς
1395 2353 1540 2385 Ἰουδαίους
1555 2354 1617 2388 ἔφη.
1635 2353 1673 2380 ού
1693 2353 1749 2389 7&9
1763 2353 1796 2389 δὴ
1812 2352 1859 2388 δῆ-

1062 2403 1107 2430 μοι
1123 2395 1226 2430 δήμους
1242 2396 1322 2430 μόνον
1347 2395 1543 2430 κατακρινοῦσι
1569 2395 1641 2428 τότε,
1658 2395 1728 2421 ἀλλά
1751 2396 1800 2421 καὶ
1814 2392 1858 2426 εἷς

1060 2437 1204 2472 ἄνθρωπος
1217 2437 1302 2472 δῆμον
1321 2437 1469 2473 ὁλόκληρον
1496 2437 1636 2470 πολλάκις,
1652 2438 1716 2464 ὅταν
1733 2437 1781 2469 οὒς
1804 2437 1858 2472 μὲν

1061 2479 1198 2513 ἐνεδέχετο
1216 2479 1315 2514 μᾶλλον
1330 2480 1520 2515 ἀπατηθῆναι,
1543 2480 1684 2514 φαίνονται
1710 2480 1857 2514 μείναντες

1060 2520 1270 2555 ἀνεξαπάτητοι,
1287 2521 1310 2547 οἱ
1325 2521 1354 2548 δὲ
1372 2522 1405 2548 ἐκ
1423 2521 1523 2553 παντὸς
1541 2521 1643 2556 τρόπου
1658 2522 1857 2557 περιγενέσθαι

1060 2562 1222 2596 ὀφείλοντες,
1238 2562 1402 2598 ἡττηθέντες
1416 2562 1529 2598 τύχωσι,
1556 2563 1606 2590 Διὰ
1627 2562 1707 2589 τοῦτο
1731 2564 1781 2590 καὶ
1805 2563 1857 2590 τοῦ

1067 2604 1153 2639 Ἀδὰμ
1163 2604 1211 2630 καὶ
1222 2603 1269 2630 τοῦ
1293 2603 1353 2630 Ἰὼϐ
1366 2605 1542 2640 ἐμνήσθημεν
1551 2613 1558 2620 ·
1571 2605 1677 2640 ἀνάγκη
1692 2605 1749 2640 γὰρ
1771 2605 1856 2632 πάλιν

1060 2644 1217 2672 ἐπανελθεῖν
1240 2645 1287 2672 ἐπὶ
1309 2646 1358 2681 τὴν
1374 2646 1502 2673 ὑπόθεσιν
1521 2646 1629 2680 ἐκείνην
1640 2667 1647 2678 ,
1664 2646 1735 2673 ὥστε
1747 2647 1783 2673 τὰ
1800 2647 1858 2673 λείη

1059 2687 1132 2721 ψανα
1146 2687 1342 2722 ἀποδοῦναιτῴ
1353 2688 1434 2723 λόγῳ.
1450 2687 1494 2723 Τῷ
1513 2689 1562 2724 μὲν
1575 2686 1622 2715 οὖν
1640 2689 1728 2724 Ἀδὰμ
1741 2689 1787 2716 δια
1803 2691 1857 2724 ῥη-

1061 2729 1154 2764 μάτων
1167 2729 1319 2764 προσέϐαλε
1330 2729 1426 2764 ψιλῶν,
1441 2730 1481 2765 τῷ
1492 2729 1522 2756 δὲ
1537 2729 1596 2756 Ὶὼὸ
1608 2731 1654 2756 καὶ
1663 2730 1707 2757 διὰ
1723 2731 1857 2766 πραγμά-

1059 2780 1129 2798 των·
1145 2771 1191 2798 τὸν
1208 2772 1258 2806 μὲν
1268 2772 1323 2808 γὰρ
1337 2772 1385 2799 τοῦ
1402 2772 1518 2799 πλούτου
1533 2773 1634 2804 παντὸς
1645 2773 1790 2808 ἐγύμνωσε
1805 2774 1855 2799 καὶ

1059 2813 1114 2839 τῶν
1132 2813 1237 2840 παίδων
1256 2810 1447 2848 ἀπεστέρησε·
1472 2814 1568 2849 τούτου
1590 2814 1618 2840 δὲ
1636 2815 1665 2840 οὺ
1694 2815 1806 2850 μικρδν,
1822 2816 1854 2841 οὐ

1062 2855 1134 2890 μέγα
1148 2864 1175 2881 τι
1188 2855 1243 2881 τῶν
1261 2855 1344 2881 ὄντων
1364 2855 1498 2890 ἀφείλετο.
1510 2856 1618 2883 Μᾶλλον
1632 2856 1659 2882 δὲ
1673 2857 1720 2882 καὶ
1736 2857 1809 2883 αύτὰ
1820 2858 1854 2884 τὰ

1061 2898 1171 2933 ῥήματα
1186 2896 1367 2931 ἐξετάσωμεν,
1384 2897 1460 2933 [272]
1477 2897 1524 2924 καὶ
1541 2898 1590 2933 τῆς
1612 2897 1744 2933 ἐπιϐολῆς
1764 2901 1779 2918 ο
1806 2900 1852 2924 τὸν

1091 2946 1103 2961 ε
1110 2944 1217 2970 Savilius
1226 2949 1267 2974 τῆς
1277 2945 1410 2975 ἐπιϐουλῆς,
1419 2949 1444 2971 el
1456 2945 1492 2970 sic
1504 2947 1610 2971 interpr.
