  <div class='ocr_page' id='page_1' title='image "/cluster/home/n/w/nwhite01/storage/ocr_20150623/49-50/njp.32101077772620/270.png"; bbox 0 0 1978 3130; ppageno 0'>
   <div class='ocr_carea' id='block_1_1' title="bbox 125 144 177 171">
    <p class='ocr_par' dir='ltr' id='par_1_1' title="bbox 125 144 177 171">
     <span class='ocr_line' id='line_1_1' title="bbox 125 144 177 171; baseline -0.038 0"><span class='ocrx_word' id='word_1_1' title='bbox 125 144 177 171; x_wconf 67' lang='lat' dir='ltr'><strong>2b“!</strong></span> 
     </span>
    </p>
   </div>
   <div class='ocr_carea' id='block_1_2' title="bbox 126 199 932 236">
    <p class='ocr_par' dir='ltr' id='par_1_2' title="bbox 126 199 932 236">
     <span class='ocr_line' id='line_1_2' title="bbox 126 199 932 236; baseline -0.001 -8"><span class='ocrx_word' id='word_1_2' title='bbox 126 201 168 228; x_wconf 75' lang='lat' dir='ltr'><strong>cii.</strong></span> <span class='ocrx_word' id='word_1_3' title='bbox 187 199 233 227; x_wconf 70' lang='lat'><strong>2|.</strong></span> <span class='ocrx_word' id='word_1_4' title='bbox 249 199 277 235; x_wconf 72' lang='grc' dir='ltr'><strong>Ι)</strong></span> <span class='ocrx_word' id='word_1_5' title='bbox 297 208 305 227; x_wconf 90' lang='lat'><strong>:</strong></span> <span class='ocrx_word' id='word_1_6' title='bbox 322 207 381 228; x_wconf 86' lang='lat' dir='ltr'><strong>non</strong></span> <span class='ocrx_word' id='word_1_7' title='bbox 405 201 443 228; x_wconf 87' lang='lat' dir='ltr'><strong>ita</strong></span> <span class='ocrx_word' id='word_1_8' title='bbox 462 207 542 236; x_wconf 83' lang='lat' dir='ltr'><strong>grave</strong></span> <span class='ocrx_word' id='word_1_9' title='bbox 560 205 602 228; x_wconf 88' lang='lat' dir='ltr'><strong>est</strong></span> <span class='ocrx_word' id='word_1_10' title='bbox 619 208 731 236; x_wconf 81' lang='lat' dir='ltr'><strong>peccare</strong></span> <span class='ocrx_word' id='word_1_11' title='bbox 743 222 750 235; x_wconf 92' lang='lat'><strong>,</strong></span> <span class='ocrx_word' id='word_1_12' title='bbox 770 208 849 236; x_wconf 87' lang='lat' dir='ltr'><strong>quam</strong></span> <span class='ocrx_word' id='word_1_13' title='bbox 870 204 932 235; x_wconf 88' lang='lat' dir='ltr'><strong>post</strong></span> 
     </span>
    </p>
   </div>
   <div class='ocr_carea' id='block_1_3' title="bbox 128 246 932 281">
    <p class='ocr_par' dir='ltr' id='par_1_3' title="bbox 128 246 932 281">
     <span class='ocr_line' id='line_1_3' title="bbox 128 246 932 281; baseline 0.001 -8"><span class='ocrx_word' id='word_1_14' title='bbox 128 246 272 274; x_wconf 80' lang='lat' dir='ltr'><strong>admissum</strong></span> <span class='ocrx_word' id='word_1_15' title='bbox 301 251 446 281; x_wconf 87' lang='lat' dir='ltr'><strong>peccatum</strong></span> <span class='ocrx_word' id='word_1_16' title='bbox 475 246 616 274; x_wconf 87' lang='lat' dir='ltr'><strong>Dominum</strong></span> <span class='ocrx_word' id='word_1_17' title='bbox 643 253 781 274; x_wconf 76' lang='lat' dir='ltr'><strong>accusare.</strong></span> <span class='ocrx_word' id='word_1_18' title='bbox 810 247 932 281; x_wconf 77' lang='lat' dir='ltr'><strong>Agnosce</strong></span> 
     </span>
    </p>
   </div>
   <div class='ocr_carea' id='block_1_4' title="bbox 130 293 932 329">
    <p class='ocr_par' dir='ltr' id='par_1_4' title="bbox 130 293 932 329">
     <span class='ocr_line' id='line_1_4' title="bbox 130 293 932 329; baseline -0.001 -8"><span class='ocrx_word' id='word_1_19' title='bbox 130 293 230 329; x_wconf 76' lang='lat' dir='ltr'><strong>peccati</strong></span> <span class='ocrx_word' id='word_1_20' title='bbox 242 297 397 326; x_wconf 84' lang='lat' dir='ltr'><strong>auctorem,</strong></span> <span class='ocrx_word' id='word_1_21' title='bbox 411 293 568 328; x_wconf 88' lang='lat' dir='ltr'><strong>nullumque</strong></span> <span class='ocrx_word' id='word_1_22' title='bbox 579 293 660 321; x_wconf 89' lang='lat' dir='ltr'><strong>alium</strong></span> <span class='ocrx_word' id='word_1_23' title='bbox 674 293 803 328; x_wconf 87' lang='lat' dir='ltr'><strong>reperies,</strong></span> <span class='ocrx_word' id='word_1_24' title='bbox 816 300 894 328; x_wconf 90' lang='lat' dir='ltr'><strong>quam</strong></span> <span class='ocrx_word' id='word_1_25' title='bbox 906 297 932 321; x_wconf 89' lang='lat' dir='ltr'><strong>te</strong></span> 
     </span>
    </p>
   </div>
   <div class='ocr_carea' id='block_1_5' title="bbox 130 339 931 376">
    <p class='ocr_par' dir='ltr' id='par_1_5' title="bbox 130 339 931 376">
     <span class='ocr_line' id='line_1_5' title="bbox 130 339 931 376; baseline 0.001 -9"><span class='ocrx_word' id='word_1_26' title='bbox 130 340 174 375; x_wconf 89' lang='lat' dir='ltr'><strong>qui</strong></span> <span class='ocrx_word' id='word_1_27' title='bbox 188 339 317 375; x_wconf 75' lang='lat' dir='ltr'><strong>peccasti.</strong></span> <span class='ocrx_word' id='word_1_28' title='bbox 334 340 441 375; x_wconf 85' lang='lat' dir='ltr'><strong>Ubique</strong></span> <span class='ocrx_word' id='word_1_29' title='bbox 454 340 525 368; x_wconf 91' lang='lat' dir='ltr'><strong>bono</strong></span> <span class='ocrx_word' id='word_1_30' title='bbox 539 347 606 376; x_wconf 87' lang='lat' dir='ltr'><strong>opus</strong></span> <span class='ocrx_word' id='word_1_31' title='bbox 623 344 665 368; x_wconf 88' lang='lat' dir='ltr'><strong>est</strong></span> <span class='ocrx_word' id='word_1_32' title='bbox 685 340 821 375; x_wconf 89' lang='lat' dir='ltr'><strong>proposito</strong></span> <span class='ocrx_word' id='word_1_33' title='bbox 836 340 931 368; x_wconf 83' lang='lat' dir='ltr'><strong>volun-</strong></span> 
     </span>
    </p>
   </div>
   <div class='ocr_carea' id='block_1_6' title="bbox 132 386 932 422">
    <p class='ocr_par' dir='ltr' id='par_1_6' title="bbox 132 386 932 422">
     <span class='ocr_line' id='line_1_6' title="bbox 132 386 932 422; baseline 0.001 -9"><span class='ocrx_word' id='word_1_34' title='bbox 132 387 208 419; x_wconf 78' lang='lat' dir='ltr'><strong>tatis;</strong></span> <span class='ocrx_word' id='word_1_35' title='bbox 224 386 251 413; x_wconf 93' lang='lat' dir='ltr'><strong>id</strong></span> <span class='ocrx_word' id='word_1_36' title='bbox 263 390 356 414; x_wconf 86' lang='lat' dir='ltr'><strong>autem</strong></span> <span class='ocrx_word' id='word_1_37' title='bbox 370 386 448 414; x_wconf 82' lang='lat' dir='ltr'><strong>vobis</strong></span> <span class='ocrx_word' id='word_1_38' title='bbox 464 386 646 422; x_wconf 87' lang='lat' dir='ltr'><strong>comprobavi,</strong></span> <span class='ocrx_word' id='word_1_39' title='bbox 660 394 713 414; x_wconf 91' lang='lat' dir='ltr'><strong>non</strong></span> <span class='ocrx_word' id='word_1_40' title='bbox 728 387 812 415; x_wconf 88' lang='lat' dir='ltr'><strong>solum</strong></span> <span class='ocrx_word' id='word_1_41' title='bbox 827 386 932 414; x_wconf 88' lang='lat' dir='ltr'><strong>ratioci-</strong></span> 
     </span>
    </p>
   </div>
   <div class='ocr_carea' id='block_1_7' title="bbox 133 430 932 466">
    <p class='ocr_par' dir='ltr' id='par_1_7' title="bbox 133 430 932 466">
     <span class='ocr_line' id='line_1_7' title="bbox 133 430 932 466; baseline 0.001 -7"><span class='ocrx_word' id='word_1_42' title='bbox 133 432 182 459; x_wconf 90' lang='lat' dir='ltr'><strong>niis</strong></span> <span class='ocrx_word' id='word_1_43' title='bbox 192 452 199 464; x_wconf 88' lang='lat'><strong>,</strong></span> <span class='ocrx_word' id='word_1_44' title='bbox 215 430 264 458; x_wconf 88' lang='lat' dir='ltr'><strong>sed</strong></span> <span class='ocrx_word' id='word_1_45' title='bbox 278 431 409 466; x_wconf 85' lang='lat' dir='ltr'><strong>exemplo</strong></span> <span class='ocrx_word' id='word_1_46' title='bbox 421 439 610 460; x_wconf 84' lang='lat' dir='ltr'><strong>conservorum</strong></span> <span class='ocrx_word' id='word_1_47' title='bbox 622 452 630 465; x_wconf 88' lang='lat'><strong>,</strong></span> <span class='ocrx_word' id='word_1_48' title='bbox 646 431 691 466; x_wconf 92' lang='lat' dir='ltr'><strong>qui</strong></span> <span class='ocrx_word' id='word_1_49' title='bbox 713 431 739 459; x_wconf 94' lang='lat' dir='ltr'><strong>in</strong></span> <span class='ocrx_word' id='word_1_50' title='bbox 760 431 812 459; x_wconf 88' lang='lat' dir='ltr'><strong>hoc</strong></span> <span class='ocrx_word' id='word_1_51' title='bbox 831 431 932 460; x_wconf 90' lang='lat' dir='ltr'><strong>mundo</strong></span> 
     </span>
    </p>
   </div>
   <div class='ocr_carea' id='block_1_8' title="bbox 134 477 933 505">
    <p class='ocr_par' dir='ltr' id='par_1_8' title="bbox 134 477 933 505">
     <span class='ocr_line' id='line_1_8' title="bbox 134 477 933 505; baseline 0 -1"><span class='ocrx_word' id='word_1_52' title='bbox 134 477 264 505; x_wconf 79' lang='lat' dir='ltr'><strong>vivebant.</strong></span> <span class='ocrx_word' id='word_1_53' title='bbox 280 477 338 504; x_wconf 86' lang='lat' dir='ltr'><strong>Hac</strong></span> <span class='ocrx_word' id='word_1_54' title='bbox 349 483 378 505; x_wconf 91' lang='lat' dir='ltr'><strong>et</strong></span> <span class='ocrx_word' id='word_1_55' title='bbox 388 481 415 504; x_wconf 92' lang='lat' dir='ltr'><strong>tu</strong></span> <span class='ocrx_word' id='word_1_56' title='bbox 429 483 505 505; x_wconf 86' lang='lat' dir='ltr'><strong>utere</strong></span> <span class='ocrx_word' id='word_1_57' title='bbox 514 477 741 505; x_wconf 75' lang='lat' dir='ltr'><strong>demonstratione</strong></span> <span class='ocrx_word' id='word_1_58' title='bbox 754 486 761 503; x_wconf 90' lang='lat'><strong>:</strong></span> <span class='ocrx_word' id='word_1_59' title='bbox 773 477 811 504; x_wconf 89' lang='lat' dir='ltr'><strong>sic</strong></span> <span class='ocrx_word' id='word_1_60' title='bbox 821 481 848 505; x_wconf 90' lang='lat' dir='ltr'><strong>et</strong></span> <span class='ocrx_word' id='word_1_61' title='bbox 859 485 933 504; x_wconf 90' lang='lat' dir='ltr'><strong>com-</strong></span> 
     </span>
    </p>
   </div>
   <div class='ocr_carea' id='block_1_9' title="bbox 132 523 931 557">
    <p class='ocr_par' dir='ltr' id='par_1_9' title="bbox 132 523 931 557">
     <span class='ocr_line' id='line_1_9' title="bbox 132 523 931 557; baseline 0 -7"><span class='ocrx_word' id='word_1_62' title='bbox 132 523 220 550; x_wconf 88' lang='lat' dir='ltr'><strong>munis</strong></span> <span class='ocrx_word' id='word_1_63' title='bbox 241 523 371 550; x_wconf 86' lang='lat' dir='ltr'><strong>Dominus</strong></span> <span class='ocrx_word' id='word_1_64' title='bbox 385 530 435 550; x_wconf 90' lang='lat' dir='ltr'><strong>nos</strong></span> <span class='ocrx_word' id='word_1_65' title='bbox 445 523 574 557; x_wconf 90' lang='lat' dir='ltr'><strong>iudicabit</strong></span> <span class='ocrx_word' id='word_1_66' title='bbox 588 531 594 550; x_wconf 93' lang='lat'>:</span> <span class='ocrx_word' id='word_1_67' title='bbox 610 523 681 550; x_wconf 89' lang='lat' dir='ltr'><strong>hunc</strong></span> <span class='ocrx_word' id='word_1_68' title='bbox 695 523 931 552; x_wconf 73' lang='lat' dir='ltr'><strong>demonstrationis</strong></span> 
     </span>
    </p>
   </div>
   <div class='ocr_carea' id='block_1_10' title="bbox 131 569 929 604">
    <p class='ocr_par' dir='ltr' id='par_1_10' title="bbox 131 569 929 604">
     <span class='ocr_line' id='line_1_10' title="bbox 131 569 929 604; baseline 0.001 -8"><span class='ocrx_word' id='word_1_69' title='bbox 131 569 240 597; x_wconf 89' lang='lat' dir='ltr'><strong>modum</strong></span> <span class='ocrx_word' id='word_1_70' title='bbox 258 569 372 602; x_wconf 87' lang='lat' dir='ltr'><strong>discite,</strong></span> <span class='ocrx_word' id='word_1_71' title='bbox 385 575 414 597; x_wconf 91' lang='lat' dir='ltr'><strong>et</strong></span> <span class='ocrx_word' id='word_1_72' title='bbox 432 577 511 597; x_wconf 88' lang='lat' dir='ltr'><strong>nemo</strong></span> <span class='ocrx_word' id='word_1_73' title='bbox 530 569 604 597; x_wconf 82' lang='lat' dir='ltr'><strong>vobis</strong></span> <span class='ocrx_word' id='word_1_74' title='bbox 626 570 723 604; x_wconf 89' lang='lat' dir='ltr'><strong>poterit</strong></span> <span class='ocrx_word' id='word_1_75' title='bbox 736 570 818 597; x_wconf 90' lang='lat' dir='ltr'><strong>verba</strong></span> <span class='ocrx_word' id='word_1_76' title='bbox 833 569 898 597; x_wconf 88' lang='lat' dir='ltr'><strong>dare</strong></span> <span class='ocrx_word' id='word_1_77' title='bbox 910 570 929 596; x_wconf 83' lang='grc'>¹.</span> 
     </span>
    </p>
   </div>
   <div class='ocr_carea' id='block_1_11' title="bbox 132 615 932 650">
    <p class='ocr_par' dir='ltr' id='par_1_11' title="bbox 132 615 932 650">
     <span class='ocr_line' id='line_1_11' title="bbox 132 615 932 650; baseline 0.001 -8"><span class='ocrx_word' id='word_1_78' title='bbox 132 615 292 643; x_wconf 79' lang='lat' dir='ltr'><strong>Fornicatur</strong></span> <span class='ocrx_word' id='word_1_79' title='bbox 304 615 457 650; x_wconf 87' lang='lat' dir='ltr'><strong>quispiam?</strong></span> <span class='ocrx_word' id='word_1_80' title='bbox 471 615 583 643; x_wconf 87' lang='lat' dir='ltr'><strong>ostende</strong></span> <span class='ocrx_word' id='word_1_81' title='bbox 603 615 639 642; x_wconf 91' lang='lat' dir='ltr'><strong>illi</strong></span> <span class='ocrx_word' id='word_1_82' title='bbox 662 615 744 643; x_wconf 90' lang='lat' dir='ltr'><strong>alium</strong></span> <span class='ocrx_word' id='word_1_83' title='bbox 763 616 932 643; x_wconf 86' lang='lat' dir='ltr'><strong>continenter</strong></span> 
     </span>
    </p>
   </div>
   <div class='ocr_carea' id='block_1_12' title="bbox 131 661 930 697">
    <p class='ocr_par' dir='ltr' id='par_1_12' title="bbox 131 661 930 697">
     <span class='ocr_line' id='line_1_12' title="bbox 131 661 930 697; baseline 0.001 -9"><span class='ocrx_word' id='word_1_84' title='bbox 131 666 267 697; x_wconf 85' lang='lat' dir='ltr'><strong>agentem.</strong></span> <span class='ocrx_word' id='word_1_85' title='bbox 289 662 393 688; x_wconf 83' lang='lat' dir='ltr'><strong>Avarus</strong></span> <span class='ocrx_word' id='word_1_86' title='bbox 413 666 456 689; x_wconf 86' lang='lat' dir='ltr'><strong>est</strong></span> <span class='ocrx_word' id='word_1_87' title='bbox 476 661 543 688; x_wconf 88' lang='lat' dir='ltr'><strong>alius</strong></span> <span class='ocrx_word' id='word_1_88' title='bbox 563 665 591 688; x_wconf 89' lang='lat' dir='ltr'><strong>et</strong></span> <span class='ocrx_word' id='word_1_89' title='bbox 611 661 714 696; x_wconf 81' lang='lat' dir='ltr'><strong>rapax?</strong></span> <span class='ocrx_word' id='word_1_90' title='bbox 731 661 930 697; x_wconf 85' lang='lat' dir='ltr'><strong>eleemosynam</strong></span> 
     </span>
    </p>
   </div>
   <div class='ocr_carea' id='block_1_13' title="bbox 132 706 931 741">
    <p class='ocr_par' dir='ltr' id='par_1_13' title="bbox 132 706 931 741">
     <span class='ocr_line' id='line_1_13' title="bbox 132 706 931 741; baseline 0.001 -8"><span class='ocrx_word' id='word_1_91' title='bbox 132 711 286 741; x_wconf 79' lang='lat' dir='ltr'><strong>erogantem</strong></span> <span class='ocrx_word' id='word_1_92' title='bbox 307 707 346 733; x_wconf 87' lang='lat' dir='ltr'><strong>illi</strong></span> <span class='ocrx_word' id='word_1_93' title='bbox 368 706 474 734; x_wconf 78' lang='lat' dir='ltr'><strong>exhibe.</strong></span> <span class='ocrx_word' id='word_1_94' title='bbox 489 706 519 734; x_wconf 86' lang='lat' dir='ltr'><strong>In</strong></span> <span class='ocrx_word' id='word_1_95' title='bbox 537 706 622 734; x_wconf 84' lang='lat' dir='ltr'><strong>livore</strong></span> <span class='ocrx_word' id='word_1_96' title='bbox 637 711 664 734; x_wconf 92' lang='lat' dir='ltr'><strong>et</strong></span> <span class='ocrx_word' id='word_1_97' title='bbox 681 707 778 734; x_wconf 85' lang='lat' dir='ltr'><strong>invidia</strong></span> <span class='ocrx_word' id='word_1_98' title='bbox 791 707 931 735; x_wconf 81' lang='lat' dir='ltr'><strong>versatur?</strong></span> 
     </span>
    </p>
   </div>
   <div class='ocr_carea' id='block_1_14' title="bbox 131 752 931 781">
    <p class='ocr_par' dir='ltr' id='par_1_14' title="bbox 131 752 931 781">
     <span class='ocr_line' id='line_1_14' title="bbox 131 752 931 781; baseline 0.001 -2"><span class='ocrx_word' id='word_1_99' title='bbox 131 753 165 779; x_wconf 86' lang='lat' dir='ltr'><strong>ab</strong></span> <span class='ocrx_word' id='word_1_100' title='bbox 177 752 230 779; x_wconf 88' lang='lat' dir='ltr'><strong>hoc</strong></span> <span class='ocrx_word' id='word_1_101' title='bbox 244 752 341 780; x_wconf 90' lang='lat' dir='ltr'><strong>morbo</strong></span> <span class='ocrx_word' id='word_1_102' title='bbox 354 752 467 780; x_wconf 88' lang='lat' dir='ltr'><strong>liberum</strong></span> <span class='ocrx_word' id='word_1_103' title='bbox 483 752 509 780; x_wconf 90' lang='lat' dir='ltr'><strong>ei</strong></span> <span class='ocrx_word' id='word_1_104' title='bbox 527 752 649 780; x_wconf 86' lang='lat' dir='ltr'><strong>ostende.</strong></span> <span class='ocrx_word' id='word_1_105' title='bbox 670 752 814 781; x_wconf 85' lang='lat' dir='ltr'><strong>Iracundus</strong></span> <span class='ocrx_word' id='word_1_106' title='bbox 828 753 889 781; x_wconf 84' lang='lat' dir='ltr'><strong>est?</strong></span> <span class='ocrx_word' id='word_1_107' title='bbox 904 753 931 781; x_wconf 92' lang='lat' dir='ltr'><strong>in</strong></span> 
     </span>
    </p>
   </div>
   <div class='ocr_carea' id='block_1_15' title="bbox 133 798 931 834">
    <p class='ocr_par' dir='ltr' id='par_1_15' title="bbox 133 798 931 834">
     <span class='ocr_line' id='line_1_15' title="bbox 133 798 931 834; baseline 0.003 -9"><span class='ocrx_word' id='word_1_108' title='bbox 133 798 250 826; x_wconf 86' lang='lat' dir='ltr'><strong>medium</strong></span> <span class='ocrx_word' id='word_1_109' title='bbox 265 798 354 826; x_wconf 88' lang='lat' dir='ltr'><strong>adduc</strong></span> <span class='ocrx_word' id='word_1_110' title='bbox 367 806 445 831; x_wconf 90' lang='lat' dir='ltr'><strong>eum,</strong></span> <span class='ocrx_word' id='word_1_111' title='bbox 458 798 503 833; x_wconf 85' lang='lat' dir='ltr'><strong>qui</strong></span> <span class='ocrx_word' id='word_1_112' title='bbox 519 806 581 826; x_wconf 92' lang='lat' dir='ltr'><strong>cum</strong></span> <span class='ocrx_word' id='word_1_113' title='bbox 599 798 766 834; x_wconf 83' lang='lat' dir='ltr'><strong>philosophia</strong></span> <span class='ocrx_word' id='word_1_114' title='bbox 783 799 858 826; x_wconf 86' lang='lat' dir='ltr'><strong>vivit.</strong></span> <span class='ocrx_word' id='word_1_115' title='bbox 872 799 931 827; x_wconf 91' lang='lat' dir='ltr'><strong>Non</strong></span> 
     </span>
    </p>
   </div>
   <div class='ocr_carea' id='block_1_16' title="bbox 132 843 931 880">
    <p class='ocr_par' dir='ltr' id='par_1_16' title="bbox 132 843 931 880">
     <span class='ocr_line' id='line_1_16' title="bbox 132 843 931 880; baseline 0.003 -10"><span class='ocrx_word' id='word_1_116' title='bbox 132 844 202 871; x_wconf 86' lang='lat' dir='ltr'><strong>enim</strong></span> <span class='ocrx_word' id='word_1_117' title='bbox 219 849 326 871; x_wconf 82' lang='lat' dir='ltr'><strong>veteres</strong></span> <span class='ocrx_word' id='word_1_118' title='bbox 340 843 427 871; x_wconf 91' lang='lat' dir='ltr'><strong>solum</strong></span> <span class='ocrx_word' id='word_1_119' title='bbox 447 843 572 872; x_wconf 79' lang='lat' dir='ltr'><strong>historias</strong></span> <span class='ocrx_word' id='word_1_120' title='bbox 589 849 712 879; x_wconf 86' lang='lat' dir='ltr'><strong>repetere</strong></span> <span class='ocrx_word' id='word_1_121' title='bbox 725 849 768 872; x_wconf 89' lang='lat' dir='ltr'><strong>est</strong></span> <span class='ocrx_word' id='word_1_122' title='bbox 781 852 867 880; x_wconf 87' lang='lat' dir='ltr'><strong>opus;</strong></span> <span class='ocrx_word' id='word_1_123' title='bbox 883 845 931 872; x_wconf 90' lang='lat' dir='ltr'><strong>sed</strong></span> 
     </span>
    </p>
   </div>
   <div class='ocr_carea' id='block_1_17' title="bbox 131 889 931 926">
    <p class='ocr_par' dir='ltr' id='par_1_17' title="bbox 131 889 931 926">
     <span class='ocr_line' id='line_1_17' title="bbox 131 889 931 926; baseline 0.004 -10"><span class='ocrx_word' id='word_1_124' title='bbox 131 897 146 916; x_wconf 89' lang='lat' dir='ltr'><strong>a</strong></span> <span class='ocrx_word' id='word_1_125' title='bbox 162 889 340 924; x_wconf 72' lang='lat' dir='ltr'><strong>praesentibus</strong></span> <span class='ocrx_word' id='word_1_126' title='bbox 352 890 473 924; x_wconf 88' lang='lat' dir='ltr'><strong>exempla</strong></span> <span class='ocrx_word' id='word_1_127' title='bbox 488 890 618 917; x_wconf 87' lang='lat' dir='ltr'><strong>sumenda</strong></span> <span class='ocrx_word' id='word_1_128' title='bbox 632 895 704 917; x_wconf 89' lang='lat' dir='ltr'><strong>sunt.</strong></span> <span class='ocrx_word' id='word_1_129' title='bbox 718 890 785 918; x_wconf 88' lang='lat' dir='ltr'><strong>Nam</strong></span> <span class='ocrx_word' id='word_1_130' title='bbox 798 890 931 926; x_wconf 85' lang='lat' dir='ltr'><strong>hodieque</strong></span> 
     </span>
    </p>
   </div>
   <div class='ocr_carea' id='block_1_18' title="bbox 133 935 930 971">
    <p class='ocr_par' dir='ltr' id='par_1_18' title="bbox 133 935 930 971">
     <span class='ocr_line' id='line_1_18' title="bbox 133 935 930 971; baseline 0.003 -9"><span class='ocrx_word' id='word_1_131' title='bbox 133 943 179 970; x_wconf 88' lang='lat' dir='ltr'><strong>per</strong></span> <span class='ocrx_word' id='word_1_132' title='bbox 194 935 242 963; x_wconf 85' lang='lat' dir='ltr'><strong>Dei</strong></span> <span class='ocrx_word' id='word_1_133' title='bbox 255 935 368 970; x_wconf 76' lang='lat' dir='ltr'><strong>gratiam</strong></span> <span class='ocrx_word' id='word_1_134' title='bbox 381 943 435 963; x_wconf 89' lang='lat' dir='ltr'><strong>non</strong></span> <span class='ocrx_word' id='word_1_135' title='bbox 450 936 553 963; x_wconf 92' lang='lat' dir='ltr'><strong>minora</strong></span> <span class='ocrx_word' id='word_1_136' title='bbox 568 936 703 971; x_wconf 88' lang='lat' dir='ltr'><strong>prioribus</strong></span> <span class='ocrx_word' id='word_1_137' title='bbox 722 940 785 964; x_wconf 88' lang='lat' dir='ltr'><strong>sunt</strong></span> <span class='ocrx_word' id='word_1_138' title='bbox 802 937 930 971; x_wconf 65' lang='lat' dir='ltr'><strong>praaclara</strong></span> 
     </span>
    </p>
   </div>
   <div class='ocr_carea' id='block_1_19' title="bbox 130 981 932 1017">
    <p class='ocr_par' dir='ltr' id='par_1_19' title="bbox 130 981 932 1017">
     <span class='ocr_line' id='line_1_19' title="bbox 130 981 932 1017; baseline 0.001 -8"><span class='ocrx_word' id='word_1_139' title='bbox 130 989 222 1016; x_wconf 85' lang='lat' dir='ltr'><strong>opera.</strong></span> <span class='ocrx_word' id='word_1_140' title='bbox 238 981 395 1009; x_wconf 88' lang='lat' dir='ltr'><strong>lncredulus</strong></span> <span class='ocrx_word' id='word_1_141' title='bbox 407 986 464 1014; x_wconf 86' lang='lat' dir='ltr'><strong>est,</strong></span> <span class='ocrx_word' id='word_1_142' title='bbox 479 986 507 1009; x_wconf 90' lang='lat' dir='ltr'><strong>et</strong></span> <span class='ocrx_word' id='word_1_143' title='bbox 522 981 664 1009; x_wconf 83' lang='lat' dir='ltr'><strong>mendaces</strong></span> <span class='ocrx_word' id='word_1_144' title='bbox 684 986 759 1017; x_wconf 86' lang='lat' dir='ltr'><strong>putat</strong></span> <span class='ocrx_word' id='word_1_145' title='bbox 779 989 839 1010; x_wconf 88' lang='lat' dir='ltr'><strong>esse</strong></span> <span class='ocrx_word' id='word_1_146' title='bbox 858 982 932 1010; x_wconf 83' lang='lat' dir='ltr'><strong>Scri-</strong></span> 
     </span>
    </p>
   </div>
   <div class='ocr_carea' id='block_1_20' title="bbox 131 1027 931 1062">
    <p class='ocr_par' dir='ltr' id='par_1_20' title="bbox 131 1027 931 1062">
     <span class='ocr_line' id='line_1_20' title="bbox 131 1027 931 1062; baseline 0.003 -8"><span class='ocrx_word' id='word_1_147' title='bbox 131 1028 242 1062; x_wconf 81' lang='lat' dir='ltr'><strong>pturas?</strong></span> <span class='ocrx_word' id='word_1_148' title='bbox 264 1035 319 1055; x_wconf 90' lang='lat' dir='ltr'><strong>non</strong></span> <span class='ocrx_word' id='word_1_149' title='bbox 337 1028 425 1055; x_wconf 89' lang='lat' dir='ltr'><strong>credit</strong></span> <span class='ocrx_word' id='word_1_150' title='bbox 445 1027 539 1056; x_wconf 84' lang='lat' dir='ltr'><strong>Jobum</strong></span> <span class='ocrx_word' id='word_1_151' title='bbox 556 1028 636 1055; x_wconf 84' lang='lat' dir='ltr'><strong>talem</strong></span> <span class='ocrx_word' id='word_1_152' title='bbox 649 1028 753 1056; x_wconf 85' lang='lat' dir='ltr'><strong>fuisse?</strong></span> <span class='ocrx_word' id='word_1_153' title='bbox 767 1029 879 1056; x_wconf 84' lang='lat' dir='ltr'><strong>ostende</strong></span> <span class='ocrx_word' id='word_1_154' title='bbox 893 1029 931 1056; x_wconf 89' lang='lat' dir='ltr'><strong>illi</strong></span> 
     </span>
    </p>
   </div>
   <div class='ocr_carea' id='block_1_21' title="bbox 132 1075 932 1110">
    <p class='ocr_par' dir='ltr' id='par_1_21' title="bbox 132 1075 932 1110">
     <span class='ocr_line' id='line_1_21' title="bbox 132 1075 932 1110; baseline 0.003 -9"><span class='ocrx_word' id='word_1_155' title='bbox 132 1075 212 1102; x_wconf 89' lang='lat' dir='ltr'><strong>alium</strong></span> <span class='ocrx_word' id='word_1_156' title='bbox 229 1075 379 1108; x_wconf 86' lang='lat' dir='ltr'><strong>hominem,</strong></span> <span class='ocrx_word' id='word_1_157' title='bbox 394 1075 439 1110; x_wconf 86' lang='lat' dir='ltr'><strong>qui</strong></span> <span class='ocrx_word' id='word_1_158' title='bbox 453 1075 523 1102; x_wconf 88' lang='lat' dir='ltr'><strong>illius</strong></span> <span class='ocrx_word' id='word_1_159' title='bbox 534 1075 599 1109; x_wconf 80' lang='lat' dir='ltr'><strong>justi</strong></span> <span class='ocrx_word' id='word_1_160' title='bbox 614 1075 734 1103; x_wconf 86' lang='lat' dir='ltr'><strong>imitetur</strong></span> <span class='ocrx_word' id='word_1_161' title='bbox 745 1075 836 1102; x_wconf 91' lang='lat' dir='ltr'><strong>vitam.</strong></span> <span class='ocrx_word' id='word_1_162' title='bbox 848 1075 893 1103; x_wconf 90' lang='lat' dir='ltr'><strong>Sic</strong></span> <span class='ocrx_word' id='word_1_163' title='bbox 904 1079 932 1103; x_wconf 88' lang='lat' dir='ltr'><strong>et</strong></span> 
     </span>
    </p>
   </div>
   <div class='ocr_carea' id='block_1_22' title="bbox 131 1120 931 1155">
    <p class='ocr_par' dir='ltr' id='par_1_22' title="bbox 131 1120 931 1155">
     <span class='ocr_line' id='line_1_22' title="bbox 131 1120 931 1155; baseline 0 -7"><span class='ocrx_word' id='word_1_164' title='bbox 131 1128 180 1148; x_wconf 84' lang='lat' dir='ltr'><strong>nos</strong></span> <span class='ocrx_word' id='word_1_165' title='bbox 190 1120 324 1148; x_wconf 85' lang='lat' dir='ltr'><strong>Dominus</strong></span> <span class='ocrx_word' id='word_1_166' title='bbox 332 1120 464 1155; x_wconf 88' lang='lat' dir='ltr'><strong>iudicabit</strong></span> <span class='ocrx_word' id='word_1_167' title='bbox 474 1129 482 1147; x_wconf 94' lang='lat'><strong>:</strong></span> <span class='ocrx_word' id='word_1_168' title='bbox 493 1127 638 1148; x_wconf 85' lang='lat' dir='ltr'><strong>conservos</strong></span> <span class='ocrx_word' id='word_1_169' title='bbox 647 1128 708 1148; x_wconf 92' lang='lat' dir='ltr'><strong>cum</strong></span> <span class='ocrx_word' id='word_1_170' title='bbox 719 1121 857 1148; x_wconf 85' lang='lat' dir='ltr'><strong>conservis</strong></span> <span class='ocrx_word' id='word_1_171' title='bbox 866 1128 931 1148; x_wconf 82' lang='lat' dir='ltr'><strong>con-</strong></span> 
     </span>
    </p>
   </div>
   <div class='ocr_carea' id='block_1_23' title="bbox 131 1165 931 1202">
    <p class='ocr_par' dir='ltr' id='par_1_23' title="bbox 131 1165 931 1202">
     <span class='ocr_line' id='line_1_23' title="bbox 131 1165 931 1202; baseline 0 -9"><span class='ocrx_word' id='word_1_172' title='bbox 131 1166 226 1199; x_wconf 82' lang='lat' dir='ltr'><strong>stituit,</strong></span> <span class='ocrx_word' id='word_1_173' title='bbox 244 1173 296 1194; x_wconf 89' lang='lat' dir='ltr'><strong>nec</strong></span> <span class='ocrx_word' id='word_1_174' title='bbox 308 1173 358 1194; x_wconf 86' lang='lat' dir='ltr'><strong>suo</strong></span> <span class='ocrx_word' id='word_1_175' title='bbox 369 1166 471 1202; x_wconf 85' lang='lat' dir='ltr'><strong>iudicio</strong></span> <span class='ocrx_word' id='word_1_176' title='bbox 488 1165 540 1194; x_wconf 89' lang='lat' dir='ltr'><strong>fert</strong></span> <span class='ocrx_word' id='word_1_177' title='bbox 555 1166 725 1199; x_wconf 82' lang='lat' dir='ltr'><strong>sententiam,</strong></span> <span class='ocrx_word' id='word_1_178' title='bbox 740 1173 775 1193; x_wconf 90' lang='lat' dir='ltr'><strong>ne</strong></span> <span class='ocrx_word' id='word_1_179' title='bbox 787 1165 847 1201; x_wconf 85' lang='lat' dir='ltr'><strong>quis</strong></span> <span class='ocrx_word' id='word_1_180' title='bbox 859 1165 931 1193; x_wconf 86' lang='lat' dir='ltr'><strong>dicat</strong></span> 
     </span>
    </p>
   </div>
   <div class='ocr_carea' id='block_1_24' title="bbox 130 1211 930 1247">
    <p class='ocr_par' dir='ltr' id='par_1_24' title="bbox 130 1211 930 1247">
     <span class='ocr_line' id='line_1_24' title="bbox 130 1211 930 1247; baseline -0.001 -8"><span class='ocrx_word' id='word_1_181' title='bbox 130 1212 248 1245; x_wconf 84' lang='lat' dir='ltr'><strong>iterum,</strong></span> <span class='ocrx_word' id='word_1_182' title='bbox 268 1211 493 1247; x_wconf 86' lang='lat' dir='ltr'><strong>quemadmodum</strong></span> <span class='ocrx_word' id='word_1_183' title='bbox 516 1211 562 1239; x_wconf 88' lang='lat' dir='ltr'><strong>ille</strong></span> <span class='ocrx_word' id='word_1_184' title='bbox 583 1211 714 1244; x_wconf 87' lang='lat' dir='ltr'><strong>famulus,</strong></span> <span class='ocrx_word' id='word_1_185' title='bbox 735 1211 778 1239; x_wconf 91' lang='lat' dir='ltr'><strong>cui</strong></span> <span class='ocrx_word' id='word_1_186' title='bbox 800 1211 930 1239; x_wconf 87' lang='lat' dir='ltr'><strong>talentum</strong></span> 
     </span>
    </p>
   </div>
   <div class='ocr_carea' id='block_1_25' title="bbox 131 1257 930 1294">
    <p class='ocr_par' dir='ltr' id='par_1_25' title="bbox 131 1257 930 1294">
     <span class='ocr_line' id='line_1_25' title="bbox 131 1257 930 1294; baseline 0 -8"><span class='ocrx_word' id='word_1_187' title='bbox 131 1259 263 1286; x_wconf 87' lang='lat' dir='ltr'><strong>creditum</strong></span> <span class='ocrx_word' id='word_1_188' title='bbox 278 1258 375 1292; x_wconf 86' lang='lat' dir='ltr'><strong>fuerat,</strong></span> <span class='ocrx_word' id='word_1_189' title='bbox 389 1263 416 1286; x_wconf 88' lang='lat' dir='ltr'><strong>et</strong></span> <span class='ocrx_word' id='word_1_190' title='bbox 431 1266 480 1294; x_wconf 92' lang='lat' dir='ltr'><strong>pro</strong></span> <span class='ocrx_word' id='word_1_191' title='bbox 494 1258 596 1286; x_wconf 85' lang='lat' dir='ltr'><strong>talento</strong></span> <span class='ocrx_word' id='word_1_192' title='bbox 609 1258 805 1286; x_wconf 86' lang='lat' dir='ltr'><strong>accusationem</strong></span> <span class='ocrx_word' id='word_1_193' title='bbox 819 1257 909 1285; x_wconf 87' lang='lat' dir='ltr'><strong>retulit</strong></span> <span class='ocrx_word' id='word_1_194' title='bbox 921 1265 930 1286; x_wconf 89' lang='lat'><strong>:</strong></span> 
     </span>
    </p>
   </div>
   <div class='ocr_carea' id='block_1_26' title="bbox 133 1303 931 1341">
    <p class='ocr_par' dir='ltr' id='par_1_26' title="bbox 133 1303 931 1341">
     <span class='ocr_line' id='line_1_26' title="bbox 133 1303 931 1341; baseline -0.003 -8"><span class='ocrx_word' id='word_1_195' title='bbox 133 1305 199 1339; x_wconf 80' lang='lat' dir='ltr'><strong>Quia</strong></span> <span class='ocrx_word' id='word_1_196' title='bbox 217 1309 334 1333; x_wconf 78' lang='lat' dir='ltr'><strong>austeras</strong></span> <span class='ocrx_word' id='word_1_197' title='bbox 347 1313 374 1332; x_wconf 79' lang='lat' dir='ltr'><strong>es</strong></span> <span class='ocrx_word' id='word_1_198' title='bbox 390 1305 501 1341; x_wconf 86' lang='lat' dir='ltr'><strong>(Matth.</strong></span> <span class='ocrx_word' id='word_1_199' title='bbox 515 1304 560 1331; x_wconf 74' lang='grc'><strong>25.</strong></span> <span class='ocrx_word' id='word_1_200' title='bbox 573 1304 631 1339; x_wconf 75' lang='grc'><strong>24).</strong></span> <span class='ocrx_word' id='word_1_201' title='bbox 649 1304 716 1332; x_wconf 87' lang='lat' dir='ltr'><strong>Cum</strong></span> <span class='ocrx_word' id='word_1_202' title='bbox 732 1304 803 1332; x_wconf 90' lang='lat' dir='ltr'><strong>enim</strong></span> <span class='ocrx_word' id='word_1_203' title='bbox 819 1303 931 1339; x_wconf 88' lang='lat' dir='ltr'><strong>ingemi-</strong></span> 
     </span>
    </p>
   </div>
   <div class='ocr_carea' id='block_1_27' title="bbox 132 1349 930 1387">
    <p class='ocr_par' dir='ltr' id='par_1_27' title="bbox 132 1349 930 1387">
     <span class='ocr_line' id='line_1_27' title="bbox 132 1349 930 1387; baseline -0.004 -7"><span class='ocrx_word' id='word_1_204' title='bbox 132 1359 207 1380; x_wconf 85' lang='lat' dir='ltr'><strong>scere</strong></span> <span class='ocrx_word' id='word_1_205' title='bbox 229 1352 410 1387; x_wconf 82' lang='lat' dir='ltr'><strong>oportuisset,</strong></span> <span class='ocrx_word' id='word_1_206' title='bbox 431 1350 502 1386; x_wconf 88' lang='lat' dir='ltr'><strong>quod</strong></span> <span class='ocrx_word' id='word_1_207' title='bbox 526 1351 653 1378; x_wconf 87' lang='lat' dir='ltr'><strong>talentum</strong></span> <span class='ocrx_word' id='word_1_208' title='bbox 673 1358 726 1378; x_wconf 92' lang='lat' dir='ltr'><strong>non</strong></span> <span class='ocrx_word' id='word_1_209' title='bbox 749 1349 930 1385; x_wconf 88' lang='lat' dir='ltr'><strong>duplicasset,</strong></span> 
     </span>
    </p>
   </div>
   <div class='ocr_carea' id='block_1_28' title="bbox 131 1396 932 1434">
    <p class='ocr_par' dir='ltr' id='par_1_28' title="bbox 131 1396 932 1434">
     <span class='ocr_line' id='line_1_28' title="bbox 131 1396 932 1434; baseline -0.002 -9"><span class='ocrx_word' id='word_1_210' title='bbox 131 1398 239 1434; x_wconf 79' lang='lat' dir='ltr'><strong>gravius</strong></span> <span class='ocrx_word' id='word_1_211' title='bbox 253 1397 361 1425; x_wconf 90' lang='lat' dir='ltr'><strong>admisit</strong></span> <span class='ocrx_word' id='word_1_212' title='bbox 383 1402 520 1432; x_wconf 85' lang='lat' dir='ltr'><strong>peccatum</strong></span> <span class='ocrx_word' id='word_1_213' title='bbox 532 1417 540 1430; x_wconf 89' lang='lat'><strong>,</strong></span> <span class='ocrx_word' id='word_1_214' title='bbox 554 1396 670 1431; x_wconf 73' lang='lat' dir='ltr'><strong>propriae</strong></span> <span class='ocrx_word' id='word_1_215' title='bbox 687 1396 808 1432; x_wconf 83' lang='lat' dir='ltr'><strong>segnitiei</strong></span> <span class='ocrx_word' id='word_1_216' title='bbox 821 1403 932 1423; x_wconf 90' lang='lat' dir='ltr'><strong>accusa-</strong></span> 
     </span>
    </p>
   </div>
   <div class='ocr_carea' id='block_1_29' title="bbox 132 1441 932 1477">
    <p class='ocr_par' dir='ltr' id='par_1_29' title="bbox 132 1441 932 1477">
     <span class='ocr_line' id='line_1_29' title="bbox 132 1441 932 1477; baseline -0.003 -6"><span class='ocrx_word' id='word_1_217' title='bbox 132 1444 231 1471; x_wconf 77' lang='lat' dir='ltr'><strong>tionem</strong></span> <span class='ocrx_word' id='word_1_218' title='bbox 255 1447 350 1470; x_wconf 89' lang='lat' dir='ltr'><strong>contra</strong></span> <span class='ocrx_word' id='word_1_219' title='bbox 373 1443 511 1470; x_wconf 90' lang='lat' dir='ltr'><strong>dominum</strong></span> <span class='ocrx_word' id='word_1_220' title='bbox 534 1442 672 1477; x_wconf 89' lang='lat' dir='ltr'><strong>adjiciens.</strong></span> <span class='ocrx_word' id='word_1_221' title='bbox 693 1441 762 1476; x_wconf 85' lang='lat' dir='ltr'><strong>Quid</strong></span> <span class='ocrx_word' id='word_1_222' title='bbox 782 1441 854 1470; x_wconf 88' lang='lat' dir='ltr'><strong>enim</strong></span> <span class='ocrx_word' id='word_1_223' title='bbox 873 1441 932 1469; x_wconf 78' lang='lat' dir='ltr'><strong>ait?</strong></span> 
     </span>
    </p>
   </div>
   <div class='ocr_carea' id='block_1_30' title="bbox 133 1487 933 1525">
    <p class='ocr_par' dir='ltr' id='par_1_30' title="bbox 133 1487 933 1525">
     <span class='ocr_line' id='line_1_30' title="bbox 133 1487 933 1525; baseline -0.001 -9"><span class='ocrx_word' id='word_1_224' title='bbox 133 1489 251 1517; x_wconf 75' lang='lat' dir='ltr'><strong>Sciebam</strong></span> <span class='ocrx_word' id='word_1_225' title='bbox 265 1489 326 1525; x_wconf 83' lang='lat' dir='ltr'><strong>quia</strong></span> <span class='ocrx_word' id='word_1_226' title='bbox 338 1494 455 1516; x_wconf 76' lang='lat' dir='ltr'><strong>austeras</strong></span> <span class='ocrx_word' id='word_1_227' title='bbox 469 1497 505 1515; x_wconf 78' lang='lat' dir='ltr'><strong>es.</strong></span> <span class='ocrx_word' id='word_1_228' title='bbox 516 1488 538 1516; x_wconf 93' lang='grc'>0</span> <span class='ocrx_word' id='word_1_229' title='bbox 551 1489 643 1520; x_wconf 84' lang='lat' dir='ltr'><strong>miser,</strong></span> <span class='ocrx_word' id='word_1_230' title='bbox 657 1495 674 1515; x_wconf 91' lang='grc' dir='ltr'>ο</span> <span class='ocrx_word' id='word_1_231' title='bbox 687 1487 777 1515; x_wconf 80' lang='lat' dir='ltr'><strong>infelix</strong></span> <span class='ocrx_word' id='word_1_232' title='bbox 790 1492 818 1515; x_wconf 89' lang='lat' dir='ltr'><strong>et</strong></span> <span class='ocrx_word' id='word_1_233' title='bbox 829 1487 933 1523; x_wconf 76' lang='lat' dir='ltr'><strong>ingrate</strong></span> 
     </span>
    </p>
   </div>
   <div class='ocr_carea' id='block_1_31' title="bbox 133 1533 933 1571">
    <p class='ocr_par' dir='ltr' id='par_1_31' title="bbox 133 1533 933 1571">
     <span class='ocr_line' id='line_1_31' title="bbox 133 1533 933 1571; baseline -0.003 -8"><span class='ocrx_word' id='word_1_234' title='bbox 133 1540 160 1563; x_wconf 90' lang='lat' dir='ltr'><strong>et</strong></span> <span class='ocrx_word' id='word_1_235' title='bbox 175 1535 287 1571; x_wconf 83' lang='lat' dir='ltr'><strong>ignave!</strong></span> <span class='ocrx_word' id='word_1_236' title='bbox 303 1542 363 1562; x_wconf 95' lang='lat' dir='ltr'><strong>cum</strong></span> <span class='ocrx_word' id='word_1_237' title='bbox 384 1534 516 1570; x_wconf 81' lang='lat' dir='ltr'><strong>ignaviam</strong></span> <span class='ocrx_word' id='word_1_238' title='bbox 530 1538 601 1561; x_wconf 90' lang='lat' dir='ltr'><strong>tuam</strong></span> <span class='ocrx_word' id='word_1_239' title='bbox 616 1541 744 1561; x_wconf 81' lang='lat' dir='ltr'><strong>accusare</strong></span> <span class='ocrx_word' id='word_1_240' title='bbox 757 1533 871 1562; x_wconf 82' lang='lat' dir='ltr'><strong>deberes</strong></span> <span class='ocrx_word' id='word_1_241' title='bbox 882 1553 890 1567; x_wconf 91' lang='lat'><strong>,</strong></span> <span class='ocrx_word' id='word_1_242' title='bbox 905 1537 933 1561; x_wconf 82' lang='lat' dir='ltr'><strong>et</strong></span> 
     </span>
    </p>
   </div>
   <div class='ocr_carea' id='block_1_32' title="bbox 134 1579 932 1617">
    <p class='ocr_par' dir='ltr' id='par_1_32' title="bbox 134 1579 932 1617">
     <span class='ocr_line' id='line_1_32' title="bbox 134 1579 932 1617; baseline -0.004 -7"><span class='ocrx_word' id='word_1_243' title='bbox 134 1583 174 1610; x_wconf 88' lang='lat' dir='ltr'><strong>sic</strong></span> <span class='ocrx_word' id='word_1_244' title='bbox 187 1582 262 1616; x_wconf 91' lang='lat' dir='ltr'><strong>prius</strong></span> <span class='ocrx_word' id='word_1_245' title='bbox 280 1585 419 1617; x_wconf 84' lang='lat' dir='ltr'><strong>peccatum</strong></span> <span class='ocrx_word' id='word_1_246' title='bbox 433 1581 553 1608; x_wconf 88' lang='lat' dir='ltr'><strong>minuere</strong></span> <span class='ocrx_word' id='word_1_247' title='bbox 562 1601 569 1613; x_wconf 82' lang='lat'><strong>,</strong></span> <span class='ocrx_word' id='word_1_248' title='bbox 586 1584 614 1607; x_wconf 89' lang='lat' dir='ltr'><strong>tu</strong></span> <span class='ocrx_word' id='word_1_249' title='bbox 628 1585 720 1608; x_wconf 92' lang='lat' dir='ltr'><strong>contra</strong></span> <span class='ocrx_word' id='word_1_250' title='bbox 733 1579 872 1607; x_wconf 92' lang='lat' dir='ltr'><strong>dominum</strong></span> <span class='ocrx_word' id='word_1_251' title='bbox 885 1587 932 1607; x_wconf 90' lang='lat' dir='ltr'><strong>ac-</strong></span> 
     </span>
    </p>
   </div>
   <div class='ocr_carea' id='block_1_33' title="bbox 134 1626 930 1662">
    <p class='ocr_par' dir='ltr' id='par_1_33' title="bbox 134 1626 930 1662">
     <span class='ocr_line' id='line_1_33' title="bbox 134 1626 930 1662; baseline -0.004 -6"><span class='ocrx_word' id='word_1_252' title='bbox 134 1629 300 1656; x_wconf 82' lang='lat' dir='ltr'><strong>cusationem</strong></span> <span class='ocrx_word' id='word_1_253' title='bbox 313 1632 433 1661; x_wconf 85' lang='lat' dir='ltr'><strong>vertens,</strong></span> <span class='ocrx_word' id='word_1_254' title='bbox 449 1627 508 1654; x_wconf 91' lang='lat' dir='ltr'><strong>loco</strong></span> <span class='ocrx_word' id='word_1_255' title='bbox 522 1627 613 1654; x_wconf 89' lang='lat' dir='ltr'><strong>talenti</strong></span> <span class='ocrx_word' id='word_1_256' title='bbox 629 1632 767 1662; x_wconf 88' lang='lat' dir='ltr'><strong>peccatum</strong></span> <span class='ocrx_word' id='word_1_257' title='bbox 780 1626 930 1661; x_wconf 87' lang='lat' dir='ltr'><strong>duplicasti.</strong></span> 
     </span>
    </p>
   </div>
   <div class='ocr_carea' id='block_1_34' title="bbox 169 1673 932 1707">
    <p class='ocr_par' dir='ltr' id='par_1_34' title="bbox 169 1673 932 1707">
     <span class='ocr_line' id='line_1_34' title="bbox 169 1673 932 1707; baseline -0.003 -5"><span class='ocrx_word' id='word_1_258' title='bbox 169 1676 195 1703; x_wconf 80' lang='grc'><strong>5.</strong></span> <span class='ocrx_word' id='word_1_259' title='bbox 210 1674 313 1702; x_wconf 88' lang='lat' dir='ltr'><strong>idcirco</strong></span> <span class='ocrx_word' id='word_1_260' title='bbox 329 1675 399 1702; x_wconf 85' lang='lat' dir='ltr'><strong>Deus</strong></span> <span class='ocrx_word' id='word_1_261' title='bbox 413 1681 506 1702; x_wconf 90' lang='lat' dir='ltr'><strong>servos</strong></span> <span class='ocrx_word' id='word_1_262' title='bbox 520 1678 547 1701; x_wconf 90' lang='lat' dir='ltr'><strong>et</strong></span> <span class='ocrx_word' id='word_1_263' title='bbox 565 1680 659 1701; x_wconf 91' lang='lat' dir='ltr'><strong>servos</strong></span> <span class='ocrx_word' id='word_1_264' title='bbox 673 1673 774 1707; x_wconf 86' lang='lat' dir='ltr'><strong>statuit,</strong></span> <span class='ocrx_word' id='word_1_265' title='bbox 789 1677 819 1700; x_wconf 94' lang='lat' dir='ltr'><strong>ut</strong></span> <span class='ocrx_word' id='word_1_266' title='bbox 831 1673 859 1700; x_wconf 91' lang='lat' dir='ltr'><strong>hi</strong></span> <span class='ocrx_word' id='word_1_267' title='bbox 872 1673 932 1700; x_wconf 90' lang='lat' dir='ltr'><strong>illos</strong></span> 
     </span>
    </p>
   </div>
   <div class='ocr_carea' id='block_1_35' title="bbox 133 1718 933 1756">
    <p class='ocr_par' dir='ltr' id='par_1_35' title="bbox 133 1718 933 1756">
     <span class='ocr_line' id='line_1_35' title="bbox 133 1718 933 1756; baseline -0.003 -9"><span class='ocrx_word' id='word_1_268' title='bbox 133 1720 261 1756; x_wconf 86' lang='lat' dir='ltr'><strong>iudicent,</strong></span> <span class='ocrx_word' id='word_1_269' title='bbox 274 1724 302 1747; x_wconf 87' lang='lat' dir='ltr'><strong>et</strong></span> <span class='ocrx_word' id='word_1_270' title='bbox 313 1720 350 1747; x_wconf 91' lang='lat' dir='ltr'><strong>illi</strong></span> <span class='ocrx_word' id='word_1_271' title='bbox 361 1720 395 1747; x_wconf 87' lang='lat' dir='ltr'><strong>ab</strong></span> <span class='ocrx_word' id='word_1_272' title='bbox 406 1719 447 1747; x_wconf 89' lang='lat' dir='ltr'><strong>his</strong></span> <span class='ocrx_word' id='word_1_273' title='bbox 456 1719 576 1754; x_wconf 87' lang='lat' dir='ltr'><strong>iudicati,</strong></span> <span class='ocrx_word' id='word_1_274' title='bbox 592 1726 644 1746; x_wconf 94' lang='lat' dir='ltr'><strong>non</strong></span> <span class='ocrx_word' id='word_1_275' title='bbox 658 1718 774 1746; x_wconf 88' lang='lat' dir='ltr'><strong>habeant</strong></span> <span class='ocrx_word' id='word_1_276' title='bbox 783 1719 850 1746; x_wconf 89' lang='lat' dir='ltr'><strong>ultra</strong></span> <span class='ocrx_word' id='word_1_277' title='bbox 861 1718 933 1746; x_wconf 86' lang='lat' dir='ltr'><strong>unde</strong></span> 
     </span>
    </p>
   </div>
   <div class='ocr_carea' id='block_1_36' title="bbox 134 1763 934 1799">
    <p class='ocr_par' dir='ltr' id='par_1_36' title="bbox 134 1763 934 1799">
     <span class='ocr_line' id='line_1_36' title="bbox 134 1763 934 1799; baseline -0.004 -6"><span class='ocrx_word' id='word_1_278' title='bbox 134 1766 278 1793; x_wconf 79' lang='lat' dir='ltr'><strong>Dominum</strong></span> <span class='ocrx_word' id='word_1_279' title='bbox 294 1769 430 1793; x_wconf 82' lang='lat' dir='ltr'><strong>accusent.</strong></span> <span class='ocrx_word' id='word_1_280' title='bbox 445 1765 587 1799; x_wconf 83' lang='lat' dir='ltr'><strong>Propterea</strong></span> <span class='ocrx_word' id='word_1_281' title='bbox 600 1764 665 1791; x_wconf 84' lang='lat' dir='ltr'><strong>dicit</strong></span> <span class='ocrx_word' id='word_1_282' title='bbox 679 1773 686 1791; x_wconf 88' lang='lat'><strong>:</strong></span> <span class='ocrx_word' id='word_1_283' title='bbox 707 1764 778 1791; x_wconf 80' lang='lat' dir='ltr'><strong>Venit</strong></span> <span class='ocrx_word' id='word_1_284' title='bbox 791 1763 877 1791; x_wconf 82' lang='lat' dir='ltr'><strong>Filius</strong></span> <span class='ocrx_word' id='word_1_285' title='bbox 887 1764 934 1791; x_wconf 78' lang='lat' dir='ltr'><strong>Ito-</strong></span> 
     </span>
    </p>
   </div>
   <div class='ocr_carea' id='block_1_37' title="bbox 135 1810 933 1848">
    <p class='ocr_par' dir='ltr' id='par_1_37' title="bbox 135 1810 933 1848">
     <span class='ocr_line' id='line_1_37' title="bbox 135 1810 933 1848; baseline -0.003 -9"><span class='ocrx_word' id='word_1_286' title='bbox 135 1813 208 1840; x_wconf 80' lang='lat' dir='ltr'><strong>minis</strong></span> <span class='ocrx_word' id='word_1_287' title='bbox 221 1813 247 1839; x_wconf 84' lang='lat' dir='ltr'><strong>in</strong></span> <span class='ocrx_word' id='word_1_288' title='bbox 259 1813 344 1848; x_wconf 82' lang='lat' dir='ltr'><strong>gloria</strong></span> <span class='ocrx_word' id='word_1_289' title='bbox 357 1812 444 1839; x_wconf 83' lang='lat' dir='ltr'><strong>Patris</strong></span> <span class='ocrx_word' id='word_1_290' title='bbox 458 1813 497 1839; x_wconf 84' lang='lat' dir='ltr'><strong>sui</strong></span> <span class='ocrx_word' id='word_1_291' title='bbox 511 1811 616 1847; x_wconf 81' lang='lat' dir='ltr'><strong>(Matth.</strong></span> <span class='ocrx_word' id='word_1_292' title='bbox 631 1810 676 1838; x_wconf 75' lang='grc'><strong>16.</strong></span> <span class='ocrx_word' id='word_1_293' title='bbox 689 1810 748 1845; x_wconf 71' lang='grc'><strong>27).</strong></span> <span class='ocrx_word' id='word_1_294' title='bbox 762 1810 829 1838; x_wconf 84' lang='lat' dir='ltr'><strong>Vide</strong></span> <span class='ocrx_word' id='word_1_295' title='bbox 841 1810 933 1845; x_wconf 66' lang='lat' dir='ltr'><strong>gloriae</strong></span> 
     </span>
    </p>
   </div>
   <div class='ocr_carea' id='block_1_38' title="bbox 134 1855 930 1894">
    <p class='ocr_par' dir='ltr' id='par_1_38' title="bbox 134 1855 930 1894">
     <span class='ocr_line' id='line_1_38' title="bbox 134 1855 930 1894; baseline -0.006 -7"><span class='ocrx_word' id='word_1_296' title='bbox 134 1859 316 1894; x_wconf 68' lang='lat' dir='ltr'><strong>aequalitatem</strong></span> <span class='ocrx_word' id='word_1_297' title='bbox 326 1868 332 1885; x_wconf 93' lang='lat'><strong>:</strong></span> <span class='ocrx_word' id='word_1_298' title='bbox 341 1867 396 1887; x_wconf 89' lang='lat' dir='ltr'><strong>non</strong></span> <span class='ocrx_word' id='word_1_299' title='bbox 407 1859 483 1892; x_wconf 84' lang='lat' dir='ltr'><strong>dixit,</strong></span> <span class='ocrx_word' id='word_1_300' title='bbox 495 1858 524 1886; x_wconf 86' lang='lat' dir='ltr'><strong>in</strong></span> <span class='ocrx_word' id='word_1_301' title='bbox 536 1857 620 1892; x_wconf 78' lang='lat' dir='ltr'><strong>gloria</strong></span> <span class='ocrx_word' id='word_1_302' title='bbox 632 1856 712 1884; x_wconf 88' lang='lat' dir='ltr'><strong>simili</strong></span> <span class='ocrx_word' id='word_1_303' title='bbox 727 1856 818 1891; x_wconf 66' lang='lat' dir='ltr'><strong>glorite</strong></span> <span class='ocrx_word' id='word_1_304' title='bbox 830 1855 930 1888; x_wconf 85' lang='lat' dir='ltr'><strong>Patris,</strong></span> 
     </span>
    </p>
   </div>
   <div class='ocr_carea' id='block_1_39' title="bbox 133 1901 934 1938">
    <p class='ocr_par' dir='ltr' id='par_1_39' title="bbox 133 1901 934 1938">
     <span class='ocr_line' id='line_1_39' title="bbox 133 1901 934 1938; baseline -0.005 -7"><span class='ocrx_word' id='word_1_305' title='bbox 133 1903 197 1936; x_wconf 80' lang='lat' dir='ltr'><strong>sed,</strong></span> <span class='ocrx_word' id='word_1_306' title='bbox 218 1903 253 1930; x_wconf 84' lang='lat' dir='ltr'><strong>In</strong></span> <span class='ocrx_word' id='word_1_307' title='bbox 276 1903 358 1938; x_wconf 81' lang='lat' dir='ltr'><strong>gloria</strong></span> <span class='ocrx_word' id='word_1_308' title='bbox 377 1902 478 1935; x_wconf 79' lang='lat' dir='ltr'><strong>Patris,</strong></span> <span class='ocrx_word' id='word_1_309' title='bbox 500 1906 524 1928; x_wconf 84' lang='lat' dir='ltr'><strong>et</strong></span> <span class='ocrx_word' id='word_1_310' title='bbox 544 1901 703 1937; x_wconf 79' lang='lat' dir='ltr'><strong>congregabit</strong></span> <span class='ocrx_word' id='word_1_311' title='bbox 724 1905 808 1936; x_wconf 83' lang='lat' dir='ltr'><strong>gentes</strong></span> <span class='ocrx_word' id='word_1_312' title='bbox 827 1908 934 1928; x_wconf 77' lang='lat' dir='ltr'><strong>onmes:</strong></span> 
     </span>
    </p>
   </div>
   <div class='ocr_carea' id='block_1_40' title="bbox 135 1946 931 1983">
    <p class='ocr_par' dir='ltr' id='par_1_40' title="bbox 135 1946 931 1983">
     <span class='ocr_line' id='line_1_40' title="bbox 135 1946 931 1983; baseline -0.006 -5"><span class='ocrx_word' id='word_1_313' title='bbox 135 1950 254 1978; x_wconf 87' lang='lat' dir='ltr'><strong>terribile</strong></span> <span class='ocrx_word' id='word_1_314' title='bbox 267 1949 395 1983; x_wconf 83' lang='lat' dir='ltr'><strong>tribunal,</strong></span> <span class='ocrx_word' id='word_1_315' title='bbox 411 1948 530 1976; x_wconf 85' lang='lat' dir='ltr'><strong>terribile</strong></span> <span class='ocrx_word' id='word_1_316' title='bbox 543 1948 729 1983; x_wconf 87' lang='lat' dir='ltr'><strong>peccatoribus</strong></span> <span class='ocrx_word' id='word_1_317' title='bbox 741 1952 769 1974; x_wconf 93' lang='lat' dir='ltr'><strong>et</strong></span> <span class='ocrx_word' id='word_1_318' title='bbox 782 1946 834 1974; x_wconf 90' lang='lat' dir='ltr'><strong>reis</strong></span> <span class='ocrx_word' id='word_1_319' title='bbox 849 1955 856 1974; x_wconf 89' lang='lat'><strong>:</strong></span> <span class='ocrx_word' id='word_1_320' title='bbox 870 1954 931 1974; x_wconf 88' lang='lat' dir='ltr'><strong>nam</strong></span> 
     </span>
    </p>
   </div>
   <div class='ocr_carea' id='block_1_41' title="bbox 135 1992 933 2028">
    <p class='ocr_par' dir='ltr' id='par_1_41' title="bbox 135 1992 933 2028">
     <span class='ocr_line' id='line_1_41' title="bbox 135 1992 933 2028; baseline -0.004 -6"><span class='ocrx_word' id='word_1_321' title='bbox 135 1995 185 2023; x_wconf 86' lang='lat' dir='ltr'><strong>sibi</strong></span> <span class='ocrx_word' id='word_1_322' title='bbox 206 1995 325 2022; x_wconf 86' lang='lat' dir='ltr'><strong>consciis</strong></span> <span class='ocrx_word' id='word_1_323' title='bbox 345 1994 379 2021; x_wconf 90' lang='lat' dir='ltr'><strong>de</strong></span> <span class='ocrx_word' id='word_1_324' title='bbox 402 1994 474 2021; x_wconf 89' lang='lat' dir='ltr'><strong>bono</strong></span> <span class='ocrx_word' id='word_1_325' title='bbox 491 2001 574 2028; x_wconf 89' lang='lat' dir='ltr'><strong>opere</strong></span> <span class='ocrx_word' id='word_1_326' title='bbox 586 2013 593 2026; x_wconf 94' lang='lat'><strong>,</strong></span> <span class='ocrx_word' id='word_1_327' title='bbox 608 1992 785 2020; x_wconf 84' lang='lat' dir='ltr'><strong>desiderabile</strong></span> <span class='ocrx_word' id='word_1_328' title='bbox 803 1992 933 2026; x_wconf 87' lang='lat' dir='ltr'><strong>dulceque</strong></span> 
     </span>
    </p>
   </div>
   <div class='ocr_carea' id='block_1_42' title="bbox 134 2039 934 2072">
    <p class='ocr_par' dir='ltr' id='par_1_42' title="bbox 134 2039 934 2072">
     <span class='ocr_line' id='line_1_42' title="bbox 134 2039 934 2072; baseline -0.006 -2"><span class='ocrx_word' id='word_1_329' title='bbox 134 2048 176 2070; x_wconf 82' lang='lat' dir='ltr'><strong>est</strong></span> <span class='ocrx_word' id='word_1_330' title='bbox 189 2052 196 2070; x_wconf 90' lang='lat'><strong>:</strong></span> <span class='ocrx_word' id='word_1_331' title='bbox 211 2042 245 2069; x_wconf 82' lang='lat' dir='ltr'><strong>Et</strong></span> <span class='ocrx_word' id='word_1_332' title='bbox 264 2042 399 2069; x_wconf 77' lang='lat' dir='ltr'><strong>constituet</strong></span> <span class='ocrx_word' id='word_1_333' title='bbox 415 2049 471 2068; x_wconf 81' lang='lat' dir='ltr'><strong>aves</strong></span> <span class='ocrx_word' id='word_1_334' title='bbox 488 2048 504 2067; x_wconf 87' lang='lat' dir='ltr'><strong>a</strong></span> <span class='ocrx_word' id='word_1_335' title='bbox 522 2040 633 2072; x_wconf 65' lang='lat' dir='ltr'><strong>dextris,</strong></span> <span class='ocrx_word' id='word_1_336' title='bbox 652 2044 676 2066; x_wconf 87' lang='lat' dir='ltr'><strong>et</strong></span> <span class='ocrx_word' id='word_1_337' title='bbox 696 2039 783 2066; x_wconf 70' lang='lat' dir='ltr'><strong>haedos</strong></span> <span class='ocrx_word' id='word_1_338' title='bbox 795 2047 811 2066; x_wconf 88' lang='lat' dir='ltr'><strong>a</strong></span> <span class='ocrx_word' id='word_1_339' title='bbox 824 2039 934 2066; x_wconf 75' lang='lat' dir='ltr'><strong>sinistris</strong></span> 
     </span>
    </p>
   </div>
   <div class='ocr_carea' id='block_1_43' title="bbox 137 2084 933 2125">
    <p class='ocr_par' dir='ltr' id='par_1_43' title="bbox 137 2084 933 2125">
     <span class='ocr_line' id='line_1_43' title="bbox 137 2084 933 2125; baseline -0.006 -10"><span class='ocrx_word' id='word_1_340' title='bbox 137 2088 242 2125; x_wconf 76' lang='lat' dir='ltr'><strong>(Matth.</strong></span> <span class='ocrx_word' id='word_1_341' title='bbox 263 2087 310 2115; x_wconf 79' lang='lat'><strong>25.</strong></span> <span class='ocrx_word' id='word_1_342' title='bbox 332 2086 378 2123; x_wconf 78' lang='grc'><strong>55)</strong></span> <span class='ocrx_word' id='word_1_343' title='bbox 396 2095 402 2113; x_wconf 91' lang='lat'>:</span> <span class='ocrx_word' id='word_1_344' title='bbox 418 2090 445 2114; x_wconf 89' lang='lat' dir='ltr'><strong>et</strong></span> <span class='ocrx_word' id='word_1_345' title='bbox 457 2085 484 2113; x_wconf 90' lang='lat' dir='ltr'><strong>hi</strong></span> <span class='ocrx_word' id='word_1_346' title='bbox 499 2085 575 2114; x_wconf 88' lang='lat' dir='ltr'><strong>etilli</strong></span> <span class='ocrx_word' id='word_1_347' title='bbox 591 2085 713 2112; x_wconf 88' lang='lat' dir='ltr'><strong>homines</strong></span> <span class='ocrx_word' id='word_1_348' title='bbox 727 2089 798 2112; x_wconf 89' lang='lat' dir='ltr'><strong>sunt.</strong></span> <span class='ocrx_word' id='word_1_349' title='bbox 815 2084 868 2112; x_wconf 89' lang='lat' dir='ltr'><strong>Cur</strong></span> <span class='ocrx_word' id='word_1_350' title='bbox 881 2084 933 2111; x_wconf 88' lang='lat' dir='ltr'><strong>ita-</strong></span> 
     </span>
    </p>
   </div>
   <div class='ocr_carea' id='block_1_44' title="bbox 137 2130 932 2169">
    <p class='ocr_par' dir='ltr' id='par_1_44' title="bbox 137 2130 932 2169">
     <span class='ocr_line' id='line_1_44' title="bbox 137 2130 932 2169; baseline -0.008 -7"><span class='ocrx_word' id='word_1_351' title='bbox 137 2143 187 2169; x_wconf 90' lang='lat' dir='ltr'><strong>que</strong></span> <span class='ocrx_word' id='word_1_352' title='bbox 200 2134 238 2161; x_wconf 94' lang='lat' dir='ltr'><strong>illi</strong></span> <span class='ocrx_word' id='word_1_353' title='bbox 256 2141 341 2165; x_wconf 84' lang='lat' dir='ltr'><strong>oves,</strong></span> <span class='ocrx_word' id='word_1_354' title='bbox 355 2132 383 2159; x_wconf 93' lang='lat' dir='ltr'><strong>hi</strong></span> <span class='ocrx_word' id='word_1_355' title='bbox 403 2131 491 2160; x_wconf 77' lang='lat' dir='ltr'><strong>bcedii</strong></span> <span class='ocrx_word' id='word_1_356' title='bbox 510 2131 566 2158; x_wconf 89' lang='lat' dir='ltr'><strong>Non</strong></span> <span class='ocrx_word' id='word_1_357' title='bbox 582 2135 611 2158; x_wconf 91' lang='lat' dir='ltr'><strong>ut</strong></span> <span class='ocrx_word' id='word_1_358' title='bbox 625 2130 800 2158; x_wconf 78' lang='lat' dir='ltr'><strong>differentiam</strong></span> <span class='ocrx_word' id='word_1_359' title='bbox 815 2133 932 2163; x_wconf 77' lang='lat' dir='ltr'><strong>naturae,</strong></span> 
     </span>
    </p>
   </div>
   <div class='ocr_carea' id='block_1_45' title="bbox 137 2175 934 2211">
    <p class='ocr_par' dir='ltr' id='par_1_45' title="bbox 137 2175 934 2211">
     <span class='ocr_line' id='line_1_45' title="bbox 137 2175 934 2211; baseline -0.006 -3"><span class='ocrx_word' id='word_1_360' title='bbox 137 2181 182 2208; x_wconf 83' lang='lat' dir='ltr'><strong>sed</strong></span> <span class='ocrx_word' id='word_1_361' title='bbox 195 2185 226 2208; x_wconf 89' lang='lat' dir='ltr'><strong>ut</strong></span> <span class='ocrx_word' id='word_1_362' title='bbox 238 2179 386 2207; x_wconf 78' lang='lat' dir='ltr'><strong>voluntatis</strong></span> <span class='ocrx_word' id='word_1_363' title='bbox 398 2177 540 2206; x_wconf 88' lang='lat' dir='ltr'><strong>discrimen</strong></span> <span class='ocrx_word' id='word_1_364' title='bbox 552 2176 666 2205; x_wconf 85' lang='lat' dir='ltr'><strong>ediscas.</strong></span> <span class='ocrx_word' id='word_1_365' title='bbox 678 2176 731 2204; x_wconf 90' lang='lat' dir='ltr'><strong>Cur</strong></span> <span class='ocrx_word' id='word_1_366' title='bbox 744 2181 833 2204; x_wconf 90' lang='lat' dir='ltr'><strong>autem</strong></span> <span class='ocrx_word' id='word_1_367' title='bbox 848 2176 877 2209; x_wconf 87' lang='lat' dir='ltr'><strong>ii,</strong></span> <span class='ocrx_word' id='word_1_368' title='bbox 888 2175 934 2211; x_wconf 87' lang='lat' dir='ltr'><strong>qui</strong></span> 
     </span>
    </p>
   </div>
   <div class='ocr_carea' id='block_1_46' title="bbox 137 2222 934 2262">
    <p class='ocr_par' dir='ltr' id='par_1_46' title="bbox 137 2222 934 2262">
     <span class='ocr_line' id='line_1_46' title="bbox 137 2222 934 2262; baseline -0.005 -8"><span class='ocrx_word' id='word_1_369' title='bbox 137 2227 337 2262; x_wconf 83' lang='lat' dir='ltr'><strong>eleemosynam</strong></span> <span class='ocrx_word' id='word_1_370' title='bbox 351 2233 403 2253; x_wconf 92' lang='lat' dir='ltr'><strong>non</strong></span> <span class='ocrx_word' id='word_1_371' title='bbox 417 2228 570 2260; x_wconf 87' lang='lat' dir='ltr'><strong>erogarunt,</strong></span> <span class='ocrx_word' id='word_1_372' title='bbox 587 2223 659 2252; x_wconf 60' lang='lat' dir='ltr'><strong>haedi</strong></span> <span class='ocrx_word' id='word_1_373' title='bbox 673 2223 754 2251; x_wconf 86' lang='lat' dir='ltr'><strong>sunt?</strong></span> <span class='ocrx_word' id='word_1_374' title='bbox 768 2223 834 2257; x_wconf 85' lang='lat' dir='ltr'><strong>Quia</strong></span> <span class='ocrx_word' id='word_1_375' title='bbox 848 2222 934 2250; x_wconf 85' lang='lat' dir='ltr'><strong>infru-</strong></span> 
     </span>
    </p>
   </div>
   <div class='ocr_carea' id='block_1_47' title="bbox 136 2269 933 2305">
    <p class='ocr_par' dir='ltr' id='par_1_47' title="bbox 136 2269 933 2305">
     <span class='ocr_line' id='line_1_47' title="bbox 136 2269 933 2305; baseline -0.005 -5"><span class='ocrx_word' id='word_1_376' title='bbox 136 2277 260 2300; x_wconf 83' lang='lat' dir='ltr'><strong>ctuosum</strong></span> <span class='ocrx_word' id='word_1_377' title='bbox 274 2276 317 2299; x_wconf 88' lang='lat' dir='ltr'><strong>est</strong></span> <span class='ocrx_word' id='word_1_378' title='bbox 329 2270 428 2297; x_wconf 90' lang='lat' dir='ltr'><strong>animal</strong></span> <span class='ocrx_word' id='word_1_379' title='bbox 440 2291 448 2304; x_wconf 89' lang='lat'><strong>,</strong></span> <span class='ocrx_word' id='word_1_380' title='bbox 462 2269 533 2305; x_wconf 90' lang='lat' dir='ltr'><strong>quod</strong></span> <span class='ocrx_word' id='word_1_381' title='bbox 547 2277 634 2303; x_wconf 90' lang='lat' dir='ltr'><strong>neque</strong></span> <span class='ocrx_word' id='word_1_382' title='bbox 647 2269 724 2297; x_wconf 85' lang='lat' dir='ltr'><strong>lactis</strong></span> <span class='ocrx_word' id='word_1_383' title='bbox 739 2269 915 2296; x_wconf 87' lang='lat' dir='ltr'><strong>ministerium</strong></span> <span class='ocrx_word' id='word_1_384' title='bbox 925 2289 933 2302; x_wconf 84' lang='lat'><strong>,</strong></span> 
     </span>
    </p>
   </div>
   <div class='ocr_carea' id='block_1_48' title="bbox 138 2315 935 2355">
    <p class='ocr_par' dir='ltr' id='par_1_48' title="bbox 138 2315 935 2355">
     <span class='ocr_line' id='line_1_48' title="bbox 138 2315 935 2355; baseline -0.006 -7"><span class='ocrx_word' id='word_1_385' title='bbox 138 2327 224 2355; x_wconf 83' lang='lat' dir='ltr'><strong>neque</strong></span> <span class='ocrx_word' id='word_1_386' title='bbox 237 2318 353 2354; x_wconf 89' lang='lat' dir='ltr'><strong>prolem,</strong></span> <span class='ocrx_word' id='word_1_387' title='bbox 367 2325 452 2352; x_wconf 88' lang='lat' dir='ltr'><strong>neque</strong></span> <span class='ocrx_word' id='word_1_388' title='bbox 466 2317 578 2352; x_wconf 90' lang='lat' dir='ltr'><strong>pilorum</strong></span> <span class='ocrx_word' id='word_1_389' title='bbox 589 2315 730 2344; x_wconf 87' lang='lat' dir='ltr'><strong>utilitatem</strong></span> <span class='ocrx_word' id='word_1_390' title='bbox 744 2315 829 2351; x_wconf 85' lang='lat' dir='ltr'><strong>possit</strong></span> <span class='ocrx_word' id='word_1_391' title='bbox 838 2315 935 2343; x_wconf 67' lang='lat' dir='ltr'><strong>afferre</strong></span> 
     </span>
    </p>
   </div>
   <div class='ocr_carea' id='block_1_49' title="bbox 139 2360 935 2398">
    <p class='ocr_par' dir='ltr' id='par_1_49' title="bbox 139 2360 935 2398">
     <span class='ocr_line' id='line_1_49' title="bbox 139 2360 935 2398; baseline -0.006 -6"><span class='ocrx_word' id='word_1_392' title='bbox 139 2364 266 2396; x_wconf 87' lang='lat' dir='ltr'><strong>dominis,</strong></span> <span class='ocrx_word' id='word_1_393' title='bbox 277 2363 339 2398; x_wconf 91' lang='lat' dir='ltr'><strong>quia</strong></span> <span class='ocrx_word' id='word_1_394' title='bbox 352 2362 387 2390; x_wconf 94' lang='lat' dir='ltr'><strong>ob</strong></span> <span class='ocrx_word' id='word_1_395' title='bbox 399 2366 586 2397; x_wconf 72' lang='lat' dir='ltr'><strong>pmmaturam</strong></span> <span class='ocrx_word' id='word_1_396' title='bbox 599 2365 704 2388; x_wconf 67' lang='lat' dir='ltr'><strong>atatem</strong></span> <span class='ocrx_word' id='word_1_397' title='bbox 719 2360 779 2389; x_wconf 89' lang='lat' dir='ltr'><strong>talis</strong></span> <span class='ocrx_word' id='word_1_398' title='bbox 790 2365 935 2396; x_wconf 86' lang='lat' dir='ltr'><strong>proventus</strong></span> 
     </span>
    </p>
   </div>
   <div class='ocr_carea' id='block_1_50' title="bbox 138 2406 934 2447">
    <p class='ocr_par' dir='ltr' id='par_1_50' title="bbox 138 2406 934 2447">
     <span class='ocr_line' id='line_1_50' title="bbox 138 2406 934 2447; baseline -0.009 -7"><span class='ocrx_word' id='word_1_399' title='bbox 138 2419 237 2447; x_wconf 73' lang='lat' dir='ltr'><strong>expers</strong></span> <span class='ocrx_word' id='word_1_400' title='bbox 249 2414 302 2438; x_wconf 89' lang='lat' dir='ltr'><strong>est.</strong></span> <span class='ocrx_word' id='word_1_401' title='bbox 318 2409 380 2437; x_wconf 89' lang='lat' dir='ltr'><strong>Ideo</strong></span> <span class='ocrx_word' id='word_1_402' title='bbox 393 2416 441 2436; x_wconf 90' lang='lat' dir='ltr'><strong>eos</strong></span> <span class='ocrx_word' id='word_1_403' title='bbox 453 2408 499 2444; x_wconf 90' lang='lat' dir='ltr'><strong>qui</strong></span> <span class='ocrx_word' id='word_1_404' title='bbox 512 2408 613 2435; x_wconf 90' lang='lat' dir='ltr'><strong>nullum</strong></span> <span class='ocrx_word' id='word_1_405' title='bbox 629 2408 807 2443; x_wconf 68' lang='lat' dir='ltr'><strong>eleemosynm</strong></span> <span class='ocrx_word' id='word_1_406' title='bbox 820 2406 934 2434; x_wconf 92' lang='lat' dir='ltr'><strong>fructum</strong></span> 
     </span>
    </p>
   </div>
   <div class='ocr_carea' id='block_1_51' title="bbox 139 2453 933 2490">
    <p class='ocr_par' dir='ltr' id='par_1_51' title="bbox 139 2453 933 2490">
     <span class='ocr_line' id='line_1_51' title="bbox 139 2453 933 2490; baseline -0.009 -3"><span class='ocrx_word' id='word_1_407' title='bbox 139 2458 236 2490; x_wconf 84' lang='lat' dir='ltr'><strong>ierunt,</strong></span> <span class='ocrx_word' id='word_1_408' title='bbox 253 2456 349 2484; x_wconf 65' lang='lat' dir='ltr'><strong>haedos</strong></span> <span class='ocrx_word' id='word_1_409' title='bbox 361 2456 480 2487; x_wconf 81' lang='lat' dir='ltr'><strong>vocavit;</strong></span> <span class='ocrx_word' id='word_1_410' title='bbox 492 2462 539 2483; x_wconf 89' lang='lat' dir='ltr'><strong>eos</strong></span> <span class='ocrx_word' id='word_1_411' title='bbox 550 2459 639 2482; x_wconf 90' lang='lat' dir='ltr'><strong>autem</strong></span> <span class='ocrx_word' id='word_1_412' title='bbox 651 2454 696 2489; x_wconf 91' lang='lat' dir='ltr'><strong>qui</strong></span> <span class='ocrx_word' id='word_1_413' title='bbox 709 2461 724 2480; x_wconf 93' lang='lat' dir='ltr'><strong>a</strong></span> <span class='ocrx_word' id='word_1_414' title='bbox 737 2453 847 2486; x_wconf 80' lang='lat' dir='ltr'><strong>dextris,</strong></span> <span class='ocrx_word' id='word_1_415' title='bbox 859 2460 933 2481; x_wconf 87' lang='lat' dir='ltr'><strong>oves.</strong></span> 
     </span>
    </p>
   </div>
   <div class='ocr_carea' id='block_1_52' title="bbox 137 2500 934 2538">
    <p class='ocr_par' dir='ltr' id='par_1_52' title="bbox 137 2500 934 2538">
     <span class='ocr_line' id='line_1_52' title="bbox 137 2500 934 2538; baseline -0.008 -5"><span class='ocrx_word' id='word_1_416' title='bbox 137 2505 177 2533; x_wconf 72' lang='lat' dir='ltr'><strong>Ab</strong></span> <span class='ocrx_word' id='word_1_417' title='bbox 191 2505 247 2533; x_wconf 85' lang='lat' dir='ltr'><strong>illis</strong></span> <span class='ocrx_word' id='word_1_418' title='bbox 258 2504 331 2532; x_wconf 88' lang='lat' dir='ltr'><strong>enim</strong></span> <span class='ocrx_word' id='word_1_419' title='bbox 347 2503 440 2538; x_wconf 82' lang='lat' dir='ltr'><strong>ingens</strong></span> <span class='ocrx_word' id='word_1_420' title='bbox 455 2505 600 2537; x_wconf 86' lang='lat' dir='ltr'><strong>proventus</strong></span> <span class='ocrx_word' id='word_1_421' title='bbox 613 2509 645 2528; x_wconf 91' lang='lat' dir='ltr'><strong>ex</strong></span> <span class='ocrx_word' id='word_1_422' title='bbox 660 2501 720 2527; x_wconf 90' lang='lat' dir='ltr'><strong>lana</strong></span> <span class='ocrx_word' id='word_1_423' title='bbox 730 2520 737 2533; x_wconf 93' lang='lat'><strong>,</strong></span> <span class='ocrx_word' id='word_1_424' title='bbox 751 2507 785 2528; x_wconf 88' lang='lat' dir='ltr'><strong>ex</strong></span> <span class='ocrx_word' id='word_1_425' title='bbox 798 2500 886 2535; x_wconf 88' lang='lat' dir='ltr'><strong>prole,</strong></span> <span class='ocrx_word' id='word_1_426' title='bbox 901 2507 934 2527; x_wconf 90' lang='lat' dir='ltr'><strong>ex</strong></span> 
     </span>
    </p>
   </div>
   <div class='ocr_carea' id='block_1_53' title="bbox 137 2546 934 2585">
    <p class='ocr_par' dir='ltr' id='par_1_53' title="bbox 137 2546 934 2585">
     <span class='ocr_line' id='line_1_53' title="bbox 137 2546 934 2585; baseline -0.009 -5"><span class='ocrx_word' id='word_1_427' title='bbox 137 2553 216 2580; x_wconf 84' lang='lat' dir='ltr'><strong>lacte.</strong></span> <span class='ocrx_word' id='word_1_428' title='bbox 232 2550 304 2584; x_wconf 89' lang='lat' dir='ltr'><strong>Quid</strong></span> <span class='ocrx_word' id='word_1_429' title='bbox 327 2549 407 2585; x_wconf 87' lang='lat' dir='ltr'><strong>igitur</strong></span> <span class='ocrx_word' id='word_1_430' title='bbox 427 2549 464 2576; x_wconf 89' lang='lat' dir='ltr'><strong>ait</strong></span> <span class='ocrx_word' id='word_1_431' title='bbox 481 2548 534 2576; x_wconf 82' lang='lat' dir='ltr'><strong>illis</strong></span> <span class='ocrx_word' id='word_1_432' title='bbox 549 2557 556 2575; x_wconf 89' lang='lat'><strong>:</strong></span> <span class='ocrx_word' id='word_1_433' title='bbox 571 2547 739 2575; x_wconf 83' lang='lat' dir='ltr'><strong>Esurientem</strong></span> <span class='ocrx_word' id='word_1_434' title='bbox 753 2554 798 2574; x_wconf 89' lang='lat' dir='ltr'><strong>me</strong></span> <span class='ocrx_word' id='word_1_435' title='bbox 812 2546 914 2574; x_wconf 89' lang='lat' dir='ltr'><strong>vidistis</strong></span> <span class='ocrx_word' id='word_1_436' title='bbox 925 2567 934 2579; x_wconf 93' lang='lat'><strong>,</strong></span> 
     </span>
    </p>
   </div>
   <div class='ocr_carea' id='block_1_54' title="bbox 138 2593 936 2628">
    <p class='ocr_par' dir='ltr' id='par_1_54' title="bbox 138 2593 936 2628">
     <span class='ocr_line' id='line_1_54' title="bbox 138 2593 936 2628; baseline -0.008 -2"><span class='ocrx_word' id='word_1_437' title='bbox 138 2603 165 2626; x_wconf 88' lang='lat' dir='ltr'><strong>et</strong></span> <span class='ocrx_word' id='word_1_438' title='bbox 178 2597 330 2626; x_wconf 84' lang='lat' dir='ltr'><strong>nutrivistis</strong></span> <span class='ocrx_word' id='word_1_439' title='bbox 344 2603 408 2628; x_wconf 90' lang='lat' dir='ltr'><strong>me;</strong></span> <span class='ocrx_word' id='word_1_440' title='bbox 427 2595 537 2627; x_wconf 90' lang='lat' dir='ltr'><strong>nudum,</strong></span> <span class='ocrx_word' id='word_1_441' title='bbox 551 2598 579 2622; x_wconf 90' lang='lat' dir='ltr'><strong>et</strong></span> <span class='ocrx_word' id='word_1_442' title='bbox 592 2594 731 2626; x_wconf 86' lang='lat' dir='ltr'><strong>induistis;</strong></span> <span class='ocrx_word' id='word_1_443' title='bbox 748 2593 892 2628; x_wconf 85' lang='lat' dir='ltr'><strong>hospitem,</strong></span> <span class='ocrx_word' id='word_1_444' title='bbox 908 2597 936 2620; x_wconf 88' lang='lat' dir='ltr'><strong>et</strong></span> 
     </span>
    </p>
   </div>
   <div class='ocr_carea' id='block_1_55' title="bbox 136 2639 933 2679">
    <p class='ocr_par' dir='ltr' id='par_1_55' title="bbox 136 2639 933 2679">
     <span class='ocr_line' id='line_1_55' title="bbox 136 2639 933 2679; baseline -0.008 -7"><span class='ocrx_word' id='word_1_445' title='bbox 136 2643 282 2679; x_wconf 74' lang='lat' dir='ltr'><strong>collegistis</strong></span> <span class='ocrx_word' id='word_1_446' title='bbox 298 2641 407 2677; x_wconf 82' lang='lat' dir='ltr'><strong>(Matth.</strong></span> <span class='ocrx_word' id='word_1_447' title='bbox 422 2641 469 2668; x_wconf 65' lang='lat' dir='ltr'><strong>B5.</strong></span> <span class='ocrx_word' id='word_1_448' title='bbox 484 2641 540 2676; x_wconf 74' lang='lat'><strong>55).</strong></span> <span class='ocrx_word' id='word_1_449' title='bbox 556 2640 671 2668; x_wconf 75' lang='lat' dir='ltr'><strong>Rursum</strong></span> <span class='ocrx_word' id='word_1_450' title='bbox 692 2639 725 2667; x_wconf 92' lang='lat' dir='ltr'><strong>ad</strong></span> <span class='ocrx_word' id='word_1_451' title='bbox 745 2640 804 2667; x_wconf 91' lang='lat' dir='ltr'><strong>illos</strong></span> <span class='ocrx_word' id='word_1_452' title='bbox 824 2645 933 2667; x_wconf 88' lang='lat' dir='ltr'><strong>contra-</strong></span> 
     </span>
    </p>
   </div>
   <div class='ocr_carea' id='block_1_56' title="bbox 139 2685 933 2724">
    <p class='ocr_par' dir='ltr' id='par_1_56' title="bbox 139 2685 933 2724">
     <span class='ocr_line' id='line_1_56' title="bbox 139 2685 933 2724; baseline -0.006 -7"><span class='ocrx_word' id='word_1_453' title='bbox 139 2690 175 2717; x_wconf 87' lang='lat' dir='ltr'><strong>ria</strong></span> <span class='ocrx_word' id='word_1_454' title='bbox 190 2699 197 2716; x_wconf 87' lang='lat'><strong>:</strong></span> <span class='ocrx_word' id='word_1_455' title='bbox 210 2695 237 2716; x_wconf 89' lang='lat' dir='ltr'><strong>et</strong></span> <span class='ocrx_word' id='word_1_456' title='bbox 252 2687 362 2724; x_wconf 91' lang='lat' dir='ltr'><strong>quidem</strong></span> <span class='ocrx_word' id='word_1_457' title='bbox 379 2691 433 2714; x_wconf 90' lang='lat' dir='ltr'><strong>tam</strong></span> <span class='ocrx_word' id='word_1_458' title='bbox 450 2687 487 2714; x_wconf 91' lang='lat' dir='ltr'><strong>illi</strong></span> <span class='ocrx_word' id='word_1_459' title='bbox 501 2693 580 2722; x_wconf 89' lang='lat' dir='ltr'><strong>quam</strong></span> <span class='ocrx_word' id='word_1_460' title='bbox 596 2686 622 2713; x_wconf 91' lang='lat' dir='ltr'><strong>hi</strong></span> <span class='ocrx_word' id='word_1_461' title='bbox 636 2685 758 2713; x_wconf 89' lang='lat' dir='ltr'><strong>homines</strong></span> <span class='ocrx_word' id='word_1_462' title='bbox 771 2690 858 2719; x_wconf 83' lang='lat' dir='ltr'><strong>erant,</strong></span> <span class='ocrx_word' id='word_1_463' title='bbox 873 2693 933 2713; x_wconf 91' lang='lat' dir='ltr'><strong>eas-</strong></span> 
     </span>
    </p>
   </div>
   <div class='ocr_carea' id='block_1_57' title="bbox 139 2731 935 2770">
    <p class='ocr_par' dir='ltr' id='par_1_57' title="bbox 139 2731 935 2770">
     <span class='ocr_line' id='line_1_57' title="bbox 139 2731 935 2770; baseline -0.005 -7"><span class='ocrx_word' id='word_1_464' title='bbox 139 2736 197 2764; x_wconf 89' lang='lat' dir='ltr'><strong>dem</strong></span> <span class='ocrx_word' id='word_1_465' title='bbox 209 2735 315 2770; x_wconf 88' lang='lat' dir='ltr'><strong>utrique</strong></span> <span class='ocrx_word' id='word_1_466' title='bbox 327 2737 487 2768; x_wconf 77' lang='lat' dir='ltr'><strong>acceperant</strong></span> <span class='ocrx_word' id='word_1_467' title='bbox 496 2732 696 2767; x_wconf 84' lang='lat' dir='ltr'><strong>promissiones,</strong></span> <span class='ocrx_word' id='word_1_468' title='bbox 709 2731 802 2759; x_wconf 88' lang='lat' dir='ltr'><strong>eadem</strong></span> <span class='ocrx_word' id='word_1_469' title='bbox 816 2732 935 2766; x_wconf 82' lang='lat' dir='ltr'><strong>u&#39;risque</strong></span> 
     </span>
    </p>
   </div>
   <div class='ocr_carea' id='block_1_58' title="bbox 138 2777 935 2817">
    <p class='ocr_par' dir='ltr' id='par_1_58' title="bbox 138 2777 935 2817">
     <span class='ocr_line' id='line_1_58' title="bbox 138 2777 935 2817; baseline -0.008 -7"><span class='ocrx_word' id='word_1_470' title='bbox 138 2782 203 2810; x_wconf 86' lang='lat' dir='ltr'><strong>bene</strong></span> <span class='ocrx_word' id='word_1_471' title='bbox 213 2781 389 2817; x_wconf 83' lang='lat' dir='ltr'><strong>operantibus</strong></span> <span class='ocrx_word' id='word_1_472' title='bbox 401 2779 510 2815; x_wconf 70' lang='lat' dir='ltr'><strong>praemia</strong></span> <span class='ocrx_word' id='word_1_473' title='bbox 519 2778 654 2814; x_wconf 86' lang='lat' dir='ltr'><strong>proposita</strong></span> <span class='ocrx_word' id='word_1_474' title='bbox 666 2787 673 2805; x_wconf 89' lang='lat'>:</span> <span class='ocrx_word' id='word_1_475' title='bbox 684 2778 753 2805; x_wconf 91' lang='lat' dir='ltr'><strong>idem</strong></span> <span class='ocrx_word' id='word_1_476' title='bbox 766 2778 823 2813; x_wconf 88' lang='lat' dir='ltr'><strong>ipse</strong></span> <span class='ocrx_word' id='word_1_477' title='bbox 835 2785 883 2812; x_wconf 90' lang='lat' dir='ltr'><strong>pro</strong></span> <span class='ocrx_word' id='word_1_478' title='bbox 894 2777 935 2804; x_wconf 89' lang='lat' dir='ltr'><strong>his</strong></span> 
     </span>
    </p>
   </div>
   <div class='ocr_carea' id='block_1_59' title="bbox 138 2823 935 2863">
    <p class='ocr_par' dir='ltr' id='par_1_59' title="bbox 138 2823 935 2863">
     <span class='ocr_line' id='line_1_59' title="bbox 138 2823 935 2863; baseline -0.006 -6"><span class='ocrx_word' id='word_1_479' title='bbox 138 2831 164 2857; x_wconf 81' lang='lat' dir='ltr'><strong>et</strong></span> <span class='ocrx_word' id='word_1_480' title='bbox 177 2835 224 2863; x_wconf 88' lang='lat' dir='ltr'><strong>pro</strong></span> <span class='ocrx_word' id='word_1_481' title='bbox 237 2828 290 2855; x_wconf 82' lang='lat' dir='ltr'><strong>illis</strong></span> <span class='ocrx_word' id='word_1_482' title='bbox 309 2826 403 2860; x_wconf 84' lang='lat' dir='ltr'><strong>venit,</strong></span> <span class='ocrx_word' id='word_1_483' title='bbox 417 2824 511 2853; x_wconf 85' lang='lat' dir='ltr'><strong>eadem</strong></span> <span class='ocrx_word' id='word_1_484' title='bbox 529 2832 589 2852; x_wconf 87' lang='lat' dir='ltr'><strong>cum</strong></span> <span class='ocrx_word' id='word_1_485' title='bbox 611 2823 730 2852; x_wconf 84' lang='lat' dir='ltr'><strong>nuditate</strong></span> <span class='ocrx_word' id='word_1_486' title='bbox 743 2823 776 2852; x_wconf 89' lang='lat' dir='ltr'><strong>ad</strong></span> <span class='ocrx_word' id='word_1_487' title='bbox 790 2827 935 2859; x_wconf 83' lang='lat' dir='ltr'><strong>utrosque,</strong></span> 
     </span>
    </p>
   </div>
   <div class='ocr_carea' id='block_1_60' title="bbox 168 2881 735 2916">
    <p class='ocr_par' dir='ltr' id='par_1_60' title="bbox 168 2881 735 2916">
     <span class='ocr_line' id='line_1_60' title="bbox 168 2881 735 2916; baseline -0.005 -7"><span class='ocrx_word' id='word_1_488' title='bbox 168 2885 176 2900; x_wconf 79' lang='grc' dir='ltr'>ι</span> <span class='ocrx_word' id='word_1_489' title='bbox 193 2888 262 2916; x_wconf 67' lang='grc' dir='ltr'><strong>ηε..</strong></span> <span class='ocrx_word' id='word_1_490' title='bbox 273 2890 315 2909; x_wconf 72' lang='grc' dir='ltr'><strong>ιω</strong></span> <span class='ocrx_word' id='word_1_491' title='bbox 324 2888 427 2915; x_wconf 77' lang='lat' dir='ltr'><strong>capere,</strong></span> <span class='ocrx_word' id='word_1_492' title='bbox 445 2889 494 2913; x_wconf 82' lang='lat' dir='ltr'><strong>pro.</strong></span> <span class='ocrx_word' id='word_1_493' title='bbox 507 2882 571 2907; x_wconf 70' lang='lat' dir='ltr'><strong>vobis</strong></span> <span class='ocrx_word' id='word_1_494' title='bbox 582 2881 654 2907; x_wconf 75' lang='lat' dir='ltr'><strong>verba</strong></span> <span class='ocrx_word' id='word_1_495' title='bbox 666 2881 735 2907; x_wconf 80' lang='lat' dir='ltr'><strong>dare.</strong></span> 
     </span>
    </p>
   </div>
   <div class='ocr_carea' id='block_1_61' title="bbox 297 2926 655 2957">
    <p class='ocr_par' dir='ltr' id='par_1_61' title="bbox 297 2926 655 2957">
     <span class='ocr_line' id='line_1_61' title="bbox 297 2926 655 2957; baseline 0 -2"><span class='ocrx_word' id='word_1_496' title='bbox 297 2928 427 2956; x_wconf 71' lang='lat' dir='ltr'><strong>l‘aa&#39;not</strong></span> <span class='ocrx_word' id='word_1_497' title='bbox 462 2926 518 2956; x_wconf 80' lang='lat' dir='ltr'><strong>Gn.</strong></span> <span class='ocrx_word' id='word_1_498' title='bbox 540 2926 655 2957; x_wconf 78' lang='lat' dir='ltr'><strong>XLIX.</strong></span> 
     </span>
    </p>
   </div>
   <div class='ocr_carea' id='block_1_62' title="bbox 634 144 1279 177">
    <p class='ocr_par' dir='ltr' id='par_1_62' title="bbox 634 144 1279 177">
     <span class='ocr_line' id='line_1_62' title="bbox 634 144 1279 177; baseline 0.006 -5"><span class='ocrx_word' id='word_1_499' title='bbox 634 145 677 172; x_wconf 86' lang='lat' dir='ltr'><strong>DE</strong></span> <span class='ocrx_word' id='word_1_500' title='bbox 696 144 843 174; x_wconf 73' lang='grc' dir='ltr'><strong>[ΠΑΒοιο</strong></span> <span class='ocrx_word' id='word_1_501' title='bbox 861 145 1080 175; x_wconf 79' lang='lat' dir='ltr'><strong>TENTATOBE.</strong></span> <span class='ocrx_word' id='word_1_502' title='bbox 1096 147 1212 176; x_wconf 79' lang='lat' dir='ltr'><strong>HOMIL.</strong></span> <span class='ocrx_word' id='word_1_503' title='bbox 1234 148 1279 177; x_wconf 80' lang='grc'><strong>111.</strong></span> 
     </span>
    </p>
   </div>
   <div class='ocr_carea' id='block_1_63' title="bbox 1721 159 1774 188">
    <p class='ocr_par' dir='ltr' id='par_1_63' title="bbox 1721 159 1774 188">
     <span class='ocr_line' id='line_1_63' title="bbox 1721 159 1774 188; baseline -0.019 0"><span class='ocrx_word' id='word_1_504' title='bbox 1721 159 1774 188; x_wconf 65' lang='grc' dir='ltr'><strong>εθε</strong></span> 
     </span>
    </p>
   </div>
   <div class='ocr_carea' id='block_1_64' title="bbox 986 202 1777 240">
    <p class='ocr_par' dir='ltr' id='par_1_64' title="bbox 986 202 1777 240">
     <span class='ocr_line' id='line_1_64' title="bbox 986 202 1777 240; baseline 0.008 -10"><span class='ocrx_word' id='word_1_505' title='bbox 986 202 1079 230; x_wconf 86' lang='lat' dir='ltr'><strong>eadem</strong></span> <span class='ocrx_word' id='word_1_506' title='bbox 1092 202 1172 238; x_wconf 87' lang='lat' dir='ltr'><strong>fame,</strong></span> <span class='ocrx_word' id='word_1_507' title='bbox 1187 203 1284 240; x_wconf 89' lang='lat' dir='ltr'><strong>hospes</strong></span> <span class='ocrx_word' id='word_1_508' title='bbox 1297 204 1388 233; x_wconf 88' lang='lat' dir='ltr'><strong>itidem</strong></span> <span class='ocrx_word' id='word_1_509' title='bbox 1400 213 1407 232; x_wconf 92' lang='lat'>:</span> <span class='ocrx_word' id='word_1_510' title='bbox 1418 205 1506 234; x_wconf 89' lang='lat' dir='ltr'><strong>omnia</strong></span> <span class='ocrx_word' id='word_1_511' title='bbox 1518 211 1580 234; x_wconf 88' lang='lat' dir='ltr'><strong>sunt</strong></span> <span class='ocrx_word' id='word_1_512' title='bbox 1591 210 1619 235; x_wconf 87' lang='lat' dir='ltr'><strong>et</strong></span> <span class='ocrx_word' id='word_1_513' title='bbox 1633 205 1674 235; x_wconf 84' lang='lat' dir='ltr'><strong>bis</strong></span> <span class='ocrx_word' id='word_1_514' title='bbox 1684 212 1713 236; x_wconf 83' lang='lat' dir='ltr'><strong>et</strong></span> <span class='ocrx_word' id='word_1_515' title='bbox 1723 209 1777 238; x_wconf 77' lang='lat' dir='ltr'><strong>illis</strong></span> 
     </span>
    </p>
   </div>
   <div class='ocr_carea' id='block_1_65' title="bbox 985 250 1107 284">
    <p class='ocr_par' dir='ltr' id='par_1_65' title="bbox 985 250 1107 284">
     <span class='ocr_line' id='line_1_65' title="bbox 985 250 1107 284; baseline -0.008 -7"><span class='ocrx_word' id='word_1_516' title='bbox 985 250 1107 284; x_wconf 62' lang='lat' dir='ltr'><strong>aequalia.</strong></span> 
     </span>
    </p>
   </div>
   <div class='ocr_carea' id='block_1_66' title="bbox 1019 295 1779 332">
    <p class='ocr_par' dir='ltr' id='par_1_66' title="bbox 1019 295 1779 332">
     <span class='ocr_line' id='line_1_66' title="bbox 1019 295 1779 332; baseline 0.008 -9"><span class='ocrx_word' id='word_1_517' title='bbox 1019 295 1062 324; x_wconf 73' lang='lat' dir='ltr'><strong>Ea:</strong></span> <span class='ocrx_word' id='word_1_518' title='bbox 1074 296 1210 324; x_wconf 81' lang='lat' dir='ltr'><strong>voluntatis</strong></span> <span class='ocrx_word' id='word_1_519' title='bbox 1224 298 1352 332; x_wconf 82' lang='lat' dir='ltr'><strong>proposito</strong></span> <span class='ocrx_word' id='word_1_520' title='bbox 1367 298 1425 326; x_wconf 84' lang='lat' dir='ltr'><strong>boni</strong></span> <span class='ocrx_word' id='word_1_521' title='bbox 1446 299 1485 327; x_wconf 80' lang='lat' dir='ltr'><strong>vel</strong></span> <span class='ocrx_word' id='word_1_522' title='bbox 1507 300 1568 328; x_wconf 83' lang='lat' dir='ltr'><strong>ntali</strong></span> <span class='ocrx_word' id='word_1_523' title='bbox 1580 301 1779 329; x_wconf 54' lang='lat' dir='ltr'><strong>sumus—Cur</strong></span> 
     </span>
    </p>
   </div>
   <div class='ocr_carea' id='block_1_67' title="bbox 984 342 1779 383">
    <p class='ocr_par' dir='ltr' id='par_1_67' title="bbox 984 342 1779 383">
     <span class='ocr_line' id='line_1_67' title="bbox 984 342 1779 383; baseline 0.009 -14"><span class='ocrx_word' id='word_1_524' title='bbox 984 349 1049 377; x_wconf 87' lang='lat' dir='ltr'><strong>ergo</strong></span> <span class='ocrx_word' id='word_1_525' title='bbox 1071 342 1131 370; x_wconf 87' lang='lat' dir='ltr'><strong>linis</strong></span> <span class='ocrx_word' id='word_1_526' title='bbox 1141 350 1194 371; x_wconf 92' lang='lat' dir='ltr'><strong>non</strong></span> <span class='ocrx_word' id='word_1_527' title='bbox 1208 343 1323 372; x_wconf 86' lang='lat' dir='ltr'><strong>similis?</strong></span> <span class='ocrx_word' id='word_1_528' title='bbox 1335 344 1402 379; x_wconf 87' lang='lat' dir='ltr'><strong>Quia</strong></span> <span class='ocrx_word' id='word_1_529' title='bbox 1412 345 1438 372; x_wconf 93' lang='lat' dir='ltr'><strong>id</strong></span> <span class='ocrx_word' id='word_1_530' title='bbox 1449 346 1592 374; x_wconf 88' lang='lat' dir='ltr'><strong>voluntatis</strong></span> <span class='ocrx_word' id='word_1_531' title='bbox 1612 348 1779 383; x_wconf 88' lang='lat' dir='ltr'><strong>propositum</strong></span> 
     </span>
    </p>
   </div>
   <div class='ocr_carea' id='block_1_68' title="bbox 983 389 1781 424">
    <p class='ocr_par' dir='ltr' id='par_1_68' title="bbox 983 389 1781 424">
     <span class='ocr_line' id='line_1_68' title="bbox 983 389 1781 424; baseline 0.008 -8"><span class='ocrx_word' id='word_1_532' title='bbox 983 395 1038 416; x_wconf 90' lang='lat' dir='ltr'><strong>non</strong></span> <span class='ocrx_word' id='word_1_533' title='bbox 1048 389 1183 424; x_wconf 90' lang='lat' dir='ltr'><strong>permisit:</strong></span> <span class='ocrx_word' id='word_1_534' title='bbox 1193 389 1258 417; x_wconf 91' lang='lat' dir='ltr'><strong>illud</strong></span> <span class='ocrx_word' id='word_1_535' title='bbox 1271 390 1342 418; x_wconf 89' lang='lat' dir='ltr'><strong>enim</strong></span> <span class='ocrx_word' id='word_1_536' title='bbox 1350 391 1436 418; x_wconf 87' lang='lat' dir='ltr'><strong>solum</strong></span> <span class='ocrx_word' id='word_1_537' title='bbox 1445 391 1642 421; x_wconf 83' lang='lat' dir='ltr'><strong>distinctionem</strong></span> <span class='ocrx_word' id='word_1_538' title='bbox 1654 393 1727 421; x_wconf 88' lang='lat' dir='ltr'><strong>illam</strong></span> <span class='ocrx_word' id='word_1_539' title='bbox 1737 394 1781 422; x_wconf 87' lang='lat' dir='ltr'><strong>fe-</strong></span> 
     </span>
    </p>
   </div>
   <div class='ocr_carea' id='block_1_69' title="bbox 984 434 1776 475">
    <p class='ocr_par' dir='ltr' id='par_1_69' title="bbox 984 434 1776 475">
     <span class='ocr_line' id='line_1_69' title="bbox 984 434 1776 475; baseline 0.006 -13"><span class='ocrx_word' id='word_1_540' title='bbox 984 434 1030 462; x_wconf 90' lang='lat' dir='ltr'><strong>cit.</strong></span> <span class='ocrx_word' id='word_1_541' title='bbox 1058 435 1142 470; x_wconf 83' lang='lat' dir='ltr'><strong>Huius</strong></span> <span class='ocrx_word' id='word_1_542' title='bbox 1166 443 1246 463; x_wconf 87' lang='lat' dir='ltr'><strong>causa</strong></span> <span class='ocrx_word' id='word_1_543' title='bbox 1273 436 1311 464; x_wconf 91' lang='lat' dir='ltr'><strong>illi</strong></span> <span class='ocrx_word' id='word_1_544' title='bbox 1326 437 1524 472; x_wconf 85' lang='lat' dir='ltr'><strong>iugebennam,</strong></span> <span class='ocrx_word' id='word_1_545' title='bbox 1549 437 1576 465; x_wconf 90' lang='lat' dir='ltr'><strong>hi</strong></span> <span class='ocrx_word' id='word_1_546' title='bbox 1601 439 1628 466; x_wconf 91' lang='lat' dir='ltr'><strong>in</strong></span> <span class='ocrx_word' id='word_1_547' title='bbox 1654 447 1776 475; x_wconf 88' lang='lat' dir='ltr'><strong>regnum,</strong></span> 
     </span>
    </p>
   </div>
   <div class='ocr_carea' id='block_1_70' title="bbox 984 481 1776 519">
    <p class='ocr_par' dir='ltr' id='par_1_70' title="bbox 984 481 1776 519">
     <span class='ocr_line' id='line_1_70' title="bbox 984 481 1776 519; baseline 0.005 -11"><span class='ocrx_word' id='word_1_548' title='bbox 984 486 1116 516; x_wconf 84' lang='lat' dir='ltr'><strong>pergunt:</strong></span> <span class='ocrx_word' id='word_1_549' title='bbox 1131 481 1202 516; x_wconf 91' lang='lat' dir='ltr'><strong>quod</strong></span> <span class='ocrx_word' id='word_1_550' title='bbox 1221 482 1244 509; x_wconf 88' lang='lat' dir='ltr'><strong>si</strong></span> <span class='ocrx_word' id='word_1_551' title='bbox 1266 482 1387 510; x_wconf 86' lang='lat' dir='ltr'><strong>diabolus</strong></span> <span class='ocrx_word' id='word_1_552' title='bbox 1401 483 1467 518; x_wconf 88' lang='lat' dir='ltr'><strong>ipsis</strong></span> <span class='ocrx_word' id='word_1_553' title='bbox 1491 488 1584 511; x_wconf 88' lang='lat' dir='ltr'><strong>auctor</strong></span> <span class='ocrx_word' id='word_1_554' title='bbox 1607 490 1776 519; x_wconf 88' lang='lat' dir='ltr'><strong>peccatorum</strong></span> 
     </span>
    </p>
   </div>
   <div class='ocr_carea' id='block_1_71' title="bbox 984 529 1775 566">
    <p class='ocr_par' dir='ltr' id='par_1_71' title="bbox 984 529 1775 566">
     <span class='ocr_line' id='line_1_71' title="bbox 984 529 1775 566; baseline 0.005 -11"><span class='ocrx_word' id='word_1_555' title='bbox 984 532 1065 561; x_wconf 86' lang='lat' dir='ltr'><strong>esset,</strong></span> <span class='ocrx_word' id='word_1_556' title='bbox 1080 536 1134 556; x_wconf 94' lang='lat' dir='ltr'><strong>non</strong></span> <span class='ocrx_word' id='word_1_557' title='bbox 1149 529 1249 564; x_wconf 90' lang='lat' dir='ltr'><strong>utique,</strong></span> <span class='ocrx_word' id='word_1_558' title='bbox 1274 529 1327 557; x_wconf 91' lang='lat' dir='ltr'><strong>alio</strong></span> <span class='ocrx_word' id='word_1_559' title='bbox 1340 535 1466 564; x_wconf 84' lang='lat' dir='ltr'><strong>peccante</strong></span> <span class='ocrx_word' id='word_1_560' title='bbox 1476 535 1503 558; x_wconf 90' lang='lat' dir='ltr'><strong>et</strong></span> <span class='ocrx_word' id='word_1_561' title='bbox 1517 530 1550 558; x_wconf 92' lang='lat' dir='ltr'><strong>ad</strong></span> <span class='ocrx_word' id='word_1_562' title='bbox 1572 536 1709 566; x_wconf 84' lang='lat' dir='ltr'><strong>peccatum</strong></span> <span class='ocrx_word' id='word_1_563' title='bbox 1725 533 1775 560; x_wconf 91' lang='lat' dir='ltr'><strong>im-</strong></span> 
     </span>
    </p>
   </div>
   <div class='ocr_carea' id='block_1_72' title="bbox 984 574 1778 610">
    <p class='ocr_par' dir='ltr' id='par_1_72' title="bbox 984 574 1778 610">
     <span class='ocr_line' id='line_1_72' title="bbox 984 574 1778 610; baseline 0.009 -10"><span class='ocrx_word' id='word_1_564' title='bbox 984 574 1098 608; x_wconf 89' lang='lat' dir='ltr'><strong>pellente</strong></span> <span class='ocrx_word' id='word_1_565' title='bbox 1108 595 1115 607; x_wconf 96' lang='lat'><strong>,</strong></span> <span class='ocrx_word' id='word_1_566' title='bbox 1138 574 1164 601; x_wconf 93' lang='lat' dir='ltr'><strong>hi</strong></span> <span class='ocrx_word' id='word_1_567' title='bbox 1177 575 1307 610; x_wconf 87' lang='lat' dir='ltr'><strong>supplicio</strong></span> <span class='ocrx_word' id='word_1_568' title='bbox 1320 575 1451 604; x_wconf 81' lang='lat' dir='ltr'><strong>al&#39;ticiendi</strong></span> <span class='ocrx_word' id='word_1_569' title='bbox 1466 582 1552 604; x_wconf 87' lang='lat' dir='ltr'><strong>erant.</strong></span> <span class='ocrx_word' id='word_1_570' title='bbox 1567 577 1664 606; x_wconf 79' lang='lat' dir='ltr'><strong>Videu‘</strong></span> <span class='ocrx_word' id='word_1_571' title='bbox 1678 579 1721 606; x_wconf 89' lang='lat' dir='ltr'><strong>hic</strong></span> <span class='ocrx_word' id='word_1_572' title='bbox 1748 583 1778 607; x_wconf 87' lang='lat' dir='ltr'><strong>et</strong></span> 
     </span>
    </p>
   </div>
   <div class='ocr_carea' id='block_1_73' title="bbox 983 621 1778 659">
    <p class='ocr_par' dir='ltr' id='par_1_73' title="bbox 983 621 1778 659">
     <span class='ocr_line' id='line_1_73' title="bbox 983 621 1778 659; baseline 0.008 -13"><span class='ocrx_word' id='word_1_573' title='bbox 983 621 1028 655; x_wconf 92' lang='lat' dir='ltr'><strong>qui</strong></span> <span class='ocrx_word' id='word_1_574' title='bbox 1043 627 1219 655; x_wconf 88' lang='lat' dir='ltr'><strong>peccaverunt</strong></span> <span class='ocrx_word' id='word_1_575' title='bbox 1233 627 1261 649; x_wconf 90' lang='lat' dir='ltr'><strong>et</strong></span> <span class='ocrx_word' id='word_1_576' title='bbox 1269 623 1315 657; x_wconf 91' lang='lat' dir='ltr'><strong>qui</strong></span> <span class='ocrx_word' id='word_1_577' title='bbox 1330 623 1399 650; x_wconf 89' lang='lat' dir='ltr'><strong>bene</strong></span> <span class='ocrx_word' id='word_1_578' title='bbox 1406 623 1536 658; x_wconf 77' lang='lat' dir='ltr'><strong>egerunt?</strong></span> <span class='ocrx_word' id='word_1_579' title='bbox 1546 623 1632 651; x_wconf 90' lang='lat' dir='ltr'><strong>viden&#39;</strong></span> <span class='ocrx_word' id='word_1_580' title='bbox 1644 625 1778 659; x_wconf 88' lang='lat' dir='ltr'><strong>quomodo</strong></span> 
     </span>
    </p>
   </div>
   <div class='ocr_carea' id='block_1_74' title="bbox 984 662 1779 706">
    <p class='ocr_par' dir='ltr' id='par_1_74' title="bbox 984 662 1779 706">
     <span class='ocr_line' id='line_1_74' title="bbox 984 662 1779 706; baseline 0.005 -12"><span class='ocrx_word' id='word_1_581' title='bbox 984 662 1131 696; x_wconf 80' lang='lat' dir='ltr'><strong>conservos</strong></span> <span class='ocrx_word' id='word_1_582' title='bbox 1142 669 1273 702; x_wconf 88' lang='lat' dir='ltr'><strong>videntes,</strong></span> <span class='ocrx_word' id='word_1_583' title='bbox 1284 669 1485 698; x_wconf 80' lang='lat' dir='ltr'><strong>obmutuerunt?</strong></span> <span class='ocrx_word' id='word_1_584' title='bbox 1498 671 1553 706; x_wconf 80' lang='lat' dir='ltr'><strong>Age</strong></span> <span class='ocrx_word' id='word_1_585' title='bbox 1561 670 1593 698; x_wconf 88' lang='lat' dir='ltr'><strong>ad</strong></span> <span class='ocrx_word' id='word_1_586' title='bbox 1607 671 1677 698; x_wconf 87' lang='lat' dir='ltr'><strong>aliud</strong></span> <span class='ocrx_word' id='word_1_587' title='bbox 1690 678 1779 698; x_wconf 84' lang='lat' dir='ltr'><strong>exem-</strong></span> 
     </span>
    </p>
   </div>
   <div class='ocr_carea' id='block_1_75' title="bbox 983 713 1776 752">
    <p class='ocr_par' dir='ltr' id='par_1_75' title="bbox 983 713 1776 752">
     <span class='ocr_line' id='line_1_75' title="bbox 983 713 1776 752; baseline 0.005 -12"><span class='ocrx_word' id='word_1_588' title='bbox 983 713 1057 748; x_wconf 92' lang='lat' dir='ltr'><strong>plum</strong></span> <span class='ocrx_word' id='word_1_589' title='bbox 1067 721 1217 741; x_wconf 88' lang='lat' dir='ltr'><strong>sermonem</strong></span> <span class='ocrx_word' id='word_1_590' title='bbox 1227 714 1429 744; x_wconf 87' lang='lat' dir='ltr'><strong>transferamus.</strong></span> <span class='ocrx_word' id='word_1_591' title='bbox 1437 715 1570 752; x_wconf 70' lang='lat' dir='ltr'><strong>Virgines,</strong></span> <span class='ocrx_word' id='word_1_592' title='bbox 1580 717 1674 751; x_wconf 90' lang='lat' dir='ltr'><strong>inquit,</strong></span> <span class='ocrx_word' id='word_1_593' title='bbox 1684 716 1776 744; x_wconf 88' lang='lat' dir='ltr'><strong>decem</strong></span> 
     </span>
    </p>
   </div>
   <div class='ocr_carea' id='block_1_76' title="bbox 984 759 1778 798">
    <p class='ocr_par' dir='ltr' id='par_1_76' title="bbox 984 759 1778 798">
     <span class='ocr_line' id='line_1_76' title="bbox 984 759 1778 798; baseline 0.006 -13"><span class='ocrx_word' id='word_1_594' title='bbox 984 764 1061 786; x_wconf 90' lang='lat' dir='ltr'><strong>erant</strong></span> <span class='ocrx_word' id='word_1_595' title='bbox 1072 759 1176 795; x_wconf 84' lang='lat' dir='ltr'><strong>(Matth.</strong></span> <span class='ocrx_word' id='word_1_596' title='bbox 1192 760 1251 796; x_wconf 78' lang='lat'><strong>25).</strong></span> <span class='ocrx_word' id='word_1_597' title='bbox 1263 761 1311 788; x_wconf 85' lang='lat' dir='ltr'><strong>Hic</strong></span> <span class='ocrx_word' id='word_1_598' title='bbox 1325 769 1418 789; x_wconf 87' lang='lat' dir='ltr'><strong>rursus</strong></span> <span class='ocrx_word' id='word_1_599' title='bbox 1429 762 1580 790; x_wconf 88' lang='lat' dir='ltr'><strong>voluntates</strong></span> <span class='ocrx_word' id='word_1_600' title='bbox 1592 768 1654 789; x_wconf 89' lang='lat' dir='ltr'><strong>sunt</strong></span> <span class='ocrx_word' id='word_1_601' title='bbox 1662 771 1721 798; x_wconf 68' lang='lat' dir='ltr'><strong>quae</strong></span> <span class='ocrx_word' id='word_1_602' title='bbox 1731 763 1778 791; x_wconf 77' lang='lat' dir='ltr'><strong>be-</strong></span> 
     </span>
    </p>
   </div>
   <div class='ocr_carea' id='block_1_77' title="bbox 983 806 1777 844">
    <p class='ocr_par' dir='ltr' id='par_1_77' title="bbox 983 806 1777 844">
     <span class='ocr_line' id='line_1_77' title="bbox 983 806 1777 844; baseline 0.006 -12"><span class='ocrx_word' id='word_1_603' title='bbox 983 812 1017 832; x_wconf 90' lang='lat' dir='ltr'><strong>ne</strong></span> <span class='ocrx_word' id='word_1_604' title='bbox 1027 810 1180 840; x_wconf 87' lang='lat' dir='ltr'><strong>operantur,</strong></span> <span class='ocrx_word' id='word_1_605' title='bbox 1188 810 1214 834; x_wconf 85' lang='lat' dir='ltr'><strong>et</strong></span> <span class='ocrx_word' id='word_1_606' title='bbox 1224 814 1284 841; x_wconf 69' lang='lat' dir='ltr'><strong>qua:</strong></span> <span class='ocrx_word' id='word_1_607' title='bbox 1294 806 1461 843; x_wconf 87' lang='lat' dir='ltr'><strong>delinquunt,</strong></span> <span class='ocrx_word' id='word_1_608' title='bbox 1473 812 1502 835; x_wconf 91' lang='lat' dir='ltr'><strong>ut</strong></span> <span class='ocrx_word' id='word_1_609' title='bbox 1511 815 1544 836; x_wconf 85' lang='lat' dir='ltr'><strong>ex</strong></span> <span class='ocrx_word' id='word_1_610' title='bbox 1558 809 1681 844; x_wconf 87' lang='lat' dir='ltr'><strong>opposito</strong></span> <span class='ocrx_word' id='word_1_611' title='bbox 1693 814 1720 837; x_wconf 89' lang='lat' dir='ltr'><strong>et</strong></span> <span class='ocrx_word' id='word_1_612' title='bbox 1730 809 1777 837; x_wconf 83' lang='lat' dir='ltr'><strong>ha-</strong></span> 
     </span>
    </p>
   </div>
   <div class='ocr_carea' id='block_1_78' title="bbox 983 853 1776 891">
    <p class='ocr_par' dir='ltr' id='par_1_78' title="bbox 983 853 1776 891">
     <span class='ocr_line' id='line_1_78' title="bbox 983 853 1776 891; baseline 0.006 -12"><span class='ocrx_word' id='word_1_613' title='bbox 983 860 1042 879; x_wconf 90' lang='lat' dir='ltr'><strong>rum</strong></span> <span class='ocrx_word' id='word_1_614' title='bbox 1058 859 1165 887; x_wconf 90' lang='lat' dir='ltr'><strong>peccala</strong></span> <span class='ocrx_word' id='word_1_615' title='bbox 1177 853 1276 887; x_wconf 86' lang='lat' dir='ltr'><strong>videas,</strong></span> <span class='ocrx_word' id='word_1_616' title='bbox 1287 858 1314 881; x_wconf 92' lang='lat' dir='ltr'><strong>et</strong></span> <span class='ocrx_word' id='word_1_617' title='bbox 1325 854 1428 881; x_wconf 90' lang='lat' dir='ltr'><strong>illarum</strong></span> <span class='ocrx_word' id='word_1_618' title='bbox 1441 855 1510 882; x_wconf 90' lang='lat' dir='ltr'><strong>bona</strong></span> <span class='ocrx_word' id='word_1_619' title='bbox 1519 863 1600 890; x_wconf 89' lang='lat' dir='ltr'><strong>opera</strong></span> <span class='ocrx_word' id='word_1_620' title='bbox 1616 865 1622 883; x_wconf 89' lang='lat'><strong>:</strong></span> <span class='ocrx_word' id='word_1_621' title='bbox 1637 864 1776 891; x_wconf 89' lang='lat' dir='ltr'><strong>compara-</strong></span> 
     </span>
    </p>
   </div>
   <div class='ocr_carea' id='block_1_79' title="bbox 984 899 1774 939">
    <p class='ocr_par' dir='ltr' id='par_1_79' title="bbox 984 899 1774 939">
     <span class='ocr_line' id='line_1_79' title="bbox 984 899 1774 939; baseline 0.006 -13"><span class='ocrx_word' id='word_1_622' title='bbox 984 899 1099 927; x_wconf 91' lang='lat' dir='ltr'><strong>tioenim</strong></span> <span class='ocrx_word' id='word_1_623' title='bbox 1130 899 1188 928; x_wconf 79' lang='lat' dir='ltr'><strong>haec</strong></span> <span class='ocrx_word' id='word_1_624' title='bbox 1201 901 1273 928; x_wconf 88' lang='lat' dir='ltr'><strong>clare</strong></span> <span class='ocrx_word' id='word_1_625' title='bbox 1288 901 1406 929; x_wconf 88' lang='lat' dir='ltr'><strong>exhibet.</strong></span> <span class='ocrx_word' id='word_1_626' title='bbox 1418 901 1452 929; x_wconf 89' lang='lat' dir='ltr'><strong>Et</strong></span> <span class='ocrx_word' id='word_1_627' title='bbox 1471 901 1513 929; x_wconf 67' lang='lat' dir='ltr'><strong>hie</strong></span> <span class='ocrx_word' id='word_1_628' title='bbox 1534 907 1562 930; x_wconf 91' lang='lat' dir='ltr'><strong>et</strong></span> <span class='ocrx_word' id='word_1_629' title='bbox 1585 903 1638 930; x_wconf 81' lang='lat' dir='ltr'><strong>illae</strong></span> <span class='ocrx_word' id='word_1_630' title='bbox 1649 903 1774 939; x_wconf 82' lang='lat' dir='ltr'><strong>virgines,</strong></span> 
     </span>
    </p>
   </div>
   <div class='ocr_carea' id='block_1_80' title="bbox 985 945 1775 983">
    <p class='ocr_par' dir='ltr' id='par_1_80' title="bbox 985 945 1775 983">
     <span class='ocr_line' id='line_1_80' title="bbox 985 945 1775 983; baseline 0.006 -11"><span class='ocrx_word' id='word_1_631' title='bbox 985 949 1014 972; x_wconf 89' lang='lat' dir='ltr'><strong>ct</strong></span> <span class='ocrx_word' id='word_1_632' title='bbox 1034 945 1074 972; x_wconf 77' lang='lat' dir='ltr'><strong>lue</strong></span> <span class='ocrx_word' id='word_1_633' title='bbox 1086 949 1113 972; x_wconf 90' lang='lat' dir='ltr'><strong>et</strong></span> <span class='ocrx_word' id='word_1_634' title='bbox 1127 945 1179 973; x_wconf 67' lang='lat' dir='ltr'><strong>illa;</strong></span> <span class='ocrx_word' id='word_1_635' title='bbox 1194 945 1326 981; x_wconf 82' lang='lat' dir='ltr'><strong>quinque;</strong></span> <span class='ocrx_word' id='word_1_636' title='bbox 1342 946 1478 982; x_wconf 86' lang='lat' dir='ltr'><strong>lampadas</strong></span> <span class='ocrx_word' id='word_1_637' title='bbox 1491 951 1612 983; x_wconf 70' lang='lat' dir='ltr'><strong>utrmque</strong></span> <span class='ocrx_word' id='word_1_638' title='bbox 1629 948 1775 982; x_wconf 89' lang='lat' dir='ltr'><strong>habebant,</strong></span> 
     </span>
    </p>
   </div>
   <div class='ocr_carea' id='block_1_81' title="bbox 982 992 1777 1029">
    <p class='ocr_par' dir='ltr' id='par_1_81' title="bbox 982 992 1777 1029">
     <span class='ocr_line' id='line_1_81' title="bbox 982 992 1777 1029; baseline 0.009 -13"><span class='ocrx_word' id='word_1_639' title='bbox 982 997 1076 1017; x_wconf 89' lang='lat' dir='ltr'><strong>omnes</strong></span> <span class='ocrx_word' id='word_1_640' title='bbox 1089 997 1216 1024; x_wconf 89' lang='lat' dir='ltr'><strong>sponsum</strong></span> <span class='ocrx_word' id='word_1_641' title='bbox 1229 992 1485 1026; x_wconf 85' lang='lat' dir='ltr'><strong>exspectabant.Cur</strong></span> <span class='ocrx_word' id='word_1_642' title='bbox 1496 993 1554 1020; x_wconf 72' lang='lat' dir='ltr'><strong>aliae</strong></span> <span class='ocrx_word' id='word_1_643' title='bbox 1565 993 1701 1029; x_wconf 69' lang='lat' dir='ltr'><strong>ingressae,</strong></span> <span class='ocrx_word' id='word_1_644' title='bbox 1716 995 1777 1023; x_wconf 71' lang='lat' dir='ltr'><strong>alite</strong></span> 
     </span>
    </p>
   </div>
   <div class='ocr_carea' id='block_1_82' title="bbox 982 1036 1775 1075">
    <p class='ocr_par' dir='ltr' id='par_1_82' title="bbox 982 1036 1775 1075">
     <span class='ocr_line' id='line_1_82' title="bbox 982 1036 1775 1075; baseline 0.006 -12"><span class='ocrx_word' id='word_1_645' title='bbox 982 1044 1036 1063; x_wconf 94' lang='lat' dir='ltr'><strong>non</strong></span> <span class='ocrx_word' id='word_1_646' title='bbox 1049 1036 1175 1071; x_wconf 76' lang='lat' dir='ltr'><strong>ingressae</strong></span> <span class='ocrx_word' id='word_1_647' title='bbox 1183 1037 1263 1065; x_wconf 85' lang='lat' dir='ltr'><strong>sunt?</strong></span> <span class='ocrx_word' id='word_1_648' title='bbox 1273 1038 1340 1071; x_wconf 84' lang='lat' dir='ltr'><strong>Quia</strong></span> <span class='ocrx_word' id='word_1_649' title='bbox 1351 1038 1403 1066; x_wconf 65' lang='lat' dir='ltr'><strong>illae</strong></span> <span class='ocrx_word' id='word_1_650' title='bbox 1411 1039 1518 1074; x_wconf 90' lang='lat' dir='ltr'><strong>quidem</strong></span> <span class='ocrx_word' id='word_1_651' title='bbox 1529 1039 1680 1068; x_wconf 62' lang='lat' dir='ltr'><strong>inhumanas</strong></span> <span class='ocrx_word' id='word_1_652' title='bbox 1688 1045 1775 1075; x_wconf 87' lang='lat' dir='ltr'><strong>erant,</strong></span> 
     </span>
    </p>
   </div>
   <div class='ocr_carea' id='block_1_83' title="bbox 982 1081 1775 1114">
    <p class='ocr_par' dir='ltr' id='par_1_83' title="bbox 982 1081 1775 1114">
     <span class='ocr_line' id='line_1_83' title="bbox 982 1081 1775 1114; baseline 0.008 -6"><span class='ocrx_word' id='word_1_653' title='bbox 982 1081 1025 1108; x_wconf 67' lang='lat' dir='ltr'><strong>hae</strong></span> <span class='ocrx_word' id='word_1_654' title='bbox 1037 1089 1100 1108; x_wconf 90' lang='lat' dir='ltr'><strong>vero</strong></span> <span class='ocrx_word' id='word_1_655' title='bbox 1115 1087 1260 1110; x_wconf 67' lang='lat' dir='ltr'><strong>mansueta:</strong></span> <span class='ocrx_word' id='word_1_656' title='bbox 1271 1087 1297 1110; x_wconf 90' lang='lat' dir='ltr'><strong>et</strong></span> <span class='ocrx_word' id='word_1_657' title='bbox 1311 1083 1446 1112; x_wconf 70' lang='lat' dir='ltr'><strong>humanae.</strong></span> <span class='ocrx_word' id='word_1_658' title='bbox 1462 1084 1555 1112; x_wconf 79' lang='lat' dir='ltr'><strong>Viden‘</strong></span> <span class='ocrx_word' id='word_1_659' title='bbox 1563 1093 1669 1113; x_wconf 90' lang='lat' dir='ltr'><strong>rursum</strong></span> <span class='ocrx_word' id='word_1_660' title='bbox 1681 1087 1775 1114; x_wconf 48' lang='lat' dir='ltr'><strong>volun‘</strong></span> 
     </span>
    </p>
   </div>
   <div class='ocr_carea' id='block_1_84' title="bbox 982 1128 1777 1162">
    <p class='ocr_par' dir='ltr' id='par_1_84' title="bbox 982 1128 1777 1162">
     <span class='ocr_line' id='line_1_84' title="bbox 982 1128 1777 1162; baseline 0.006 -8"><span class='ocrx_word' id='word_1_661' title='bbox 982 1128 1044 1154; x_wconf 82' lang='lat' dir='ltr'><strong>tatis</strong></span> <span class='ocrx_word' id='word_1_662' title='bbox 1069 1128 1233 1162; x_wconf 79' lang='lat' dir='ltr'><strong>propOsitum</strong></span> <span class='ocrx_word' id='word_1_663' title='bbox 1246 1136 1353 1156; x_wconf 85' lang='lat' dir='ltr'><strong>causam</strong></span> <span class='ocrx_word' id='word_1_664' title='bbox 1370 1129 1452 1157; x_wconf 87' lang='lat' dir='ltr'><strong>fuisse</strong></span> <span class='ocrx_word' id='word_1_665' title='bbox 1466 1130 1536 1162; x_wconf 82' lang='lat' dir='ltr'><strong>finis.</strong></span> <span class='ocrx_word' id='word_1_666' title='bbox 1551 1138 1605 1158; x_wconf 92' lang='lat' dir='ltr'><strong>non</strong></span> <span class='ocrx_word' id='word_1_667' title='bbox 1618 1137 1706 1159; x_wconf 82' lang='lat' dir='ltr'><strong>autem</strong></span> <span class='ocrx_word' id='word_1_668' title='bbox 1716 1132 1777 1159; x_wconf 69' lang='lat' dir='ltr'><strong>dia—</strong></span> 
     </span>
    </p>
   </div>
   <div class='ocr_carea' id='block_1_85' title="bbox 982 1171 1775 1210">
    <p class='ocr_par' dir='ltr' id='par_1_85' title="bbox 982 1171 1775 1210">
     <span class='ocr_line' id='line_1_85' title="bbox 982 1171 1775 1210; baseline 0.006 -11"><span class='ocrx_word' id='word_1_669' title='bbox 982 1171 1094 1199; x_wconf 82' lang='lat' dir='ltr'><strong>bolum?</strong></span> <span class='ocrx_word' id='word_1_670' title='bbox 1108 1172 1184 1201; x_wconf 85' lang='lat' dir='ltr'><strong>vides</strong></span> <span class='ocrx_word' id='word_1_671' title='bbox 1200 1181 1235 1201; x_wconf 79' lang='lat' dir='ltr'><strong>ex</strong></span> <span class='ocrx_word' id='word_1_672' title='bbox 1247 1174 1369 1209; x_wconf 91' lang='lat' dir='ltr'><strong>opposito</strong></span> <span class='ocrx_word' id='word_1_673' title='bbox 1381 1175 1490 1210; x_wconf 89' lang='lat' dir='ltr'><strong>iudicia,</strong></span> <span class='ocrx_word' id='word_1_674' title='bbox 1499 1179 1526 1203; x_wconf 90' lang='lat' dir='ltr'><strong>et</strong></span> <span class='ocrx_word' id='word_1_675' title='bbox 1537 1183 1569 1203; x_wconf 81' lang='lat' dir='ltr'><strong>ex</strong></span> <span class='ocrx_word' id='word_1_676' title='bbox 1579 1177 1709 1204; x_wconf 84' lang='lat' dir='ltr'><strong>similibus</strong></span> <span class='ocrx_word' id='word_1_677' title='bbox 1722 1177 1775 1205; x_wconf 86' lang='lat' dir='ltr'><strong>cal-</strong></span> 
     </span>
    </p>
   </div>
   <div class='ocr_carea' id='block_1_86' title="bbox 982 1217 1776 1256">
    <p class='ocr_par' dir='ltr' id='par_1_86' title="bbox 982 1217 1776 1256">
     <span class='ocr_line' id='line_1_86' title="bbox 982 1217 1776 1256; baseline 0.006 -12"><span class='ocrx_word' id='word_1_678' title='bbox 982 1217 1058 1245; x_wconf 87' lang='lat' dir='ltr'><strong>culos</strong></span> <span class='ocrx_word' id='word_1_679' title='bbox 1071 1217 1153 1245; x_wconf 76' lang='lat' dir='ltr'><strong>ferrii</strong></span> <span class='ocrx_word' id='word_1_680' title='bbox 1164 1218 1293 1246; x_wconf 85' lang='lat' dir='ltr'><strong>Conservi</strong></span> <span class='ocrx_word' id='word_1_681' title='bbox 1306 1226 1451 1247; x_wconf 90' lang='lat' dir='ltr'><strong>conservos</strong></span> <span class='ocrx_word' id='word_1_682' title='bbox 1461 1220 1625 1256; x_wconf 89' lang='lat' dir='ltr'><strong>iudicabunt.</strong></span> <span class='ocrx_word' id='word_1_683' title='bbox 1635 1221 1716 1249; x_wconf 75' lang='lat' dir='ltr'><strong>Visne</strong></span> <span class='ocrx_word' id='word_1_684' title='bbox 1727 1222 1776 1250; x_wconf 92' lang='lat' dir='ltr'><strong>tibi</strong></span> 
     </span>
    </p>
   </div>
   <div class='ocr_carea' id='block_1_87' title="bbox 982 1263 1776 1302">
    <p class='ocr_par' dir='ltr' id='par_1_87' title="bbox 982 1263 1776 1302">
     <span class='ocr_line' id='line_1_87' title="bbox 982 1263 1776 1302; baseline 0.004 -11"><span class='ocrx_word' id='word_1_685' title='bbox 982 1263 1122 1291; x_wconf 91' lang='lat' dir='ltr'><strong>ostendam</strong></span> <span class='ocrx_word' id='word_1_686' title='bbox 1135 1264 1214 1292; x_wconf 90' lang='lat' dir='ltr'><strong>etiam</strong></span> <span class='ocrx_word' id='word_1_687' title='bbox 1226 1272 1258 1292; x_wconf 86' lang='lat' dir='ltr'><strong>ex</strong></span> <span class='ocrx_word' id='word_1_688' title='bbox 1270 1264 1443 1293; x_wconf 87' lang='lat' dir='ltr'><strong>dissimilibus</strong></span> <span class='ocrx_word' id='word_1_689' title='bbox 1457 1265 1516 1293; x_wconf 82' lang='lat' dir='ltr'><strong>ﬁeri</strong></span> <span class='ocrx_word' id='word_1_690' title='bbox 1530 1267 1776 1302; x_wconf 71' lang='lat' dir='ltr'><strong>comparationem?</strong></span> 
     </span>
    </p>
   </div>
   <div class='ocr_carea' id='block_1_88' title="bbox 983 1310 1775 1344">
    <p class='ocr_par' dir='ltr' id='par_1_88' title="bbox 983 1310 1775 1344">
     <span class='ocr_line' id='line_1_88' title="bbox 983 1310 1775 1344; baseline 0.005 -6"><span class='ocrx_word' id='word_1_691' title='bbox 983 1310 1014 1338; x_wconf 87' lang='lat' dir='ltr'><strong>ﬁt</strong></span> <span class='ocrx_word' id='word_1_692' title='bbox 1023 1311 1094 1338; x_wconf 90' lang='lat' dir='ltr'><strong>enim</strong></span> <span class='ocrx_word' id='word_1_693' title='bbox 1108 1316 1137 1339; x_wconf 91' lang='lat' dir='ltr'><strong>et</strong></span> <span class='ocrx_word' id='word_1_694' title='bbox 1146 1319 1179 1338; x_wconf 84' lang='lat' dir='ltr'><strong>ex</strong></span> <span class='ocrx_word' id='word_1_695' title='bbox 1191 1311 1376 1344; x_wconf 90' lang='lat' dir='ltr'><strong>dissimilibus,</strong></span> <span class='ocrx_word' id='word_1_696' title='bbox 1387 1317 1416 1339; x_wconf 94' lang='lat' dir='ltr'><strong>ut</strong></span> <span class='ocrx_word' id='word_1_697' title='bbox 1425 1312 1613 1341; x_wconf 86' lang='lat' dir='ltr'><strong>condemnatio</strong></span> <span class='ocrx_word' id='word_1_698' title='bbox 1623 1314 1658 1341; x_wconf 88' lang='lat' dir='ltr'><strong>sit</strong></span> <span class='ocrx_word' id='word_1_699' title='bbox 1667 1314 1775 1342; x_wconf 88' lang='lat' dir='ltr'><strong>clarior.</strong></span> 
     </span>
    </p>
   </div>
   <div class='ocr_carea' id='block_1_89' title="bbox 987 1355 1776 1395">
    <p class='ocr_par' dir='ltr' id='par_1_89' title="bbox 987 1355 1776 1395">
     <span class='ocr_line' id='line_1_89' title="bbox 987 1355 1776 1395; baseline 0.005 -12"><span class='ocrx_word' id='word_1_700' title='bbox 987 1355 1043 1383; x_wconf 83' lang='lat' dir='ltr'><strong>Viri</strong></span> <span class='ocrx_word' id='word_1_701' title='bbox 1061 1356 1193 1389; x_wconf 70' lang='lat' dir='ltr'><strong>Ninivitaz,</strong></span> <span class='ocrx_word' id='word_1_702' title='bbox 1210 1357 1303 1392; x_wconf 89' lang='lat' dir='ltr'><strong>inquit,</strong></span> <span class='ocrx_word' id='word_1_703' title='bbox 1312 1362 1413 1393; x_wconf 79' lang='lat' dir='ltr'><strong>surgent</strong></span> <span class='ocrx_word' id='word_1_704' title='bbox 1426 1362 1449 1385; x_wconf 84' lang='lat' dir='ltr'><strong>et</strong></span> <span class='ocrx_word' id='word_1_705' title='bbox 1461 1358 1661 1386; x_wconf 75' lang='lat' dir='ltr'><strong>condemnabam</strong></span> <span class='ocrx_word' id='word_1_706' title='bbox 1670 1367 1776 1395; x_wconf 84' lang='lat' dir='ltr'><strong>genera-</strong></span> 
     </span>
    </p>
   </div>
   <div class='ocr_carea' id='block_1_90' title="bbox 983 1401 1777 1438">
    <p class='ocr_par' dir='ltr' id='par_1_90' title="bbox 983 1401 1777 1438">
     <span class='ocr_line' id='line_1_90' title="bbox 983 1401 1777 1438; baseline 0.006 -10"><span class='ocrx_word' id='word_1_707' title='bbox 983 1401 1076 1429; x_wconf 80' lang='lat' dir='ltr'><strong>tionem</strong></span> <span class='ocrx_word' id='word_1_708' title='bbox 1085 1402 1151 1429; x_wconf 82' lang='lat' dir='ltr'><strong>hanc</strong></span> <span class='ocrx_word' id='word_1_709' title='bbox 1160 1402 1265 1438; x_wconf 84' lang='lat' dir='ltr'><strong>(Matth.</strong></span> <span class='ocrx_word' id='word_1_710' title='bbox 1276 1402 1320 1430; x_wconf 73' lang='grc'><strong>12.</strong></span> <span class='ocrx_word' id='word_1_711' title='bbox 1331 1403 1388 1438; x_wconf 76' lang='grc'><strong>41).</strong></span> <span class='ocrx_word' id='word_1_712' title='bbox 1396 1403 1454 1431; x_wconf 88' lang='lat' dir='ltr'><strong>Non</strong></span> <span class='ocrx_word' id='word_1_713' title='bbox 1463 1404 1532 1430; x_wconf 89' lang='lat' dir='ltr'><strong>ultra</strong></span> <span class='ocrx_word' id='word_1_714' title='bbox 1541 1404 1642 1432; x_wconf 89' lang='lat' dir='ltr'><strong>similes</strong></span> <span class='ocrx_word' id='word_1_715' title='bbox 1651 1405 1777 1433; x_wconf 85' lang='lat' dir='ltr'><strong>suntiide</strong></span> 
     </span>
    </p>
   </div>
   <div class='ocr_carea' id='block_1_91' title="bbox 983 1447 1776 1483">
    <p class='ocr_par' dir='ltr' id='par_1_91' title="bbox 983 1447 1776 1483">
     <span class='ocr_line' id='line_1_91' title="bbox 983 1447 1776 1483; baseline 0.005 -9"><span class='ocrx_word' id='word_1_716' title='bbox 983 1447 1079 1483; x_wconf 89' lang='lat' dir='ltr'><strong>quibus</strong></span> <span class='ocrx_word' id='word_1_717' title='bbox 1089 1447 1218 1482; x_wconf 89' lang='lat' dir='ltr'><strong>iudicium</strong></span> <span class='ocrx_word' id='word_1_718' title='bbox 1229 1448 1313 1476; x_wconf 91' lang='lat' dir='ltr'><strong>fertur</strong></span> <span class='ocrx_word' id='word_1_719' title='bbox 1325 1457 1332 1475; x_wconf 91' lang='lat'>:</span> <span class='ocrx_word' id='word_1_720' title='bbox 1345 1455 1406 1476; x_wconf 89' lang='lat' dir='ltr'><strong>nam</strong></span> <span class='ocrx_word' id='word_1_721' title='bbox 1416 1449 1461 1476; x_wconf 88' lang='lat' dir='ltr'><strong>alii</strong></span> <span class='ocrx_word' id='word_1_722' title='bbox 1471 1448 1577 1477; x_wconf 91' lang='lat' dir='ltr'><strong>barbari</strong></span> <span class='ocrx_word' id='word_1_723' title='bbox 1589 1454 1662 1483; x_wconf 90' lang='lat' dir='ltr'><strong>sunt,</strong></span> <span class='ocrx_word' id='word_1_724' title='bbox 1671 1450 1716 1478; x_wconf 90' lang='lat' dir='ltr'><strong>alii</strong></span> <span class='ocrx_word' id='word_1_725' title='bbox 1728 1450 1776 1478; x_wconf 87' lang='lat' dir='ltr'><strong>Ju-</strong></span> 
     </span>
    </p>
   </div>
   <div class='ocr_carea' id='block_1_92' title="bbox 983 1493 1776 1531">
    <p class='ocr_par' dir='ltr' id='par_1_92' title="bbox 983 1493 1776 1531">
     <span class='ocr_line' id='line_1_92' title="bbox 983 1493 1776 1531; baseline 0.004 -10"><span class='ocrx_word' id='word_1_726' title='bbox 983 1493 1045 1521; x_wconf 65' lang='lat' dir='ltr'><strong>daei:</strong></span> <span class='ocrx_word' id='word_1_727' title='bbox 1061 1494 1088 1521; x_wconf 94' lang='lat' dir='ltr'><strong>hi</strong></span> <span class='ocrx_word' id='word_1_728' title='bbox 1104 1494 1285 1529; x_wconf 88' lang='lat' dir='ltr'><strong>propheticam</strong></span> <span class='ocrx_word' id='word_1_729' title='bbox 1299 1494 1449 1523; x_wconf 87' lang='lat' dir='ltr'><strong>doctrinam</strong></span> <span class='ocrx_word' id='word_1_730' title='bbox 1463 1496 1599 1531; x_wconf 88' lang='lat' dir='ltr'><strong>assequuti</strong></span> <span class='ocrx_word' id='word_1_731' title='bbox 1623 1501 1710 1531; x_wconf 90' lang='lat' dir='ltr'><strong>erant,</strong></span> <span class='ocrx_word' id='word_1_732' title='bbox 1731 1497 1776 1525; x_wconf 89' lang='lat' dir='ltr'><strong>alii</strong></span> 
     </span>
    </p>
   </div>
   <div class='ocr_carea' id='block_1_93' title="bbox 983 1540 1778 1577">
    <p class='ocr_par' dir='ltr' id='par_1_93' title="bbox 983 1540 1778 1577">
     <span class='ocr_line' id='line_1_93' title="bbox 983 1540 1778 1577; baseline 0.004 -10"><span class='ocrx_word' id='word_1_733' title='bbox 983 1547 1127 1575; x_wconf 90' lang='lat' dir='ltr'><strong>numquam</strong></span> <span class='ocrx_word' id='word_1_734' title='bbox 1143 1540 1177 1568; x_wconf 91' lang='lat' dir='ltr'><strong>de</strong></span> <span class='ocrx_word' id='word_1_735' title='bbox 1189 1540 1287 1568; x_wconf 89' lang='lat' dir='ltr'><strong>divinis</strong></span> <span class='ocrx_word' id='word_1_736' title='bbox 1298 1540 1445 1568; x_wconf 88' lang='lat' dir='ltr'><strong>audierant.</strong></span> <span class='ocrx_word' id='word_1_737' title='bbox 1457 1541 1550 1577; x_wconf 90' lang='lat' dir='ltr'><strong>Neque</strong></span> <span class='ocrx_word' id='word_1_738' title='bbox 1560 1541 1610 1569; x_wconf 93' lang='lat' dir='ltr'><strong>hoc</strong></span> <span class='ocrx_word' id='word_1_739' title='bbox 1622 1546 1724 1570; x_wconf 88' lang='lat' dir='ltr'><strong>tantum</strong></span> <span class='ocrx_word' id='word_1_740' title='bbox 1737 1542 1778 1570; x_wconf 89' lang='lat' dir='ltr'><strong>in-</strong></span> 
     </span>
    </p>
   </div>
   <div class='ocr_carea' id='block_1_94' title="bbox 983 1587 1777 1622">
    <p class='ocr_par' dir='ltr' id='par_1_94' title="bbox 983 1587 1777 1622">
     <span class='ocr_line' id='line_1_94' title="bbox 983 1587 1777 1622; baseline 0.003 -8"><span class='ocrx_word' id='word_1_741' title='bbox 983 1590 1066 1614; x_wconf 88' lang='lat' dir='ltr'><strong>terest</strong></span> <span class='ocrx_word' id='word_1_742' title='bbox 1086 1587 1259 1620; x_wconf 87' lang='lat' dir='ltr'><strong>discriminis,</strong></span> <span class='ocrx_word' id='word_1_743' title='bbox 1275 1587 1321 1614; x_wconf 90' lang='lat' dir='ltr'><strong>sed</strong></span> <span class='ocrx_word' id='word_1_744' title='bbox 1334 1587 1405 1622; x_wconf 92' lang='lat' dir='ltr'><strong>quod</strong></span> <span class='ocrx_word' id='word_1_745' title='bbox 1417 1587 1451 1614; x_wconf 91' lang='lat' dir='ltr'><strong>ad</strong></span> <span class='ocrx_word' id='word_1_746' title='bbox 1471 1587 1531 1615; x_wconf 91' lang='lat' dir='ltr'><strong>illos</strong></span> <span class='ocrx_word' id='word_1_747' title='bbox 1545 1595 1637 1616; x_wconf 87' lang='lat' dir='ltr'><strong>servus</strong></span> <span class='ocrx_word' id='word_1_748' title='bbox 1647 1609 1655 1622; x_wconf 95' lang='lat'><strong>,</strong></span> <span class='ocrx_word' id='word_1_749' title='bbox 1667 1588 1700 1616; x_wconf 90' lang='lat' dir='ltr'><strong>ad</strong></span> <span class='ocrx_word' id='word_1_750' title='bbox 1726 1589 1777 1616; x_wconf 88' lang='lat' dir='ltr'><strong>hos</strong></span> 
     </span>
    </p>
   </div>
   <div class='ocr_carea' id='block_1_95' title="bbox 984 1633 1778 1668">
    <p class='ocr_par' dir='ltr' id='par_1_95' title="bbox 984 1633 1778 1668">
     <span class='ocr_line' id='line_1_95' title="bbox 984 1633 1778 1668; baseline 0.004 -9"><span class='ocrx_word' id='word_1_751' title='bbox 984 1633 1112 1660; x_wconf 89' lang='lat' dir='ltr'><strong>Dominus</strong></span> <span class='ocrx_word' id='word_1_752' title='bbox 1126 1633 1231 1660; x_wconf 89' lang='lat' dir='ltr'><strong>venerit</strong></span> <span class='ocrx_word' id='word_1_753' title='bbox 1246 1641 1252 1659; x_wconf 94' lang='lat'>:</span> <span class='ocrx_word' id='word_1_754' title='bbox 1268 1637 1296 1660; x_wconf 93' lang='lat' dir='ltr'><strong>et</strong></span> <span class='ocrx_word' id='word_1_755' title='bbox 1308 1633 1353 1660; x_wconf 91' lang='lat' dir='ltr'><strong>ille</strong></span> <span class='ocrx_word' id='word_1_756' title='bbox 1367 1633 1473 1668; x_wconf 90' lang='lat' dir='ltr'><strong>quidem</strong></span> <span class='ocrx_word' id='word_1_757' title='bbox 1488 1633 1604 1661; x_wconf 90' lang='lat' dir='ltr'><strong>futuram</strong></span> <span class='ocrx_word' id='word_1_758' title='bbox 1625 1634 1778 1662; x_wconf 89' lang='lat' dir='ltr'><strong>subversio-</strong></span> 
     </span>
    </p>
   </div>
   <div class='ocr_carea' id='block_1_96' title="bbox 983 1679 1777 1716">
    <p class='ocr_par' dir='ltr' id='par_1_96' title="bbox 983 1679 1777 1716">
     <span class='ocr_line' id='line_1_96' title="bbox 983 1679 1777 1716; baseline 0.003 -10"><span class='ocrx_word' id='word_1_759' title='bbox 983 1686 1044 1706; x_wconf 89' lang='lat' dir='ltr'><strong>nem</strong></span> <span class='ocrx_word' id='word_1_760' title='bbox 1053 1679 1261 1713; x_wconf 82' lang='lat' dir='ltr'><strong>pramuntiabat,</strong></span> <span class='ocrx_word' id='word_1_761' title='bbox 1276 1679 1320 1706; x_wconf 89' lang='lat' dir='ltr'><strong>hic</strong></span> <span class='ocrx_word' id='word_1_762' title='bbox 1337 1687 1400 1706; x_wconf 89' lang='lat' dir='ltr'><strong>vero</strong></span> <span class='ocrx_word' id='word_1_763' title='bbox 1411 1687 1522 1715; x_wconf 82' lang='lat' dir='ltr'><strong>regnum</strong></span> <span class='ocrx_word' id='word_1_764' title='bbox 1536 1680 1665 1708; x_wconf 66' lang='lat' dir='ltr'><strong>caelorum</strong></span> <span class='ocrx_word' id='word_1_765' title='bbox 1678 1680 1777 1716; x_wconf 70' lang='lat' dir='ltr'><strong>prredi-</strong></span> 
     </span>
    </p>
   </div>
   <div class='ocr_carea' id='block_1_97' title="bbox 983 1724 1775 1760">
    <p class='ocr_par' dir='ltr' id='par_1_97' title="bbox 983 1724 1775 1760">
     <span class='ocr_line' id='line_1_97' title="bbox 983 1724 1775 1760; baseline 0.004 -9"><span class='ocrx_word' id='word_1_766' title='bbox 983 1725 1070 1752; x_wconf 87' lang='lat' dir='ltr'><strong>cabat.</strong></span> <span class='ocrx_word' id='word_1_767' title='bbox 1081 1724 1155 1758; x_wconf 88' lang='lat' dir='ltr'><strong>Quos</strong></span> <span class='ocrx_word' id='word_1_768' title='bbox 1168 1732 1232 1760; x_wconf 86' lang='lat' dir='ltr'><strong>ergo</strong></span> <span class='ocrx_word' id='word_1_769' title='bbox 1253 1725 1403 1752; x_wconf 90' lang='lat' dir='ltr'><strong>credituros</strong></span> <span class='ocrx_word' id='word_1_770' title='bbox 1424 1732 1486 1753; x_wconf 88' lang='lat' dir='ltr'><strong>esse</strong></span> <span class='ocrx_word' id='word_1_771' title='bbox 1507 1726 1679 1753; x_wconf 87' lang='lat' dir='ltr'><strong>verisimilius</strong></span> <span class='ocrx_word' id='word_1_772' title='bbox 1703 1730 1775 1760; x_wconf 83' lang='lat' dir='ltr'><strong>erat,</strong></span> 
     </span>
    </p>
   </div>
   <div class='ocr_carea' id='block_1_98' title="bbox 983 1770 1777 1807">
    <p class='ocr_par' dir='ltr' id='par_1_98' title="bbox 983 1770 1777 1807">
     <span class='ocr_line' id='line_1_98' title="bbox 983 1770 1777 1807; baseline 0.003 -9"><span class='ocrx_word' id='word_1_773' title='bbox 983 1770 1146 1798; x_wconf 87' lang='lat' dir='ltr'><strong>barbarosne</strong></span> <span class='ocrx_word' id='word_1_774' title='bbox 1160 1771 1237 1803; x_wconf 90' lang='lat' dir='ltr'><strong>illos,</strong></span> <span class='ocrx_word' id='word_1_775' title='bbox 1263 1771 1429 1806; x_wconf 87' lang='lat' dir='ltr'><strong>insipientes,</strong></span> <span class='ocrx_word' id='word_1_776' title='bbox 1446 1771 1490 1807; x_wconf 93' lang='lat' dir='ltr'><strong>qui</strong></span> <span class='ocrx_word' id='word_1_777' title='bbox 1513 1779 1657 1807; x_wconf 88' lang='lat' dir='ltr'><strong>numquam</strong></span> <span class='ocrx_word' id='word_1_778' title='bbox 1681 1772 1777 1800; x_wconf 70' lang='lat' dir='ltr'><strong>divinat</strong></span> 
     </span>
    </p>
   </div>
   <div class='ocr_carea' id='block_1_99' title="bbox 983 1816 1777 1853">
    <p class='ocr_par' dir='ltr' id='par_1_99' title="bbox 983 1816 1777 1853">
     <span class='ocr_line' id='line_1_99' title="bbox 983 1816 1777 1853; baseline 0.004 -10"><span class='ocrx_word' id='word_1_779' title='bbox 983 1816 1112 1844; x_wconf 83' lang='lat' dir='ltr'><strong>doctrinae</strong></span> <span class='ocrx_word' id='word_1_780' title='bbox 1119 1816 1260 1852; x_wconf 88' lang='lat' dir='ltr'><strong>participes</strong></span> <span class='ocrx_word' id='word_1_781' title='bbox 1268 1816 1381 1850; x_wconf 88' lang='lat' dir='ltr'><strong>fuerant,</strong></span> <span class='ocrx_word' id='word_1_782' title='bbox 1392 1825 1426 1844; x_wconf 89' lang='lat' dir='ltr'><strong>an</strong></span> <span class='ocrx_word' id='word_1_783' title='bbox 1438 1825 1484 1845; x_wconf 90' lang='lat' dir='ltr'><strong>eos</strong></span> <span class='ocrx_word' id='word_1_784' title='bbox 1494 1817 1561 1852; x_wconf 91' lang='lat' dir='ltr'><strong>quia</strong></span> <span class='ocrx_word' id='word_1_785' title='bbox 1572 1818 1669 1846; x_wconf 88' lang='lat' dir='ltr'><strong>teneris</strong></span> <span class='ocrx_word' id='word_1_786' title='bbox 1680 1818 1706 1846; x_wconf 89' lang='lat' dir='ltr'><strong>in</strong></span> <span class='ocrx_word' id='word_1_787' title='bbox 1715 1825 1777 1853; x_wconf 82' lang='lat' dir='ltr'><strong>pro-</strong></span> 
     </span>
    </p>
   </div>
   <div class='ocr_carea' id='block_1_100' title="bbox 985 1861 1778 1896">
    <p class='ocr_par' dir='ltr' id='par_1_100' title="bbox 985 1861 1778 1896">
     <span class='ocr_line' id='line_1_100' title="bbox 985 1861 1778 1896; baseline 0.004 -8"><span class='ocrx_word' id='word_1_788' title='bbox 985 1861 1098 1896; x_wconf 89' lang='lat' dir='ltr'><strong>pheticis</strong></span> <span class='ocrx_word' id='word_1_789' title='bbox 1117 1861 1193 1890; x_wconf 92' lang='lat' dir='ltr'><strong>libris</strong></span> <span class='ocrx_word' id='word_1_790' title='bbox 1216 1862 1320 1890; x_wconf 87' lang='lat' dir='ltr'><strong>educati</strong></span> <span class='ocrx_word' id='word_1_791' title='bbox 1335 1862 1457 1890; x_wconf 83' lang='lat' dir='ltr'><strong>fuerant?</strong></span> <span class='ocrx_word' id='word_1_792' title='bbox 1480 1862 1584 1890; x_wconf 84' lang='lat' dir='ltr'><strong>Nemini</strong></span> <span class='ocrx_word' id='word_1_793' title='bbox 1599 1871 1652 1891; x_wconf 91' lang='lat' dir='ltr'><strong>non</strong></span> <span class='ocrx_word' id='word_1_794' title='bbox 1671 1864 1778 1892; x_wconf 88' lang='lat' dir='ltr'><strong>videtur</strong></span> 
     </span>
    </p>
   </div>
   <div class='ocr_carea' id='block_1_101' title="bbox 983 1907 1777 1943">
    <p class='ocr_par' dir='ltr' id='par_1_101' title="bbox 983 1907 1777 1943">
     <span class='ocr_line' id='line_1_101' title="bbox 983 1907 1777 1943; baseline 0.004 -8"><span class='ocrx_word' id='word_1_795' title='bbox 983 1907 1090 1935; x_wconf 65' lang='lat' dir='ltr'><strong>Iudaeos</strong></span> <span class='ocrx_word' id='word_1_796' title='bbox 1102 1908 1191 1943; x_wconf 90' lang='lat' dir='ltr'><strong>potius</strong></span> <span class='ocrx_word' id='word_1_797' title='bbox 1199 1907 1366 1941; x_wconf 83' lang='lat' dir='ltr'><strong>credituros;</strong></span> <span class='ocrx_word' id='word_1_798' title='bbox 1379 1909 1427 1936; x_wconf 90' lang='lat' dir='ltr'><strong>sed</strong></span> <span class='ocrx_word' id='word_1_799' title='bbox 1438 1910 1600 1937; x_wconf 89' lang='lat' dir='ltr'><strong>contrarium</strong></span> <span class='ocrx_word' id='word_1_800' title='bbox 1616 1910 1721 1938; x_wconf 88' lang='lat' dir='ltr'><strong>accidit.</strong></span> <span class='ocrx_word' id='word_1_801' title='bbox 1745 1911 1777 1938; x_wconf 84' lang='lat' dir='ltr'><strong>ili</strong></span> 
     </span>
    </p>
   </div>
   <div class='ocr_carea' id='block_1_102' title="bbox 983 1953 1778 1990">
    <p class='ocr_par' dir='ltr' id='par_1_102' title="bbox 983 1953 1778 1990">
     <span class='ocr_line' id='line_1_102' title="bbox 983 1953 1778 1990; baseline 0.004 -10"><span class='ocrx_word' id='word_1_802' title='bbox 983 1953 1091 1989; x_wconf 90' lang='lat' dir='ltr'><strong>quidem</strong></span> <span class='ocrx_word' id='word_1_803' title='bbox 1114 1961 1167 1981; x_wconf 91' lang='lat' dir='ltr'><strong>non</strong></span> <span class='ocrx_word' id='word_1_804' title='bbox 1184 1954 1357 1982; x_wconf 87' lang='lat' dir='ltr'><strong>crediderunt</strong></span> <span class='ocrx_word' id='word_1_805' title='bbox 1380 1954 1493 1982; x_wconf 90' lang='lat' dir='ltr'><strong>Domino</strong></span> <span class='ocrx_word' id='word_1_806' title='bbox 1515 1963 1626 1990; x_wconf 76' lang='lat' dir='ltr'><strong>regnum</strong></span> <span class='ocrx_word' id='word_1_807' title='bbox 1650 1956 1778 1983; x_wconf 69' lang='lat' dir='ltr'><strong>caelorum</strong></span> 
     </span>
    </p>
   </div>
   <div class='ocr_carea' id='block_1_103' title="bbox 985 2000 1779 2036">
    <p class='ocr_par' dir='ltr' id='par_1_103' title="bbox 985 2000 1779 2036">
     <span class='ocr_line' id='line_1_103' title="bbox 985 2000 1779 2036; baseline 0.003 -9"><span class='ocrx_word' id='word_1_808' title='bbox 985 2000 1153 2036; x_wconf 65' lang='lat' dir='ltr'><strong>praedicanti,</strong></span> <span class='ocrx_word' id='word_1_809' title='bbox 1168 2000 1206 2028; x_wconf 89' lang='lat' dir='ltr'><strong>illi</strong></span> <span class='ocrx_word' id='word_1_810' title='bbox 1220 2008 1284 2028; x_wconf 90' lang='lat' dir='ltr'><strong>vero</strong></span> <span class='ocrx_word' id='word_1_811' title='bbox 1298 2000 1471 2028; x_wconf 90' lang='lat' dir='ltr'><strong>crediderunt</strong></span> <span class='ocrx_word' id='word_1_812' title='bbox 1482 2008 1613 2029; x_wconf 87' lang='lat' dir='ltr'><strong>conservo</strong></span> <span class='ocrx_word' id='word_1_813' title='bbox 1626 2002 1779 2029; x_wconf 88' lang='lat' dir='ltr'><strong>subversio-</strong></span> 
     </span>
    </p>
   </div>
   <div class='ocr_carea' id='block_1_104' title="bbox 985 2046 1776 2082">
    <p class='ocr_par' dir='ltr' id='par_1_104' title="bbox 985 2046 1776 2082">
     <span class='ocr_line' id='line_1_104' title="bbox 985 2046 1776 2082; baseline 0.003 -9"><span class='ocrx_word' id='word_1_814' title='bbox 985 2053 1046 2073; x_wconf 92' lang='lat' dir='ltr'><strong>nem</strong></span> <span class='ocrx_word' id='word_1_815' title='bbox 1059 2046 1242 2078; x_wconf 86' lang='lat' dir='ltr'><strong>comminanti,</strong></span> <span class='ocrx_word' id='word_1_816' title='bbox 1252 2050 1282 2074; x_wconf 93' lang='lat' dir='ltr'><strong>ut</strong></span> <span class='ocrx_word' id='word_1_817' title='bbox 1292 2047 1390 2074; x_wconf 89' lang='lat' dir='ltr'><strong>clarius</strong></span> <span class='ocrx_word' id='word_1_818' title='bbox 1402 2051 1430 2074; x_wconf 91' lang='lat' dir='ltr'><strong>et</strong></span> <span class='ocrx_word' id='word_1_819' title='bbox 1442 2054 1536 2074; x_wconf 90' lang='lat' dir='ltr'><strong>eorum</strong></span> <span class='ocrx_word' id='word_1_820' title='bbox 1550 2047 1672 2082; x_wconf 68' lang='lat' dir='ltr'><strong>aequitas,</strong></span> <span class='ocrx_word' id='word_1_821' title='bbox 1684 2053 1711 2075; x_wconf 91' lang='lat' dir='ltr'><strong>et</strong></span> <span class='ocrx_word' id='word_1_822' title='bbox 1726 2048 1776 2075; x_wconf 90' lang='lat' dir='ltr'><strong>ho-</strong></span> 
     </span>
    </p>
   </div>
   <div class='ocr_carea' id='block_1_105' title="bbox 985 2091 1777 2128">
    <p class='ocr_par' dir='ltr' id='par_1_105' title="bbox 985 2091 1777 2128">
     <span class='ocr_line' id='line_1_105' title="bbox 985 2091 1777 2128; baseline 0.003 -9"><span class='ocrx_word' id='word_1_823' title='bbox 985 2099 1044 2119; x_wconf 89' lang='lat' dir='ltr'><strong>rum</strong></span> <span class='ocrx_word' id='word_1_824' title='bbox 1057 2091 1213 2126; x_wconf 85' lang='lat' dir='ltr'><strong>improbitas</strong></span> <span class='ocrx_word' id='word_1_825' title='bbox 1228 2097 1380 2127; x_wconf 86' lang='lat' dir='ltr'><strong>appareret.</strong></span> <span class='ocrx_word' id='word_1_826' title='bbox 1397 2092 1531 2128; x_wconf 83' lang='lat' dir='ltr'><strong>Numquid</strong></span> <span class='ocrx_word' id='word_1_827' title='bbox 1555 2093 1679 2120; x_wconf 64' lang='lat' dir='ltr'><strong>daemon?</strong></span> <span class='ocrx_word' id='word_1_828' title='bbox 1697 2101 1777 2121; x_wconf 91' lang='lat' dir='ltr'><strong>num-</strong></span> 
     </span>
    </p>
   </div>
   <div class='ocr_carea' id='block_1_106' title="bbox 985 2137 1779 2173">
    <p class='ocr_par' dir='ltr' id='par_1_106' title="bbox 985 2137 1779 2173">
     <span class='ocr_line' id='line_1_106' title="bbox 985 2137 1779 2173; baseline 0.003 -9"><span class='ocrx_word' id='word_1_829' title='bbox 985 2137 1048 2173; x_wconf 90' lang='lat' dir='ltr'><strong>quid</strong></span> <span class='ocrx_word' id='word_1_830' title='bbox 1070 2137 1210 2165; x_wconf 79' lang='lat' dir='ltr'><strong>diabolus?</strong></span> <span class='ocrx_word' id='word_1_831' title='bbox 1225 2138 1353 2173; x_wconf 86' lang='lat' dir='ltr'><strong>numqnid</strong></span> <span class='ocrx_word' id='word_1_832' title='bbox 1373 2138 1498 2166; x_wconf 81' lang='lat' dir='ltr'><strong>fortuna?</strong></span> <span class='ocrx_word' id='word_1_833' title='bbox 1524 2138 1651 2173; x_wconf 87' lang='lat' dir='ltr'><strong>numquid</strong></span> <span class='ocrx_word' id='word_1_834' title='bbox 1676 2139 1779 2166; x_wconf 70' lang='lat' dir='ltr'><strong>fatum!</strong></span> 
     </span>
    </p>
   </div>
   <div class='ocr_carea' id='block_1_107' title="bbox 985 2183 1778 2220">
    <p class='ocr_par' dir='ltr' id='par_1_107' title="bbox 985 2183 1778 2220">
     <span class='ocr_line' id='line_1_107' title="bbox 985 2183 1778 2220; baseline 0 -9"><span class='ocrx_word' id='word_1_835' title='bbox 985 2184 1113 2218; x_wconf 89' lang='lat' dir='ltr'><strong>numquid</strong></span> <span class='ocrx_word' id='word_1_836' title='bbox 1137 2184 1188 2211; x_wconf 89' lang='lat' dir='ltr'><strong>sibi</strong></span> <span class='ocrx_word' id='word_1_837' title='bbox 1198 2184 1310 2219; x_wconf 90' lang='lat' dir='ltr'><strong>quisque</strong></span> <span class='ocrx_word' id='word_1_838' title='bbox 1324 2191 1404 2211; x_wconf 86' lang='lat' dir='ltr'><strong>causa</strong></span> <span class='ocrx_word' id='word_1_839' title='bbox 1426 2183 1475 2211; x_wconf 93' lang='lat' dir='ltr'><strong>fuit</strong></span> <span class='ocrx_word' id='word_1_840' title='bbox 1489 2188 1545 2211; x_wconf 90' lang='lat' dir='ltr'><strong>tum</strong></span> <span class='ocrx_word' id='word_1_841' title='bbox 1565 2183 1707 2220; x_wconf 63' lang='lat' dir='ltr'><strong>nequitia,</strong></span> <span class='ocrx_word' id='word_1_842' title='bbox 1722 2188 1778 2211; x_wconf 92' lang='lat' dir='ltr'><strong>tum</strong></span> 
     </span>
    </p>
   </div>
   <div class='ocr_carea' id='block_1_108' title="bbox 984 2228 1777 2264">
    <p class='ocr_par' dir='ltr' id='par_1_108' title="bbox 984 2228 1777 2264">
     <span class='ocr_line' id='line_1_108' title="bbox 984 2228 1777 2264; baseline -0.001 -7"><span class='ocrx_word' id='word_1_843' title='bbox 984 2230 1108 2257; x_wconf 81' lang='lat' dir='ltr'><strong>virtutis?</strong></span> <span class='ocrx_word' id='word_1_844' title='bbox 1122 2229 1179 2257; x_wconf 87' lang='lat' dir='ltr'><strong>Nisi</strong></span> <span class='ocrx_word' id='word_1_845' title='bbox 1194 2229 1265 2257; x_wconf 88' lang='lat' dir='ltr'><strong>enim</strong></span> <span class='ocrx_word' id='word_1_846' title='bbox 1281 2229 1319 2257; x_wconf 93' lang='lat' dir='ltr'><strong>illi</strong></span> <span class='ocrx_word' id='word_1_847' title='bbox 1338 2229 1378 2257; x_wconf 88' lang='lat' dir='ltr'><strong>rei</strong></span> <span class='ocrx_word' id='word_1_848' title='bbox 1403 2228 1482 2256; x_wconf 87' lang='lat' dir='ltr'><strong>futuri</strong></span> <span class='ocrx_word' id='word_1_849' title='bbox 1496 2233 1595 2262; x_wconf 85' lang='lat' dir='ltr'><strong>essent,</strong></span> <span class='ocrx_word' id='word_1_850' title='bbox 1612 2237 1777 2264; x_wconf 88' lang='lat' dir='ltr'><strong>nequaquam</strong></span> 
     </span>
    </p>
   </div>
   <div class='ocr_carea' id='block_1_109' title="bbox 985 2274 1778 2311">
    <p class='ocr_par' dir='ltr' id='par_1_109' title="bbox 985 2274 1778 2311">
     <span class='ocr_line' id='line_1_109' title="bbox 985 2274 1778 2311; baseline -0.001 -8"><span class='ocrx_word' id='word_1_851' title='bbox 985 2276 1109 2303; x_wconf 86' lang='lat' dir='ltr'><strong>dixisset:</strong></span> <span class='ocrx_word' id='word_1_852' title='bbox 1117 2274 1324 2303; x_wconf 84' lang='lat' dir='ltr'><strong>Condemnabunt</strong></span> <span class='ocrx_word' id='word_1_853' title='bbox 1333 2275 1518 2311; x_wconf 78' lang='lat' dir='ltr'><strong>generationem</strong></span> <span class='ocrx_word' id='word_1_854' title='bbox 1528 2275 1778 2310; x_wconf 82' lang='lat' dir='ltr'><strong>hanc:nequaquam</strong></span> 
     </span>
    </p>
   </div>
   <div class='ocr_carea' id='block_1_110' title="bbox 985 2320 1776 2356">
    <p class='ocr_par' dir='ltr' id='par_1_110' title="bbox 985 2320 1776 2356">
     <span class='ocr_line' id='line_1_110' title="bbox 985 2320 1776 2356; baseline 0.001 -8"><span class='ocrx_word' id='word_1_855' title='bbox 985 2321 1098 2349; x_wconf 88' lang='lat' dir='ltr'><strong>dixisset</strong></span> <span class='ocrx_word' id='word_1_856' title='bbox 1111 2321 1230 2356; x_wconf 81' lang='lat' dir='ltr'><strong>reginam</strong></span> <span class='ocrx_word' id='word_1_857' title='bbox 1241 2321 1331 2349; x_wconf 78' lang='lat' dir='ltr'><strong>Austri</strong></span> <span class='ocrx_word' id='word_1_858' title='bbox 1341 2320 1578 2348; x_wconf 88' lang='lat' dir='ltr'><strong>condemnaturam</strong></span> <span class='ocrx_word' id='word_1_859' title='bbox 1589 2320 1696 2349; x_wconf 72' lang='lat' dir='ltr'><strong>Iudzeos</strong></span> <span class='ocrx_word' id='word_1_860' title='bbox 1705 2328 1776 2349; x_wconf 87' lang='lat' dir='ltr'><strong>esse.</strong></span> 
     </span>
    </p>
   </div>
   <div class='ocr_carea' id='block_1_111' title="bbox 986 2366 1779 2402">
    <p class='ocr_par' dir='ltr' id='par_1_111' title="bbox 986 2366 1779 2402">
     <span class='ocr_line' id='line_1_111' title="bbox 986 2366 1779 2402; baseline -0.001 -8"><span class='ocrx_word' id='word_1_861' title='bbox 986 2367 1045 2395; x_wconf 90' lang='lat' dir='ltr'><strong>Non</strong></span> <span class='ocrx_word' id='word_1_862' title='bbox 1057 2367 1142 2394; x_wconf 91' lang='lat' dir='ltr'><strong>solum</strong></span> <span class='ocrx_word' id='word_1_863' title='bbox 1153 2367 1224 2395; x_wconf 88' lang='lat' dir='ltr'><strong>enim</strong></span> <span class='ocrx_word' id='word_1_864' title='bbox 1237 2366 1328 2402; x_wconf 87' lang='lat' dir='ltr'><strong>populi</strong></span> <span class='ocrx_word' id='word_1_865' title='bbox 1337 2366 1459 2401; x_wconf 87' lang='lat' dir='ltr'><strong>populos,</strong></span> <span class='ocrx_word' id='word_1_866' title='bbox 1474 2366 1522 2394; x_wconf 88' lang='lat' dir='ltr'><strong>sed</strong></span> <span class='ocrx_word' id='word_1_867' title='bbox 1535 2373 1602 2394; x_wconf 92' lang='lat' dir='ltr'><strong>unus</strong></span> <span class='ocrx_word' id='word_1_868' title='bbox 1615 2366 1695 2394; x_wconf 93' lang='lat' dir='ltr'><strong>homo</strong></span> <span class='ocrx_word' id='word_1_869' title='bbox 1707 2373 1779 2402; x_wconf 63' lang='lat' dir='ltr'><strong>saepe</strong></span> 
     </span>
    </p>
   </div>
   <div class='ocr_carea' id='block_1_112' title="bbox 986 2411 1778 2448">
    <p class='ocr_par' dir='ltr' id='par_1_112' title="bbox 986 2411 1778 2448">
     <span class='ocr_line' id='line_1_112' title="bbox 986 2411 1778 2448; baseline -0.001 -8"><span class='ocrx_word' id='word_1_870' title='bbox 986 2413 1119 2448; x_wconf 86' lang='lat' dir='ltr'><strong>integrum</strong></span> <span class='ocrx_word' id='word_1_871' title='bbox 1141 2412 1267 2448; x_wconf 85' lang='lat' dir='ltr'><strong>populum</strong></span> <span class='ocrx_word' id='word_1_872' title='bbox 1284 2412 1446 2440; x_wconf 89' lang='lat' dir='ltr'><strong>condemnat</strong></span> <span class='ocrx_word' id='word_1_873' title='bbox 1461 2420 1467 2438; x_wconf 92' lang='lat'><strong>:</strong></span> <span class='ocrx_word' id='word_1_874' title='bbox 1483 2411 1589 2447; x_wconf 88' lang='lat' dir='ltr'><strong>quando</strong></span> <span class='ocrx_word' id='word_1_875' title='bbox 1602 2411 1631 2445; x_wconf 88' lang='lat' dir='ltr'><strong>ii,</strong></span> <span class='ocrx_word' id='word_1_876' title='bbox 1643 2411 1689 2447; x_wconf 91' lang='lat' dir='ltr'><strong>qui</strong></span> <span class='ocrx_word' id='word_1_877' title='bbox 1701 2411 1778 2440; x_wconf 87' lang='lat' dir='ltr'><strong>facile</strong></span> 
     </span>
    </p>
   </div>
   <div class='ocr_carea' id='block_1_113' title="bbox 986 2457 1779 2494">
    <p class='ocr_par' dir='ltr' id='par_1_113' title="bbox 986 2457 1779 2494">
     <span class='ocr_line' id='line_1_113' title="bbox 986 2457 1779 2494; baseline -0.001 -8"><span class='ocrx_word' id='word_1_878' title='bbox 986 2458 1073 2494; x_wconf 88' lang='lat' dir='ltr'><strong>decipi</strong></span> <span class='ocrx_word' id='word_1_879' title='bbox 1089 2466 1166 2494; x_wconf 88' lang='lat' dir='ltr'><strong>posse</strong></span> <span class='ocrx_word' id='word_1_880' title='bbox 1180 2458 1347 2492; x_wconf 87' lang='lat' dir='ltr'><strong>videbantur,</strong></span> <span class='ocrx_word' id='word_1_881' title='bbox 1359 2466 1411 2485; x_wconf 92' lang='lat' dir='ltr'><strong>non</strong></span> <span class='ocrx_word' id='word_1_882' title='bbox 1421 2457 1524 2492; x_wconf 88' lang='lat' dir='ltr'><strong>decepti</strong></span> <span class='ocrx_word' id='word_1_883' title='bbox 1538 2457 1620 2486; x_wconf 82' lang='lat' dir='ltr'><strong>fuisse</strong></span> <span class='ocrx_word' id='word_1_884' title='bbox 1629 2457 1779 2494; x_wconf 79' lang='lat' dir='ltr'><strong>deprehen-</strong></span> 
     </span>
    </p>
   </div>
   <div class='ocr_carea' id='block_1_114' title="bbox 986 2504 1778 2541">
    <p class='ocr_par' dir='ltr' id='par_1_114' title="bbox 986 2504 1778 2541">
     <span class='ocr_line' id='line_1_114' title="bbox 986 2504 1778 2541; baseline -0.001 -8"><span class='ocrx_word' id='word_1_885' title='bbox 986 2505 1093 2538; x_wconf 87' lang='lat' dir='ltr'><strong>duntur,</strong></span> <span class='ocrx_word' id='word_1_886' title='bbox 1115 2509 1142 2533; x_wconf 91' lang='lat' dir='ltr'><strong>et</strong></span> <span class='ocrx_word' id='word_1_887' title='bbox 1156 2505 1200 2541; x_wconf 91' lang='lat' dir='ltr'><strong>qui</strong></span> <span class='ocrx_word' id='word_1_888' title='bbox 1213 2504 1285 2533; x_wconf 91' lang='lat' dir='ltr'><strong>omni</strong></span> <span class='ocrx_word' id='word_1_889' title='bbox 1300 2504 1380 2532; x_wconf 89' lang='lat' dir='ltr'><strong>modo</strong></span> <span class='ocrx_word' id='word_1_890' title='bbox 1400 2505 1509 2532; x_wconf 89' lang='lat' dir='ltr'><strong>vincere</strong></span> <span class='ocrx_word' id='word_1_891' title='bbox 1522 2504 1669 2538; x_wconf 86' lang='lat' dir='ltr'><strong>debebant,</strong></span> <span class='ocrx_word' id='word_1_892' title='bbox 1688 2508 1778 2532; x_wconf 88' lang='lat' dir='ltr'><strong>tamen</strong></span> 
     </span>
    </p>
   </div>
   <div class='ocr_carea' id='block_1_115' title="bbox 987 2551 1776 2588">
    <p class='ocr_par' dir='ltr' id='par_1_115' title="bbox 987 2551 1776 2588">
     <span class='ocr_line' id='line_1_115' title="bbox 987 2551 1776 2588; baseline 0 -8"><span class='ocrx_word' id='word_1_893' title='bbox 987 2557 1154 2588; x_wconf 89' lang='lat' dir='ltr'><strong>superantur.</strong></span> <span class='ocrx_word' id='word_1_894' title='bbox 1163 2551 1226 2579; x_wconf 85' lang='lat' dir='ltr'><strong>ideo</strong></span> <span class='ocrx_word' id='word_1_895' title='bbox 1241 2551 1334 2579; x_wconf 87' lang='lat' dir='ltr'><strong>Adami</strong></span> <span class='ocrx_word' id='word_1_896' title='bbox 1349 2555 1377 2579; x_wconf 87' lang='lat' dir='ltr'><strong>et</strong></span> <span class='ocrx_word' id='word_1_897' title='bbox 1391 2551 1450 2579; x_wconf 82' lang='lat' dir='ltr'><strong>Jobi</strong></span> <span class='ocrx_word' id='word_1_898' title='bbox 1469 2551 1631 2579; x_wconf 89' lang='lat' dir='ltr'><strong>mentionem</strong></span> <span class='ocrx_word' id='word_1_899' title='bbox 1647 2551 1776 2580; x_wconf 86' lang='lat' dir='ltr'><strong>fecimus:</strong></span> 
     </span>
    </p>
   </div>
   <div class='ocr_carea' id='block_1_116' title="bbox 985 2597 1777 2635">
    <p class='ocr_par' dir='ltr' id='par_1_116' title="bbox 985 2597 1777 2635">
     <span class='ocr_line' id='line_1_116' title="bbox 985 2597 1777 2635; baseline -0.003 -9"><span class='ocrx_word' id='word_1_900' title='bbox 985 2599 1040 2635; x_wconf 82' lang='lat' dir='ltr'><strong>iam</strong></span> <span class='ocrx_word' id='word_1_901' title='bbox 1049 2599 1120 2626; x_wconf 90' lang='lat' dir='ltr'><strong>enim</strong></span> <span class='ocrx_word' id='word_1_902' title='bbox 1135 2598 1167 2625; x_wconf 92' lang='lat' dir='ltr'><strong>ad</strong></span> <span class='ocrx_word' id='word_1_903' title='bbox 1179 2598 1245 2625; x_wconf 90' lang='lat' dir='ltr'><strong>illud</strong></span> <span class='ocrx_word' id='word_1_904' title='bbox 1257 2602 1442 2633; x_wconf 83' lang='lat' dir='ltr'><strong>argumentum</strong></span> <span class='ocrx_word' id='word_1_905' title='bbox 1454 2597 1542 2626; x_wconf 87' lang='lat' dir='ltr'><strong>redire</strong></span> <span class='ocrx_word' id='word_1_906' title='bbox 1556 2604 1667 2626; x_wconf 84' lang='lat' dir='ltr'><strong>necesse</strong></span> <span class='ocrx_word' id='word_1_907' title='bbox 1681 2602 1731 2630; x_wconf 86' lang='lat' dir='ltr'><strong>est,</strong></span> <span class='ocrx_word' id='word_1_908' title='bbox 1748 2601 1777 2624; x_wconf 89' lang='lat' dir='ltr'><strong>nt</strong></span> 
     </span>
    </p>
   </div>
   <div class='ocr_carea' id='block_1_117' title="bbox 988 2642 1777 2681">
    <p class='ocr_par' dir='ltr' id='par_1_117' title="bbox 988 2642 1777 2681">
     <span class='ocr_line' id='line_1_117' title="bbox 988 2642 1777 2681; baseline -0.004 -9"><span class='ocrx_word' id='word_1_909' title='bbox 988 2645 1058 2681; x_wconf 90' lang='lat' dir='ltr'><strong>quod</strong></span> <span class='ocrx_word' id='word_1_910' title='bbox 1067 2645 1196 2679; x_wconf 91' lang='lat' dir='ltr'><strong>reliquum</strong></span> <span class='ocrx_word' id='word_1_911' title='bbox 1210 2649 1251 2671; x_wconf 88' lang='lat' dir='ltr'><strong>est</strong></span> <span class='ocrx_word' id='word_1_912' title='bbox 1260 2643 1442 2678; x_wconf 87' lang='lat' dir='ltr'><strong>expediamus.</strong></span> <span class='ocrx_word' id='word_1_913' title='bbox 1456 2643 1587 2670; x_wconf 84' lang='lat' dir='ltr'><strong>Adamum</strong></span> <span class='ocrx_word' id='word_1_914' title='bbox 1600 2642 1680 2678; x_wconf 86' lang='lat' dir='ltr'><strong>igitur</strong></span> <span class='ocrx_word' id='word_1_915' title='bbox 1699 2642 1777 2670; x_wconf 84' lang='lat' dir='ltr'><strong>nudis</strong></span> 
     </span>
    </p>
   </div>
   <div class='ocr_carea' id='block_1_118' title="bbox 989 2688 1777 2724">
    <p class='ocr_par' dir='ltr' id='par_1_118' title="bbox 989 2688 1777 2724">
     <span class='ocr_line' id='line_1_118' title="bbox 989 2688 1777 2724; baseline -0.003 -6"><span class='ocrx_word' id='word_1_916' title='bbox 989 2696 1089 2719; x_wconf 90' lang='lat' dir='ltr'><strong>tantum</strong></span> <span class='ocrx_word' id='word_1_917' title='bbox 1098 2690 1196 2721; x_wconf 83' lang='lat' dir='ltr'><strong>verbis.</strong></span> <span class='ocrx_word' id='word_1_918' title='bbox 1209 2689 1305 2717; x_wconf 85' lang='lat' dir='ltr'><strong>Jobum</strong></span> <span class='ocrx_word' id='word_1_919' title='bbox 1316 2688 1391 2717; x_wconf 81' lang='lat' dir='ltr'><strong>factis</strong></span> <span class='ocrx_word' id='word_1_920' title='bbox 1399 2696 1539 2724; x_wconf 89' lang='lat' dir='ltr'><strong>aggressus</strong></span> <span class='ocrx_word' id='word_1_921' title='bbox 1549 2693 1590 2716; x_wconf 87' lang='lat' dir='ltr'><strong>est</strong></span> <span class='ocrx_word' id='word_1_922' title='bbox 1601 2697 1607 2716; x_wconf 91' lang='lat'><strong>:</strong></span> <span class='ocrx_word' id='word_1_923' title='bbox 1624 2688 1696 2716; x_wconf 88' lang='lat' dir='ltr'><strong>hunc</strong></span> <span class='ocrx_word' id='word_1_924' title='bbox 1705 2688 1777 2716; x_wconf 89' lang='lat' dir='ltr'><strong>enim</strong></span> 
     </span>
    </p>
   </div>
   <div class='ocr_carea' id='block_1_119' title="bbox 988 2732 1778 2770">
    <p class='ocr_par' dir='ltr' id='par_1_119' title="bbox 988 2732 1778 2770">
     <span class='ocr_line' id='line_1_119' title="bbox 988 2732 1778 2770; baseline -0.006 -5"><span class='ocrx_word' id='word_1_925' title='bbox 988 2737 1111 2765; x_wconf 92' lang='lat' dir='ltr'><strong>omnibus</strong></span> <span class='ocrx_word' id='word_1_926' title='bbox 1130 2735 1229 2763; x_wconf 90' lang='lat' dir='ltr'><strong>divitiis</strong></span> <span class='ocrx_word' id='word_1_927' title='bbox 1251 2735 1374 2770; x_wconf 87' lang='lat' dir='ltr'><strong>spoliavit</strong></span> <span class='ocrx_word' id='word_1_928' title='bbox 1396 2735 1512 2769; x_wconf 84' lang='lat' dir='ltr'><strong>ﬁliisque</strong></span> <span class='ocrx_word' id='word_1_929' title='bbox 1532 2734 1648 2766; x_wconf 88' lang='lat' dir='ltr'><strong>orbavit,</strong></span> <span class='ocrx_word' id='word_1_930' title='bbox 1675 2732 1713 2760; x_wconf 91' lang='lat' dir='ltr'><strong>illi</strong></span> <span class='ocrx_word' id='word_1_931' title='bbox 1728 2740 1778 2760; x_wconf 80' lang='lat' dir='ltr'><strong>nec</strong></span> 
     </span>
    </p>
   </div>
   <div class='ocr_carea' id='block_1_120' title="bbox 988 2773 1777 2817">
    <p class='ocr_par' dir='ltr' id='par_1_120' title="bbox 988 2773 1777 2817">
     <span class='ocr_line' id='line_1_120' title="bbox 988 2773 1777 2817; baseline -0.006 -7"><span class='ocrx_word' id='word_1_932' title='bbox 988 2782 1127 2810; x_wconf 91' lang='lat' dir='ltr'><strong>minimum</strong></span> <span class='ocrx_word' id='word_1_933' title='bbox 1143 2789 1194 2809; x_wconf 87' lang='lat' dir='ltr'><strong>nee</strong></span> <span class='ocrx_word' id='word_1_934' title='bbox 1211 2773 1335 2817; x_wconf 74' lang='lat' dir='ltr'><strong>magnum</strong></span> <span class='ocrx_word' id='word_1_935' title='bbox 1354 2780 1489 2816; x_wconf 90' lang='lat' dir='ltr'><strong>quidpiam</strong></span> <span class='ocrx_word' id='word_1_936' title='bbox 1505 2780 1622 2807; x_wconf 89' lang='lat' dir='ltr'><strong>abstulit.</strong></span> <span class='ocrx_word' id='word_1_937' title='bbox 1644 2778 1712 2811; x_wconf 83' lang='lat' dir='ltr'><strong>Quin</strong></span> <span class='ocrx_word' id='word_1_938' title='bbox 1728 2785 1777 2813; x_wconf 82' lang='lat' dir='ltr'><strong>po-</strong></span> 
     </span>
    </p>
   </div>
   <div class='ocr_carea' id='block_1_121' title="bbox 988 2823 1776 2864">
    <p class='ocr_par' dir='ltr' id='par_1_121' title="bbox 988 2823 1776 2864">
     <span class='ocr_line' id='line_1_121' title="bbox 988 2823 1776 2864; baseline -0.008 -8"><span class='ocrx_word' id='word_1_939' title='bbox 988 2829 1040 2857; x_wconf 87' lang='lat' dir='ltr'><strong>tius</strong></span> <span class='ocrx_word' id='word_1_940' title='bbox 1059 2829 1115 2864; x_wconf 86' lang='lat' dir='ltr'><strong>ipsa</strong></span> <span class='ocrx_word' id='word_1_941' title='bbox 1129 2827 1210 2855; x_wconf 89' lang='lat' dir='ltr'><strong>verba</strong></span> <span class='ocrx_word' id='word_1_942' title='bbox 1224 2825 1428 2862; x_wconf 85' lang='lat' dir='ltr'><strong>perpendamus,</strong></span> <span class='ocrx_word' id='word_1_943' title='bbox 1448 2830 1475 2853; x_wconf 88' lang='lat' dir='ltr'><strong>et</strong></span> <span class='ocrx_word' id='word_1_944' title='bbox 1489 2825 1642 2852; x_wconf 87' lang='lat' dir='ltr'><strong>insidiarum</strong></span> <span class='ocrx_word' id='word_1_945' title='bbox 1657 2823 1776 2851; x_wconf 88' lang='lat' dir='ltr'><strong>modum.</strong></span> 
     </span>
    </p>
   </div>
   <div class='ocr_carea' id='block_1_122' title="bbox 987 2868 1781 2910">
    <p class='ocr_par' dir='ltr' id='par_1_122' title="bbox 987 2868 1781 2910">
     <span class='ocr_line' id='line_1_122' title="bbox 987 2868 1781 2910; baseline -0.009 -7"><span class='ocrx_word' id='word_1_946' title='bbox 987 2873 1205 2910; x_wconf 80' lang='lat' dir='ltr'><strong>Acceuit,inqnit,</strong></span> <span class='ocrx_word' id='word_1_947' title='bbox 1216 2881 1327 2909; x_wconf 79' lang='lat' dir='ltr'><strong>serpens,</strong></span> <span class='ocrx_word' id='word_1_948' title='bbox 1340 2877 1362 2900; x_wconf 87' lang='lat' dir='ltr'><strong>et</strong></span> <span class='ocrx_word' id='word_1_949' title='bbox 1370 2872 1433 2900; x_wconf 63' lang='lat' dir='ltr'><strong>dixit</strong></span> <span class='ocrx_word' id='word_1_950' title='bbox 1445 2871 1543 2900; x_wconf 80' lang='lat' dir='ltr'><strong>mulieri</strong></span> <span class='ocrx_word' id='word_1_951' title='bbox 1553 2880 1562 2898; x_wconf 89' lang='lat'><strong><em>:</em></strong></span> <span class='ocrx_word' id='word_1_952' title='bbox 1574 2870 1626 2898; x_wconf 86' lang='lat' dir='ltr'><strong>Cur</strong></span> <span class='ocrx_word' id='word_1_953' title='bbox 1636 2870 1698 2898; x_wconf 61' lang='lat' dir='ltr'><strong>dicit</strong></span> <span class='ocrx_word' id='word_1_954' title='bbox 1709 2868 1781 2898; x_wconf 80' lang='lat' dir='ltr'><strong>vobis</strong></span> 
     </span>
    </p>
   </div>
  </div>
