1978 3130
195 139 248 168 269

190 192 269 223 Deut,
284 190 345 217 Non
359 189 492 217 comedetis
504 197 536 216 ea:
548 189 617 216 omni
630 189 697 224 ligno
708 209 715 222 ,
728 189 795 223 quod
809 193 845 215 est
863 188 888 214 in
908 195 982 222 pora-

189 239 244 265 diso
255 237 329 273 (Gen.
344 237 370 264 3.
388 236 438 272 l)?
453 236 501 263 llic
513 243 635 270 serpens,
649 235 703 262 illic
718 242 787 262 uxor
799 234 866 262 Jobo
877 233 984 260 insidia-

190 288 233 310 tur
247 291 253 309 :
267 282 309 309 hic
323 281 551 309 multuminterest
561 281 630 308 inter
639 280 805 308 consiliarios
813 279 983 307 discriminis.

189 328 256 356 Nam
281 328 326 355 ille
350 327 456 362 quidem
479 334 571 354 servus
582 348 590 360 ,
615 327 672 354 hmc
685 327 745 354 vitm
758 326 891 361 particeps
906 334 911 351 :
928 324 986 352 hmc

190 373 349 406 auxiliatrix,
367 373 412 400 ille
430 380 494 400 vero
508 372 630 400 subditus
644 377 711 399 erat.
728 371 820 399 Viden'
834 378 912 406 quam
925 370 985 397 nul-

191 420 232 447 lus
255 420 290 446 sit
303 419 387 446 venite
407 419 504 446 locus?
519 419 591 446 illam
605 419 675 446 enim
701 418 822 446 subditus
843 425 874 444 ac
894 423 986 444 servus

191 463 289 491 devicit
303 473 309 491 :
325 464 396 491 illum
408 471 441 490 ne
448 463 554 498 quidem
561 470 670 490 consors
681 467 707 490 et
721 463 870 490 auxiliatrix
882 462 987 488 vincere

193 510 287 543 potuit.
299 510 334 536 At
358 509 494 536 videamus
507 509 569 543 quid
584 509 655 536 dicat
669 518 674 535 :
692 508 743 535 Cur
753 508 816 535 dixit
828 507 896 534 vobis
908 507 984 540 Dem,

193 554 255 581 Non
269 555 400 581 comedetis
413 562 444 581 ea;
453 555 520 581 omni
533 554 621 589 ligno?
631 554 709 588 Atqui
724 561 775 581 non
791 553 816 580 id
830 553 899 580 Deus
911 553 987 580 dixe-

192 604 248 632 rat,
263 599 310 627 sed
325 607 432 634 prorsus
445 600 618 627 contrarium.
632 599 778 626 Considera
799 599 887 634 itaque
907 598 987 625 vafri-

195 646 257 673 tiem
266 645 364 673 diaboli
375 654 381 672 :
393 645 461 673 dixit
482 645 552 680 quod
566 653 619 672 non
630 645 728 672 dictum
741 644 870 677 fuerat,ut
881 644 986 672 edisce-

192 697 234 719 ret
247 691 316 727 quod
326 692 424 719 dictum
438 692 532 719 fuerat.
547 691 614 725 Quid
629 691 707 726 igitur
714 691 827 718 mulier?
839 697 899 718 cum
907 697 987 724 opor-

193 739 290 766 tuisset
313 738 349 765 illi
368 746 398 766 os
411 738 550 770 obturare,
577 738 618 765 vel
633 745 684 764 non
709 737 888 772 respondere,
906 736 987 764 stulte

194 783 352 811 dominicam
365 783 523 811 sententiam
538 783 641 817 aperuit
655 791 663 809 :
679 783 793 818 hincque
807 782 845 809 illi
864 789 986 817 magnam

192 829 309 863 prmbuit
319 836 422 856 ansam.

225 874 252 901 4.
269 874 335 901 V'idc
349 879 475 909 quantum
491 874 589 901 malum
603 874 638 902 sit
651 882 710 902 sese
722 879 821 901 temere
834 873 948 901 inimicis
959 878 987 900 et

197 919 396 947 insidiatoribus
412 920 517 947 tradere
532 930 539 947 :
554 920 614 947 ideo
630 920 750 947 Christus
763 919 886 947 dicebat:
901 919 988 946 Nolite

194 965 256 991 dare
267 970 354 992 sancta
361 966 476 998 canibus,
491 974 569 1000 neque
581 966 721 1001 proﬁciatis
734 965 883 1000 margaritas
894 970 987 991 vestras

195 1015 253 1036 ante
270 1018 368 1045 porcos,
383 1019 415 1037 ne
435 1013 499 1045 forte
519 1011 630 1038 conversi
652 1011 811 1045 disrumpunt
824 1018 867 1036 vos
880 1010 984 1045 (Matth.

195 1055 222 1081 7.
235 1054 272 1088 6).
288 1055 343 1082 Hoc
356 1060 444 1082 autern
458 1055 522 1082 Eva:
537 1056 646 1090 contigit
663 1065 669 1083 :
684 1055 759 1083 dedit
772 1060 862 1083 sancta
876 1056 946 1088 cani,
959 1060 988 1082 et

194 1107 291 1134 porco;
307 1100 351 1127 ille
365 1101 445 1127 verba
467 1101 644 1133 eoneulcavrt,
659 1105 686 1128 et
697 1108 843 1128 conversus
862 1100 986 1128 feminam

195 1145 318 1180 disrupit.
342 1146 532 1173 Animadverte
557 1152 644 1173 autem
666 1154 744 1181 quam
760 1146 833 1174 vafre
845 1147 984 1180 loquatur:

194 1191 257 1218 Non
271 1197 350 1218 morte
364 1193 505 1219 moriemini
514 1192 588 1228 (Gen.
604 1192 675 1228 5.4),
692 1193 784 1228 inquit.
796 1193 844 1220 ilic
854 1200 918 1220 vero
927 1192 986 1219 atti-

192 1245 267 1264 mum
283 1238 414 1265 advertite
429 1247 435 1266 :
452 1239 538 1274 potuit
561 1239 657 1267 mulier
672 1239 792 1267 fraudem
815 1239 962 1274 intelligere
977 1249 984 1267 :

194 1284 282 1311 statim
294 1284 365 1311 enim
380 1284 543 1311 inimicitiam
559 1291 585 1312 et
597 1285 695 1312 bellum
707 1286 834 1313 adversus
847 1285 930 1313 Deum
945 1285 986 1312 de-

194 1331 333 1364 nuntiavit,
349 1331 439 1358 statim
454 1331 478 1358 ei
506 1332 674 1359 contradixit.
687 1332 761 1365 Esto,
775 1335 848 1368 prius
863 1333 907 1360 Dei
923 1340 984 1359 sen-

195 1375 303 1402 tentiam
324 1375 444 1403 ediscere
459 1376 557 1404 volenti
572 1377 697 1409 dicebas;
712 1383 738 1404 at
751 1378 836 1412 ipsum
851 1379 984 1405 contraria

195 1425 283 1455 postea
296 1421 427 1448 dicentem
449 1430 496 1449 cur
509 1423 794 1458 scquebaris‘IDixerat
807 1424 889 1457 Deus,
903 1424 985 1451 Morte

196 1467 336 1493 moriemini
348 1475 357 1493 :
366 1467 407 1494 his
421 1469 579 1495 contradixit
599 1469 642 1496 ille
656 1469 697 1496 his
710 1470 807 1501 verbis,
819 1469 986 1504 Nequaquam

193 1517 273 1539 morte
289 1513 514 1546 moriemini.Quid
531 1514 582 1541 hoc
594 1514 665 1542 bello
677 1514 786 1541 clarius?
797 1515 927 1543 undenam
938 1522 986 1550 po-

194 1562 260 1584 terat
280 1558 374 1585 melius
388 1560 512 1593 cognosci
542 1560 666 1586 inimicus
679 1564 705 1587 et
717 1559 811 1593 hostis,
825 1568 903 1595 quant
914 1560 985 1595 quod

193 1603 323 1630 contraria
338 1603 392 1631 Deo
405 1604 572 1639 loqueretur?
585 1605 731 1633 Confestim
753 1613 817 1641 ergo
836 1606 984 1641 decipulam

192 1649 260 1675 hanc
268 1648 409 1684 confugere
418 1657 464 1684 par
474 1649 534 1682 fuit,
546 1658 560 1676 a
570 1650 665 1685 laqueo
676 1651 780 1678 resilire
789 1653 914 1686 oportuit.
928 1651 982 1679 Ne-

190 1701 313 1729 quaquam
322 1701 400 1721 morte
410 1696 557 1728 moriemini,
567 1696 651 1731 inquit
663 1705 669 1723 :
679 1697 821 1732 scilquippe
830 1696 908 1730 Deus,
916 1698 983 1733 quod

190 1747 240 1773 qua
260 1739 301 1765 die
325 1740 491 1773 comederitis,
518 1741 662 1775 aperientur
687 1741 754 1768 oculi
774 1743 857 1775 vestri,
873 1747 896 1769 et
915 1743 984 1770 eritis

190 1785 253 1810 sicut
263 1784 308 1811 dii.
321 1783 373 1818 Spe
388 1785 496 1820 majoris
507 1786 629 1820 promissi
643 1787 722 1814 etiam
732 1787 810 1821 bona,
822 1796 880 1822 qua:
889 1789 915 1815 in
926 1795 983 1816 ma-

191 1828 269 1855 nibus
284 1835 369 1862 erant,
382 1831 497 1864 perdidit
511 1839 518 1857 :
531 1832 689 1866 promiserat
702 1833 747 1860 ille
772 1841 801 1861 se
820 1833 885 1861 deos
909 1834 977 1862 effe-

189 1879 336 1907 cturum,et
351 1876 377 1902 in
390 1876 483 1903 mortis
499 1877 666 1911 tyrannidem
682 1878 804 1913 conjecit.
817 1879 892 1907 Unde
906 1887 981 1915 ergo,

189 1919 295 1952 mulier,
303 1920 408 1948 diabolo
418 1921 495 1948 fidem
503 1922 635 1950 habuisti?
648 1923 710 1958 quid
720 1924 782 1951 boni
792 1925 982 1960 perspiciebas?

190 1971 278 1992 annon
299 1970 340 1993 sat
357 1966 403 1993 tibi
425 1972 482 1994 erat
496 1968 641 1995 auctoritas
660 1968 836 2003 legislatoris,
859 1971 982 2005 quodque

191 2010 259 2038 Deus
273 2016 377 2038 creator
389 2017 416 2039 et
430 2013 519 2046 opifex
531 2017 612 2046 esset,
624 2013 667 2041 ille
681 2022 745 2041 vero
757 2014 878 2043 diabolus
891 2021 918 2043 et
928 2016 980 2043 ini-

191 2056 294 2084 micus?
308 2056 424 2084 Necdum
445 2058 579 2085 diabolum
592 2059 705 2086 dixerim
715 2080 722 2093 ,
737 2065 887 2095 serpentem
907 2062 980 2089 enim

190 2107 290 2130 tantum
302 2111 361 2131 esse
376 2104 502 2138 putabas:
519 2109 706 2139 serpentemne
717 2106 782 2133 tanti
797 2107 884 2134 facere
897 2115 980 2142 opor-

189 2149 247 2181 tuit,
261 2154 289 2176 ut
296 2149 461 2177 Dominicam
473 2151 686 2185 ipsiscntentiam
695 2152 865 2181 denuntiares
878 2154 889 2181 ἲ
902 2154 980 2182 Vides

189 2195 305 2228 potuisse
319 2195 438 2223 fraudant
454 2197 560 2230 videre;
576 2201 603 2224 at
617 2198 702 2225 noluit
723 2199 788 2234 ipsa.
805 2201 884 2235 Atqui
910 2201 979 2228 Deus

189 2241 241 2276 iam
255 2241 335 2268 multa
350 2242 534 2270 beneficentia:
543 2251 598 2270 sua:
608 2249 762 2279 argumenta
774 2245 900 2279 dederat,
913 2253 978 2281 ope-

189 2286 313 2320 ribusque
327 2287 519 2321 providentiam
530 2296 674 2325 curamque
688 2297 763 2317 suam
777 2290 978 2319 demonstrave-

188 2336 239 2358 rat.
251 2331 369 2366 Namque
379 2333 525 2367 hominem,
535 2335 578 2370 qui
587 2340 663 2363 antea
671 2344 724 2364 non
737 2342 804 2371 erat,
816 2337 976 2373 efformavit,

188 2377 302 2405 animam
314 2379 362 2413 ipsi
373 2379 519 2414 inspiravit,
529 2381 710 2417 adimaginem
726 2390 801 2410 suam
814 2384 888 2412 illum
905 2384 976 2418 fecit,

188 2424 333 2458 principem
354 2427 489 2458 omnium,
506 2435 565 2462 quae
581 2428 607 2455 in
619 2433 689 2456 terra
705 2434 794 2456 essent
806 2450 813 2464 ,
829 2431 975 2463 constituit,

187 2470 344 2504 adjutrieem
354 2471 437 2504 dedit,
450 2473 600 2507 paradisum
609 2475 747 2509 plantavit,
764 2481 791 2503 et
803 2484 852 2504 usu
867 2483 978 2505 caetero-

187 2524 245 2543 rum
257 2517 388 2552 lignorum
401 2525 539 2553 concesso,
551 2528 635 2547 unum
651 2525 753 2548 tantum
769 2529 803 2549 ne
817 2523 978 2557 attingerent

187 2562 270 2589 vetuit
284 2571 290 2589 :
306 2562 376 2598 quod
392 2563 479 2598 ipsum
492 2564 524 2592 ad
539 2565 656 2599 ipsorum
670 2567 811 2594 utilitatem
828 2568 974 2602 prohibuit.

188 2608 313 2636 Diabolus
331 2616 396 2636 vero
409 2617 494 2645 neque
508 2611 656 2643 minimum,
668 2620 753 2648 neque
768 2621 891 2648 magnum
900 2615 977 2649 quid-

187 2654 255 2688 piam
279 2654 341 2682 boni
355 2662 434 2690 opere
453 2657 593 2691 pratstitit;
610 2658 656 2685 sed
680 2659 758 2686 nudis
771 2664 872 2686 tantunt
888 2660 976 2686 verbis

185 2699 305 2727 mulieris
316 2701 433 2728 animum
447 2702 587 2736 extollens,
613 2711 733 2739 vanaque
744 2712 792 2739 spe
813 2704 919 2738 inllans,
939 2705 975 2732 ita

185 2747 297 2782 decepit.
310 2748 375 2782 Qua;
403 2753 492 2777 tamen
515 2750 651 2778 diabolum
676 2752 731 2779 Deo
752 2751 803 2779 fide
825 2752 974 2787 digniorem

184 2793 352 2827 existimavit,
363 2795 414 2822 etsi
428 2795 498 2823 Deus
512 2796 637 2830 operibus
664 2797 876 2825 benevolentiam
899 2806 974 2826 suam

183 2839 392 2869 demonstrasset
407 2849 413 2868 τ
428 2841 463 2875 ei,
489 2843 534 2878 qui
559 2842 630 2871 nuda
652 2843 732 2871 verba
761 2843 878 2879 nihilque
903 2852 973 2879 prae-

559 133 587 161 S.
606 131 746 161 JOANNIS
765 129 1000 158 CHRYSOSTOMI
1021 128 1177 156 ARCHIEP.
1199 128 1466 156 CONSTANTINOP.

1775 129 1829 156 270

1038 191 1110 214 terea
1122 185 1229 219 obtulit,
1255 185 1335 213 ﬁdem
1356 185 1447 212 habuit
1460 184 1563 212 mulier.
1583 183 1675 211 Viden‘
1687 190 1722 212 ett
1745 183 1830 210 stulti-
1848 187 1851 189 ‘

1038 233 1072 258 tia
1088 236 1190 258 tantum
1200 235 1227 258 et
1239 231 1352 265 ignavia,
1371 237 1426 258 non
1449 234 1538 257 autem
1552 229 1577 257 vi
1591 229 1710 256 fraudem
1740 227 1827 262 profe-

1037 281 1107 304 ctam
1120 277 1198 304 esse?
1211 276 1299 311 thue
1309 276 1406 303 clarius
1416 275 1530 308 ediscas,
1541 275 1603 302 audi
1612 273 1747 310 quomodo
1757 273 1832 302 Scri‘

1038 328 1114 357 ptura
1125 322 1262 350 mulierem
1272 327 1389 350 accuset.
1400 323 1457 350 Non
1467 322 1537 350 enim
1546 322 1621 354 dixit,
1635 321 1759 356 Decepta,
1771 320 1831 354 sed,

1037 368 1194 404 Conspicata
1214 368 1324 404 lignum,
1350 368 1421 404 quod
1437 368 1574 403 pulchrum
1588 371 1676 400 esset,
1703 366 1831 394 comedit.

1040 416 1130 451 itaque
1145 415 1246 443 crimen
1261 415 1326 442 illud
1339 414 1539 449 intemperantis
1553 417 1678 448 aspectus
1697 417 1764 446 erat,
1778 419 1832 439 non

1040 461 1149 489 fallacia:
1165 461 1303 489 diabolica:
1318 465 1420 488 tantum
1432 468 1439 487 :
1451 468 1466 487 a
1480 460 1587 495 propria
1601 466 1714 493 namque
1732 464 1833 485 coucu-

1040 509 1180 544 piscentia,
1196 515 1249 535 non
1263 515 1278 534 a
1289 507 1418 534 daemonis
1432 506 1533 534 malitia
1555 509 1679 540 superata
1699 508 1750 532 est.
1770 503 1834 531 Ideo

1039 556 1143 583 veniam
1157 563 1209 582 non
1220 558 1262 583 est
1275 559 1447 589 consequuta,
1463 553 1509 581 sed
1520 560 1581 580 cum
1592 552 1713 585 dixisset,
1721 551 1833 586 Serpens

1040 600 1136 636 decepit
1149 609 1197 634 me,
1219 605 1352 628 extremas
1365 604 1456 626 tamen
1473 606 1567 634 poenas
1578 598 1627 625 iuit
1641 606 1648 624 :
1660 604 1743 632 penes
1759 597 1833 624 illam

1039 647 1110 674 enim
1123 651 1179 674 erat
1189 654 1242 674 non
1255 645 1361 673 cadere.
1374 644 1450 678 Quod
1465 649 1494 672 ut
1507 644 1606 672 clarius
1616 644 1724 674 evadat,
1737 650 1788 678 age
1799 645 1833 670 ad

1039 692 1135 720 Jobum
1150 699 1300 719 sermonem
1309 695 1507 723 convertamus,
1520 697 1535 719 a
1550 690 1628 717 victis
1640 689 1673 716 ad
1689 689 1832 721 victorem,

1040 746 1054 765 a
1067 738 1197 773 superatis
1209 737 1242 765 ad
1256 742 1426 772 superantem
1438 745 1445 763 :
1461 736 1506 764 ille
1519 743 1635 770 namque
1648 735 1765 770 majores
1785 741 1834 762 no-

1040 784 1081 811 bis
1094 784 1198 811 animos
1214 784 1302 816 faciet,
1317 788 1346 810 ut
1356 790 1449 810 manus
1459 789 1520 810 cum
1531 781 1638 809 diabolo
1649 788 1832 808 conseramus.

1040 831 1096 858 Illic
1109 838 1220 865 serpens
1228 835 1295 862 erat,
1309 830 1352 864 qui
1365 829 1523 864 decipiebat,
1536 833 1562 855 et
1576 828 1639 855 vicit
1651 836 1658 860 ;
1668 828 1712 855 hic
1725 827 1833 861 mulier,

1040 883 1100 911 quae
1115 883 1168 903 non
1181 875 1330 911 praavaluit.
1343 876 1447 902 tametsi
1461 874 1493 901 ad
1506 873 1719 909 persuadendum
1733 874 1834 908 aptior,

1039 930 1118 957 quam
1130 922 1184 949 ille.
1206 922 1245 949 Ac
1258 921 1326 949 Jobo
1347 920 1455 956 quidem
1476 924 1538 955 post
1552 919 1725 954 pecuniarum
1747 918 1834 953 jactu-

1039 975 1107 1000 ram,
1123 967 1236 995 ﬁliorum
1248 967 1428 998 amissionem,
1442 973 1547 993 necnon
1559 965 1691 992 honorum
1701 965 1833 995 omnium.

1039 1013 1160 1041 machina
1176 1013 1382 1045 admovebatur;
1396 1012 1449 1039 illic
1457 1019 1521 1039 vero
1531 1011 1596 1038 nihil
1609 1015 1667 1039 erat
1679 1009 1811 1045 ejusmodi
1827 1018 1834 1036 :

1040 1059 1108 1087 filios
1123 1067 1177 1087 non
1187 1060 1314 1087 amiserat
1326 1066 1376 1086 nec
1387 1058 1513 1094 pecunias
1526 1057 1621 1090 Adam,
1632 1064 1719 1092 neque
1729 1057 1755 1083 in
1769 1057 1835 1083 limo

1039 1104 1159 1138 sedebat,
1176 1105 1223 1132 sed
1239 1105 1266 1131 in
1278 1104 1401 1139 paradiso
1414 1103 1558 1138 voluptatis
1569 1102 1714 1134 habitabat,
1727 1107 1754 1129 et
1774 1109 1835 1129 om-

1039 1151 1080 1178 nis
1094 1151 1199 1186 generis
1212 1150 1343 1185 lignorum
1355 1149 1432 1184 copia
1443 1148 1590 1180 fruebatur,
1606 1148 1680 1174 fonte
1690 1147 1764 1180 item,
1781 1146 1835 1174 llu-

1038 1197 1098 1230 viis,
1118 1197 1230 1231 aliisque
1251 1195 1374 1223 omnibus
1401 1194 1550 1222 commodis
1565 1202 1572 1220 :
1587 1200 1717 1228 nusquam
1743 1193 1833 1224 labar,

1038 1250 1091 1269 non
1106 1241 1223 1275 tristitia,
1240 1249 1292 1268 non
1306 1248 1416 1273 maeror,
1443 1247 1496 1267 non
1509 1239 1678 1266 contumeliae
1692 1243 1719 1266 et
1737 1239 1834 1266 convi-

1037 1287 1088 1320 cia,
1098 1295 1184 1322 neque
1193 1287 1329 1314 innumera
1340 1286 1385 1313 illa
1397 1286 1475 1318 mala,
1487 1293 1546 1320 quae
1552 1284 1619 1312 Jobo
1630 1285 1749 1312 immissa
1755 1290 1831 1316 sunt;

1037 1337 1153 1360 attamen
1168 1339 1229 1359 cum
1243 1331 1307 1359 nihil
1320 1331 1427 1359 adesset
1439 1330 1601 1366 hujusmodi,
1617 1330 1707 1364 lapsus
1719 1333 1746 1356 et
1767 1337 1832 1364 snp-

1038 1379 1171 1414 plantatus
1183 1383 1235 1406 est.
1249 1379 1345 1406 Annon
1370 1378 1453 1413 liquet
1473 1377 1499 1404 id
1511 1385 1545 1404 ex
1559 1377 1662 1412 ignavia
1683 1375 1832 1403 accidisse?

1037 1423 1138 1451 Eodem
1154 1424 1233 1452 modo
1247 1432 1307 1451 cum
1323 1424 1367 1451 ille
1379 1423 1411 1451 iis
1424 1423 1546 1450 omnibus
1563 1422 1722 1449 instantibus
1731 1426 1759 1450 ct
1773 1430 1832 1457 pre-

1035 1469 1176 1502 mentibus,
1191 1469 1294 1498 fortiter
1304 1469 1387 1502 stetit,
1399 1476 1487 1496 annon
1499 1469 1607 1504 planum
1614 1472 1657 1496 est
1666 1467 1692 1495 id
1703 1475 1737 1495 ex
1747 1467 1831 1494 animi

1035 1514 1169 1549 vigilantia
1181 1519 1268 1543 ortum
1282 1515 1361 1542 esse?

1071 1597 1097 1624 5.
1117 1596 1176 1623 Jobi
1189 1597 1317 1631 patientia
1344 1597 1462 1623 omnibus
1477 1596 1631 1623 consolatio.
1642 1610 1677 1614 —
1688 1594 1826 1629 Utrinque

1034 1643 1125 1678 igitur,
1144 1643 1293 1675 carissime,
1315 1651 1444 1678 magnum
1468 1643 1573 1670 lucrum
1592 1643 1739 1676 decerpere
1757 1648 1826 1676 pos-

1032 1687 1072 1714 sis
1084 1696 1091 1714 :
1106 1687 1236 1714 Adamum
1249 1688 1360 1714 imiteris
1371 1694 1545 1722 cave,gnarus
1560 1691 1657 1721 quanta
1666 1694 1700 1713 ex
1711 1686 1826 1721 segnitie

1031 1735 1100 1763 mala
1119 1735 1239 1763 oriantur
1255 1734 1332 1762 :Jobi
1348 1735 1474 1769 pietatem
1486 1734 1605 1766 imitare,
1626 1740 1686 1760 cum
1697 1733 1826 1760 didiceris

1032 1784 1129 1815 quanta
1144 1787 1177 1807 ex
1195 1780 1331 1815 diligentia
1354 1779 1422 1806 bona
1448 1783 1612 1807 nascantur:
1627 1779 1698 1806 hunc
1716 1786 1826 1813 semper

1031 1829 1118 1853 tecum
1127 1830 1220 1861 reputa
1231 1826 1359 1853 victorem
1371 1829 1536 1856 coronatum,
1549 1830 1629 1860 atque
1637 1824 1663 1851 in
1671 1825 1766 1860 quovis
1773 1824 1826 1851 do-

1031 1871 1087 1900 lore
1110 1876 1137 1900 et
1150 1872 1299 1899 calamitate
1327 1879 1450 1907 magnam
1473 1871 1583 1899 habebis
1598 1871 1831 1899 consolationem-

1030 1917 1257 1952 Quemadmodum
1270 1918 1340 1945 enim
1355 1918 1381 1945 in
1399 1918 1534 1945 communi
1546 1918 1618 1945 orbis
1633 1917 1736 1944 theatro
1754 1925 1824 1945 con-

1029 1964 1136 1991 stitutus
1148 1963 1241 1991 beatus
1256 1971 1287 1991 ac
1301 1970 1448 1998 generosus
1458 1963 1512 1996 ille,
1525 1971 1620 1990 omnes
1632 1971 1680 1998 per
1688 1971 1824 1990 aerumnas

1029 2018 1091 2038 suas
1104 2010 1234 2042 hortatur,
1248 2014 1276 2037 ut
1289 2018 1348 2045 quae
1361 2010 1485 2037 accidunt
1498 2010 1587 2037 omnia
1605 2009 1710 2037 fortiter
1723 2010 1822 2042 ferant,

1028 2063 1117 2091 neque
1126 2056 1319 2083 calamitatibus
1330 2056 1514 2091 ingruentibus
1528 2055 1634 2083 cedant.
1648 2055 1705 2083 Non
1721 2060 1763 2083 est
1777 2056 1823 2082 ul-

1028 2100 1093 2134 lum,
1108 2109 1161 2128 non
1172 2105 1223 2135 est,
1235 2101 1352 2136 inquam,
1367 2101 1449 2128 ullum
1460 2101 1523 2128 mali
1535 2109 1628 2136 genus,
1651 2101 1678 2128 in
1689 2109 1742 2136 quo
1766 2109 1821 2128 non

1027 2147 1160 2182 possimus
1175 2147 1236 2175 inde
1250 2147 1459 2175 consolationem
1472 2147 1597 2174 mutuari.
1607 2147 1708 2175 Omnes
1721 2147 1822 2182 quippe

1026 2193 1053 2220 in
1068 2197 1124 2221 toto
1138 2201 1238 2228 sparsae
1257 2193 1322 2221 orbe
1340 2201 1466 2220 aerumna:
1491 2194 1518 2220 in
1542 2193 1594 2221 hoc
1618 2201 1700 2220 unum
1719 2201 1822 2228 corpus

1026 2244 1159 2274 congesta:
1170 2244 1242 2267 sunt.
1257 2239 1321 2274 Qum
1334 2240 1413 2275 igitur
1425 2240 1498 2267 venia
1509 2240 1543 2272 ei,
1556 2239 1601 2274 qui
1613 2247 1664 2266 non
1678 2244 1767 2274 poteSt
1777 2240 1820 2267 vel

1025 2293 1127 2322 partem
1143 2287 1283 2322 quamdam
1294 2295 1398 2321 eorum,
1414 2295 1473 2322 qua:
1491 2287 1540 2322 ipsi
1552 2287 1649 2314 inﬂicta
1664 2291 1740 2319 sunt,
1755 2295 1818 2314 cum

1024 2334 1168 2368 gratiarum
1181 2335 1285 2361 actione
1297 2333 1378 2365 ferre,
1389 2341 1450 2361 cum
1465 2333 1509 2361 ille
1523 2341 1576 2361 non
1596 2337 1698 2368 partem
1712 2333 1800 2360 solum
1812 2354 1820 2366 ,

1025 2379 1071 2406 sed
1084 2380 1208 2407 universa
1221 2380 1356 2406 hominum
1373 2380 1441 2407 mala
1454 2379 1597 2414 pertulisse
1619 2377 1758 2406 videatur?
1781 2378 1822 2405 Ac

1026 2433 1059 2452 ne
1073 2433 1115 2452 me
1129 2430 1158 2452 ut
1170 2426 1249 2453 nimia
1261 2425 1393 2453 dicentem
1402 2425 1524 2459 damnes,
1535 2432 1584 2459 age
1594 2424 1712 2459 singulas
1725 2431 1824 2451 aerum-

1026 2480 1074 2500 nas
1085 2477 1287 2508 pertractantes,
1303 2472 1382 2500 dictis
1396 2472 1474 2499 [idem
1486 2471 1624 2499 faciamus.
1635 2471 1670 2498 Et
1682 2471 1704 2497 si
1716 2471 1821 2505 placet,

1024 2517 1094 2553 quod
1108 2518 1226 2545 omnium
1237 2517 1352 2545 maxime
1360 2517 1525 2545 intolerabile
1533 2516 1648 2548 videtur,
1665 2516 1690 2543 in
1701 2515 1822 2543 medium

1024 2564 1204 2597 adducamus,
1219 2567 1412 2598 paupertatem,
1430 2564 1547 2598 inquam,
1567 2567 1595 2590 et
1612 2562 1733 2589 dolorem
1757 2561 1823 2589 inde

1024 2612 1117 2636 natum
1136 2618 1143 2636 :
1169 2610 1195 2638 id
1210 2610 1281 2638 enim
1308 2610 1431 2638 homines
1457 2610 1555 2644 ubique
1578 2609 1731 2643 deplorant.
1748 2608 1821 2643 Quid

1024 2662 1088 2690 ergo
1097 2655 1165 2682 .lobo
1176 2656 1317 2690 pauperius
1330 2655 1377 2683 fuit
1399 2676 1406 2690 ,
1420 2655 1463 2690 qui
1474 2655 1553 2682 etiam
1565 2655 1607 2688 iis,
1619 2655 1663 2690 qui
1673 2654 1700 2681 in
1713 2653 1822 2681 balneis

1024 2702 1119 2736 abiecti
1134 2707 1205 2736 sunt,
1221 2703 1261 2729 vel
1277 2703 1302 2729 in
1318 2703 1407 2730 cinere
1422 2701 1518 2729 camini
1531 2701 1640 2734 cubant,
1651 2705 1680 2728 et
1692 2700 1821 2727 omnibus

1024 2755 1134 2782 prorsus
1148 2747 1299 2776 hominibus
1312 2749 1454 2784 pauperior
1471 2747 1547 2776 erat?
1563 2747 1596 2774 Hi
1618 2747 1690 2774 enim
1713 2751 1818 2774 vestem

1023 2794 1117 2821 saltem
1132 2794 1241 2822 scissam
1261 2794 1376 2826 habent,
1396 2794 1441 2822 ille
1463 2801 1526 2821 vero
1539 2793 1625 2820 nudus
1646 2792 1776 2825 sedebat,
1792 2798 1820 2819 et

1023 2841 1094 2877 quod
1109 2842 1194 2870 solum
1216 2849 1230 2869 a
1244 2847 1336 2870 natura
1358 2841 1544 2869 vestimentum
1567 2840 1698 2874 habebat,
1726 2839 1820 2867 carnis
