1978 3130
141 203 244 239 τρόπον.
261 202 439 237 Προσῆλθε,
452 203 547 239 φησὶν,
558 205 574 231 ὀ
588 203 665 238 ὄφις,
680 203 730 232 καί
749 203 815 230 εἷπε
828 201 865 236 τῇ
879 211 932 237 τυ-

142 245 234 273 ναυιί·
253 245 283 272 Τί
310 244 357 272 ὅτι
371 243 461 272 εἶπεν
475 247 492 273 ὁ
512 246 593 279 Θεὸς,
614 247 656 272 οὺ
674 245 718 280 μὴ
736 245 851 280 φάγητε
873 243 934 271 ἀπὸ

142 287 252 320 παντὸς
274 287 372 319 ξύλου
398 287 453 315 τοῦ
469 288 506 314 ἐν
532 287 572 320 τῷ
593 287 781 322 παραδείσῳ;
803 285 934 313 Ἐνταῦθα

142 329 211 364 ὄφις,
226 329 284 355 ἐκεῖ
299 329 371 365 γυνὴ
389 329 438 356 ἐπὶ
455 329 504 356 τοῦ
525 329 599 356 Ἰώ6”
612 329 682 361 τέως
696 329 763 356 πολὺ
785 328 839 355 τῶν
864 335 934 362 συμ-

143 371 243 398 ϐούλων
257 370 287 397 τὸ
302 370 398 406 μέσον.
421 371 453 397 ‘0
477 371 526 406 μὲν
541 370 595 407 γὰρ
610 370 713 403 δοῦλος,
730 371 747 406 ἡ
758 370 787 396 δὲ
804 368 933 405 κοινωνὸς

142 415 187 440 τοῦ
204 414 260 449 βίου
273 421 280 428 ’
292 414 310 448 ἡ
336 412 386 448 μὲν
403 412 518 449 βοηθὸς,
533 413 547 439 6
569 413 598 439 δὲ
614 413 791 441 ὑπετέτακτο.
811 410 889 444 Εἶδες
903 411 933 438 τὸ

142 457 335 491 ἀσύγγνωστον
360 456 442 490 ὃσον;
465 455 514 491 τὴν
531 455 579 490 μὲν
602 455 656 491 γὰρ
675 456 689 481 6
714 455 933 490 ύποτεταγμένος

142 500 186 526 καὶ
201 497 336 524 δουλεύων
349 493 502 532 ἠπάτησεν,
520 498 624 524 ἐκεῖνον
637 497 666 524 δὲ
684 496 744 523 οὐδὲ
767 497 783 532 ή
805 496 933 527 κοινωνὸς

142 541 187 568 καὶ
205 540 303 575 βοηθὸς
314 539 496 566 ὑποσκελίσαι
508 538 627 574 ἴσχυσεν,
647 539 716 565 Ἀλλ’
731 539 830 574 ἴδωμεν
844 539 891 565 καὶ
907 538 933 565 τί

142 591 222 618 φησι”
243 583 276 610 Τί
301 583 348 609 ὅτι
373 580 459 608 εἶπεν
474 583 490 608 ό
516 580 597 614 Θεὸς,
621 582 662 608 Οὐ
677 581 719 616 μὴ
734 581 848 616 φάγητε
872 580 933 607 ἀπὸ

141 625 253 658 παντὸς
275 625 391 657 ξύλου;
419 623 476 650 Καὶ
500 623 554 658 μὴν
577 623 628 650 οὐκ
643 621 720 649 εἶπεν
736 625 750 650 6
761 623 828 654 Θεὸς
842 622 932 653 τοῦτο,

141 667 206 694 ἀλλά
221 666 254 692 τὸ
264 665 395 694 ἐναντίον.
408 665 479 699 Ὀρα
492 662 539 692 οὖν
551 664 719 700 κακουργίαν
732 664 780 691 τού
792 664 915 691 διαϐόλου
924 672 932 679 ο

142 708 200 736 εἰπε
212 708 244 735 τὸ
260 708 300 744 μὴ
313 707 470 744 εἰρημένον,
486 707 530 734 ἵνα
543 707 615 743 μάθῃ
628 707 659 733 τὸ
670 707 826 742 εἰρημένον.
839 706 871 733 Τί
886 704 933 733 οὖν

142 753 158 787 ἡ
175 751 242 786 γυνή
255 759 263 783 ;
275 751 339 777 Δέον
350 749 536 784 ἐπιστομίσαι,
546 749 605 775 δέον
615 748 652 784 μὴ
664 748 826 784 μεταδοῦναι
839 749 931 783 λόγου,

142 795 193 821 ὐπὺ
208 792 303 824 ἀνοίας
320 791 464 827 ἐξελάλησε
479 790 528 826 τὴν
544 790 657 826 γνώμην
673 791 723 826 τὴν
745 791 912 827 Δεσπστικήν
924 800 931 806 ·

142 837 185 864 διὰ
197 835 278 863 τοῦτο
291 834 429 870 παρέσχεν
445 833 519 868 αὐτῷ
536 833 621 869 λαϐὴν
635 833 758 869 ἰσχυράν.

175 879 206 905 δ’.
219 879 293 912 ὐρα
303 877 366 903 ὅσον
377 876 461 902 κακόν
475 876 532 901 ἐστι
546 875 577 902 τὸ
592 875 684 907 ἁπλῶς
695 877 751 908 τοῖς
766 875 874 910 ἐχθροῖς
886 875 934 902 καὶ

141 923 196 953 τοῖς
212 918 368 950 ἐπιϐούλοις
380 917 494 948 ἑαυτοὺς
506 916 680 952 ἐγχειρίζειν.
693 917 742 944 Διά
754 917 833 944 τοῦτο
845 918 860 944 6
871 918 933 952 Χρι-

142 963 203 994 στὸς
218 962 296 995 ἔλεγε
305 969 311 974 ·
322 962 351 986 Μ
355 959 372 993 ὴ
385 959 454 986 δότε
464 959 500 986 τὰ
514 959 583 993 ἅγια
593 958 655 991 τοῖς
662 959 746 990 κυσὶ,
758 958 836 993 μηδὲ
841 959 933 993 ῥίψῃ-

142 1014 172 1032 τε
183 1004 254 1036 τοὺς
265 1002 450 1037 μαργαρίτας
463 1000 547 1035 ὑμῶν
558 1001 729 1035 ἔμπροσθεν
744 1000 804 1026 τῶν
813 1001 932 1034 χοίρων,

140 1047 255 1082 μήποτε
276 1045 464 1082 στραφέντες
474 1042 611 1077 ῥήξωσιν
626 1041 714 1076 ὑμᾶς.
731 1041 816 1068 Τοῦτο
832 1041 860 1068 δὲ
871 1043 933 1076 ἐγέ-

142 1080 201 1116 νετο
214 1088 263 1114 ἐπὶ
278 1086 329 1121 τῆς
342 1080 415 1117 Εὔας
425 1092 434 1100 θ
456 1084 540 1111 ἔδωκε
554 1084 588 1110 τὰ
604 1083 670 1118 ἅγια
681 1084 721 1119 τῷ
736 1084 808 1116 κυνὶ,
820 1083 858 1119 τῷ
877 1084 934 1119 χοί-

143 1138 198 1167 ρῳ·
220 1129 415 1162 κατεπάτησεν
431 1128 534 1158 ἐκεῖνος
549 1126 584 1152 τὰ
605 1127 725 1162 ῥήματα,
742 1126 872 1161 στραφεὶς
887 1126 934 1162 Ep—

142 1172 207 1208 ρηξε
220 1172 271 1206 τὴν
282 1171 411 1204 γυναῖκα.
432 1169 486 1195 Καὶ
498 1168 549 1204 δρα
563 1168 621 1199 πῶς
636 1170 801 1204 κακουργεί-
827 1170 868 1195 οὐ
884 1172 934 1197 θα-

141 1214 220 1246 νάτῳ
232 1211 446 1242 ἀποθανεῖσθε,
460 1210 526 1245 φησί
535 1224 551 1236 ι.
567 1209 700 1237 Ἐνταῦοά
714 1218 759 1244 μοι
773 1210 933 1245 προσέχετε,

141 1257 181 1282 ὅτι
194 1253 296 1288 δυνατὴ
309 1250 344 1288 ἦν
355 1253 372 1288 ἡ
385 1252 455 1288 γυνὴ
471 1258 484 1272 δ
497 1251 611 1278 συνιδεῖν
624 1251 674 1287 τὴν
691 1252 809 1287 ἀπάτην.
825 1253 935 1284 Εὐθέως

141 1298 195 1333 γὰρ
208 1296 259 1332 τὴν
272 1295 374 1330 ἔχθραν
391 1295 440 1321 καὶ
465 1294 510 1320 τὸν
533 1293 649 1328 πόλεμον
677 1294 865 1330 προεκήρυττε
889 1293 935 1321 τὸν

142 1339 209 1375 πρὸς
219 1338 267 1364 τὸν
277 1337 356 1369 Θεὸν,
370 1335 470 1367 εὐθέως
481 1335 648 1367 ἀπεναντίας
661 1335 822 1370 ἐφθέγξατο.
833 1335 933 1362 Ἔστω·

141 1382 195 1417 πρὸ
209 1380 307 1408 τούτου
325 1375 482 1414 βουλομένῳ
506 1377 600 1412 μαθεῖν
620 1377 670 1413 τὴν
689 1377 802 1412 γνώμην
822 1377 934 1411 ἔλεγες·

143 1423 213 1458 μετά
225 1421 315 1449 ταῦτα
332 1420 444 1447 ἐναντία
459 1419 563 1446 εἰπόντι
574 1419 600 1445 τί
624 1419 801 1454 ἡκολούθεις;
821 1417 904 1446 Εἶπεν
921 1421 936 1446 6

141 1465 218 1497 Θεός·
236 1463 361 1496 Θανάτῳ
370 1461 571 1490 ἀποθανεῖσθε
582 1470 589 1477 ·
614 1461 814 1496 ἀντεφθέγξατο
831 1462 936 1494 τούτοις

141 1509 255 1538 ἐκεῖνος,
271 1506 322 1532 καὶ
336 1502 413 1531 εἶπεν
423 1512 430 1519 ·
440 1504 481 1530 Οὐ
499 1502 614 1536 θανάτῳ
626 1503 834 1530 ἀποθανεῖσθε.
846 1504 878 1529 Τί
889 1503 935 1530 τοῦ

141 1549 262 1584 πολέμου
274 1547 374 1574 τούτου
390 1545 578 1580 σαφέστερον;
592 1544 675 1571 πόθεν
685 1544 798 1571 ἄλλοθεν
815 1545 868 1571 ἔδει
882 1554 935 1581 μαι

141 1591 197 1618 θεῖν
207 1590 256 1616 τὸν
275 1589 374 1624 ἐχθρὸν
388 1588 435 1615 καὶ
452 1587 591 1622 πολέμιον,
604 1587 660 1613 ἀλλ’
672 1587 688 1622 ἤ
706 1586 830 1613 ἐντεῦθεν
845 1588 878 1614 ἐκ
888 1587 936 1614 τοῦ

141 1631 373 1666 ἀντιφθέγξασθαι
387 1629 428 1664 τῷ
443 1629 521 1664 Θεῴι
536 1629 610 1655 Ἔδει
621 1629 711 1654 τοίνυν
728 1631 824 1663 φυγεῖν
836 1628 937 1661 εὐθέως

140 1676 170 1702 τὸ
178 1675 287 1709 δέλεαρ,
299 1673 353 1699 ἔδει
370 1672 422 1707 τῆς
434 1671 546 1705 παγίδος
559 1671 746 1706 ἀποπηδῆσαι.
759 1672 800 1697 Οὐ
819 1671 938 1705 θανάτῳ

140 1715 353 1745 ἀποθανεῖσθε,
364 1713 456 1748 φησιν’
469 1713 530 1747 ῇδει
538 1713 593 1747 γὰρ
601 1715 618 1739 ὁ
629 1712 710 1746 Θεὸς,
719 1712 762 1739 ὅτι
769 1710 790 1748 ᾖ
797 1712 835 1739 ἂν
843 1713 938 1748 ἡμέρᾳ

140 1758 266 1793 φάγητε,
280 1754 545 1789 διανοιχθήσονται
566 1754 650 1787 ὑμῶν
661 1756 688 1780 οἱ
705 1755 864 1789 ὀφθαλμοὶ,
887 1754 938 1782 καὶ

140 1800 252 1827 ἔσεσθε
275 1798 317 1831 ὡς
342 1797 415 1824 θεοί.
437 1796 539 1823 Ἐλπίδι
560 1795 683 1831 μείζονος
702 1797 875 1832 ὑποσχέσεως
890 1797 937 1823 καὶ

140 1843 176 1868 τὰ
194 1843 222 1867 ἐν
236 1840 332 1876 χερσὶν
349 1838 476 1872 ἐξέϐαλεν
492 1837 599 1872 ἀγαθά-
617 1837 799 1872 ἐπηγγείλατο
814 1839 937 1874 ποιήσειν

142 1884 231 1914 θεοὺς,
245 1882 296 1909 καὶ
307 1880 458 1908 κατέϐαλεν
473 1881 513 1911 εἰς
530 1880 579 1914 τὴν
592 1879 639 1905 τοῦ
651 1879 766 1906 Θανάτου
781 1880 935 1915 τυραννίδα.

142 1925 228 1953 Πόθεν
246 1921 295 1950 οὖν
312 1923 486 1953 ἐπίστευσας,
499 1919 520 1948 ὧ
529 1921 620 1955 γύναι,
633 1921 673 1956 τῷ
685 1921 801 1956 διαϐόλῳ
813 1931 821 1955 ;
838 1921 864 1948 τί
876 1931 938 1949 συν-

141 1968 210 1998 εῖδες
225 1965 349 2000 ἀγαθόν;
364 1965 414 1991 οὑκ
428 1964 535 1999 ἧρκειή
551 1962 706 1995 ἀξιοπιστία
716 1963 763 1989 τοῦ
779 1963 936 1999 νομοθέτου,

141 2010 183 2035 ὃτι
198 2010 211 2035 6
226 2009 277 2043 μὲν
292 2007 360 2038 Θεδς
373 2006 421 2033 καὶ
432 2005 599 2041 δημιουργὸς
612 2005 659 2032 καὶ
674 2005 798 2040 ποιητὴς,
810 2007 824 2032 6
838 2005 867 2032 δὲ
881 2006 938 2032 διά-

142 2051 220 2082 ϐολος
239 2049 290 2076 καὶ
315 2048 431 2084 ἐχθρός;
451 2048 506 2074 Καὶ
522 2046 599 2073 οῠπω
617 2047 689 2080 λέγω
711 2047 851 2073 διάϐολον
875 2048 938 2082 ὄφιν

141 2093 224 2119 αὑτὸν
235 2090 362 2126 ἐνόμιζες
378 2088 446 2116 εἶναι
458 2089 551 2124 ψιλόν·
568 2088 630 2122 ὅφιν
644 2087 701 2121 οὖν,
718 2089 778 2115 εἰπέ
796 2098 858 2124 μοι,
874 2098 939 2116 ’τοσ-

142 2135 229 2169 αύτης
246 2132 392 2168 ἰσηγορίας
406 2131 523 2164 ἀξιῶσαι
538 2131 633 2166 ἐχρῆν,
648 2131 687 2162 ὡς
709 2131 756 2157 καὶ
768 2132 937 2166 Δεσποτικὴν

142 2176 256 2211 γνώμην
270 2173 431 2208 ἐξαγγεῖλαι
445 2173 538 2208 αὑτῷ;
559 2173 639 2209 Ὁρᾷς
651 2173 692 2199 ὅτι
704 2172 816 2199 δυνατὸν
828 2170 863 2208 ἦν
875 2181 938 2200 συν-

145 2219 209 2245 ιδεῖν
228 2217 279 2253 τὴν
294 2217 415 2251 ἀπάτην,
434 2215 490 2241 ἀλλ’
505 2215 555 2241 οὐκ
571 2214 704 2249 ἠθέλησεν
720 2214 800 2250 αὕτη.
815 2215 912 2241 Καίτοι
925 2216 938 2242 6

145 2261 193 2296 μὲν
212 2260 281 2291 Θεὸς
296 2259 394 2289 ἱκανὰς
413 2257 497 2284 ἔδωκε
512 2257 562 2292 τῆς
581 2256 741 2292 εὐεργεσίας
766 2257 815 2292 τῆς
839 2257 938 2283 ἐαυτοῦ

143 2302 192 2334 τὰς
205 2300 374 2333 ἀποδείξεις,
391 2300 439 2326 καὶ
458 2299 503 2325 διὰ
521 2299 576 2325 τῶν
591 2298 679 2334 ἔργων
702 2298 751 2334 τὴν
776 2299 939 2334 κηδεμονίαν

144 2343 316 2377 ἐπεδείξατο·
332 2342 383 2368 καὶ
396 2341 450 2376 γὰρ
467 2341 516 2367 οὐκ
531 2340 595 2366 ἧντα
606 2340 652 2366 τὸν
665 2340 808 2375 ἄνθρωπον
824 2341 937 2373 ἔπλασε,

144 2386 190 2412 καὶ
204 2384 296 2420 ψυχὴν
306 2383 464 2416 ἐνέπνευσε,
475 2382 523 2409 καὶ
531 2383 591 2408 κατ’
599 2382 690 2409 εἰκόνα
703 2382 784 2409 αὑτὸν
800 2383 936 2419 ἐποίησεν,

145 2428 264 2463 ἀρχοντα
278 2426 334 2453 τῶν
347 2425 394 2451 ἐπὶ
407 2425 459 2460 γῆς
475 2425 591 2459 ποιήσας
610 2424 753 2456 ἁπάντων,
771 2426 819 2451 καὶ
841 2425 938 2461 βοηθὸν

145 2469 304 2504 ἐχαρίσατο,
323 2468 375 2494 καὶ⁸
387 2467 550 2502 παράδεισον
563 2467 706 2501 ἐφύτευσε,
722 2468 768 2493 καὶ
778 2467 827 2503 τὴν
842 2469 939 2504 χρῆσιν

145 2512 197 2538 τῶν
211 2511 317 2538 λοιπῶν
334 2509 484 2545 ἐπιτρέψας
496 2509 622 2544 δένδρων,
633 2509 692 2541 ἐνὸς
709 2510 882 2546 ἀπηγόρευσε
900 2511 938 2546 μὴ

146 2554 266 2589 ὀψασθαι
278 2553 356 2590 [273]
374 2551 473 2588 μόνου·
497 2551 543 2578 καὶ
563 2551 643 2578 τοῦτο
656 2551 686 2578 δὲ
708 2552 775 2579 αὐτὸ
795 2553 939 2588 χρησίμως

145 2595 294 2622 ἐκώλυσεν.
313 2594 343 2621 Ὀ
358 2594 387 2620 δὲ
399 2593 522 2625 διάϐολος
535 2593 607 2629 ἔργῳ
617 2593 667 2629 μὲν
677 2593 739 2620 οὔτε
755 2595 863 2630 μικρὸν,
876 2594 939 2621 οὔτε

147 2637 218 2673 μέγα
244 2637 404 2669 ἐπεδείξατο
419 2636 532 2670 ἀγαθὸν,
549 2637 653 2672 ῥήμασι
667 2636 696 2662 δὲ
720 2636 807 2672 ψιλοῖς
833 2637 940 2673 ἐπάρας

145 2680 194 2715 τὴν
209 2681 336 2714 γυναῖκα,
357 2679 407 2706 καὶ
432 2679 557 2713 φυσήσας
584 2679 644 2710 ταῖς
666 2679 796 2714 ματαίαις
823 2679 938 2712 ἐλπίσιν,

145 2721 232 2754 οὕτως
246 2722 404 2757 ἠπάτησεν.
425 2720 496 2747 Ἀλλ’
510 2721 584 2756 ὅμως
598 2720 645 2748 τοῦ
662 2721 729 2748 Θεοῦ
750 2722 796 2748 τὸν
817 2722 940 2750 διάϐολον

146 2763 369 2800 ἀξιοπιστότερον
382 2760 453 2789 εἶναι
466 2762 586 2798 ἐνόμισε,
598 2763 695 2797 ,καίτοι
714 2763 758 2791 διὰ
774 2763 828 2792 τῶν
851 2763 940 2800 ἔργων

179 2890 190 2904 ⁸
199 2891 261 2924 Reg.
271 2892 308 2917 ἇτι
321 2891 424 2917 δυνατὸν
433 2891 462 2922 ῆν
472 2895 500 2923 τῇ
510 2893 610 2922 γυναικί.

634 143 678 171 DE
696 142 847 171 DIABOLO
867 140 1090 170 TENTATORE.
1111 142 1227 172 HOMIL.
1248 144 1293 172 lll.

1718 147 1775 177 270

985 202 1192 238 ἐπιδειξαμένου
1208 204 1258 239 τὴν
1273 204 1389 232 εὔνοιαν·
1418 205 1584 242 τὰ,ῥήματα
1605 206 1671 242 ψιλά
1686 215 1774 242 προσ-

984 245 1124 279 ενεγκόντι
1136 246 1205 281 μόνα
1215 267 1223 278 ,
1243 247 1311 274 ἄλλο
1325 246 1353 273 δὲ
1367 247 1454 279 οὐδὲν,
1473 248 1632 276 ἐπίστευσεν
1651 250 1667 286 ἡ
1693 251 1773 286 γυνή.

990 286 1072 322 Ὀρᾷς
1081 287 1156 319 ὅπως
1168 287 1197 321 ἐξ
1210 288 1304 320 ἀνοίας
1320 289 1404 324 μόνης
1423 289 1470 315 καὶ
1482 290 1618 326 ῥᾳθυμίας
1627 311 1634 323 ,
1654 292 1704 318 οὐκ
1720 292 1775 319 ἀπὸ

984 327 1071 364 βίαςή
1089 329 1180 365 ἀπάτη
1193 329 1289 364 γέγονε
1301 339 1309 363 ;
1325 331 1381 357 Καὶ
1398 331 1441 357 ἴνα
1454 331 1543 368 μάθῃς
1558 333 1624 359 αὐτὸ
1640 334 1774 368 σαφέστε-

985 378 1042 406 ρον,
1059 370 1185 403 ἄκουσον,
1201 372 1260 403 πῶς
1275 372 1323 398 καλ¹
1347 374 1363 408 ὴ
1381 373 1476 409 Γραφὴ
1493 377 1643 411 κατηγορεῖ
1665 376 1714 411 τῆς
1730 385 1775 410 γυ.

984 412 1087 444 ναικός.
1103 414 1140 439 Οὐ
1155 413 1209 448 γὰρ
1223 411 1311 446 εἶπεν,
1330 414 1523 451 Ἀπατηθεῖσα,
1537 416 1605 448 ἀλλ’,
1630 417 1732 444 ’ἰδοῦσα
1745 419 1775 444 τὸ

985 453 1072 486 ξύλον,
1090 455 1131 481 ὅτι
1150 455 1251 490 ὡραῖόν
1275 456 1361 488 ἐστιν,
1384 456 1495 491 ἔφαγεν.
1516 457 1598 484 Ὥστε
1622 459 1671 494 τῆς
1687 460 1775 493 ὅψεως

984 498 1034 532 τῆς
1047 497 1183 531 ἀκρατοῦς
1200 498 1230 524 τὸ
1244 497 1381 533 ἔγκλημα,
1399 499 1429 525 οὐ
1442 499 1493 534 τῆς
1507 499 1616 536 ἀπάτης
1632 501 1682 536 τῆς
1700 503 1775 536 παρά

983 538 1031 565 τοῦ
1046 538 1168 565 διαϐόλου
1185 539 1268 574 μόνης
1281 548 1287 554 ·
1305 540 1357 566 ὑπὸ
1371 541 1425 575 γὰρ
1439 541 1489 576 τῆς
1509 541 1657 576 ἐπιθυμίας
1671 543 1773 578 ἡττήθη

983 581 1035 614 τῆς
1050 581 1164 613 οἰκείας,
1181 581 1230 616 οὐχ
1244 581 1296 608 ὑπὸ
1310 582 1359 617 τῆς
1371 582 1503 617 πονηρίας
1519 582 1566 609 τοῦ
1577 583 1712 618 δαίμονος.
1725 586 1775 611 Διά

983 621 1063 648 τοῦτο
1076 622 1136 648 οὐδὲ
1154 622 1319 658 συγγνώμης
1332 623 1501 659 ἀπήλαυσεν,
1519 624 1576 650 ἀλλ’
1593 625 1718 657 εἰποῦσα,
1733 626 1774 652 ὅτι

990 664 1018 690 '0
1038 663 1266 698 ὄφιςοὴπάτησέ
1291 673 1340 699 με.
1358 666 1405 692 καὶ
1433 665 1504 692 οὕτω
1531 666 1609 701 δίκην
1621 666 1703 693 ἔδωκε
1725 667 1774 703 τὴν

985 707 1102 742 ἐσχάτην
1112 715 1118 721 ·
1133 708 1162 733 ἐν
1176 707 1244 742 αὐτῇ
1262 707 1315 743 γὰρ
1328 705 1362 742 ἦν
1375 708 1405 734 τὸ
1424 708 1461 743 μὴ
1474 710 1578 735 πεσεῖν.
1595 709 1651 736 Καὶ
1667 709 1710 736 ἵνα
1721 710 1774 744 μά-

984 748 1034 784 θῃς
1049 748 1128 775 τοῦτο
1140 749 1318 784 σαφέστερον,
1339 749 1405 784 φέρε
1417 750 1464 776 ἐπὶ
1484 750 1530 776 τὸν
1554 750 1613 777 Ἰὼϐ
1631 751 1676 778 τὸν
1696 751 1774 786 λόγον

983 790 1143 826 ἀγάγωμεν,
1156 790 1210 816 ἀπὸ
1222 790 1275 817 τῶν
1287 792 1457 826 ἡττηθέντων
1471 793 1518 819 ἐπὶ
1532 793 1576 819 τὸν
1587 794 1771 829 κρατήσαντα.

984 833 1038 860 ἀπὸ
1052 833 1106 858 τῶν
1120 833 1304 868 νενικημένων
1323 834 1370 860 ἐπὶ
1390 833 1434 860 τὸν
1451 834 1612 870 νενικηκότα
1623 843 1630 850 °
1654 835 1701 861 καὶ
1719 835 1773 870 γὰρ

984 875 1096 902 πλείονα
1118 875 1183 910 ἡμῖν
1200 871 1277 906 οὗτος
1290 874 1370 901 δώσει
1387 875 1551 911 προθυμίαν,
1573 876 1643 903 ὥστε
1660 877 1774 912 ἀντᾶραι

984 918 1079 951 χεῖρας
1095 916 1165 943 κατά
1184 916 1230 942 τοῦ
1247 916 1380 943 διαϐόλου.
1401 918 1475 944 Ἐκεῖ
1489 918 1549 952 δφις
1568 915 1602 953 ἦν
1613 918 1628 943 ό
1648 918 1772 950 ἀπατῶν,

985 959 1031 985 καὶ
1041 959 1191 993 ἐκράτησεν
1200 966 1206 972 '
1219 958 1336 985 ἐνταῦθα
1346 959 1426 994 γυνὴ,
1439 959 1484 986 καὶ
1494 960 1543 986 οὐκ
1557 959 1650 994 ἴσχυσε
1661 967 1668 974 '
1684 960 1773 986 καίτοι

985 1008 1016 1034 γε
1028 1000 1098 1035 αὕτη
1113 1000 1203 1035 πολλῷ
1214 1000 1385 1036 πιθανωτέρα
1395 1001 1512 1028 ἐκείνου.
1528 1001 1584 1027 Καὶ
1593 1001 1632 1036 τῴ
1651 1002 1700 1037 μὲν
1714 1001 1773 1028 Ἰὼϐ

987 1042 1056 1077 μετά
1069 1042 1118 1078 τὴν
1133 1041 1271 1068 ἀπώλειαν
1289 1041 1344 1068 τῶν
1356 1042 1514 1077 χρημάτων,
1532 1043 1601 1077 μετὰ
1614 1043 1663 1078 τὴν
1679 1043 1774 1070 ἀποϐο-

984 1084 1034 1119 λὴν
1043 1084 1097 1110 τῶν
1117 1084 1220 1110 παίδων
1236 1084 1283 1110 καὶ
1298 1084 1346 1118 τὴν
1358 1084 1498 1118 γύμνωσιν
1517 1084 1571 1111 τῶν
1589 1085 1674 1111 όντων
1687 1085 1774 1112 ἁπάν-

984 1135 1038 1153 των
1052 1127 1068 1162 ή
1091 1126 1198 1162 μηχανὴ
1211 1127 1364 1162 προσήγετο
1375 1135 1382 1142 ·
1393 1127 1452 1153 ἐκεῖ
1461 1127 1489 1153 δὲ
1505 1127 1580 1154 οὐδὲν
1593 1128 1712 1155 τοιοῦτον
1727 1125 1770 1164 ἦν·

985 1169 1034 1195 οὐκ
1048 1167 1167 1194 ἀπέϐαλε
1178 1167 1286 1199 παῖδας,
1302 1168 1352 1194 οὐκ
1363 1167 1487 1194 ἀπώλεσε
1504 1169 1635 1204 χρήματα
1648 1170 1662 1195 6
1677 1169 1772 1205 Ἀδὰμ,

985 1211 1034 1237 οὐκ
1049 1209 1095 1236 ἐπὶ
1108 1210 1224 1245 κοπρίας
1237 1209 1363 1244 ἐκάθητο,
1374 1209 1442 1236 ἀλλὰ
1456 1210 1619 1245 παράδεισον
1633 1210 1699 1246 ᾤκει
1710 1219 1774 1246 τρυε

986 1252 1050 1287 φῆς,
1075 1252 1122 1278 καὶ
1138 1251 1252 1287 δένδρων
1276 1252 1399 1286 ἀπήλαυε
1424 1251 1601 1278 παντοδαπῶν
1620 1253 1668 1279 καὶ
1683 1253 1775 1288 πηγῆς

987 1294 1033 1320 καὶ
1044 1293 1173 1328 ποταμῶν
1190 1294 1236 1320 καὶ
1251 1295 1299 1328 τῆς
1311 1293 1393 1329 ἄλλης
1408 1294 1499 1326 ἀδείας
1510 1294 1629 1329 ἀπάσης.
1647 1294 1774 1330 οὐδαμοῦ

986 1336 1068 1366 πόνος
1079 1335 1139 1361 οὐδὲ
1154 1335 1243 1370 ὀδύνη.
1262 1335 1322 1361 οὐδὲ
1346 1335 1449 1369 ἀθυμία
1470 1335 1517 1362 καὶ
1534 1335 1690 1371 φροντίδες,
1714 1336 1776 1362 οὐδὲ

986 1377 1073 1412 ὀνείδη
1089 1377 1135 1403 καὶ
1145 1377 1283 1413 λοιδορίαι,
1299 1377 1359 1402 οὐδὲ
1375 1377 1409 1403 τὰ
1427 1377 1512 1412 μυρία.
1523 1377 1607 1409 κακὰ,
1622 1377 1694 1412 ἅπερ
1709 1386 1776 1404 κατι-

986 1419 1106 1454 έσκηψεν
1121 1419 1160 1450 είς
1171 1418 1216 1445 τὸν
1237 1418 1296 1444 Ἰώϐ
1309 1427 1315 1432 ·
1329 1418 1385 1444 ἀλλ’
1402 1419 1477 1453 ὅμως
1497 1419 1604 1450 οὐδενὸς
1622 1419 1699 1450 ὄντος
1721 1427 1776 1445 τοι·

986 1460 1075 1493 ούτου,
1087 1461 1222 1487 κατέπεσε
1235 1461 1283 1487 καὶ
1297 1460 1491 1494 ὑπεσκελὶσθη.
1514 1459 1573 1488 Οὐκ
1594 1460 1714 1497 εὔδηλον,
1733 1462 1775 1488 ὃτι

986 1502 1031 1529 διὰ
1056 1502 1213 1537 ρᾳθυμίαν;
1239 1502 1343 1537 Ὥσπερ
1359 1500 1405 1528 οὖν
1431 1503 1535 1534 ἐκεῖνος
1549 1503 1657 1530 πάντων
1674 1504 1775 1530 τούτων

987 1545 1168 1578 ἐπικειμένων
1182 1543 1229 1570 καὶ
1256 1543 1410 1579 βαρούντων
1437 1543 1502 1579 ἔστη
1518 1545 1660 1578 γενναίως,
1674 1545 1722 1572 καὶ
1743 1546 1774 1572 οὐ

987 1587 1148 1620 κατέπεσεν,
1158 1587 1207 1612 οὐκ
1217 1585 1326 1620 εὔδηλον
1333 1586 1373 1612 ὅτι
1385 1586 1431 1612 καὶ
1441 1582 1518 1617 οὗτος
1526 1586 1569 1612 διὰ
1580 1586 1659 1622 νῆψιν
1669 1586 1774 1622 ψυχῆς;

1039 1633 1070 1656 ε’.
1086 1625 1631 1664 Ἐκατέρωθενοῦν,ἀγαπητέ,κάρπωσαι
1647 1629 1776 1664 μέγιστον

989 1670 1093 1707 κέρδος,
1112 1670 1160 1696 καὶ
1174 1669 1243 1704 φύγε
1267 1669 1313 1695 τὸν
1334 1669 1380 1695 τοῦ
1404 1669 1490 1704 Ἀδὰμ
1516 1669 1606 1704 ζῆλον,
1633 1670 1710 1702 εἰδὼς
1725 1670 1776 1697 ὃσα

988 1712 1042 1740 ἀπὸ
1053 1712 1101 1746 τῆς
1116 1711 1251 1747 ῥᾳθυμίας
1265 1711 1385 1738 τίκτεται
1393 1711 1482 1738 κακά’
1493 1710 1613 1747 ζήλωσον
1622 1711 1651 1738 δὲ
1665 1712 1714 1747 τὴν
1727 1711 1775 1738 τοῦ

993 1754 1053 1781 Ἰὼϐ
1065 1754 1217 1785 εὐλάϐειαν,
1231 1751 1324 1788 μαθὼν
1339 1754 1388 1780 ὅσα
1401 1753 1454 1780 ἀπὸ
1469 1754 1519 1789 τῆς
1531 1753 1649 1789 σπουδῆς
1658 1753 1775 1789 βλαστά-

988 1805 1028 1823 νει
1041 1795 1123 1822 καλά·
1140 1795 1234 1822 τοῦτον
1248 1795 1392 1826 διαπαντὸς
1409 1794 1517 1829 λογίζου
1534 1795 1580 1821 τὸν
1602 1796 1775 1831 στεφανίτην,

989 1839 1035 1865 καὶ
1047 1838 1135 1872 πάσης
1145 1836 1240 1872 ὀδύνης
1251 1837 1298 1863 καὶ
1308 1837 1494 1872 περιστάσεως
1504 1837 1597 1872 ἱκανὴν
1607 1838 1677 1870 ἕξεις
1689 1846 1776 1871 παραυ

989 1880 1097 1916 μυθίαν.
1107 1879 1239 1914 Καθάπερ
1246 1878 1299 1914 γάρ
1307 1879 1335 1904 ἐν
1344 1879 1425 1913 κοινῷ
1437 1879 1542 1915 θεάτρῳ
1552 1880 1602 1914 τῆς
1614 1880 1776 1915 οἰκουμένης

989 1922 1074 1954 ἑστὼς
1086 1923 1100 1948 6
1111 1921 1243 1958 μακάριος
1257 1922 1303 1947 καὶ
1313 1923 1436 1955 γενναῖος
1446 1922 1559 1953 ἐκεῖνος,
1570 1922 1655 1948 ἅπασι
1669 1921 1712 1948 διὰ
1723 1923 1777 1949 τῶν

990 1964 1200 2000 συμϐεϐηκότων
1217 1963 1291 1997 αὺτῷ
1305 1962 1399 1990 παθῶν
1413 1963 1565 1997 διαλέγεται
1582 1964 1669 1990 πάντα
1685 1965 1777 1998 φέρειν

988 2006 1023 2033 τὰ
1039 2006 1228 2041 συμπίπτοντα
1241 2005 1381 2039 γενναίως,
1398 2005 1445 2031 καὶ
1463 2005 1530 2040 πρὸς
1547 2005 1629 2040 μηδὲν
1647 2005 1777 2032 ἐνδιδόναι

987 2048 1041 2075 τῶν
1052 2048 1182 2075 ἐπιόντων
1196 2047 1300 2074 δεινῶν.
1315 2047 1352 2073 Οὐ
1367 2047 1420 2082 γὰρ
1434 2047 1517 2079 ἐστιν,
1543 2048 1593 2074 οὐκ
1610 2047 1682 2073 ἐστιν
1701 2047 1777 2074 οὐδὲν

988 2091 1157 2126 ἀνθρώπινον
1168 2090 1262 2121 πάθος,
1274 2089 1288 2116 ὃ
1302 2089 1338 2125 μὴ
1353 2089 1462 2116 δύναται
1479 2089 1656 2125 παραμυθίαν
1671 2089 1776 2117 ἐκεῖθεν

988 2133 1130 2166 δέξασθαι·
1145 2132 1164 2159 ἃ.
1179 2131 1233 2167 γὰρ
1249 2132 1277 2158 ἐν
1294 2131 1368 2167 πάσῃ
1395 2132 1428 2166 τῇ
1451 2131 1595 2167 οἰκουμένῃ
1616 2131 1777 2168 διέσπαρται

990 2175 1074 2211 πάθη,
1087 2174 1171 2201 ταῦτα
1184 2173 1252 2209 ὁμοῦ
1266 2172 1426 2199 συνελθόντα
1435 2174 1475 2204 εἰς
1488 2173 1516 2199 ἐν
1528 2173 1606 2207 σῶμα
1620 2173 1777 2208 κατέσκηψε

988 2219 1019 2247 τὸ
1031 2218 1145 2244 ἐκείνου.
1161 2216 1209 2248 Τίς
1220 2214 1265 2242 οὖν
1276 2215 1352 2241 ἔσται
1367 2214 1514 2250 συγγνώμη
1529 2215 1567 2249 τῷ
1581 2215 1619 2251 μὴ
1637 2217 1777 2251 δυναμένῳ

989 2271 1015 2288 τι
1031 2261 1112 2296 μέρος
1122 2259 1176 2286 τῶν
1190 2257 1362 2293 ἐπαχθέντων
1377 2257 1472 2292 ἐκείνῳ
1485 2257 1578 2284 δεινῶν
1593 2259 1651 2293 μετ’
1666 2258 1777 2294 εὐχαρι-

991 2304 1067 2335 στίας
1081 2301 1155 2339 [274]
1167 2302 1297 2335 ἐνεγκεῖν,
1310 2300 1338 2331 ὃς
1352 2300 1389 2335 μὴ
1407 2300 1488 2336 μέρος
1504 2300 1780 2335 μόνον,ἀλλ“όλὸκλη-

991 2355 1025 2382 ρα
1038 2345 1161 2380 φαίνεται
1175 2344 1208 2370 τὰ
1225 2343 1333 2370 πάντων
1347 2341 1497 2377 ἀνθρώπων
1513 2343 1604 2379 φέρων
1618 2343 1707 2374 κακά;
1725 2344 1780 2370 Καὶ

990 2390 1033 2415 ἴνα
1047 2387 1083 2423 μὴ
1093 2385 1236 2420 καταγνῴς
1245 2384 1397 2419 ὑπερϐολὴν
1406 2384 1453 2410 τοῦ
1464 2384 1554 2418 λόγου,
1564 2384 1630 2420 φέρε
1643 2385 1704 2412 καθ’
1719 2386 1780 2412 ἐκα-

991 2438 1053 2456 στον
1082 2427 1320 2464 προχειρισάμενοι
1348 2426 1403 2453 τῶν
1427 2426 1595 2453 ἐπελθόντων
1617 2426 1701 2462 αὐτῷ,
1730 2428 1780 2462 τὴν

991 2472 1136 2507 ὑπόσχεσιν
1152 2470 1254 2505 ταύτην
1266 2469 1423 2504 ἐπάγωμεν.
1437 2469 1501 2500 Καὶ,
1519 2470 1543 2496 εί
1555 2469 1653 2504 βούλει,
1669 2470 1700 2496 τὸ
1711 2470 1780 2496 πάν-

989 2522 1044 2541 των
1060 2512 1261 2548 ἀφορητότερον
1277 2509 1348 2538 εἶναι
1368 2511 1475 2543 δοκοῦν,
1496 2511 1604 2546 πρῶτον
1630 2513 1670 2543 εἰς
1697 2513 1780 2548 μέσον

991 2555 1149 2590 ἀγάγωμεν,
1166 2553 1216 2589 τὴν
1230 2553 1325 2580 πενίαν
1339 2553 1419 2587 λέγω,
1439 2552 1486 2579 καὶ
1498 2553 1548 2588 τὴν
1563 2553 1596 2580 ὲκ
1607 2553 1708 2589 ταύτης
1721 2554 1781 2580 ὀδύ-

991 2606 1040 2632 νην
1050 2605 1056 2612 ·
1071 2596 1150 2623 τοῦτο
1163 2596 1216 2631 γὰρ
1229 2594 1368 2629 πανταχοῦ
1383 2595 1484 2626 πάντες
1492 2595 1628 2630 ἄνθρωποι
1640 2595 1778 2631 θρηνοῦσι.

991 2639 1024 2665 Τί
1038 2637 1084 2665 οὖν
1097 2637 1145 2664 τοῦ
1166 2637 1227 2664 Ἰὼϐ
1242 2638 1403 2673 πενέστερον
1419 2637 1433 2657 1³
1448 2637 1569 2671 γέγονεν,
1583 2637 1612 2669 ὃς
1624 2637 1670 2664 καὶ
1683 2638 1738 2664 τῶν
1752 2638 1781 2664 ἐν

992 2679 1143 2716 βαλανείοις
1159 2679 1345 2715 ἐρριμμένων,
1360 2678 1408 2706 καὶ
1421 2679 1476 2706 τῶν
1488 2680 1518 2705 ὲν
1528 2680 1561 2715 τῇ
1577 2679 1720 2715 καμινιαίᾳ
1737 2679 1782 2706 τέω

992 2731 1049 2759 φρᾳ
1062 2721 1260 2754 καθευδόντων,
1277 2722 1324 2748 καὶ
1341 2722 1449 2748 πάντων
1465 2721 1556 2753 ἁπλῶς
1569 2720 1719 2757 ἀνθρώπων
1733 2730 1782 2748 πε-

991 2766 1117 2801 νέστερος
1131 2761 1182 2800 ἧνς
1195 2761 1274 2791 οὗτοι
1295 2763 1345 2799 μὲν
1358 2763 1413 2799 γὰρ
1423 2763 1474 2790 κᾶν
1489 2763 1595 2799 ἱμάτιον
1609 2763 1699 2799 ἔχουσι
1710 2762 1782 2799 διερ-

1025 2891 1040 2910 ι*
1053 2891 1106 2917 Duo
1118 2898 1175 2916 mss.
1186 2892 1220 2920 τίς
1231 2891 1272 2916 οὖν
1289 2891 1344 2916 Ἰὼϐ
1353 2891 1501 2923 πενέστερος.
