  <div class='ocr_page' id='page_1' title='image "/cluster/home/n/w/nwhite01/storage/ocr_20150623/49-50/njp.32101077772620/273.png"; bbox 0 0 1978 3130; ppageno 0'>
   <div class='ocr_carea' id='block_1_1' title="bbox 217 140 267 171">
    <p class='ocr_par' dir='ltr' id='par_1_1' title="bbox 217 140 267 171">
     <span class='ocr_line' id='line_1_1' title="bbox 217 140 267 171; baseline -0.02 0"><span class='ocrx_word' id='word_1_1' title='bbox 217 140 267 171; x_wconf 62' lang='lat'>17!</span> 
     </span>
    </p>
   </div>
   <div class='ocr_carea' id='block_1_2' title="bbox 219 201 1008 238">
    <p class='ocr_par' dir='ltr' id='par_1_2' title="bbox 219 201 1008 238">
     <span class='ocr_line' id='line_1_2' title="bbox 219 201 1008 238; baseline 0 -10"><span class='ocrx_word' id='word_1_2' title='bbox 219 203 315 237; x_wconf 75' lang='grc' dir='ltr'>ρωγὸς,</span> <span class='ocrx_word' id='word_1_3' title='bbox 327 203 428 233; x_wconf 84' lang='grc' dir='ltr'>ἐκεῖνος</span> <span class='ocrx_word' id='word_1_4' title='bbox 441 202 467 229; x_wconf 82' lang='grc' dir='ltr'>δὲ</span> <span class='ocrx_word' id='word_1_5' title='bbox 475 202 577 238; x_wconf 77' lang='grc' dir='ltr'>γυμνὸς</span> <span class='ocrx_word' id='word_1_6' title='bbox 587 202 716 235; x_wconf 86' lang='grc' dir='ltr'>ἐκάθητο,</span> <span class='ocrx_word' id='word_1_7' title='bbox 727 202 775 229; x_wconf 58' lang='grc' dir='ltr'>καὶ¹</span> <span class='ocrx_word' id='word_1_8' title='bbox 785 202 799 228; x_wconf 76' lang='grc' dir='ltr'><strong>ὃ</strong></span> <span class='ocrx_word' id='word_1_9' title='bbox 812 202 891 237; x_wconf 89' lang='grc' dir='ltr'>μόνον</span> <span class='ocrx_word' id='word_1_10' title='bbox 901 201 1008 235; x_wconf 79' lang='grc' dir='ltr'>ἱμάτιον</span> 
     </span>
    </p>
   </div>
   <div class='ocr_carea' id='block_1_3' title="bbox 217 242 1008 281">
    <p class='ocr_par' dir='ltr' id='par_1_3' title="bbox 217 242 1008 281">
     <span class='ocr_line' id='line_1_3' title="bbox 217 242 1008 281; baseline -0.001 -11"><span class='ocrx_word' id='word_1_11' title='bbox 217 242 274 279; x_wconf 81' lang='grc' dir='ltr'>εἶχε</span> <span class='ocrx_word' id='word_1_12' title='bbox 291 244 368 279; x_wconf 85' lang='grc' dir='ltr'>παρά</span> <span class='ocrx_word' id='word_1_13' title='bbox 392 245 442 279; x_wconf 85' lang='grc' dir='ltr'>τῆς</span> <span class='ocrx_word' id='word_1_14' title='bbox 457 244 575 279; x_wconf 81' lang='grc' dir='ltr'>φύσεως,</span> <span class='ocrx_word' id='word_1_15' title='bbox 604 245 653 281; x_wconf 85' lang='grc' dir='ltr'>τῆς</span> <span class='ocrx_word' id='word_1_16' title='bbox 669 245 770 280; x_wconf 77' lang='grc' dir='ltr'>σαρκὸς</span> <span class='ocrx_word' id='word_1_17' title='bbox 784 245 833 280; x_wconf 86' lang='grc' dir='ltr'>τὴν</span> <span class='ocrx_word' id='word_1_18' title='bbox 850 243 1008 280; x_wconf 80' lang='grc' dir='ltr'>περιϐολὴν,</span> 
     </span>
    </p>
   </div>
   <div class='ocr_carea' id='block_1_4' title="bbox 217 285 1009 322">
    <p class='ocr_par' dir='ltr' id='par_1_4' title="bbox 217 285 1009 322">
     <span class='ocr_line' id='line_1_4' title="bbox 217 285 1009 322; baseline 0 -11"><span class='ocrx_word' id='word_1_19' title='bbox 217 285 321 321; x_wconf 81' lang='grc' dir='ltr'>χαλεπῇ</span> <span class='ocrx_word' id='word_1_20' title='bbox 338 285 463 321; x_wconf 79' lang='grc' dir='ltr'>σηπεδόνι</span> <span class='ocrx_word' id='word_1_21' title='bbox 477 286 525 313; x_wconf 78' lang='grc' dir='ltr'>καὶ</span> <span class='ocrx_word' id='word_1_22' title='bbox 543 286 623 314; x_wconf 82' lang='grc' dir='ltr'>τοῦτο</span> <span class='ocrx_word' id='word_1_23' title='bbox 641 287 808 322; x_wconf 82' lang='grc' dir='ltr'>πανταχόθεν</span> <span class='ocrx_word' id='word_1_24' title='bbox 826 286 978 321; x_wconf 70' lang='grc' dir='ltr'>διέφθειρεν</span> <span class='ocrx_word' id='word_1_25' title='bbox 994 286 1009 312; x_wconf 91' lang='grc' dir='ltr'>ό</span> 
     </span>
    </p>
   </div>
   <div class='ocr_carea' id='block_1_5' title="bbox 216 326 1009 365">
    <p class='ocr_par' dir='ltr' id='par_1_5' title="bbox 216 326 1009 365">
     <span class='ocr_line' id='line_1_5' title="bbox 216 326 1009 365; baseline 0.001 -12"><span class='ocrx_word' id='word_1_26' title='bbox 216 327 348 359; x_wconf 83' lang='grc' dir='ltr'>διάϐολος.</span> <span class='ocrx_word' id='word_1_27' title='bbox 361 327 445 354; x_wconf 74' lang='grc' dir='ltr'>Πάλιν</span> <span class='ocrx_word' id='word_1_28' title='bbox 457 326 530 355; x_wconf 73' lang='grc' dir='ltr'>οὗτοι</span> <span class='ocrx_word' id='word_1_29' title='bbox 547 330 571 356; x_wconf 86' lang='grc' dir='ltr'>οἱ</span> <span class='ocrx_word' id='word_1_30' title='bbox 585 329 700 365; x_wconf 85' lang='grc' dir='ltr'>πένητες</span> <span class='ocrx_word' id='word_1_31' title='bbox 714 329 764 356; x_wconf 77' lang='grc' dir='ltr'>κᾶν</span> <span class='ocrx_word' id='word_1_32' title='bbox 778 328 830 355; x_wconf 80' lang='grc' dir='ltr'>ὑπὸ</span> <span class='ocrx_word' id='word_1_33' title='bbox 845 327 944 363; x_wconf 75' lang='grc' dir='ltr'>στέγην</span> <span class='ocrx_word' id='word_1_34' title='bbox 954 326 1009 354; x_wconf 80' lang='grc' dir='ltr'>είσὶ</span> 
     </span>
    </p>
   </div>
   <div class='ocr_carea' id='block_1_6' title="bbox 215 368 1009 406">
    <p class='ocr_par' dir='ltr' id='par_1_6' title="bbox 215 368 1009 406">
     <span class='ocr_line' id='line_1_6' title="bbox 215 368 1009 406; baseline 0 -12"><span class='ocrx_word' id='word_1_35' title='bbox 215 369 393 404; x_wconf 76' lang='grc' dir='ltr'>προπυλαίων</span> <span class='ocrx_word' id='word_1_36' title='bbox 406 369 460 396; x_wconf 85' lang='grc' dir='ltr'>τῶν</span> <span class='ocrx_word' id='word_1_37' title='bbox 479 371 508 397; x_wconf 90' lang='grc' dir='ltr'>ἐν</span> <span class='ocrx_word' id='word_1_38' title='bbox 524 372 580 403; x_wconf 83' lang='grc' dir='ltr'>τοῖς</span> <span class='ocrx_word' id='word_1_39' title='bbox 594 370 755 406; x_wconf 79' lang='grc' dir='ltr'>βαλανείοις,</span> <span class='ocrx_word' id='word_1_40' title='bbox 772 369 824 397; x_wconf 78' lang='grc' dir='ltr'>κᾶν</span> <span class='ocrx_word' id='word_1_41' title='bbox 838 368 944 405; x_wconf 77' lang='grc' dir='ltr'>καλύϐῃ</span> <span class='ocrx_word' id='word_1_42' title='bbox 959 376 1009 395; x_wconf 86' lang='grc' dir='ltr'>κα-</span> 
     </span>
    </p>
   </div>
   <div class='ocr_carea' id='block_1_7' title="bbox 216 409 1008 448">
    <p class='ocr_par' dir='ltr' id='par_1_7' title="bbox 216 409 1008 448">
     <span class='ocr_line' id='line_1_7' title="bbox 216 409 1008 448; baseline 0 -12"><span class='ocrx_word' id='word_1_43' title='bbox 216 410 378 437; x_wconf 70' lang='grc' dir='ltr'>λύπτονταιο</span> <span class='ocrx_word' id='word_1_44' title='bbox 403 412 507 444; x_wconf 80' lang='grc' dir='ltr'>ἐκεῖνος</span> <span class='ocrx_word' id='word_1_45' title='bbox 534 412 563 439; x_wconf 87' lang='grc' dir='ltr'>δέ</span> <span class='ocrx_word' id='word_1_46' title='bbox 588 412 694 448; x_wconf 84' lang='grc' dir='ltr'>αἴθριος</span> <span class='ocrx_word' id='word_1_47' title='bbox 720 410 937 447; x_wconf 75' lang='grc' dir='ltr'>διανυκτερεύων</span> <span class='ocrx_word' id='word_1_48' title='bbox 964 409 1008 437; x_wconf 77' lang='grc' dir='ltr'>ἀεὶ</span> 
     </span>
    </p>
   </div>
   <div class='ocr_carea' id='block_1_8' title="bbox 216 452 1008 490">
    <p class='ocr_par' dir='ltr' id='par_1_8' title="bbox 216 452 1008 490">
     <span class='ocr_line' id='line_1_8' title="bbox 216 452 1008 490; baseline 0 -12"><span class='ocrx_word' id='word_1_49' title='bbox 216 452 347 485; x_wconf 79' lang='grc' dir='ltr'>διετέλει,</span> <span class='ocrx_word' id='word_1_50' title='bbox 366 453 428 480; x_wconf 78' lang='grc' dir='ltr'>οὐδὲ</span> <span class='ocrx_word' id='word_1_51' title='bbox 455 453 505 490; x_wconf 89' lang='grc' dir='ltr'>τὴν</span> <span class='ocrx_word' id='word_1_52' title='bbox 528 454 582 481; x_wconf 82' lang='grc' dir='ltr'>ἀπὸ</span> <span class='ocrx_word' id='word_1_53' title='bbox 597 454 678 489; x_wconf 81' lang='grc' dir='ltr'>ψιλῆς</span> <span class='ocrx_word' id='word_1_54' title='bbox 705 454 805 490; x_wconf 85' lang='grc' dir='ltr'>στέγης</span> <span class='ocrx_word' id='word_1_55' title='bbox 831 452 1008 489; x_wconf 77' lang='grc' dir='ltr'>παραμυθίαν</span> 
     </span>
    </p>
   </div>
   <div class='ocr_carea' id='block_1_9' title="bbox 216 493 1007 531">
    <p class='ocr_par' dir='ltr' id='par_1_9' title="bbox 216 493 1007 531">
     <span class='ocr_line' id='line_1_9' title="bbox 216 493 1007 531; baseline 0.001 -11"><span class='ocrx_word' id='word_1_56' title='bbox 216 494 286 529; x_wconf 79' lang='grc' dir='ltr'>ἔχων</span> <span class='ocrx_word' id='word_1_57' title='bbox 298 503 303 508; x_wconf 94' lang='grc'><strong>·</strong></span> <span class='ocrx_word' id='word_1_58' title='bbox 316 495 362 521; x_wconf 76' lang='grc' dir='ltr'>καὶ</span> <span class='ocrx_word' id='word_1_59' title='bbox 381 495 412 522; x_wconf 80' lang='grc' dir='ltr'>τὸ</span> <span class='ocrx_word' id='word_1_60' title='bbox 427 495 458 530; x_wconf 89' lang='grc' dir='ltr'>δὴ</span> <span class='ocrx_word' id='word_1_61' title='bbox 475 495 577 531; x_wconf 82' lang='grc' dir='ltr'>μεῖζον,</span> <span class='ocrx_word' id='word_1_62' title='bbox 590 497 631 524; x_wconf 80' lang='grc' dir='ltr'>δτι</span> <span class='ocrx_word' id='word_1_63' title='bbox 644 493 718 524; x_wconf 75' lang='grc' dir='ltr'>οὗτοι</span> <span class='ocrx_word' id='word_1_64' title='bbox 736 497 784 531; x_wconf 82' lang='grc' dir='ltr'>μὲν</span> <span class='ocrx_word' id='word_1_65' title='bbox 799 496 884 522; x_wconf 81' lang='grc' dir='ltr'>πολλὰ</span> <span class='ocrx_word' id='word_1_66' title='bbox 901 496 1007 525; x_wconf 75' lang='grc' dir='ltr'>ἑαυτοῖς</span> 
     </span>
    </p>
   </div>
   <div class='ocr_carea' id='block_1_10' title="bbox 217 536 1004 573">
    <p class='ocr_par' dir='ltr' id='par_1_10' title="bbox 217 536 1004 573">
     <span class='ocr_line' id='line_1_10' title="bbox 217 536 1004 573; baseline 0.001 -11"><span class='ocrx_word' id='word_1_67' title='bbox 217 536 341 562; x_wconf 82' lang='grc' dir='ltr'>συνίσασι</span> <span class='ocrx_word' id='word_1_68' title='bbox 356 536 390 563; x_wconf 81' lang='grc' dir='ltr'>τὰ</span> <span class='ocrx_word' id='word_1_69' title='bbox 404 537 488 569; x_wconf 82' lang='grc' dir='ltr'>δεινά,</span> <span class='ocrx_word' id='word_1_70' title='bbox 508 537 610 568; x_wconf 85' lang='grc' dir='ltr'>ἐκεῖνος</span> <span class='ocrx_word' id='word_1_71' title='bbox 627 536 655 563; x_wconf 80' lang='grc' dir='ltr'>δὲ</span> <span class='ocrx_word' id='word_1_72' title='bbox 671 537 747 564; x_wconf 82' lang='grc' dir='ltr'>οὐδὲν</span> <span class='ocrx_word' id='word_1_73' title='bbox 761 537 850 572; x_wconf 83' lang='grc' dir='ltr'>ἑαυτῷ</span> <span class='ocrx_word' id='word_1_74' title='bbox 864 537 969 573; x_wconf 78' lang='grc' dir='ltr'>συνῄδει</span> <span class='ocrx_word' id='word_1_75' title='bbox 981 542 1004 563; x_wconf 77' lang='grc' dir='ltr'>ι.</span> 
     </span>
    </p>
   </div>
   <div class='ocr_carea' id='block_1_11' title="bbox 216 578 1007 614">
    <p class='ocr_par' dir='ltr' id='par_1_11' title="bbox 216 578 1007 614">
     <span class='ocr_line' id='line_1_11' title="bbox 216 578 1007 614; baseline -0.001 -10"><span class='ocrx_word' id='word_1_76' title='bbox 216 578 302 604; x_wconf 84' lang='grc' dir='ltr'>Τοῦτο</span> <span class='ocrx_word' id='word_1_77' title='bbox 319 579 372 614; x_wconf 83' lang='grc' dir='ltr'>γὰρ</span> <span class='ocrx_word' id='word_1_78' title='bbox 395 579 457 605; x_wconf 80' lang='grc' dir='ltr'>καθ’</span> <span class='ocrx_word' id='word_1_79' title='bbox 480 579 596 606; x_wconf 71' lang='grc' dir='ltr'>ἕκαστον</span> <span class='ocrx_word' id='word_1_80' title='bbox 617 579 672 605; x_wconf 83' lang='grc' dir='ltr'>τῶν</span> <span class='ocrx_word' id='word_1_81' title='bbox 697 579 911 614; x_wconf 85' lang='grc' dir='ltr'>συμϐεϐηκότων</span> <span class='ocrx_word' id='word_1_82' title='bbox 932 578 1007 614; x_wconf 84' lang='grc' dir='ltr'>αὐτῷ</span> 
     </span>
    </p>
   </div>
   <div class='ocr_carea' id='block_1_12' title="bbox 216 620 1005 656">
    <p class='ocr_par' dir='ltr' id='par_1_12' title="bbox 216 620 1005 656">
     <span class='ocr_line' id='line_1_12' title="bbox 216 620 1005 656; baseline 0 -10"><span class='ocrx_word' id='word_1_83' title='bbox 216 620 474 655; x_wconf 81' lang='grc' dir='ltr'>παρατηρούμενον,</span> <span class='ocrx_word' id='word_1_84' title='bbox 488 620 503 647; x_wconf 82' lang='grc' dir='ltr'>δ</span> <span class='ocrx_word' id='word_1_85' title='bbox 516 620 628 656; x_wconf 77' lang='grc' dir='ltr'>μείζονα</span> <span class='ocrx_word' id='word_1_86' title='bbox 642 620 725 647; x_wconf 76' lang='grc' dir='ltr'>αὐτοῦ</span> <span class='ocrx_word' id='word_1_87' title='bbox 738 621 787 655; x_wconf 80' lang='grc' dir='ltr'>τὴν</span> <span class='ocrx_word' id='word_1_88' title='bbox 800 620 896 655; x_wconf 80' lang='grc' dir='ltr'>ὀδύνην</span> <span class='ocrx_word' id='word_1_89' title='bbox 909 620 1005 653; x_wconf 80' lang='grc' dir='ltr'>ἐποίει,</span> 
     </span>
    </p>
   </div>
   <div class='ocr_carea' id='block_1_13' title="bbox 217 661 1006 698">
    <p class='ocr_par' dir='ltr' id='par_1_13' title="bbox 217 661 1006 698">
     <span class='ocr_line' id='line_1_13' title="bbox 217 661 1006 698; baseline 0 -11"><span class='ocrx_word' id='word_1_90' title='bbox 217 662 263 688; x_wconf 86' lang='grc' dir='ltr'>καὶ</span> <span class='ocrx_word' id='word_1_91' title='bbox 286 661 396 688; x_wconf 77' lang='grc' dir='ltr'>πλείονα</span> <span class='ocrx_word' id='word_1_92' title='bbox 422 662 472 697; x_wconf 85' lang='grc' dir='ltr'>τὴν</span> <span class='ocrx_word' id='word_1_93' title='bbox 497 662 614 698; x_wconf 79' lang='grc' dir='ltr'>ἀπορίαν</span> <span class='ocrx_word' id='word_1_94' title='bbox 638 661 796 698; x_wconf 76' lang='grc' dir='ltr'>εἰργάζετο,</span> <span class='ocrx_word' id='word_1_95' title='bbox 818 662 848 688; x_wconf 82' lang='grc' dir='ltr'>τὸ</span> <span class='ocrx_word' id='word_1_96' title='bbox 866 661 933 697; x_wconf 71' lang='grc' dir='ltr'>μηδὲ</span> <span class='ocrx_word' id='word_1_97' title='bbox 957 661 1006 696; x_wconf 81' lang='grc' dir='ltr'>τὴν</span> 
     </span>
    </p>
   </div>
   <div class='ocr_carea' id='block_1_14' title="bbox 216 702 1006 740">
    <p class='ocr_par' dir='ltr' id='par_1_14' title="bbox 216 702 1006 740">
     <span class='ocr_line' id='line_1_14' title="bbox 216 702 1006 740; baseline -0.001 -10"><span class='ocrx_word' id='word_1_98' title='bbox 216 703 305 731; x_wconf 79' lang='grc' dir='ltr'>αἰτίαν</span> <span class='ocrx_word' id='word_1_99' title='bbox 327 703 381 730; x_wconf 88' lang='grc' dir='ltr'>τῶν</span> <span class='ocrx_word' id='word_1_100' title='bbox 394 705 546 739; x_wconf 82' lang='grc' dir='ltr'>γινομένων</span> <span class='ocrx_word' id='word_1_101' title='bbox 566 704 676 731; x_wconf 78' lang='grc' dir='ltr'>εἰδέναι.</span> <span class='ocrx_word' id='word_1_102' title='bbox 692 702 772 731; x_wconf 78' lang='grc' dir='ltr'>Οὗτοι</span> <span class='ocrx_word' id='word_1_103' title='bbox 790 705 839 740; x_wconf 78' lang='grc' dir='ltr'>μὲν</span> <span class='ocrx_word' id='word_1_104' title='bbox 857 702 919 734; x_wconf 82' lang='grc' dir='ltr'>οὖν,</span> <span class='ocrx_word' id='word_1_105' title='bbox 937 704 1006 738; x_wconf 84' lang='grc' dir='ltr'>ὅπερ</span> 
     </span>
    </p>
   </div>
   <div class='ocr_carea' id='block_1_15' title="bbox 215 744 1007 781">
    <p class='ocr_par' dir='ltr' id='par_1_15' title="bbox 215 744 1007 781">
     <span class='ocr_line' id='line_1_15' title="bbox 215 744 1007 781; baseline 0 -11"><span class='ocrx_word' id='word_1_106' title='bbox 215 745 294 780; x_wconf 70' lang='grc' dir='ltr'>ἔφην,</span> <span class='ocrx_word' id='word_1_107' title='bbox 308 745 393 771; x_wconf 78' lang='grc' dir='ltr'>πολλὰ</span> <span class='ocrx_word' id='word_1_108' title='bbox 413 745 446 772; x_wconf 86' lang='grc' dir='ltr'>ἂν</span> <span class='ocrx_word' id='word_1_109' title='bbox 466 746 554 781; x_wconf 75' lang='grc' dir='ltr'>ἔχοιεν</span> <span class='ocrx_word' id='word_1_110' title='bbox 566 746 679 778; x_wconf 68' lang='grc' dir='ltr'>ἑαυτοὺς</span> <span class='ocrx_word' id='word_1_111' title='bbox 694 746 846 773; x_wconf 80' lang='grc' dir='ltr'>αἰτιᾶσθαι·</span> <span class='ocrx_word' id='word_1_112' title='bbox 863 746 893 772; x_wconf 87' lang='grc' dir='ltr'>ού</span> <span class='ocrx_word' id='word_1_113' title='bbox 908 744 1007 780; x_wconf 74' lang='grc' dir='ltr'>μικρὸν</span> 
     </span>
    </p>
   </div>
   <div class='ocr_carea' id='block_1_16' title="bbox 215 785 1007 823">
    <p class='ocr_par' dir='ltr' id='par_1_16' title="bbox 215 785 1007 823">
     <span class='ocr_line' id='line_1_16' title="bbox 215 785 1007 823; baseline 0 -11"><span class='ocrx_word' id='word_1_114' title='bbox 215 786 244 812; x_wconf 73' lang='grc' dir='ltr'>δὲ</span> <span class='ocrx_word' id='word_1_115' title='bbox 266 785 345 813; x_wconf 82' lang='grc' dir='ltr'>τοῦτο</span> <span class='ocrx_word' id='word_1_116' title='bbox 368 787 408 819; x_wconf 88' lang='grc' dir='ltr'>εἰς</span> <span class='ocrx_word' id='word_1_117' title='bbox 426 787 604 823; x_wconf 84' lang='grc' dir='ltr'>παραμυθίαν</span> <span class='ocrx_word' id='word_1_118' title='bbox 623 789 785 823; x_wconf 81' lang='grc' dir='ltr'>συμφορᾶς,</span> <span class='ocrx_word' id='word_1_119' title='bbox 807 787 838 814; x_wconf 79' lang='grc' dir='ltr'>τὸ</span> <span class='ocrx_word' id='word_1_120' title='bbox 858 786 1007 813; x_wconf 84' lang='grc' dir='ltr'>συνειδέναι</span> 
     </span>
    </p>
   </div>
   <div class='ocr_carea' id='block_1_17' title="bbox 215 828 1006 866">
    <p class='ocr_par' dir='ltr' id='par_1_17' title="bbox 215 828 1006 866">
     <span class='ocr_line' id='line_1_17' title="bbox 215 828 1006 866; baseline 0 -12"><span class='ocrx_word' id='word_1_121' title='bbox 215 829 305 864; x_wconf 79' lang='grc' dir='ltr'>ἐαυτῷ</span> <span class='ocrx_word' id='word_1_122' title='bbox 323 829 435 861; x_wconf 79' lang='grc' dir='ltr'>δικαίως</span> <span class='ocrx_word' id='word_1_123' title='bbox 449 830 665 866; x_wconf 87' lang='grc' dir='ltr'>τιμωρουμένῳ·</span> <span class='ocrx_word' id='word_1_124' title='bbox 683 831 786 860; x_wconf 89' lang='grc' dir='ltr'>ἐκεῖνος</span> <span class='ocrx_word' id='word_1_125' title='bbox 802 829 829 856; x_wconf 84' lang='grc' dir='ltr'>δέ</span> <span class='ocrx_word' id='word_1_126' title='bbox 844 829 892 855; x_wconf 76' lang='grc' dir='ltr'>καὶ</span> <span class='ocrx_word' id='word_1_127' title='bbox 903 828 1006 863; x_wconf 81' lang='grc' dir='ltr'>ταύτης</span> 
     </span>
    </p>
   </div>
   <div class='ocr_carea' id='block_1_18' title="bbox 215 870 1004 907">
    <p class='ocr_par' dir='ltr' id='par_1_18' title="bbox 215 870 1004 907">
     <span class='ocr_line' id='line_1_18' title="bbox 215 870 1004 907; baseline 0 -11"><span class='ocrx_word' id='word_1_128' title='bbox 215 871 388 906; x_wconf 79' lang='grc' dir='ltr'>ἀπεστέρητο</span> <span class='ocrx_word' id='word_1_129' title='bbox 410 871 461 906; x_wconf 83' lang='grc' dir='ltr'>τῆς</span> <span class='ocrx_word' id='word_1_130' title='bbox 477 871 665 907; x_wconf 82' lang='grc' dir='ltr'>παραμυθίας,</span> <span class='ocrx_word' id='word_1_131' title='bbox 682 872 730 898; x_wconf 74' lang='grc' dir='ltr'>καὶ</span> <span class='ocrx_word' id='word_1_132' title='bbox 749 871 887 897; x_wconf 87' lang='grc' dir='ltr'>πολιτείαν</span> <span class='ocrx_word' id='word_1_133' title='bbox 903 870 1004 896; x_wconf 76' lang='grc' dir='ltr'>ἐπιδει-</span> 
     </span>
    </p>
   </div>
   <div class='ocr_carea' id='block_1_19' title="bbox 216 913 1006 949">
    <p class='ocr_par' dir='ltr' id='par_1_19' title="bbox 216 913 1006 949">
     <span class='ocr_line' id='line_1_19' title="bbox 216 913 1006 949; baseline -0.001 -10"><span class='ocrx_word' id='word_1_134' title='bbox 216 913 331 948; x_wconf 80' lang='grc' dir='ltr'>ξάμενος</span> <span class='ocrx_word' id='word_1_135' title='bbox 352 914 452 949; x_wconf 86' lang='grc' dir='ltr'>ἀρετῆς</span> <span class='ocrx_word' id='word_1_136' title='bbox 472 913 623 949; x_wconf 85' lang='grc' dir='ltr'>γέμουσαν,</span> <span class='ocrx_word' id='word_1_137' title='bbox 635 914 670 940; x_wconf 82' lang='grc' dir='ltr'>τὰ</span> <span class='ocrx_word' id='word_1_138' title='bbox 687 914 741 940; x_wconf 86' lang='grc' dir='ltr'>τῶν</span> <span class='ocrx_word' id='word_1_139' title='bbox 758 913 860 949; x_wconf 78' lang='grc' dir='ltr'>ἔσχατα</span> <span class='ocrx_word' id='word_1_140' title='bbox 874 913 1006 948; x_wconf 85' lang='grc' dir='ltr'>τετολμη-</span> 
     </span>
    </p>
   </div>
   <div class='ocr_carea' id='block_1_20' title="bbox 215 952 1006 991">
    <p class='ocr_par' dir='ltr' id='par_1_20' title="bbox 215 952 1006 991">
     <span class='ocr_line' id='line_1_20' title="bbox 215 952 1006 991; baseline -0.003 -10"><span class='ocrx_word' id='word_1_141' title='bbox 215 955 302 982; x_wconf 89' lang='grc' dir='ltr'>κότων</span> <span class='ocrx_word' id='word_1_142' title='bbox 314 956 456 990; x_wconf 83' lang='grc' dir='ltr'>ὑπέμεινε.</span> <span class='ocrx_word' id='word_1_143' title='bbox 470 956 525 982; x_wconf 83' lang='grc' dir='ltr'>Καὶ</span> <span class='ocrx_word' id='word_1_144' title='bbox 538 952 611 982; x_wconf 79' lang='grc' dir='ltr'>οὗτοι</span> <span class='ocrx_word' id='word_1_145' title='bbox 626 956 676 991; x_wconf 80' lang='grc' dir='ltr'>μὲν</span> <span class='ocrx_word' id='word_1_146' title='bbox 686 956 711 981; x_wconf 82' lang='grc' dir='ltr'>οί</span> <span class='ocrx_word' id='word_1_147' title='bbox 727 954 791 990; x_wconf 85' lang='grc' dir='ltr'>παρ’</span> <span class='ocrx_word' id='word_1_148' title='bbox 809 956 876 991; x_wconf 83' lang='grc' dir='ltr'>ἡμῖν</span> <span class='ocrx_word' id='word_1_149' title='bbox 890 954 1006 989; x_wconf 82' lang='grc' dir='ltr'>πένητες</span> 
     </span>
    </p>
   </div>
   <div class='ocr_carea' id='block_1_21' title="bbox 215 996 1004 1032">
    <p class='ocr_par' dir='ltr' id='par_1_21' title="bbox 215 996 1004 1032">
     <span class='ocr_line' id='line_1_21' title="bbox 215 996 1004 1032; baseline -0.003 -9"><span class='ocrx_word' id='word_1_150' title='bbox 215 997 319 1023; x_wconf 85' lang='grc' dir='ltr'>ἀνωθεν</span> <span class='ocrx_word' id='word_1_151' title='bbox 339 998 386 1023; x_wconf 72' lang='grc' dir='ltr'>καὶ</span> <span class='ocrx_word' id='word_1_152' title='bbox 411 997 441 1028; x_wconf 83' lang='grc' dir='ltr'>ἐξ</span> <span class='ocrx_word' id='word_1_153' title='bbox 467 997 554 1032; x_wconf 82' lang='grc' dir='ltr'>ἀρχῆς</span> <span class='ocrx_word' id='word_1_154' title='bbox 582 997 781 1032; x_wconf 80' lang='grc' dir='ltr'>ἐνεμελέτησαν</span> <span class='ocrx_word' id='word_1_155' title='bbox 798 998 831 1032; x_wconf 83' lang='grc' dir='ltr'>τῇ</span> <span class='ocrx_word' id='word_1_156' title='bbox 860 996 1004 1031; x_wconf 77' lang='grc' dir='ltr'>συμφορᾷ·</span> 
     </span>
    </p>
   </div>
   <div class='ocr_carea' id='block_1_22' title="bbox 215 1037 1005 1074">
    <p class='ocr_par' dir='ltr' id='par_1_22' title="bbox 215 1037 1005 1074">
     <span class='ocr_line' id='line_1_22' title="bbox 215 1037 1005 1074; baseline 0 -10"><span class='ocrx_word' id='word_1_157' title='bbox 215 1040 319 1069; x_wconf 77' lang='grc' dir='ltr'>ἐκεῖνος</span> <span class='ocrx_word' id='word_1_158' title='bbox 330 1039 359 1064; x_wconf 80' lang='grc' dir='ltr'>δὲ</span> <span class='ocrx_word' id='word_1_159' title='bbox 372 1038 538 1073; x_wconf 80' lang='grc' dir='ltr'>ἀμελέτητον</span> <span class='ocrx_word' id='word_1_160' title='bbox 551 1039 683 1074; x_wconf 85' lang='grc' dir='ltr'>ὑπέμεινε</span> <span class='ocrx_word' id='word_1_161' title='bbox 698 1038 805 1070; x_wconf 85' lang='grc' dir='ltr'>πενίαν,</span> <span class='ocrx_word' id='word_1_162' title='bbox 816 1038 913 1072; x_wconf 85' lang='grc' dir='ltr'>ἀθρόον</span> <span class='ocrx_word' id='word_1_163' title='bbox 928 1037 1005 1069; x_wconf 79' lang='grc' dir='ltr'>δεξά-</span> 
     </span>
    </p>
   </div>
   <div class='ocr_carea' id='block_1_23' title="bbox 216 1077 1005 1116">
    <p class='ocr_par' dir='ltr' id='par_1_23' title="bbox 216 1077 1005 1116">
     <span class='ocr_line' id='line_1_23' title="bbox 216 1077 1005 1116; baseline -0.003 -10"><span class='ocrx_word' id='word_1_164' title='bbox 216 1088 296 1115; x_wconf 87' lang='grc' dir='ltr'>μενος</span> <span class='ocrx_word' id='word_1_165' title='bbox 313 1079 362 1115; x_wconf 82' lang='grc' dir='ltr'>τὴν</span> <span class='ocrx_word' id='word_1_166' title='bbox 376 1080 408 1106; x_wconf 84' lang='grc' dir='ltr'>ὲκ</span> <span class='ocrx_word' id='word_1_167' title='bbox 420 1080 468 1106; x_wconf 83' lang='grc' dir='ltr'>τοῦ</span> <span class='ocrx_word' id='word_1_168' title='bbox 488 1080 604 1107; x_wconf 85' lang='grc' dir='ltr'>πλούτου</span> <span class='ocrx_word' id='word_1_169' title='bbox 621 1080 782 1116; x_wconf 78' lang='grc' dir='ltr'>μεταϐολήν.</span> <span class='ocrx_word' id='word_1_170' title='bbox 798 1080 903 1114; x_wconf 82' lang='grc' dir='ltr'>Ὥσπερ</span> <span class='ocrx_word' id='word_1_171' title='bbox 913 1077 960 1105; x_wconf 70' lang='grc' dir='ltr'>οὖν</span> <span class='ocrx_word' id='word_1_172' title='bbox 974 1079 1005 1105; x_wconf 83' lang='grc' dir='ltr'>τὸ</span> 
     </span>
    </p>
   </div>
   <div class='ocr_carea' id='block_1_24' title="bbox 214 1121 1006 1158">
    <p class='ocr_par' dir='ltr' id='par_1_24' title="bbox 214 1121 1006 1158">
     <span class='ocr_line' id='line_1_24' title="bbox 214 1121 1006 1158; baseline -0.003 -9"><span class='ocrx_word' id='word_1_173' title='bbox 214 1124 262 1158; x_wconf 79' lang='grc' dir='ltr'>τὴν</span> <span class='ocrx_word' id='word_1_174' title='bbox 275 1121 364 1148; x_wconf 82' lang='grc' dir='ltr'>αἰτίαν</span> <span class='ocrx_word' id='word_1_175' title='bbox 375 1122 473 1148; x_wconf 79' lang='grc' dir='ltr'>εἰδέναι</span> <span class='ocrx_word' id='word_1_176' title='bbox 484 1122 539 1149; x_wconf 79' lang='grc' dir='ltr'>τῶν</span> <span class='ocrx_word' id='word_1_177' title='bbox 550 1123 711 1157; x_wconf 77' lang='grc' dir='ltr'>γινομένων,</span> <span class='ocrx_word' id='word_1_178' title='bbox 723 1123 851 1158; x_wconf 91' lang='grc' dir='ltr'>μέγιστον</span> <span class='ocrx_word' id='word_1_179' title='bbox 864 1122 903 1153; x_wconf 81' lang='grc' dir='ltr'>είς</span> <span class='ocrx_word' id='word_1_180' title='bbox 917 1129 1006 1156; x_wconf 88' lang='grc' dir='ltr'>παρα-</span> 
     </span>
    </p>
   </div>
   <div class='ocr_carea' id='block_1_25' title="bbox 216 1163 1003 1199">
    <p class='ocr_par' dir='ltr' id='par_1_25' title="bbox 216 1163 1003 1199">
     <span class='ocr_line' id='line_1_25' title="bbox 216 1163 1003 1199; baseline -0.003 -9"><span class='ocrx_word' id='word_1_181' title='bbox 216 1164 325 1199; x_wconf 87' lang='grc' dir='ltr'>μυθίαν,</span> <span class='ocrx_word' id='word_1_182' title='bbox 343 1163 429 1196; x_wconf 77' lang='grc' dir='ltr'>οὕτως</span> <span class='ocrx_word' id='word_1_183' title='bbox 442 1165 492 1191; x_wconf 82' lang='grc' dir='ltr'>οὐκ</span> <span class='ocrx_word' id='word_1_184' title='bbox 507 1164 617 1191; x_wconf 74' lang='grc' dir='ltr'>ἔλαττον</span> <span class='ocrx_word' id='word_1_185' title='bbox 637 1164 754 1196; x_wconf 83' lang='grc' dir='ltr'>ἐκείνου,</span> <span class='ocrx_word' id='word_1_186' title='bbox 773 1164 804 1190; x_wconf 80' lang='grc' dir='ltr'>τὸ</span> <span class='ocrx_word' id='word_1_187' title='bbox 818 1163 1003 1199; x_wconf 88' lang='grc' dir='ltr'>μελετήσαντα</span> 
     </span>
    </p>
   </div>
   <div class='ocr_carea' id='block_1_26' title="bbox 213 1203 1003 1242">
    <p class='ocr_par' dir='ltr' id='par_1_26' title="bbox 213 1203 1003 1242">
     <span class='ocr_line' id='line_1_26' title="bbox 213 1203 1003 1242; baseline -0.001 -10"><span class='ocrx_word' id='word_1_188' title='bbox 213 1207 311 1233; x_wconf 83' lang='grc' dir='ltr'>πενίαν</span> <span class='ocrx_word' id='word_1_189' title='bbox 326 1205 356 1238; x_wconf 80' lang='grc' dir='ltr'>ἐξ</span> <span class='ocrx_word' id='word_1_190' title='bbox 369 1206 468 1241; x_wconf 84' lang='grc' dir='ltr'>ἀρχῆς,</span> <span class='ocrx_word' id='word_1_191' title='bbox 485 1206 572 1238; x_wconf 73' lang='grc' dir='ltr'>οὕτως</span> <span class='ocrx_word' id='word_1_192' title='bbox 590 1208 618 1233; x_wconf 81' lang='grc' dir='ltr'>ἐν</span> <span class='ocrx_word' id='word_1_193' title='bbox 635 1207 716 1242; x_wconf 74' lang='grc' dir='ltr'>πενία</span> <span class='ocrx_word' id='word_1_194' title='bbox 726 1206 831 1240; x_wconf 82' lang='grc' dir='ltr'>διάγειν</span> <span class='ocrx_word' id='word_1_195' title='bbox 841 1214 848 1221; x_wconf 88' lang='grc'><strong>·</strong></span> <span class='ocrx_word' id='word_1_196' title='bbox 862 1203 900 1232; x_wconf 85' lang='grc' dir='ltr'>ὧν</span> <span class='ocrx_word' id='word_1_197' title='bbox 914 1206 1003 1240; x_wconf 72' lang='grc' dir='ltr'>ἀμφοο</span> 
     </span>
    </p>
   </div>
   <div class='ocr_carea' id='block_1_27' title="bbox 213 1247 1004 1285">
    <p class='ocr_par' dir='ltr' id='par_1_27' title="bbox 213 1247 1004 1285">
     <span class='ocr_line' id='line_1_27' title="bbox 213 1247 1004 1285; baseline 0 -11"><span class='ocrx_word' id='word_1_198' title='bbox 213 1249 301 1284; x_wconf 81' lang='grc' dir='ltr'>τέρων</span> <span class='ocrx_word' id='word_1_199' title='bbox 322 1249 336 1275; x_wconf 90' lang='grc' dir='ltr'>ὁ</span> <span class='ocrx_word' id='word_1_200' title='bbox 352 1248 455 1280; x_wconf 88' lang='grc' dir='ltr'>δίκαιος</span> <span class='ocrx_word' id='word_1_201' title='bbox 478 1249 582 1280; x_wconf 87' lang='grc' dir='ltr'>ἐκεῖνος</span> <span class='ocrx_word' id='word_1_202' title='bbox 605 1249 745 1285; x_wconf 82' lang='grc' dir='ltr'>ἐστέρητο,</span> <span class='ocrx_word' id='word_1_203' title='bbox 771 1249 820 1275; x_wconf 76' lang='grc' dir='ltr'>καὶ</span> <span class='ocrx_word' id='word_1_204' title='bbox 846 1248 908 1274; x_wconf 83' lang='grc' dir='ltr'>οὐδὲ</span> <span class='ocrx_word' id='word_1_205' title='bbox 933 1247 1004 1274; x_wconf 76' lang='grc' dir='ltr'>οὔτω</span> 
     </span>
    </p>
   </div>
   <div class='ocr_carea' id='block_1_28' title="bbox 214 1287 1005 1325">
    <p class='ocr_par' dir='ltr' id='par_1_28' title="bbox 214 1287 1005 1325">
     <span class='ocr_line' id='line_1_28' title="bbox 214 1287 1005 1325; baseline 0 -9"><span class='ocrx_word' id='word_1_206' title='bbox 214 1290 393 1316; x_wconf 84' lang='grc' dir='ltr'>κατέπιπτεν.</span> <span class='ocrx_word' id='word_1_207' title='bbox 415 1287 493 1322; x_wconf 77' lang='grc' dir='ltr'>Εἶδες</span> <span class='ocrx_word' id='word_1_208' title='bbox 506 1291 587 1317; x_wconf 79' lang='grc' dir='ltr'>αὑτὸν</span> <span class='ocrx_word' id='word_1_209' title='bbox 608 1292 656 1317; x_wconf 77' lang='grc' dir='ltr'>καὶ</span> <span class='ocrx_word' id='word_1_210' title='bbox 673 1290 741 1325; x_wconf 84' lang='grc' dir='ltr'>πρὸς</span> <span class='ocrx_word' id='word_1_211' title='bbox 758 1290 876 1325; x_wconf 79' lang='grc' dir='ltr'>ἐσχάτην</span> <span class='ocrx_word' id='word_1_212' title='bbox 893 1289 1005 1316; x_wconf 81' lang='grc' dir='ltr'>ἐλθόντα</span> 
     </span>
    </p>
   </div>
   <div class='ocr_carea' id='block_1_29' title="bbox 213 1331 1004 1368">
    <p class='ocr_par' dir='ltr' id='par_1_29' title="bbox 213 1331 1004 1368">
     <span class='ocr_line' id='line_1_29' title="bbox 213 1331 1004 1368; baseline -0.001 -10"><span class='ocrx_word' id='word_1_213' title='bbox 213 1332 321 1365; x_wconf 88' lang='grc' dir='ltr'>πενίαν,</span> <span class='ocrx_word' id='word_1_214' title='bbox 336 1331 383 1358; x_wconf 75' lang='grc' dir='ltr'>καὶ</span> <span class='ocrx_word' id='word_1_215' title='bbox 399 1331 459 1367; x_wconf 82' lang='grc' dir='ltr'>μεθ’</span> <span class='ocrx_word' id='word_1_216' title='bbox 473 1332 507 1367; x_wconf 81' lang='grc' dir='ltr'>ἢν</span> <span class='ocrx_word' id='word_1_217' title='bbox 522 1332 619 1368; x_wconf 76' lang='grc' dir='ltr'>ἑτέραν</span> <span class='ocrx_word' id='word_1_218' title='bbox 631 1332 681 1358; x_wconf 83' lang='grc' dir='ltr'>οὐκ</span> <span class='ocrx_word' id='word_1_219' title='bbox 693 1331 766 1358; x_wconf 79' lang='grc' dir='ltr'>ἐστιν</span> <span class='ocrx_word' id='word_1_220' title='bbox 787 1333 877 1368; x_wconf 81' lang='grc' dir='ltr'>εὑρεῖν</span> <span class='ocrx_word' id='word_1_221' title='bbox 887 1340 895 1366; x_wconf 86' lang='grc'><strong>;</strong></span> <span class='ocrx_word' id='word_1_222' title='bbox 907 1331 933 1358; x_wconf 85' lang='grc' dir='ltr'>τί</span> <span class='ocrx_word' id='word_1_223' title='bbox 949 1331 1004 1366; x_wconf 85' lang='grc' dir='ltr'>γὰρ</span> 
     </span>
    </p>
   </div>
   <div class='ocr_carea' id='block_1_30' title="bbox 215 1373 1005 1409">
    <p class='ocr_par' dir='ltr' id='par_1_30' title="bbox 215 1373 1005 1409">
     <span class='ocr_line' id='line_1_30' title="bbox 215 1373 1005 1409; baseline 0 -9"><span class='ocrx_word' id='word_1_224' title='bbox 215 1374 248 1401; x_wconf 82' lang='grc' dir='ltr'>ἂν</span> <span class='ocrx_word' id='word_1_225' title='bbox 260 1373 307 1400; x_wconf 82' lang='grc' dir='ltr'>τοῦ</span> <span class='ocrx_word' id='word_1_226' title='bbox 319 1373 436 1409; x_wconf 83' lang='grc' dir='ltr'>γυμνοῦ,</span> <span class='ocrx_word' id='word_1_227' title='bbox 449 1373 496 1400; x_wconf 80' lang='grc' dir='ltr'>καὶ</span> <span class='ocrx_word' id='word_1_228' title='bbox 517 1374 586 1409; x_wconf 89' lang='grc' dir='ltr'>μηδέ</span> <span class='ocrx_word' id='word_1_229' title='bbox 602 1373 701 1409; x_wconf 81' lang='grc' dir='ltr'>στέγην</span> <span class='ocrx_word' id='word_1_230' title='bbox 721 1373 828 1409; x_wconf 80' lang='grc' dir='ltr'>ἔχοντος</span> <span class='ocrx_word' id='word_1_231' title='bbox 843 1373 1005 1408; x_wconf 86' lang='grc' dir='ltr'>πενέστερον</span> 
     </span>
    </p>
   </div>
   <div class='ocr_carea' id='block_1_31' title="bbox 213 1415 1004 1450">
    <p class='ocr_par' dir='ltr' id='par_1_31' title="bbox 213 1415 1004 1450">
     <span class='ocr_line' id='line_1_31' title="bbox 213 1415 1004 1450; baseline -0.001 -8"><span class='ocrx_word' id='word_1_232' title='bbox 213 1416 311 1450; x_wconf 82' lang='grc' dir='ltr'>γένοιτ’</span> <span class='ocrx_word' id='word_1_233' title='bbox 323 1415 355 1442; x_wconf 79' lang='grc' dir='ltr'>ἀν</span> <span class='ocrx_word' id='word_1_234' title='bbox 366 1415 492 1448; x_wconf 81' lang='grc' dir='ltr'>;Μᾶλλον</span> <span class='ocrx_word' id='word_1_235' title='bbox 503 1415 530 1442; x_wconf 78' lang='grc' dir='ltr'>δὲ</span> <span class='ocrx_word' id='word_1_236' title='bbox 541 1415 601 1442; x_wconf 83' lang='grc' dir='ltr'>οὐδὲ</span> <span class='ocrx_word' id='word_1_237' title='bbox 612 1415 726 1450; x_wconf 76' lang='grc' dir='ltr'>ἐδάφους</span> <span class='ocrx_word' id='word_1_238' title='bbox 738 1416 847 1447; x_wconf 82' lang='grc' dir='ltr'>πάντως</span> <span class='ocrx_word' id='word_1_239' title='bbox 857 1415 1004 1442; x_wconf 84' lang='grc' dir='ltr'>ἀπολαύειν</span> 
     </span>
    </p>
   </div>
   <div class='ocr_carea' id='block_1_32' title="bbox 213 1455 1004 1494">
    <p class='ocr_par' dir='ltr' id='par_1_32' title="bbox 213 1455 1004 1494">
     <span class='ocr_line' id='line_1_32' title="bbox 213 1455 1004 1494; baseline -0.001 -10"><span class='ocrx_word' id='word_1_240' title='bbox 213 1457 308 1494; x_wconf 90' lang='grc' dir='ltr'>κύριος</span> <span class='ocrx_word' id='word_1_241' title='bbox 319 1455 354 1493; x_wconf 84' lang='grc' dir='ltr'>ἦν</span> <span class='ocrx_word' id='word_1_242' title='bbox 366 1465 372 1473; x_wconf 93' lang='grc'>·</span> <span class='ocrx_word' id='word_1_243' title='bbox 390 1458 422 1484; x_wconf 84' lang='grc' dir='ltr'>οὺ</span> <span class='ocrx_word' id='word_1_244' title='bbox 435 1457 489 1492; x_wconf 85' lang='grc' dir='ltr'>γὰρ</span> <span class='ocrx_word' id='word_1_245' title='bbox 503 1458 550 1484; x_wconf 79' lang='grc' dir='ltr'>ἐπὶ</span> <span class='ocrx_word' id='word_1_246' title='bbox 560 1458 609 1493; x_wconf 84' lang='grc' dir='ltr'>τῆς</span> <span class='ocrx_word' id='word_1_247' title='bbox 624 1457 687 1492; x_wconf 81' lang='grc' dir='ltr'>γῆς,</span> <span class='ocrx_word' id='word_1_248' title='bbox 700 1457 757 1484; x_wconf 81' lang='grc' dir='ltr'>ἀλλ’</span> <span class='ocrx_word' id='word_1_249' title='bbox 769 1458 815 1484; x_wconf 73' lang='grc' dir='ltr'>ἐπὶ</span> <span class='ocrx_word' id='word_1_250' title='bbox 827 1457 877 1492; x_wconf 85' lang='grc' dir='ltr'>τῆς</span> <span class='ocrx_word' id='word_1_251' title='bbox 887 1457 1004 1493; x_wconf 84' lang='grc' dir='ltr'>κοπρίας</span> 
     </span>
    </p>
   </div>
   <div class='ocr_carea' id='block_1_33' title="bbox 213 1499 1004 1535">
    <p class='ocr_par' dir='ltr' id='par_1_33' title="bbox 213 1499 1004 1535">
     <span class='ocr_line' id='line_1_33' title="bbox 213 1499 1004 1535; baseline -0.001 -9"><span class='ocrx_word' id='word_1_252' title='bbox 213 1499 344 1534; x_wconf 79' lang='grc' dir='ltr'>ἐκάθητο.</span> <span class='ocrx_word' id='word_1_253' title='bbox 357 1499 464 1526; x_wconf 82' lang='grc' dir='ltr'>Οὐκοῦν</span> <span class='ocrx_word' id='word_1_254' title='bbox 480 1500 544 1526; x_wconf 85' lang='grc' dir='ltr'>ὅταν</span> <span class='ocrx_word' id='word_1_255' title='bbox 565 1499 622 1535; x_wconf 83' lang='grc' dir='ltr'>ῐδῃς</span> <span class='ocrx_word' id='word_1_256' title='bbox 638 1499 735 1526; x_wconf 82' lang='grc' dir='ltr'>σαυτὸν</span> <span class='ocrx_word' id='word_1_257' title='bbox 751 1500 780 1526; x_wconf 88' lang='grc' dir='ltr'>ἐν</span> <span class='ocrx_word' id='word_1_258' title='bbox 797 1500 877 1535; x_wconf 77' lang='grc' dir='ltr'>πενίᾳ</span> <span class='ocrx_word' id='word_1_259' title='bbox 890 1500 1004 1534; x_wconf 78' lang='grc' dir='ltr'>γενόμε-</span> 
     </span>
    </p>
   </div>
   <div class='ocr_carea' id='block_1_34' title="bbox 213 1541 1004 1576">
    <p class='ocr_par' dir='ltr' id='par_1_34' title="bbox 213 1541 1004 1576">
     <span class='ocr_line' id='line_1_34' title="bbox 213 1541 1004 1576; baseline -0.001 -7"><span class='ocrx_word' id='word_1_260' title='bbox 213 1551 269 1573; x_wconf 86' lang='grc' dir='ltr'>νον,</span> <span class='ocrx_word' id='word_1_261' title='bbox 283 1541 410 1576; x_wconf 77' lang='grc' dir='ltr'>ἐννόησον</span> <span class='ocrx_word' id='word_1_262' title='bbox 424 1541 471 1568; x_wconf 85' lang='grc' dir='ltr'>τοῦ</span> <span class='ocrx_word' id='word_1_263' title='bbox 484 1541 590 1568; x_wconf 84' lang='grc' dir='ltr'>δικαίου</span> <span class='ocrx_word' id='word_1_264' title='bbox 603 1542 633 1568; x_wconf 81' lang='grc' dir='ltr'>τὸ</span> <span class='ocrx_word' id='word_1_265' title='bbox 645 1541 741 1574; x_wconf 85' lang='grc' dir='ltr'>πάθος,</span> <span class='ocrx_word' id='word_1_266' title='bbox 761 1542 808 1569; x_wconf 75' lang='grc' dir='ltr'>καὶ</span> <span class='ocrx_word' id='word_1_267' title='bbox 824 1542 926 1573; x_wconf 83' lang='grc' dir='ltr'>εὐθέως</span> <span class='ocrx_word' id='word_1_268' title='bbox 938 1542 1004 1569; x_wconf 86' lang='grc' dir='ltr'>ἀνα-</span> 
     </span>
    </p>
   </div>
   <div class='ocr_carea' id='block_1_35' title="bbox 215 1583 1004 1620">
    <p class='ocr_par' dir='ltr' id='par_1_35' title="bbox 215 1583 1004 1620">
     <span class='ocr_line' id='line_1_35' title="bbox 215 1583 1004 1620; baseline 0.001 -10"><span class='ocrx_word' id='word_1_269' title='bbox 215 1584 312 1620; x_wconf 83' lang='grc' dir='ltr'>στήσῃ,</span> <span class='ocrx_word' id='word_1_270' title='bbox 327 1583 374 1610; x_wconf 77' lang='grc' dir='ltr'>καὶ</span> <span class='ocrx_word' id='word_1_271' title='bbox 385 1583 474 1610; x_wconf 87' lang='grc' dir='ltr'>πάντα</span> <span class='ocrx_word' id='word_1_272' title='bbox 487 1583 646 1620; x_wconf 86' lang='grc' dir='ltr'>ἀποκρούσῃ</span> <span class='ocrx_word' id='word_1_273' title='bbox 660 1583 789 1619; x_wconf 81' lang='grc' dir='ltr'>λογισμὸν</span> <span class='ocrx_word' id='word_1_274' title='bbox 804 1584 933 1619; x_wconf 85' lang='grc' dir='ltr'>ἀθυμίας.</span> <span class='ocrx_word' id='word_1_275' title='bbox 946 1585 1004 1611; x_wconf 84' lang='grc' dir='ltr'>Μία</span> 
     </span>
    </p>
   </div>
   <div class='ocr_carea' id='block_1_36' title="bbox 215 1624 1003 1661">
    <p class='ocr_par' dir='ltr' id='par_1_36' title="bbox 215 1624 1003 1661">
     <span class='ocr_line' id='line_1_36' title="bbox 215 1624 1003 1661; baseline 0 -9"><span class='ocrx_word' id='word_1_276' title='bbox 215 1627 266 1661; x_wconf 79' lang='grc' dir='ltr'>μὲν</span> <span class='ocrx_word' id='word_1_277' title='bbox 277 1624 324 1652; x_wconf 82' lang='grc' dir='ltr'>οὗν</span> <span class='ocrx_word' id='word_1_278' title='bbox 337 1625 406 1661; x_wconf 73' lang='grc' dir='ltr'>αὕτη</span> <span class='ocrx_word' id='word_1_279' title='bbox 419 1625 546 1661; x_wconf 79' lang='grc' dir='ltr'>συμφορὰ</span> <span class='ocrx_word' id='word_1_280' title='bbox 562 1625 670 1652; x_wconf 88' lang='grc' dir='ltr'>πάντων</span> <span class='ocrx_word' id='word_1_281' title='bbox 681 1626 751 1661; x_wconf 80' lang='grc' dir='ltr'>ὁμοῦ</span> <span class='ocrx_word' id='word_1_282' title='bbox 766 1625 819 1652; x_wconf 89' lang='grc' dir='ltr'>τῶν</span> <span class='ocrx_word' id='word_1_283' title='bbox 833 1625 927 1652; x_wconf 84' lang='grc' dir='ltr'>δεινῶν</span> <span class='ocrx_word' id='word_1_284' title='bbox 938 1626 1003 1652; x_wconf 83' lang='grc' dir='ltr'>ὑπό-</span> 
     </span>
    </p>
   </div>
   <div class='ocr_carea' id='block_1_37' title="bbox 213 1665 1002 1704">
    <p class='ocr_par' dir='ltr' id='par_1_37' title="bbox 213 1665 1002 1704">
     <span class='ocr_line' id='line_1_37' title="bbox 213 1665 1002 1704; baseline 0.001 -10"><span class='ocrx_word' id='word_1_285' title='bbox 213 1669 288 1700; x_wconf 84' lang='grc' dir='ltr'>θεσις</span> <span class='ocrx_word' id='word_1_286' title='bbox 304 1665 375 1694; x_wconf 81' lang='grc' dir='ltr'>εἶναι</span> <span class='ocrx_word' id='word_1_287' title='bbox 398 1668 474 1694; x_wconf 90' lang='grc' dir='ltr'>δοκεῖ</span> <span class='ocrx_word' id='word_1_288' title='bbox 492 1669 548 1699; x_wconf 80' lang='grc' dir='ltr'>τοῖς</span> <span class='ocrx_word' id='word_1_289' title='bbox 571 1667 744 1703; x_wconf 80' lang='grc' dir='ltr'>ἀνθρὼποις’</span> <span class='ocrx_word' id='word_1_290' title='bbox 762 1668 877 1704; x_wconf 83' lang='grc' dir='ltr'>δευτέρα</span> <span class='ocrx_word' id='word_1_291' title='bbox 896 1668 924 1694; x_wconf 81' lang='grc' dir='ltr'>δὲ</span> <span class='ocrx_word' id='word_1_292' title='bbox 943 1669 1002 1703; x_wconf 85' lang='grc' dir='ltr'>μετ’</span> 
     </span>
    </p>
   </div>
   <div class='ocr_carea' id='block_1_38' title="bbox 213 1709 1002 1746">
    <p class='ocr_par' dir='ltr' id='par_1_38' title="bbox 213 1709 1002 1746">
     <span class='ocr_line' id='line_1_38' title="bbox 213 1709 1002 1746; baseline -0.003 -8"><span class='ocrx_word' id='word_1_293' title='bbox 213 1711 333 1744; x_wconf 84' lang='grc' dir='ltr'>ἐκείνην,</span> <span class='ocrx_word' id='word_1_294' title='bbox 347 1709 446 1745; x_wconf 83' lang='grc' dir='ltr'>μᾶλλον</span> <span class='ocrx_word' id='word_1_295' title='bbox 461 1709 490 1737; x_wconf 80' lang='grc' dir='ltr'>δὲ</span> <span class='ocrx_word' id='word_1_296' title='bbox 503 1710 556 1745; x_wconf 84' lang='grc' dir='ltr'>πρὸ</span> <span class='ocrx_word' id='word_1_297' title='bbox 568 1710 688 1745; x_wconf 87' lang='grc' dir='ltr'>ἐκείνης,</span> <span class='ocrx_word' id='word_1_298' title='bbox 703 1711 720 1746; x_wconf 84' lang='grc' dir='ltr'>ἠ</span> <span class='ocrx_word' id='word_1_299' title='bbox 733 1709 780 1736; x_wconf 80' lang='grc' dir='ltr'>τοῦ</span> <span class='ocrx_word' id='word_1_300' title='bbox 793 1709 917 1745; x_wconf 85' lang='grc' dir='ltr'>σώματος</span> <span class='ocrx_word' id='word_1_301' title='bbox 934 1710 1002 1745; x_wconf 89' lang='grc' dir='ltr'>πλη-</span> 
     </span>
    </p>
   </div>
   <div class='ocr_carea' id='block_1_39' title="bbox 212 1750 1000 1788">
    <p class='ocr_par' dir='ltr' id='par_1_39' title="bbox 212 1750 1000 1788">
     <span class='ocr_line' id='line_1_39' title="bbox 212 1750 1000 1788; baseline 0.001 -10"><span class='ocrx_word' id='word_1_302' title='bbox 212 1753 261 1788; x_wconf 89' lang='grc' dir='ltr'>γή.</span> <span class='ocrx_word' id='word_1_303' title='bbox 285 1752 334 1784; x_wconf 89' lang='grc' dir='ltr'>Τίς</span> <span class='ocrx_word' id='word_1_304' title='bbox 353 1750 399 1778; x_wconf 84' lang='grc' dir='ltr'>οὖν</span> <span class='ocrx_word' id='word_1_305' title='bbox 423 1751 510 1783; x_wconf 76' lang='grc' dir='ltr'>οὕτως</span> <span class='ocrx_word' id='word_1_306' title='bbox 525 1751 687 1787; x_wconf 78' lang='grc' dir='ltr'>ὴρῤώστησέ</span> <span class='ocrx_word' id='word_1_307' title='bbox 711 1760 793 1785; x_wconf 87' lang='grc' dir='ltr'>ποτε;</span> <span class='ocrx_word' id='word_1_308' title='bbox 815 1752 857 1784; x_wconf 86' lang='grc' dir='ltr'>τίς</span> <span class='ocrx_word' id='word_1_309' title='bbox 872 1752 1000 1788; x_wconf 82' lang='grc' dir='ltr'>τοιαύτην</span> 
     </span>
    </p>
   </div>
   <div class='ocr_carea' id='block_1_40' title="bbox 212 1793 998 1830">
    <p class='ocr_par' dir='ltr' id='par_1_40' title="bbox 212 1793 998 1830">
     <span class='ocr_line' id='line_1_40' title="bbox 212 1793 998 1830; baseline -0.001 -9"><span class='ocrx_word' id='word_1_310' title='bbox 212 1794 290 1821; x_wconf 84' lang='grc' dir='ltr'>νόσον</span> <span class='ocrx_word' id='word_1_311' title='bbox 313 1793 462 1827; x_wconf 82' lang='grc' dir='ltr'>ὑπέμεινε;</span> <span class='ocrx_word' id='word_1_312' title='bbox 486 1793 529 1825; x_wconf 90' lang='grc' dir='ltr'>τίς</span> <span class='ocrx_word' id='word_1_313' title='bbox 549 1793 684 1828; x_wconf 83' lang='grc' dir='ltr'>τοσαύτην</span> <span class='ocrx_word' id='word_1_314' title='bbox 707 1793 815 1829; x_wconf 82' lang='grc' dir='ltr'>πληγὴν</span> <span class='ocrx_word' id='word_1_315' title='bbox 836 1794 962 1827; x_wconf 79' lang='grc' dir='ltr'>ἐδέξατο,</span> <span class='ocrx_word' id='word_1_316' title='bbox 981 1794 998 1830; x_wconf 83' lang='grc' dir='ltr'><strong>ἢ</strong></span> 
     </span>
    </p>
   </div>
   <div class='ocr_carea' id='block_1_41' title="bbox 213 1833 1002 1871">
    <p class='ocr_par' dir='ltr' id='par_1_41' title="bbox 213 1833 1002 1871">
     <span class='ocr_line' id='line_1_41' title="bbox 213 1833 1002 1871; baseline 0.003 -10"><span class='ocrx_word' id='word_1_317' title='bbox 213 1836 306 1871; x_wconf 76' lang='grc' dir='ltr'>ἕτερον</span> <span class='ocrx_word' id='word_1_318' title='bbox 325 1835 471 1870; x_wconf 84' lang='grc' dir='ltr'>δεξάμενον</span> <span class='ocrx_word' id='word_1_319' title='bbox 486 1833 555 1861; x_wconf 74' lang='grc' dir='ltr'>εῖδεν</span> <span class='ocrx_word' id='word_1_320' title='bbox 569 1843 575 1866; x_wconf 78' lang='grc' dir='ltr'>ς</span> <span class='ocrx_word' id='word_1_321' title='bbox 588 1836 645 1862; x_wconf 91' lang='grc' dir='ltr'>Οὺκ</span> <span class='ocrx_word' id='word_1_322' title='bbox 662 1835 734 1861; x_wconf 82' lang='grc' dir='ltr'>ἔστιν</span> <span class='ocrx_word' id='word_1_323' title='bbox 747 1835 844 1867; x_wconf 77' lang='grc' dir='ltr'>οὐδείς.</span> <span class='ocrx_word' id='word_1_324' title='bbox 858 1835 937 1862; x_wconf 82' lang='grc' dir='ltr'>Κατὰ</span> <span class='ocrx_word' id='word_1_325' title='bbox 958 1845 1002 1871; x_wconf 85' lang='grc' dir='ltr'>μι-</span> 
     </span>
    </p>
   </div>
   <div class='ocr_carea' id='block_1_42' title="bbox 213 1876 1001 1913">
    <p class='ocr_par' dir='ltr' id='par_1_42' title="bbox 213 1876 1001 1913">
     <span class='ocr_line' id='line_1_42' title="bbox 213 1876 1001 1913; baseline 0.001 -10"><span class='ocrx_word' id='word_1_326' title='bbox 213 1877 278 1912; x_wconf 72' lang='grc' dir='ltr'>κρὸν</span> <span class='ocrx_word' id='word_1_327' title='bbox 295 1876 369 1912; x_wconf 80' lang='grc' dir='ltr'>αὐτῷ</span> <span class='ocrx_word' id='word_1_328' title='bbox 379 1877 409 1902; x_wconf 81' lang='grc' dir='ltr'>τὸ</span> <span class='ocrx_word' id='word_1_329' title='bbox 427 1876 507 1911; x_wconf 87' lang='grc' dir='ltr'>σῶμα</span> <span class='ocrx_word' id='word_1_330' title='bbox 524 1877 686 1908; x_wconf 74' lang='grc' dir='ltr'>ἐδαπανᾶτο,</span> <span class='ocrx_word' id='word_1_331' title='bbox 700 1877 747 1903; x_wconf 78' lang='grc' dir='ltr'>καὶ</span> <span class='ocrx_word' id='word_1_332' title='bbox 760 1878 834 1912; x_wconf 79' lang='grc' dir='ltr'>πηγὴ</span> <span class='ocrx_word' id='word_1_333' title='bbox 852 1877 1001 1913; x_wconf 84' lang='grc' dir='ltr'>σκωλήκων</span> 
     </span>
    </p>
   </div>
   <div class='ocr_carea' id='block_1_43' title="bbox 212 1918 1001 1956">
    <p class='ocr_par' dir='ltr' id='par_1_43' title="bbox 212 1918 1001 1956">
     <span class='ocr_line' id='line_1_43' title="bbox 212 1918 1001 1956; baseline 0.001 -11"><span class='ocrx_word' id='word_1_334' title='bbox 212 1919 286 1954; x_wconf 72' lang='grc' dir='ltr'>αὐτῷ</span> <span class='ocrx_word' id='word_1_335' title='bbox 301 1919 431 1946; x_wconf 76' lang='grc' dir='ltr'>πάντοθεν</span> <span class='ocrx_word' id='word_1_336' title='bbox 444 1918 541 1953; x_wconf 78' lang='grc' dir='ltr'>ἔϐρυεν</span> <span class='ocrx_word' id='word_1_337' title='bbox 561 1918 614 1944; x_wconf 77' lang='grc' dir='ltr'>ἀπὸ</span> <span class='ocrx_word' id='word_1_338' title='bbox 626 1918 681 1945; x_wconf 85' lang='grc' dir='ltr'>τῶν</span> <span class='ocrx_word' id='word_1_339' title='bbox 697 1919 796 1954; x_wconf 80' lang='grc' dir='ltr'>μελῶν,</span> <span class='ocrx_word' id='word_1_340' title='bbox 812 1919 859 1946; x_wconf 75' lang='grc' dir='ltr'>καὶ</span> <span class='ocrx_word' id='word_1_341' title='bbox 875 1919 1001 1956; x_wconf 81' lang='grc' dir='ltr'>διηνεκὴς</span> 
     </span>
    </p>
   </div>
   <div class='ocr_carea' id='block_1_44' title="bbox 211 1960 999 1997">
    <p class='ocr_par' dir='ltr' id='par_1_44' title="bbox 211 1960 999 1997">
     <span class='ocr_line' id='line_1_44' title="bbox 211 1960 999 1997; baseline 0.001 -9"><span class='ocrx_word' id='word_1_342' title='bbox 211 1961 246 1997; x_wconf 81' lang='grc' dir='ltr'>ἦν</span> <span class='ocrx_word' id='word_1_343' title='bbox 256 1962 324 1996; x_wconf 73' lang='grc' dir='ltr'>αὕτη</span> <span class='ocrx_word' id='word_1_344' title='bbox 340 1962 356 1996; x_wconf 85' lang='grc' dir='ltr'>ή</span> <span class='ocrx_word' id='word_1_345' title='bbox 371 1960 497 1996; x_wconf 77' lang='grc' dir='ltr'>ἐπιρροὴ,</span> <span class='ocrx_word' id='word_1_346' title='bbox 509 1961 557 1987; x_wconf 75' lang='grc' dir='ltr'>καὶ</span> <span class='ocrx_word' id='word_1_347' title='bbox 569 1961 654 1996; x_wconf 82' lang='grc' dir='ltr'>πολλὴ</span> <span class='ocrx_word' id='word_1_348' title='bbox 666 1961 832 1996; x_wconf 83' lang='grc' dir='ltr'>πανταχόθεν</span> <span class='ocrx_word' id='word_1_349' title='bbox 844 1963 859 1997; x_wconf 83' lang='grc' dir='ltr'>ἡ</span> <span class='ocrx_word' id='word_1_350' title='bbox 872 1962 999 1995; x_wconf 82' lang='grc' dir='ltr'>δυσωδία,</span> 
     </span>
    </p>
   </div>
   <div class='ocr_carea' id='block_1_45' title="bbox 212 2002 1000 2040">
    <p class='ocr_par' dir='ltr' id='par_1_45' title="bbox 212 2002 1000 2040">
     <span class='ocr_line' id='line_1_45' title="bbox 212 2002 1000 2040; baseline 0 -10"><span class='ocrx_word' id='word_1_351' title='bbox 212 2004 259 2030; x_wconf 70' lang='grc' dir='ltr'>καὶ</span> <span class='ocrx_word' id='word_1_352' title='bbox 275 2003 305 2029; x_wconf 80' lang='grc' dir='ltr'>τὸ</span> <span class='ocrx_word' id='word_1_353' title='bbox 316 2003 396 2038; x_wconf 86' lang='grc' dir='ltr'>σῶμα</span> <span class='ocrx_word' id='word_1_354' title='bbox 409 2003 482 2029; x_wconf 80' lang='grc' dir='ltr'>κατὰ</span> <span class='ocrx_word' id='word_1_355' title='bbox 500 2002 596 2038; x_wconf 83' lang='grc' dir='ltr'>μικρὸν</span> <span class='ocrx_word' id='word_1_356' title='bbox 610 2002 807 2038; x_wconf 79' lang='grc' dir='ltr'>ἀναιρούμενον</span> <span class='ocrx_word' id='word_1_357' title='bbox 828 2004 873 2030; x_wconf 75' lang='grc' dir='ltr'>καὶ</span> <span class='ocrx_word' id='word_1_358' title='bbox 888 2004 1000 2040; x_wconf 83' lang='grc' dir='ltr'>τοιαύτῃ</span> 
     </span>
    </p>
   </div>
   <div class='ocr_carea' id='block_1_46' title="bbox 212 2043 1000 2080">
    <p class='ocr_par' dir='ltr' id='par_1_46' title="bbox 212 2043 1000 2080">
     <span class='ocr_line' id='line_1_46' title="bbox 212 2043 1000 2080; baseline 0.001 -10"><span class='ocrx_word' id='word_1_359' title='bbox 212 2045 338 2080; x_wconf 86' lang='grc' dir='ltr'>σηπεδόνι</span> <span class='ocrx_word' id='word_1_360' title='bbox 357 2044 509 2079; x_wconf 87' lang='grc' dir='ltr'>τηκόμενον</span> <span class='ocrx_word' id='word_1_361' title='bbox 526 2043 594 2079; x_wconf 83' lang='grc' dir='ltr'>ἀηδῆ</span> <span class='ocrx_word' id='word_1_362' title='bbox 608 2044 643 2070; x_wconf 81' lang='grc' dir='ltr'>τὰ</span> <span class='ocrx_word' id='word_1_363' title='bbox 659 2044 732 2071; x_wconf 85' lang='grc' dir='ltr'>σιτία</span> <span class='ocrx_word' id='word_1_364' title='bbox 747 2045 842 2075; x_wconf 80' lang='grc' dir='ltr'>ἐποίει,</span> <span class='ocrx_word' id='word_1_365' title='bbox 859 2046 906 2071; x_wconf 73' lang='grc' dir='ltr'>καὶ</span> <span class='ocrx_word' id='word_1_366' title='bbox 922 2045 1000 2080; x_wconf 82' lang='grc' dir='ltr'>λιμὸς</span> 
     </span>
    </p>
   </div>
   <div class='ocr_carea' id='block_1_47' title="bbox 210 2085 1000 2123">
    <p class='ocr_par' dir='ltr' id='par_1_47' title="bbox 210 2085 1000 2123">
     <span class='ocr_line' id='line_1_47' title="bbox 210 2085 1000 2123; baseline 0.001 -11"><span class='ocrx_word' id='word_1_367' title='bbox 210 2085 244 2123; x_wconf 78' lang='grc' dir='ltr'>ἧν</span> <span class='ocrx_word' id='word_1_368' title='bbox 258 2085 334 2121; x_wconf 83' lang='grc' dir='ltr'>αὐτῷ</span> <span class='ocrx_word' id='word_1_369' title='bbox 355 2086 431 2119; x_wconf 81' lang='grc' dir='ltr'>ξένος</span> <span class='ocrx_word' id='word_1_370' title='bbox 455 2086 504 2112; x_wconf 81' lang='grc' dir='ltr'>καὶ</span> <span class='ocrx_word' id='word_1_371' title='bbox 521 2085 673 2121; x_wconf 80' lang='grc' dir='ltr'>παράδοξος</span> <span class='ocrx_word' id='word_1_372' title='bbox 684 2094 691 2101; x_wconf 73' lang='grc' dir='ltr'>ο</span> <span class='ocrx_word' id='word_1_373' title='bbox 704 2086 765 2112; x_wconf 83' lang='grc' dir='ltr'>οὐδὲ</span> <span class='ocrx_word' id='word_1_374' title='bbox 783 2086 839 2121; x_wconf 87' lang='grc' dir='ltr'>γὰρ</span> <span class='ocrx_word' id='word_1_375' title='bbox 855 2086 1000 2123; x_wconf 82' lang='grc' dir='ltr'>δεδομένης</span> 
     </span>
    </p>
   </div>
   <div class='ocr_carea' id='block_1_48' title="bbox 210 2126 998 2164">
    <p class='ocr_par' dir='ltr' id='par_1_48' title="bbox 210 2126 998 2164">
     <span class='ocr_line' id='line_1_48' title="bbox 210 2126 998 2164; baseline 0 -10"><span class='ocrx_word' id='word_1_376' title='bbox 210 2128 326 2163; x_wconf 74' lang='grc' dir='ltr'>ἠδύνατο</span> <span class='ocrx_word' id='word_1_377' title='bbox 341 2126 392 2162; x_wconf 83' lang='grc' dir='ltr'>τῆς</span> <span class='ocrx_word' id='word_1_378' title='bbox 403 2127 508 2163; x_wconf 82' lang='grc' dir='ltr'>τροφῆς</span> <span class='ocrx_word' id='word_1_379' title='bbox 517 2127 665 2154; x_wconf 81' lang='grc' dir='ltr'>ἀπολαύειν</span> <span class='ocrx_word' id='word_1_380' title='bbox 676 2136 682 2142; x_wconf 94' lang='grc'><strong>·</strong></span> <span class='ocrx_word' id='word_1_381' title='bbox 699 2128 815 2162; x_wconf 81' lang='grc' dir='ltr'>Βρόμον</span> <span class='ocrx_word' id='word_1_382' title='bbox 824 2128 889 2164; x_wconf 83' lang='grc' dir='ltr'>γὰρ,</span> <span class='ocrx_word' id='word_1_383' title='bbox 905 2128 998 2164; x_wconf 77' lang='grc' dir='ltr'>φησὶν,</span> 
     </span>
    </p>
   </div>
   <div class='ocr_carea' id='block_1_49' title="bbox 210 2167 997 2206">
    <p class='ocr_par' dir='ltr' id='par_1_49' title="bbox 210 2167 997 2206">
     <span class='ocr_line' id='line_1_49' title="bbox 210 2167 997 2206; baseline 0 -10"><span class='ocrx_word' id='word_1_384' title='bbox 210 2170 269 2204; x_wconf 82' lang='grc' dir='ltr'>ὁρῶ</span> <span class='ocrx_word' id='word_1_385' title='bbox 283 2169 319 2196; x_wconf 86' lang='grc' dir='ltr'>τὰ</span> <span class='ocrx_word' id='word_1_386' title='bbox 336 2170 420 2196; x_wconf 84' lang='grc' dir='ltr'>σιτία</span> <span class='ocrx_word' id='word_1_387' title='bbox 431 2178 502 2204; x_wconf 82' lang='grc' dir='ltr'>μου.</span> <span class='ocrx_word' id='word_1_388' title='bbox 514 2169 599 2196; x_wconf 83' lang='grc' dir='ltr'>Ὅταν</span> <span class='ocrx_word' id='word_1_389' title='bbox 611 2167 658 2196; x_wconf 88' lang='grc' dir='ltr'>οὗν</span> <span class='ocrx_word' id='word_1_390' title='bbox 677 2170 817 2206; x_wconf 78' lang='grc' dir='ltr'>ἀρρωστίᾳ</span> <span class='ocrx_word' id='word_1_391' title='bbox 836 2170 997 2206; x_wconf 81' lang='grc' dir='ltr'>περιπέσῃς,</span> 
     </span>
    </p>
   </div>
   <div class='ocr_carea' id='block_1_50' title="bbox 210 2211 999 2248">
    <p class='ocr_par' dir='ltr' id='par_1_50' title="bbox 210 2211 999 2248">
     <span class='ocr_line' id='line_1_50' title="bbox 210 2211 999 2248; baseline 0 -9"><span class='ocrx_word' id='word_1_392' title='bbox 210 2212 348 2248; x_wconf 81' lang='grc' dir='ltr'>ἄνθρωπε,</span> <span class='ocrx_word' id='word_1_393' title='bbox 362 2211 553 2247; x_wconf 79' lang='grc' dir='ltr'>ἀναμνήσθητι</span> <span class='ocrx_word' id='word_1_394' title='bbox 567 2211 613 2238; x_wconf 83' lang='grc' dir='ltr'>τοῦ</span> <span class='ocrx_word' id='word_1_395' title='bbox 628 2211 753 2247; x_wconf 88' lang='grc' dir='ltr'>σώματος</span> <span class='ocrx_word' id='word_1_396' title='bbox 766 2212 880 2243; x_wconf 80' lang='grc' dir='ltr'>ἐκείνου,</span> <span class='ocrx_word' id='word_1_397' title='bbox 890 2213 937 2239; x_wconf 75' lang='grc' dir='ltr'>καὶ</span> <span class='ocrx_word' id='word_1_398' title='bbox 950 2213 999 2248; x_wconf 83' lang='grc' dir='ltr'>τῆς</span> 
     </span>
    </p>
   </div>
   <div class='ocr_carea' id='block_1_51' title="bbox 212 2252 998 2290">
    <p class='ocr_par' dir='ltr' id='par_1_51' title="bbox 212 2252 998 2290">
     <span class='ocr_line' id='line_1_51' title="bbox 212 2252 998 2290; baseline 0.001 -10"><span class='ocrx_word' id='word_1_399' title='bbox 212 2253 287 2289; x_wconf 67' lang='grc'>[275]</span> <span class='ocrx_word' id='word_1_400' title='bbox 299 2254 401 2289; x_wconf 83' lang='grc' dir='ltr'>σαρκὸς</span> <span class='ocrx_word' id='word_1_401' title='bbox 412 2254 461 2288; x_wconf 86' lang='grc' dir='ltr'>τῆς</span> <span class='ocrx_word' id='word_1_402' title='bbox 476 2254 567 2287; x_wconf 77' lang='grc' dir='ltr'>ἀγίας’</span> <span class='ocrx_word' id='word_1_403' title='bbox 576 2253 641 2287; x_wconf 86' lang='grc' dir='ltr'>ἁγία</span> <span class='ocrx_word' id='word_1_404' title='bbox 653 2255 708 2289; x_wconf 84' lang='grc' dir='ltr'>γὰρ</span> <span class='ocrx_word' id='word_1_405' title='bbox 719 2252 752 2289; x_wconf 82' lang='grc' dir='ltr'>ἦν</span> <span class='ocrx_word' id='word_1_406' title='bbox 763 2254 810 2280; x_wconf 76' lang='grc' dir='ltr'>καὶ</span> <span class='ocrx_word' id='word_1_407' title='bbox 821 2254 939 2290; x_wconf 77' lang='grc' dir='ltr'>καθαρὰ,</span> <span class='ocrx_word' id='word_1_408' title='bbox 951 2255 998 2281; x_wconf 77' lang='grc' dir='ltr'>καὶ</span> 
     </span>
    </p>
   </div>
   <div class='ocr_carea' id='block_1_52' title="bbox 209 2294 998 2332">
    <p class='ocr_par' dir='ltr' id='par_1_52' title="bbox 209 2294 998 2332">
     <span class='ocr_line' id='line_1_52' title="bbox 209 2294 998 2332; baseline 0.001 -11"><span class='ocrx_word' id='word_1_409' title='bbox 209 2295 321 2322; x_wconf 79' lang='grc' dir='ltr'>τοιαῦτα</span> <span class='ocrx_word' id='word_1_410' title='bbox 340 2295 440 2330; x_wconf 78' lang='grc' dir='ltr'>ἔχουσα</span> <span class='ocrx_word' id='word_1_411' title='bbox 461 2294 618 2330; x_wconf 83' lang='grc' dir='ltr'>τραύματα.</span> <span class='ocrx_word' id='word_1_412' title='bbox 635 2295 694 2322; x_wconf 81' lang='grc' dir='ltr'>Κάν</span> <span class='ocrx_word' id='word_1_413' title='bbox 711 2296 738 2322; x_wconf 81' lang='grc' dir='ltr'>ἐν</span> <span class='ocrx_word' id='word_1_414' title='bbox 756 2296 888 2332; x_wconf 78' lang='grc' dir='ltr'>στρατείᾳ</span> <span class='ocrx_word' id='word_1_415' title='bbox 907 2296 935 2322; x_wconf 86' lang='grc' dir='ltr'>δέ</span> <span class='ocrx_word' id='word_1_416' title='bbox 956 2305 998 2328; x_wconf 85' lang='grc' dir='ltr'>τις</span> 
     </span>
    </p>
   </div>
   <div class='ocr_carea' id='block_1_53' title="bbox 209 2334 997 2373">
    <p class='ocr_par' dir='ltr' id='par_1_53' title="bbox 209 2334 997 2373">
     <span class='ocr_line' id='line_1_53' title="bbox 209 2334 997 2373; baseline 0.003 -11"><span class='ocrx_word' id='word_1_417' title='bbox 209 2337 285 2372; x_wconf 82' lang='grc' dir='ltr'>τελῇ,</span> <span class='ocrx_word' id='word_1_418' title='bbox 295 2334 355 2363; x_wconf 75' lang='grc' dir='ltr'>εἶτα</span> <span class='ocrx_word' id='word_1_419' title='bbox 365 2336 464 2369; x_wconf 81' lang='grc' dir='ltr'>ἀδίκως</span> <span class='ocrx_word' id='word_1_420' title='bbox 476 2337 522 2363; x_wconf 72' lang='grc' dir='ltr'>καὶ</span> <span class='ocrx_word' id='word_1_421' title='bbox 535 2337 619 2372; x_wconf 75' lang='grc' dir='ltr'>χωρὶς</span> <span class='ocrx_word' id='word_1_422' title='bbox 628 2337 739 2371; x_wconf 79' lang='grc' dir='ltr'>εὐλόγου</span> <span class='ocrx_word' id='word_1_423' title='bbox 750 2338 822 2370; x_wconf 80' lang='grc' dir='ltr'>τινὸς</span> <span class='ocrx_word' id='word_1_424' title='bbox 833 2338 997 2373; x_wconf 85' lang='grc' dir='ltr'>προφάσεως</span> 
     </span>
    </p>
   </div>
   <div class='ocr_carea' id='block_1_54' title="bbox 210 2378 996 2415">
    <p class='ocr_par' dir='ltr' id='par_1_54' title="bbox 210 2378 996 2415">
     <span class='ocr_line' id='line_1_54' title="bbox 210 2378 996 2415; baseline 0.003 -11"><span class='ocrx_word' id='word_1_425' title='bbox 210 2378 373 2414; x_wconf 73' lang='grc' dir='ltr'>ἀναρτηθεὶς</span> <span class='ocrx_word' id='word_1_426' title='bbox 397 2379 426 2405; x_wconf 88' lang='grc' dir='ltr'>ἐν</span> <span class='ocrx_word' id='word_1_427' title='bbox 443 2378 482 2414; x_wconf 86' lang='grc' dir='ltr'>τῷ</span> <span class='ocrx_word' id='word_1_428' title='bbox 504 2378 575 2414; x_wconf 77' lang='grc' dir='ltr'>ξύλῳ</span> <span class='ocrx_word' id='word_1_429' title='bbox 594 2378 766 2415; x_wconf 77' lang='grc' dir='ltr'>διαξαίνηται</span> <span class='ocrx_word' id='word_1_430' title='bbox 792 2379 841 2411; x_wconf 87' lang='grc' dir='ltr'>τὰς</span> <span class='ocrx_word' id='word_1_431' title='bbox 859 2379 996 2415; x_wconf 82' lang='grc' dir='ltr'>πλευρὰς,</span> 
     </span>
    </p>
   </div>
   <div class='ocr_carea' id='block_1_55' title="bbox 212 2417 997 2457">
    <p class='ocr_par' dir='ltr' id='par_1_55' title="bbox 212 2417 997 2457">
     <span class='ocr_line' id='line_1_55' title="bbox 212 2417 997 2457; baseline 0.004 -12"><span class='ocrx_word' id='word_1_432' title='bbox 212 2421 280 2455; x_wconf 88' lang='grc' dir='ltr'>μήτε</span> <span class='ocrx_word' id='word_1_433' title='bbox 293 2419 392 2451; x_wconf 79' lang='grc' dir='ltr'>ϐνειδος</span> <span class='ocrx_word' id='word_1_434' title='bbox 409 2417 478 2447; x_wconf 85' lang='grc' dir='ltr'>εἶναι</span> <span class='ocrx_word' id='word_1_435' title='bbox 498 2420 633 2456; x_wconf 78' lang='grc' dir='ltr'>νομιζέτω</span> <span class='ocrx_word' id='word_1_436' title='bbox 649 2421 679 2447; x_wconf 82' lang='grc' dir='ltr'>τὸ</span> <span class='ocrx_word' id='word_1_437' title='bbox 696 2422 824 2457; x_wconf 81' lang='grc' dir='ltr'>πρᾶγμα,</span> <span class='ocrx_word' id='word_1_438' title='bbox 843 2422 911 2456; x_wconf 84' lang='grc' dir='ltr'>μήτε</span> <span class='ocrx_word' id='word_1_439' title='bbox 928 2422 997 2457; x_wconf 81' lang='grc' dir='ltr'>πρὸς</span> 
     </span>
    </p>
   </div>
   <div class='ocr_carea' id='block_1_56' title="bbox 209 2461 995 2497">
    <p class='ocr_par' dir='ltr' id='par_1_56' title="bbox 209 2461 995 2497">
     <span class='ocr_line' id='line_1_56' title="bbox 209 2461 995 2497; baseline 0.005 -10"><span class='ocrx_word' id='word_1_440' title='bbox 209 2462 259 2497; x_wconf 77' lang='grc' dir='ltr'>τὴν</span> <span class='ocrx_word' id='word_1_441' title='bbox 273 2461 369 2497; x_wconf 86' lang='grc' dir='ltr'>ὀδύνην</span> <span class='ocrx_word' id='word_1_442' title='bbox 385 2462 518 2495; x_wconf 85' lang='grc' dir='ltr'>ἐνδιδότω,</span> <span class='ocrx_word' id='word_1_443' title='bbox 534 2462 579 2489; x_wconf 85' lang='grc' dir='ltr'>τὺν</span> <span class='ocrx_word' id='word_1_444' title='bbox 595 2462 674 2497; x_wconf 76' lang='grc' dir='ltr'>ἀγιον</span> <span class='ocrx_word' id='word_1_445' title='bbox 691 2463 784 2489; x_wconf 78' lang='grc' dir='ltr'>τοῦτον</span> <span class='ocrx_word' id='word_1_446' title='bbox 798 2463 907 2491; x_wconf 79' lang='grc' dir='ltr'>ἐννοῶν.</span> <span class='ocrx_word' id='word_1_447' title='bbox 926 2463 995 2490; x_wconf 85' lang='grc' dir='ltr'>Ἀλλ’</span> 
     </span>
    </p>
   </div>
   <div class='ocr_carea' id='block_1_57' title="bbox 211 2501 994 2541">
    <p class='ocr_par' dir='ltr' id='par_1_57' title="bbox 211 2501 994 2541">
     <span class='ocr_line' id='line_1_57' title="bbox 211 2501 994 2541; baseline 0.003 -11"><span class='ocrx_word' id='word_1_448' title='bbox 211 2503 305 2538; x_wconf 71' lang='grc' dir='ltr'>ἱκανὴν</span> <span class='ocrx_word' id='word_1_449' title='bbox 316 2501 390 2538; x_wconf 73' lang='grc' dir='ltr'>εἶχεν</span> <span class='ocrx_word' id='word_1_450' title='bbox 398 2502 473 2535; x_wconf 70' lang='grc' dir='ltr'>οὗτος</span> <span class='ocrx_word' id='word_1_451' title='bbox 482 2504 654 2540; x_wconf 84' lang='grc' dir='ltr'>παράκλησιν</span> <span class='ocrx_word' id='word_1_452' title='bbox 663 2505 710 2531; x_wconf 70' lang='grc' dir='ltr'>καὶ</span> <span class='ocrx_word' id='word_1_453' title='bbox 721 2505 910 2540; x_wconf 85' lang='grc' dir='ltr'>παραμυθίαν,</span> <span class='ocrx_word' id='word_1_454' title='bbox 918 2505 994 2541; x_wconf 75' lang='grc' dir='ltr'>φησὶ,</span> 
     </span>
    </p>
   </div>
   <div class='ocr_carea' id='block_1_58' title="bbox 208 2545 996 2583">
    <p class='ocr_par' dir='ltr' id='par_1_58' title="bbox 208 2545 996 2583">
     <span class='ocr_line' id='line_1_58' title="bbox 208 2545 996 2583; baseline 0.004 -12"><span class='ocrx_word' id='word_1_455' title='bbox 208 2546 240 2571; x_wconf 72' lang='grc' dir='ltr'>τὸ</span> <span class='ocrx_word' id='word_1_456' title='bbox 255 2545 353 2572; x_wconf 82' lang='grc' dir='ltr'>ειδέναι</span> <span class='ocrx_word' id='word_1_457' title='bbox 367 2545 412 2571; x_wconf 84' lang='grc' dir='ltr'>τὸν</span> <span class='ocrx_word' id='word_1_458' title='bbox 425 2546 490 2572; x_wconf 81' lang='grc' dir='ltr'>Θεὸν</span> <span class='ocrx_word' id='word_1_459' title='bbox 503 2546 577 2581; x_wconf 83' lang='grc' dir='ltr'>αὐτῷ</span> <span class='ocrx_word' id='word_1_460' title='bbox 588 2546 675 2573; x_wconf 83' lang='grc' dir='ltr'>ταῦτα</span> <span class='ocrx_word' id='word_1_461' title='bbox 689 2547 835 2581; x_wconf 74' lang='grc' dir='ltr'>ἐπάγοντα.</span> <span class='ocrx_word' id='word_1_462' title='bbox 847 2547 933 2574; x_wconf 84' lang='grc' dir='ltr'>Τοῦτο</span> <span class='ocrx_word' id='word_1_463' title='bbox 948 2548 996 2583; x_wconf 84' lang='grc' dir='ltr'>μὲν</span> 
     </span>
    </p>
   </div>
   <div class='ocr_carea' id='block_1_59' title="bbox 208 2586 996 2625">
    <p class='ocr_par' dir='ltr' id='par_1_59' title="bbox 208 2586 996 2625">
     <span class='ocr_line' id='line_1_59' title="bbox 208 2586 996 2625; baseline 0.005 -12"><span class='ocrx_word' id='word_1_464' title='bbox 208 2586 255 2614; x_wconf 80' lang='grc' dir='ltr'>οὖν</span> <span class='ocrx_word' id='word_1_465' title='bbox 270 2587 351 2614; x_wconf 78' lang='grc' dir='ltr'>αὑτὸν</span> <span class='ocrx_word' id='word_1_466' title='bbox 369 2588 484 2622; x_wconf 82' lang='grc' dir='ltr'>μάλιστα</span> <span class='ocrx_word' id='word_1_467' title='bbox 499 2589 630 2624; x_wconf 88' lang='grc' dir='ltr'>ἐτάραττε</span> <span class='ocrx_word' id='word_1_468' title='bbox 647 2589 693 2615; x_wconf 77' lang='grc' dir='ltr'>καὶ</span> <span class='ocrx_word' id='word_1_469' title='bbox 721 2589 862 2625; x_wconf 75' lang='grc' dir='ltr'>ἐθορύϐει,</span> <span class='ocrx_word' id='word_1_470' title='bbox 886 2591 927 2616; x_wconf 85' lang='grc' dir='ltr'>ὅτι</span> <span class='ocrx_word' id='word_1_471' title='bbox 949 2591 996 2618; x_wconf 82' lang='grc' dir='ltr'>τὸν</span> 
     </span>
    </p>
   </div>
   <div class='ocr_carea' id='block_1_60' title="bbox 208 2629 997 2667">
    <p class='ocr_par' dir='ltr' id='par_1_60' title="bbox 208 2629 997 2667">
     <span class='ocr_line' id='line_1_60' title="bbox 208 2629 997 2667; baseline 0.004 -11"><span class='ocrx_word' id='word_1_472' title='bbox 208 2629 312 2656; x_wconf 81' lang='grc' dir='ltr'>δίκαιον</span> <span class='ocrx_word' id='word_1_473' title='bbox 325 2629 401 2661; x_wconf 80' lang='grc' dir='ltr'>Θεὸν,</span> <span class='ocrx_word' id='word_1_474' title='bbox 417 2631 464 2656; x_wconf 82' lang='grc' dir='ltr'>καὶ</span> <span class='ocrx_word' id='word_1_475' title='bbox 479 2631 560 2656; x_wconf 77' lang='grc' dir='ltr'>παντὶ</span> <span class='ocrx_word' id='word_1_476' title='bbox 574 2630 667 2665; x_wconf 88' lang='grc' dir='ltr'>τρόπῳ</span> <span class='ocrx_word' id='word_1_477' title='bbox 682 2632 748 2666; x_wconf 76' lang='grc' dir='ltr'>παρ’</span> <span class='ocrx_word' id='word_1_478' title='bbox 764 2631 845 2658; x_wconf 79' lang='grc' dir='ltr'>αὑτοῦ</span> <span class='ocrx_word' id='word_1_479' title='bbox 862 2632 997 2667; x_wconf 87' lang='grc' dir='ltr'>θεραπευ-</span> 
     </span>
    </p>
   </div>
   <div class='ocr_carea' id='block_1_61' title="bbox 209 2671 995 2709">
    <p class='ocr_par' dir='ltr' id='par_1_61' title="bbox 209 2671 995 2709">
     <span class='ocr_line' id='line_1_61' title="bbox 209 2671 995 2709; baseline 0.005 -12"><span class='ocrx_word' id='word_1_480' title='bbox 209 2671 300 2702; x_wconf 87' lang='grc' dir='ltr'>θέντα,</span> <span class='ocrx_word' id='word_1_481' title='bbox 309 2671 403 2698; x_wconf 81' lang='grc' dir='ltr'>τοῦτον</span> <span class='ocrx_word' id='word_1_482' title='bbox 418 2671 541 2707; x_wconf 71' lang='grc' dir='ltr'>ἐνόμιζεν</span> <span class='ocrx_word' id='word_1_483' title='bbox 557 2671 630 2707; x_wconf 84' lang='grc' dir='ltr'>αύτῷ</span> <span class='ocrx_word' id='word_1_484' title='bbox 644 2672 782 2708; x_wconf 81' lang='grc' dir='ltr'>πολεμεῖν.</span> <span class='ocrx_word' id='word_1_485' title='bbox 793 2673 847 2700; x_wconf 80' lang='grc' dir='ltr'>Καὶ</span> <span class='ocrx_word' id='word_1_486' title='bbox 859 2674 995 2709; x_wconf 77' lang='grc' dir='ltr'>πρόφασίν</span> 
     </span>
    </p>
   </div>
   <div class='ocr_carea' id='block_1_62' title="bbox 208 2712 994 2750">
    <p class='ocr_par' dir='ltr' id='par_1_62' title="bbox 208 2712 994 2750">
     <span class='ocr_line' id='line_1_62' title="bbox 208 2712 994 2750; baseline 0.004 -11"><span class='ocrx_word' id='word_1_487' title='bbox 208 2721 268 2740; x_wconf 85' lang='grc' dir='ltr'>τινα</span> <span class='ocrx_word' id='word_1_488' title='bbox 284 2712 394 2748; x_wconf 73' lang='grc' dir='ltr'>εὔλογον</span> <span class='ocrx_word' id='word_1_489' title='bbox 410 2714 500 2749; x_wconf 84' lang='grc' dir='ltr'>εὑρεῖν</span> <span class='ocrx_word' id='word_1_490' title='bbox 517 2713 571 2740; x_wconf 89' lang='grc' dir='ltr'>τῶν</span> <span class='ocrx_word' id='word_1_491' title='bbox 587 2714 737 2749; x_wconf 79' lang='grc' dir='ltr'>γινομένων</span> <span class='ocrx_word' id='word_1_492' title='bbox 753 2715 803 2741; x_wconf 81' lang='grc' dir='ltr'>οὐκ</span> <span class='ocrx_word' id='word_1_493' title='bbox 817 2713 904 2750; x_wconf 77' lang='grc' dir='ltr'>εἶχεν·</span> <span class='ocrx_word' id='word_1_494' title='bbox 922 2717 994 2748; x_wconf 70' lang='grc' dir='ltr'>ἐπεὶ,</span> 
     </span>
    </p>
   </div>
   <div class='ocr_carea' id='block_1_63' title="bbox 207 2755 995 2794">
    <p class='ocr_par' dir='ltr' id='par_1_63' title="bbox 207 2755 995 2794">
     <span class='ocr_line' id='line_1_63' title="bbox 207 2755 995 2794; baseline 0.006 -13"><span class='ocrx_word' id='word_1_495' title='bbox 207 2755 252 2782; x_wconf 71' lang='grc' dir='ltr'>ὅτε</span> <span class='ocrx_word' id='word_1_496' title='bbox 268 2763 300 2790; x_wconf 89' lang='grc' dir='ltr'>γε</span> <span class='ocrx_word' id='word_1_497' title='bbox 314 2755 414 2790; x_wconf 82' lang='grc' dir='ltr'>ἔμαθεν</span> <span class='ocrx_word' id='word_1_498' title='bbox 429 2756 542 2792; x_wconf 73' lang='grc' dir='ltr'>ὕστερον</span> <span class='ocrx_word' id='word_1_499' title='bbox 559 2756 608 2792; x_wconf 83' lang='grc' dir='ltr'>τὴν</span> <span class='ocrx_word' id='word_1_500' title='bbox 622 2756 723 2790; x_wconf 75' lang='grc' dir='ltr'>αἰτίαν,</span> <span class='ocrx_word' id='word_1_501' title='bbox 740 2757 792 2793; x_wconf 81' lang='grc' dir='ltr'>ὅρα</span> <span class='ocrx_word' id='word_1_502' title='bbox 814 2758 901 2794; x_wconf 88' lang='grc' dir='ltr'>πόσην</span> <span class='ocrx_word' id='word_1_503' title='bbox 915 2759 995 2786; x_wconf 80' lang='grc' dir='ltr'>εὐλά-</span> 
     </span>
    </p>
   </div>
   <div class='ocr_carea' id='block_1_64' title="bbox 236 2847 991 2885">
    <p class='ocr_par' dir='ltr' id='par_1_64' title="bbox 236 2847 991 2885">
     <span class='ocr_line' id='line_1_64' title="bbox 236 2847 991 2885; baseline 0.007 -11"><span class='ocrx_word' id='word_1_504' title='bbox 236 2847 322 2885; x_wconf 57' lang='grc' dir='ltr'>ξΗως,</span> <span class='ocrx_word' id='word_1_505' title='bbox 335 2851 421 2878; x_wconf 77' lang='grc' dir='ltr'>ἐκέινθς</span> <span class='ocrx_word' id='word_1_506' title='bbox 431 2852 456 2885; x_wconf 77' lang='grc' dir='ltr'>δὲ</span> <span class='ocrx_word' id='word_1_507' title='bbox 467 2851 534 2875; x_wconf 77' lang='grc' dir='ltr'>οὐδὲν</span> <span class='ocrx_word' id='word_1_508' title='bbox 543 2851 621 2885; x_wconf 71' lang='grc' dir='ltr'>ἐαυτῷ</span> <span class='ocrx_word' id='word_1_509' title='bbox 633 2851 850 2885; x_wconf 33' lang='lat' dir='ltr'>Maestdgqrant</span> <span class='ocrx_word' id='word_1_510' title='bbox 870 2851 894 2876; x_wconf 91' lang='lat' dir='ltr'>in</span> <span class='ocrx_word' id='word_1_511' title='bbox 907 2853 991 2885; x_wconf 73' lang='grc' dir='ltr'>εᾱὶιὶι,</span> 
     </span>
    </p>
   </div>
   <div class='ocr_carea' id='block_1_65' title="bbox 207 2881 912 2913">
    <p class='ocr_par' dir='ltr' id='par_1_65' title="bbox 207 2881 912 2913">
     <span class='ocr_line' id='line_1_65' title="bbox 207 2881 912 2913; baseline 0.003 -8"><span class='ocrx_word' id='word_1_512' title='bbox 207 2881 250 2906; x_wconf 67' lang='grc' dir='ltr'>ειτύ</span> <span class='ocrx_word' id='word_1_513' title='bbox 260 2888 291 2905; x_wconf 80' lang='lat' dir='ltr'>ex</span> <span class='ocrx_word' id='word_1_514' title='bbox 304 2881 363 2912; x_wconf 74' lang='lat' dir='ltr'>Reg.</span> <span class='ocrx_word' id='word_1_515' title='bbox 374 2883 530 2913; x_wconf 67' lang='lat' dir='ltr'>supplentur,</span> <span class='ocrx_word' id='word_1_516' title='bbox 541 2885 565 2906; x_wconf 86' lang='lat' dir='ltr'><strong>el</strong></span> <span class='ocrx_word' id='word_1_517' title='bbox 579 2882 608 2907; x_wconf 84' lang='lat' dir='ltr'>ad</span> <span class='ocrx_word' id='word_1_518' title='bbox 619 2881 718 2907; x_wconf 67' lang='lat' dir='ltr'>sensum</span> <span class='ocrx_word' id='word_1_519' title='bbox 730 2882 912 2908; x_wconf 77' lang='lat' dir='ltr'>desiderantur.</span> 
     </span>
    </p>
   </div>
   <div class='ocr_carea' id='block_1_66' title="bbox 581 132 1518 170">
    <p class='ocr_par' dir='ltr' id='par_1_66' title="bbox 581 132 1518 170">
     <span class='ocr_line' id='line_1_66' title="bbox 581 132 1518 170; baseline -0.001 0"><span class='ocrx_word' id='word_1_520' title='bbox 581 141 610 170; x_wconf 90' lang='lat' dir='ltr'>S.</span> <span class='ocrx_word' id='word_1_521' title='bbox 630 141 774 170; x_wconf 76' lang='lat' dir='ltr'>JOANNIS</span> <span class='ocrx_word' id='word_1_522' title='bbox 791 140 1038 170; x_wconf 74' lang='lat' dir='ltr'>CHRYSOSTOMI</span> <span class='ocrx_word' id='word_1_523' title='bbox 1054 140 1217 169; x_wconf 74' lang='lat' dir='ltr'>ARCHIEP.</span> <span class='ocrx_word' id='word_1_524' title='bbox 1236 132 1518 170; x_wconf 12' lang='lat' dir='ltr'>CONSTANTINOP.‘</span> 
     </span>
    </p>
   </div>
   <div class='ocr_carea' id='block_1_67' title="bbox 1798 141 1853 170">
    <p class='ocr_par' dir='ltr' id='par_1_67' title="bbox 1798 141 1853 170">
     <span class='ocr_line' id='line_1_67' title="bbox 1798 141 1853 170; baseline 0.018 -1"><span class='ocrx_word' id='word_1_525' title='bbox 1798 141 1853 170; x_wconf 68' lang='lat'>273</span> 
     </span>
    </p>
   </div>
   <div class='ocr_carea' id='block_1_68' title="bbox 1061 199 1851 237">
    <p class='ocr_par' dir='ltr' id='par_1_68' title="bbox 1061 199 1851 237">
     <span class='ocr_line' id='line_1_68' title="bbox 1061 199 1851 237; baseline -0.001 -9"><span class='ocrx_word' id='word_1_526' title='bbox 1061 202 1137 228; x_wconf 78' lang='grc' dir='ltr'>δειαν</span> <span class='ocrx_word' id='word_1_527' title='bbox 1147 202 1305 233; x_wconf 79' lang='grc' dir='ltr'>ἐπεδείξατο</span> <span class='ocrx_word' id='word_1_528' title='bbox 1313 210 1319 216; x_wconf 90' lang='grc'><strong>·</strong></span> <span class='ocrx_word' id='word_1_529' title='bbox 1333 202 1377 228; x_wconf 74' lang='grc' dir='ltr'>ὅτε</span> <span class='ocrx_word' id='word_1_530' title='bbox 1387 202 1441 237; x_wconf 87' lang='grc' dir='ltr'>γὰρ</span> <span class='ocrx_word' id='word_1_531' title='bbox 1452 199 1528 228; x_wconf 70' lang='grc' dir='ltr'>εἶπεν</span> <span class='ocrx_word' id='word_1_532' title='bbox 1535 200 1609 236; x_wconf 86' lang='grc' dir='ltr'>αὖτῷ</span> <span class='ocrx_word' id='word_1_533' title='bbox 1622 201 1636 227; x_wconf 79' lang='grc' dir='ltr'><strong>ὁ</strong></span> <span class='ocrx_word' id='word_1_534' title='bbox 1643 200 1708 233; x_wconf 79' lang='grc' dir='ltr'>θεός</span> <span class='ocrx_word' id='word_1_535' title='bbox 1718 209 1725 216; x_wconf 81' lang='lat'>&#39;</span> <span class='ocrx_word' id='word_1_536' title='bbox 1739 201 1851 236; x_wconf 68' lang='grc' dir='ltr'>Ἄλλως</span> 
     </span>
    </p>
   </div>
   <div class='ocr_carea' id='block_1_69' title="bbox 1056 243 1844 279">
    <p class='ocr_par' dir='ltr' id='par_1_69' title="bbox 1056 243 1844 279">
     <span class='ocr_line' id='line_1_69' title="bbox 1056 243 1844 279; baseline -0.003 -8"><span class='ocrx_word' id='word_1_537' title='bbox 1056 252 1096 279; x_wconf 75' lang='grc' dir='ltr'>με</span> <span class='ocrx_word' id='word_1_538' title='bbox 1107 243 1163 271; x_wconf 72' lang='grc' dir='ltr'>οἴει</span> <span class='ocrx_word' id='word_1_539' title='bbox 1174 252 1224 271; x_wconf 88' lang='grc' dir='ltr'>σοι</span> <span class='ocrx_word' id='word_1_540' title='bbox 1235 243 1493 278; x_wconf 76' lang='grc' dir='ltr'>κεχρηματικέναι,</span> <span class='ocrx_word' id='word_1_541' title='bbox 1504 243 1523 277; x_wconf 78' lang='grc' dir='ltr'>ἢ</span> <span class='ocrx_word' id='word_1_542' title='bbox 1545 244 1596 269; x_wconf 78' lang='lat' dir='ltr'>Ira</span> <span class='ocrx_word' id='word_1_543' title='bbox 1609 243 1728 275; x_wconf 79' lang='grc' dir='ltr'>δίκαιος</span> <span class='ocrx_word' id='word_1_544' title='bbox 1741 243 1844 277; x_wconf 59' lang='grc' dir='ltr'>ἀναφα</span> 
     </span>
    </p>
   </div>
   <div class='ocr_carea' id='block_1_70' title="bbox 1058 284 1855 321">
    <p class='ocr_par' dir='ltr' id='par_1_70' title="bbox 1058 284 1855 321">
     <span class='ocr_line' id='line_1_70' title="bbox 1058 284 1855 321; baseline 0 -9"><span class='ocrx_word' id='word_1_545' title='bbox 1058 284 1134 320; x_wconf 79' lang='grc' dir='ltr'>νῇς;</span> <span class='ocrx_word' id='word_1_546' title='bbox 1152 285 1349 319; x_wconf 76' lang='grc' dir='ltr'>καταπλαγεὶς,</span> <span class='ocrx_word' id='word_1_547' title='bbox 1364 284 1431 321; x_wconf 87' lang='grc' dir='ltr'>φησί</span> <span class='ocrx_word' id='word_1_548' title='bbox 1443 293 1449 300; x_wconf 76' lang='grc'><em>’</em></span> <span class='ocrx_word' id='word_1_549' title='bbox 1467 284 1556 319; x_wconf 82' lang='grc' dir='ltr'>Χεῖρα</span> <span class='ocrx_word' id='word_1_550' title='bbox 1567 284 1650 317; x_wconf 84' lang='grc' dir='ltr'>θήσω</span> <span class='ocrx_word' id='word_1_551' title='bbox 1661 284 1710 311; x_wconf 76' lang='grc' dir='ltr'>ἐπὶ</span> <span class='ocrx_word' id='word_1_552' title='bbox 1725 285 1855 319; x_wconf 77' lang='grc' dir='ltr'>στόματί</span> 
     </span>
    </p>
   </div>
   <div class='ocr_carea' id='block_1_71' title="bbox 1055 325 1855 362">
    <p class='ocr_par' dir='ltr' id='par_1_71' title="bbox 1055 325 1855 362">
     <span class='ocr_line' id='line_1_71' title="bbox 1055 325 1855 362; baseline -0.001 -8"><span class='ocrx_word' id='word_1_553' title='bbox 1055 335 1116 362; x_wconf 78' lang='grc' dir='ltr'>μου</span> <span class='ocrx_word' id='word_1_554' title='bbox 1125 335 1133 343; x_wconf 91' lang='grc'><strong>·</strong></span> <span class='ocrx_word' id='word_1_555' title='bbox 1151 326 1232 360; x_wconf 78' lang='grc' dir='ltr'>ἅπαξ</span> <span class='ocrx_word' id='word_1_556' title='bbox 1248 326 1399 360; x_wconf 68' lang='grc' dir='ltr'>ἐλάλησα,</span> <span class='ocrx_word' id='word_1_557' title='bbox 1411 326 1460 352; x_wconf 79' lang='grc' dir='ltr'>ἐπὶ</span> <span class='ocrx_word' id='word_1_558' title='bbox 1470 326 1504 352; x_wconf 74' lang='grc' dir='ltr'>δὲ</span> <span class='ocrx_word' id='word_1_559' title='bbox 1518 325 1558 358; x_wconf 83' lang='grc' dir='ltr'>τῷ</span> <span class='ocrx_word' id='word_1_560' title='bbox 1567 325 1698 360; x_wconf 73' lang='grc' dir='ltr'>δευτέρῳ</span> <span class='ocrx_word' id='word_1_561' title='bbox 1708 327 1746 353; x_wconf 86' lang='grc' dir='ltr'>οὺ</span> <span class='ocrx_word' id='word_1_562' title='bbox 1760 334 1855 360; x_wconf 76' lang='grc' dir='ltr'>προσ-</span> 
     </span>
    </p>
   </div>
   <div class='ocr_carea' id='block_1_72' title="bbox 1059 362 1854 402">
    <p class='ocr_par' dir='ltr' id='par_1_72' title="bbox 1059 362 1854 402">
     <span class='ocr_line' id='line_1_72' title="bbox 1059 362 1854 402; baseline -0.003 -6"><span class='ocrx_word' id='word_1_563' title='bbox 1059 368 1153 402; x_wconf 82' lang='grc' dir='ltr'>θήσω,</span> <span class='ocrx_word' id='word_1_564' title='bbox 1163 369 1218 396; x_wconf 79' lang='grc' dir='ltr'>Καὶ</span> <span class='ocrx_word' id='word_1_565' title='bbox 1230 368 1322 401; x_wconf 75' lang='grc' dir='ltr'>πάλιν,</span> <span class='ocrx_word' id='word_1_566' title='bbox 1336 368 1413 401; x_wconf 83' lang='grc' dir='ltr'>Ἕως</span> <span class='ocrx_word' id='word_1_567' title='bbox 1421 367 1480 402; x_wconf 80' lang='grc' dir='ltr'>μὲν</span> <span class='ocrx_word' id='word_1_568' title='bbox 1492 368 1566 401; x_wconf 75' lang='grc' dir='ltr'>ὠτὸς</span> <span class='ocrx_word' id='word_1_569' title='bbox 1576 362 1671 401; x_wconf 67' lang='grc' dir='ltr'>ὰόιοῆς</span> <span class='ocrx_word' id='word_1_570' title='bbox 1685 367 1802 402; x_wconf 74' lang='grc' dir='ltr'>ἤκουόν</span> <span class='ocrx_word' id='word_1_571' title='bbox 1816 375 1854 394; x_wconf 80' lang='grc' dir='ltr'>σε</span> 
     </span>
    </p>
   </div>
   <div class='ocr_carea' id='block_1_73' title="bbox 1058 409 1853 446">
    <p class='ocr_par' dir='ltr' id='par_1_73' title="bbox 1058 409 1853 446">
     <span class='ocr_line' id='line_1_73' title="bbox 1058 409 1853 446; baseline -0.003 -8"><span class='ocrx_word' id='word_1_572' title='bbox 1058 411 1092 438; x_wconf 80' lang='grc' dir='ltr'>τὸ</span> <span class='ocrx_word' id='word_1_573' title='bbox 1106 412 1263 446; x_wconf 81' lang='grc' dir='ltr'>πρότερον·</span> <span class='ocrx_word' id='word_1_574' title='bbox 1276 411 1346 438; x_wconf 78' lang='grc' dir='ltr'>νυνὶ</span> <span class='ocrx_word' id='word_1_575' title='bbox 1358 411 1392 437; x_wconf 84' lang='grc' dir='ltr'>δὲ</span> <span class='ocrx_word' id='word_1_576' title='bbox 1404 412 1420 438; x_wconf 88' lang='grc' dir='ltr'>ό</span> <span class='ocrx_word' id='word_1_577' title='bbox 1431 410 1585 445; x_wconf 72' lang='grc' dir='ltr'>ὀφθαλμός</span> <span class='ocrx_word' id='word_1_578' title='bbox 1599 419 1659 444; x_wconf 87' lang='grc' dir='ltr'>μου</span> <span class='ocrx_word' id='word_1_579' title='bbox 1668 409 1781 444; x_wconf 73' lang='grc' dir='ltr'>ἑώρακέ</span> <span class='ocrx_word' id='word_1_580' title='bbox 1796 418 1834 436; x_wconf 87' lang='grc' dir='ltr'>σε</span> <span class='ocrx_word' id='word_1_581' title='bbox 1845 417 1853 424; x_wconf 86' lang='grc'><strong>·</strong></span> 
     </span>
    </p>
   </div>
   <div class='ocr_carea' id='block_1_74' title="bbox 1058 451 1856 494">
    <p class='ocr_par' dir='ltr' id='par_1_74' title="bbox 1058 451 1856 494">
     <span class='ocr_line' id='line_1_74' title="bbox 1058 451 1856 494; baseline -0.004 -14"><span class='ocrx_word' id='word_1_582' title='bbox 1058 453 1104 480; x_wconf 83' lang='grc' dir='ltr'>διὸ</span> <span class='ocrx_word' id='word_1_583' title='bbox 1127 454 1279 488; x_wconf 65' lang='grc' dir='ltr'>ἐφαύλισα</span> <span class='ocrx_word' id='word_1_584' title='bbox 1300 452 1440 488; x_wconf 79' lang='grc' dir='ltr'>ἐμαυτὸν,</span> <span class='ocrx_word' id='word_1_585' title='bbox 1464 452 1513 478; x_wconf 75' lang='grc' dir='ltr'>καί</span> <span class='ocrx_word' id='word_1_586' title='bbox 1536 451 1664 494; x_wconf 76' lang='grc' dir='ltr'>ἑτάκην·</span> <span class='ocrx_word' id='word_1_587' title='bbox 1687 451 1799 486; x_wconf 76' lang='grc' dir='ltr'>ἥγημαι</span> <span class='ocrx_word' id='word_1_588' title='bbox 1819 451 1856 478; x_wconf 72' lang='grc' dir='ltr'>δὲ</span> 
     </span>
    </p>
   </div>
   <div class='ocr_carea' id='block_1_75' title="bbox 1057 494 1478 531">
    <p class='ocr_par' dir='ltr' id='par_1_75' title="bbox 1057 494 1478 531">
     <span class='ocr_line' id='line_1_75' title="bbox 1057 494 1478 531; baseline -0.005 -8"><span class='ocrx_word' id='word_1_589' title='bbox 1057 497 1187 531; x_wconf 77' lang='grc' dir='ltr'>ἐμαυτόν·</span> <span class='ocrx_word' id='word_1_590' title='bbox 1204 495 1261 530; x_wconf 65' lang='grc' dir='ltr'>γῆν</span> <span class='ocrx_word' id='word_1_591' title='bbox 1282 495 1332 522; x_wconf 72' lang='grc' dir='ltr'>καὶ</span> <span class='ocrx_word' id='word_1_592' title='bbox 1350 494 1478 522; x_wconf 77' lang='grc' dir='ltr'>σποδόν.</span> 
     </span>
    </p>
   </div>
   <div class='ocr_carea' id='block_1_76' title="bbox 1094 533 1855 572">
    <p class='ocr_par' dir='ltr' id='par_1_76' title="bbox 1094 533 1855 572">
     <span class='ocr_line' id='line_1_76' title="bbox 1094 533 1855 572; baseline -0.007 -7"><span class='ocrx_word' id='word_1_593' title='bbox 1094 537 1131 570; x_wconf 83' lang='grc' dir='ltr'>ς’.</span> <span class='ocrx_word' id='word_1_594' title='bbox 1143 539 1174 564; x_wconf 71' lang='grc' dir='ltr'><strong>Εἰ</strong></span> <span class='ocrx_word' id='word_1_595' title='bbox 1189 538 1218 564; x_wconf 77' lang='grc' dir='ltr'>δὲ</span> <span class='ocrx_word' id='word_1_596' title='bbox 1232 538 1330 572; x_wconf 83' lang='grc' dir='ltr'>ἀρκεῖν</span> <span class='ocrx_word' id='word_1_597' title='bbox 1340 537 1420 563; x_wconf 84' lang='grc' dir='ltr'>τοῦτο</span> <span class='ocrx_word' id='word_1_598' title='bbox 1430 537 1470 568; x_wconf 78' lang='grc' dir='ltr'>εὶς</span> <span class='ocrx_word' id='word_1_599' title='bbox 1480 535 1655 571; x_wconf 82' lang='grc' dir='ltr'>παράκλησιν</span> <span class='ocrx_word' id='word_1_600' title='bbox 1662 533 1798 570; x_wconf 84' lang='grc' dir='ltr'>νομίζεις,</span> <span class='ocrx_word' id='word_1_601' title='bbox 1808 534 1855 561; x_wconf 86' lang='grc' dir='ltr'>δυ-</span> 
     </span>
    </p>
   </div>
   <div class='ocr_carea' id='block_1_77' title="bbox 1057 576 1854 615">
    <p class='ocr_par' dir='ltr' id='par_1_77' title="bbox 1057 576 1854 615">
     <span class='ocr_line' id='line_1_77' title="bbox 1057 576 1854 615; baseline -0.003 -11"><span class='ocrx_word' id='word_1_602' title='bbox 1057 579 1125 615; x_wconf 82' lang='grc' dir='ltr'>νήσῃ</span> <span class='ocrx_word' id='word_1_603' title='bbox 1148 579 1177 606; x_wconf 71' lang='grc' dir='ltr'>δὲ</span> <span class='ocrx_word' id='word_1_604' title='bbox 1197 579 1244 606; x_wconf 73' lang='grc' dir='ltr'>καὶ</span> <span class='ocrx_word' id='word_1_605' title='bbox 1267 579 1349 610; x_wconf 80' lang='grc' dir='ltr'>αὐτὸς</span> <span class='ocrx_word' id='word_1_606' title='bbox 1370 577 1473 613; x_wconf 90' lang='grc' dir='ltr'>ταύτην</span> <span class='ocrx_word' id='word_1_607' title='bbox 1497 577 1547 613; x_wconf 85' lang='grc' dir='ltr'>τὴν</span> <span class='ocrx_word' id='word_1_608' title='bbox 1565 576 1746 612; x_wconf 83' lang='grc' dir='ltr'>παραμυθίαν</span> <span class='ocrx_word' id='word_1_609' title='bbox 1768 576 1854 611; x_wconf 75' lang='grc' dir='ltr'>ἔχειν.</span> 
     </span>
    </p>
   </div>
   <div class='ocr_carea' id='block_1_78' title="bbox 1058 617 1853 657">
    <p class='ocr_par' dir='ltr' id='par_1_78' title="bbox 1058 617 1853 657">
     <span class='ocr_line' id='line_1_78' title="bbox 1058 617 1853 657; baseline -0.004 -10"><span class='ocrx_word' id='word_1_610' title='bbox 1058 621 1118 647; x_wconf 75' lang='grc' dir='ltr'>Κᾶν</span> <span class='ocrx_word' id='word_1_611' title='bbox 1136 621 1191 657; x_wconf 83' lang='grc' dir='ltr'>γὰρ</span> <span class='ocrx_word' id='word_1_612' title='bbox 1208 621 1244 657; x_wconf 87' lang='grc' dir='ltr'>μὴ</span> <span class='ocrx_word' id='word_1_613' title='bbox 1262 621 1306 647; x_wconf 81' lang='grc' dir='ltr'>διὰ</span> <span class='ocrx_word' id='word_1_614' title='bbox 1320 621 1366 647; x_wconf 81' lang='grc' dir='ltr'>τὸν</span> <span class='ocrx_word' id='word_1_615' title='bbox 1380 620 1446 646; x_wconf 77' lang='grc' dir='ltr'>Θεὸν</span> <span class='ocrx_word' id='word_1_616' title='bbox 1462 619 1553 655; x_wconf 77' lang='grc' dir='ltr'>πάθῃς</span> <span class='ocrx_word' id='word_1_617' title='bbox 1565 628 1592 645; x_wconf 85' lang='grc' dir='ltr'>τι</span> <span class='ocrx_word' id='word_1_618' title='bbox 1606 619 1662 645; x_wconf 86' lang='grc' dir='ltr'>τῶν</span> <span class='ocrx_word' id='word_1_619' title='bbox 1675 618 1781 650; x_wconf 82' lang='grc' dir='ltr'>δεινῶν,</span> <span class='ocrx_word' id='word_1_620' title='bbox 1795 617 1853 644; x_wconf 81' lang='grc' dir='ltr'>ἀλλ’</span> 
     </span>
    </p>
   </div>
   <div class='ocr_carea' id='block_1_79' title="bbox 1057 659 1855 699">
    <p class='ocr_par' dir='ltr' id='par_1_79' title="bbox 1057 659 1855 699">
     <span class='ocr_line' id='line_1_79' title="bbox 1057 659 1855 699; baseline -0.003 -11"><span class='ocrx_word' id='word_1_621' title='bbox 1057 663 1087 695; x_wconf 78' lang='grc' dir='ltr'>ἐξ</span> <span class='ocrx_word' id='word_1_622' title='bbox 1105 662 1258 699; x_wconf 80' lang='grc' dir='ltr'>ἀνθρώπων</span> <span class='ocrx_word' id='word_1_623' title='bbox 1277 662 1421 698; x_wconf 78' lang='grc' dir='ltr'>ἐπηρείας,</span> <span class='ocrx_word' id='word_1_624' title='bbox 1450 661 1653 697; x_wconf 82' lang='grc' dir='ltr'>εὐχαριστήσῃς</span> <span class='ocrx_word' id='word_1_625' title='bbox 1673 660 1719 692; x_wconf 81' lang='grc' dir='ltr'>δὲ,</span> <span class='ocrx_word' id='word_1_626' title='bbox 1742 660 1791 687; x_wconf 73' lang='grc' dir='ltr'>καὶ</span> <span class='ocrx_word' id='word_1_627' title='bbox 1815 659 1855 695; x_wconf 84' lang='grc' dir='ltr'>μὴ</span> 
     </span>
    </p>
   </div>
   <div class='ocr_carea' id='block_1_80' title="bbox 1058 702 1854 740">
    <p class='ocr_par' dir='ltr' id='par_1_80' title="bbox 1058 702 1854 740">
     <span class='ocr_line' id='line_1_80' title="bbox 1058 702 1854 740; baseline -0.005 -8"><span class='ocrx_word' id='word_1_628' title='bbox 1058 705 1259 740; x_wconf 79' lang='grc' dir='ltr'>βλασφημήσῃς</span> <span class='ocrx_word' id='word_1_629' title='bbox 1282 704 1327 731; x_wconf 88' lang='grc' dir='ltr'>τὺν</span> <span class='ocrx_word' id='word_1_630' title='bbox 1350 704 1498 738; x_wconf 85' lang='grc' dir='ltr'>δυνάμενον</span> <span class='ocrx_word' id='word_1_631' title='bbox 1517 703 1640 730; x_wconf 82' lang='grc' dir='ltr'>κωλῦσαι</span> <span class='ocrx_word' id='word_1_632' title='bbox 1660 704 1721 737; x_wconf 82' lang='grc' dir='ltr'>μὲν,</span> <span class='ocrx_word' id='word_1_633' title='bbox 1749 702 1854 738; x_wconf 76' lang='grc' dir='ltr'>ἀφέντα</span> 
     </span>
    </p>
   </div>
   <div class='ocr_carea' id='block_1_81' title="bbox 1056 744 1854 782">
    <p class='ocr_par' dir='ltr' id='par_1_81' title="bbox 1056 744 1854 782">
     <span class='ocr_line' id='line_1_81' title="bbox 1056 744 1854 782; baseline -0.005 -8"><span class='ocrx_word' id='word_1_634' title='bbox 1056 748 1084 774; x_wconf 80' lang='grc' dir='ltr'>δὲ</span> <span class='ocrx_word' id='word_1_635' title='bbox 1097 747 1147 782; x_wconf 85' lang='grc' dir='ltr'>τῆς</span> <span class='ocrx_word' id='word_1_636' title='bbox 1163 747 1213 782; x_wconf 79' lang='grc' dir='ltr'>σῆς</span> <span class='ocrx_word' id='word_1_637' title='bbox 1234 747 1327 773; x_wconf 69' lang='grc' dir='ltr'>ἕνεκεν</span> <span class='ocrx_word' id='word_1_638' title='bbox 1348 746 1474 781; x_wconf 82' lang='grc' dir='ltr'>δοκιμῆς,</span> <span class='ocrx_word' id='word_1_639' title='bbox 1492 745 1589 781; x_wconf 83' lang='grc' dir='ltr'>ὥσπερ</span> <span class='ocrx_word' id='word_1_640' title='bbox 1609 746 1636 772; x_wconf 79' lang='grc' dir='ltr'>οι</span> <span class='ocrx_word' id='word_1_641' title='bbox 1655 744 1701 772; x_wconf 89' lang='grc' dir='ltr'>διά</span> <span class='ocrx_word' id='word_1_642' title='bbox 1715 744 1763 771; x_wconf 79' lang='grc' dir='ltr'>τὸν</span> <span class='ocrx_word' id='word_1_643' title='bbox 1786 744 1854 770; x_wconf 78' lang='grc' dir='ltr'>Θεὸν</span> 
     </span>
    </p>
   </div>
   <div class='ocr_carea' id='block_1_82' title="bbox 1057 786 1855 822">
    <p class='ocr_par' dir='ltr' id='par_1_82' title="bbox 1057 786 1855 822">
     <span class='ocr_line' id='line_1_82' title="bbox 1057 786 1855 822; baseline -0.005 -7"><span class='ocrx_word' id='word_1_644' title='bbox 1057 788 1190 820; x_wconf 82' lang='grc' dir='ltr'>παθόντες</span> <span class='ocrx_word' id='word_1_645' title='bbox 1208 787 1415 822; x_wconf 85' lang='grc' dir='ltr'>στεφανοῦνται,</span> <span class='ocrx_word' id='word_1_646' title='bbox 1425 787 1496 814; x_wconf 75' lang='grc' dir='ltr'>οὕτω</span> <span class='ocrx_word' id='word_1_647' title='bbox 1511 787 1559 814; x_wconf 77' lang='grc' dir='ltr'>καὶ</span> <span class='ocrx_word' id='word_1_648' title='bbox 1574 787 1605 814; x_wconf 78' lang='grc' dir='ltr'>σὺ</span> <span class='ocrx_word' id='word_1_649' title='bbox 1621 786 1675 813; x_wconf 84' lang='grc' dir='ltr'>τῶν</span> <span class='ocrx_word' id='word_1_650' title='bbox 1688 786 1781 814; x_wconf 80' lang='grc' dir='ltr'>αὐτῶν</span> <span class='ocrx_word' id='word_1_651' title='bbox 1792 787 1855 812; x_wconf 84' lang='grc' dir='ltr'>ἐπι-</span> 
     </span>
    </p>
   </div>
   <div class='ocr_carea' id='block_1_83' title="bbox 1056 828 1854 866">
    <p class='ocr_par' dir='ltr' id='par_1_83' title="bbox 1056 828 1854 866">
     <span class='ocr_line' id='line_1_83' title="bbox 1056 828 1854 866; baseline -0.004 -9"><span class='ocrx_word' id='word_1_652' title='bbox 1056 830 1138 866; x_wconf 83' lang='grc' dir='ltr'>τεύξῃ</span> <span class='ocrx_word' id='word_1_653' title='bbox 1160 830 1276 866; x_wconf 85' lang='grc' dir='ltr'>μισθῶν,</span> <span class='ocrx_word' id='word_1_654' title='bbox 1294 831 1335 856; x_wconf 79' lang='grc' dir='ltr'>ὅτι</span> <span class='ocrx_word' id='word_1_655' title='bbox 1355 829 1403 861; x_wconf 83' lang='grc' dir='ltr'>τὰς</span> <span class='ocrx_word' id='word_1_656' title='bbox 1421 830 1496 865; x_wconf 84' lang='grc' dir='ltr'>παρὰ</span> <span class='ocrx_word' id='word_1_657' title='bbox 1515 828 1667 864; x_wconf 86' lang='grc' dir='ltr'>ἀνθρώπων</span> <span class='ocrx_word' id='word_1_658' title='bbox 1685 828 1854 864; x_wconf 83' lang='grc' dir='ltr'>ἐπαχθείσας</span> 
     </span>
    </p>
   </div>
   <div class='ocr_carea' id='block_1_84' title="bbox 1057 870 1854 907">
    <p class='ocr_par' dir='ltr' id='par_1_84' title="bbox 1057 870 1854 907">
     <span class='ocr_line' id='line_1_84' title="bbox 1057 870 1854 907; baseline -0.004 -9"><span class='ocrx_word' id='word_1_659' title='bbox 1057 881 1098 899; x_wconf 91' lang='grc' dir='ltr'>σοι</span> <span class='ocrx_word' id='word_1_660' title='bbox 1115 871 1259 907; x_wconf 77' lang='grc' dir='ltr'>συμφορὰς</span> <span class='ocrx_word' id='word_1_661' title='bbox 1276 871 1410 906; x_wconf 85' lang='grc' dir='ltr'>γενναίως</span> <span class='ocrx_word' id='word_1_662' title='bbox 1426 871 1557 906; x_wconf 72' lang='grc' dir='ltr'>ἤνεγκας,</span> <span class='ocrx_word' id='word_1_663' title='bbox 1582 870 1631 897; x_wconf 72' lang='grc' dir='ltr'>καὶ</span> <span class='ocrx_word' id='word_1_664' title='bbox 1653 870 1692 905; x_wconf 85' lang='grc' dir='ltr'>τῷ</span> <span class='ocrx_word' id='word_1_665' title='bbox 1708 870 1854 905; x_wconf 78' lang='grc' dir='ltr'>δυναμένῳ</span> 
     </span>
    </p>
   </div>
   <div class='ocr_carea' id='block_1_85' title="bbox 1056 912 1854 948">
    <p class='ocr_par' dir='ltr' id='par_1_85' title="bbox 1056 912 1854 948">
     <span class='ocr_line' id='line_1_85' title="bbox 1056 912 1854 948; baseline -0.003 -8"><span class='ocrx_word' id='word_1_666' title='bbox 1056 914 1140 945; x_wconf 76' lang='grc' dir='ltr'>αὑτὰς</span> <span class='ocrx_word' id='word_1_667' title='bbox 1153 913 1275 940; x_wconf 82' lang='grc' dir='ltr'>κωλῦσαι</span> <span class='ocrx_word' id='word_1_668' title='bbox 1296 913 1361 948; x_wconf 84' lang='grc' dir='ltr'>μὲν,</span> <span class='ocrx_word' id='word_1_669' title='bbox 1382 913 1420 948; x_wconf 86' lang='grc' dir='ltr'>μὴ</span> <span class='ocrx_word' id='word_1_670' title='bbox 1443 913 1602 948; x_wconf 78' lang='grc' dir='ltr'>βουληθέντι</span> <span class='ocrx_word' id='word_1_671' title='bbox 1620 912 1664 944; x_wconf 85' lang='grc' dir='ltr'>δὲ,</span> <span class='ocrx_word' id='word_1_672' title='bbox 1681 912 1854 948; x_wconf 82' lang='grc' dir='ltr'>ηὐχαρίστη-</span> 
     </span>
    </p>
   </div>
   <div class='ocr_carea' id='block_1_86' title="bbox 1057 955 1854 990">
    <p class='ocr_par' dir='ltr' id='par_1_86' title="bbox 1057 955 1854 990">
     <span class='ocr_line' id='line_1_86' title="bbox 1057 955 1854 990; baseline -0.003 -8"><span class='ocrx_word' id='word_1_673' title='bbox 1057 964 1116 988; x_wconf 87' lang='grc' dir='ltr'>σας.</span> <span class='ocrx_word' id='word_1_674' title='bbox 1132 955 1197 982; x_wconf 84' lang='grc' dir='ltr'>Ἰδοὺ</span> <span class='ocrx_word' id='word_1_675' title='bbox 1210 955 1301 982; x_wconf 86' lang='grc' dir='ltr'>τοίνυν</span> <span class='ocrx_word' id='word_1_676' title='bbox 1313 956 1361 982; x_wconf 83' lang='grc' dir='ltr'>καὶ</span> <span class='ocrx_word' id='word_1_677' title='bbox 1372 955 1468 982; x_wconf 90' lang='grc' dir='ltr'>πενίαν</span> <span class='ocrx_word' id='word_1_678' title='bbox 1482 955 1529 982; x_wconf 77' lang='grc' dir='ltr'>καὶ</span> <span class='ocrx_word' id='word_1_679' title='bbox 1541 955 1628 987; x_wconf 81' lang='grc' dir='ltr'>νόσον,</span> <span class='ocrx_word' id='word_1_680' title='bbox 1644 955 1691 982; x_wconf 75' lang='grc' dir='ltr'>καὶ</span> <span class='ocrx_word' id='word_1_681' title='bbox 1706 955 1854 990; x_wconf 79' lang='grc' dir='ltr'>ἀμφότερα</span> 
     </span>
    </p>
   </div>
   <div class='ocr_carea' id='block_1_87' title="bbox 1058 994 1854 1033">
    <p class='ocr_par' dir='ltr' id='par_1_87' title="bbox 1058 994 1854 1033">
     <span class='ocr_line' id='line_1_87' title="bbox 1058 994 1854 1033; baseline -0.001 -9"><span class='ocrx_word' id='word_1_682' title='bbox 1058 998 1125 1033; x_wconf 83' lang='grc' dir='ltr'>μετά</span> <span class='ocrx_word' id='word_1_683' title='bbox 1140 998 1192 1032; x_wconf 78' lang='grc' dir='ltr'>τῆς</span> <span class='ocrx_word' id='word_1_684' title='bbox 1211 998 1332 1033; x_wconf 77' lang='grc' dir='ltr'>ἐσχάτης</span> <span class='ocrx_word' id='word_1_685' title='bbox 1349 997 1503 1033; x_wconf 80' lang='grc' dir='ltr'>ὑπερϐολῆς</span> <span class='ocrx_word' id='word_1_686' title='bbox 1524 994 1593 1029; x_wconf 85' lang='grc' dir='ltr'>εἶδες</span> <span class='ocrx_word' id='word_1_687' title='bbox 1616 997 1798 1032; x_wconf 84' lang='grc' dir='ltr'>ἐπενεχθέντα</span> <span class='ocrx_word' id='word_1_688' title='bbox 1812 997 1854 1032; x_wconf 76' lang='grc' dir='ltr'>τῷ</span> 
     </span>
    </p>
   </div>
   <div class='ocr_carea' id='block_1_88' title="bbox 1055 1038 1853 1075">
    <p class='ocr_par' dir='ltr' id='par_1_88' title="bbox 1055 1038 1853 1075">
     <span class='ocr_line' id='line_1_88' title="bbox 1055 1038 1853 1075; baseline -0.003 -9"><span class='ocrx_word' id='word_1_689' title='bbox 1055 1039 1161 1075; x_wconf 88' lang='grc' dir='ltr'>δικαίῳ.</span> <span class='ocrx_word' id='word_1_690' title='bbox 1179 1039 1273 1065; x_wconf 87' lang='grc' dir='ltr'>Βούλει</span> <span class='ocrx_word' id='word_1_691' title='bbox 1293 1047 1335 1065; x_wconf 91' lang='grc' dir='ltr'>σοι</span> <span class='ocrx_word' id='word_1_692' title='bbox 1359 1039 1408 1066; x_wconf 82' lang='grc' dir='ltr'>καὶ</span> <span class='ocrx_word' id='word_1_693' title='bbox 1427 1040 1471 1066; x_wconf 82' lang='grc' dir='ltr'>τὸν</span> <span class='ocrx_word' id='word_1_694' title='bbox 1490 1039 1567 1074; x_wconf 81' lang='grc' dir='ltr'>παρὰ</span> <span class='ocrx_word' id='word_1_695' title='bbox 1583 1038 1632 1073; x_wconf 84' lang='grc' dir='ltr'>τῆς</span> <span class='ocrx_word' id='word_1_696' title='bbox 1645 1038 1753 1073; x_wconf 83' lang='grc' dir='ltr'>φύσεως</span> <span class='ocrx_word' id='word_1_697' title='bbox 1769 1039 1853 1065; x_wconf 83' lang='grc' dir='ltr'>πόλε-</span> 
     </span>
    </p>
   </div>
   <div class='ocr_carea' id='block_1_89' title="bbox 1057 1080 1854 1116">
    <p class='ocr_par' dir='ltr' id='par_1_89' title="bbox 1057 1080 1854 1116">
     <span class='ocr_line' id='line_1_89' title="bbox 1057 1080 1854 1116; baseline -0.003 -8"><span class='ocrx_word' id='word_1_698' title='bbox 1057 1090 1106 1116; x_wconf 91' lang='grc' dir='ltr'>μον</span> <span class='ocrx_word' id='word_1_699' title='bbox 1122 1081 1248 1115; x_wconf 78' lang='grc' dir='ltr'>ἐπιδείξω</span> <span class='ocrx_word' id='word_1_700' title='bbox 1265 1081 1336 1116; x_wconf 84' lang='grc' dir='ltr'>μετά</span> <span class='ocrx_word' id='word_1_701' title='bbox 1352 1081 1488 1115; x_wconf 87' lang='grc' dir='ltr'>τοσαύτης</span> <span class='ocrx_word' id='word_1_702' title='bbox 1503 1080 1658 1116; x_wconf 86' lang='grc' dir='ltr'>ὑπερϐολῆς</span> <span class='ocrx_word' id='word_1_703' title='bbox 1676 1080 1716 1115; x_wconf 85' lang='grc' dir='ltr'>τῷ</span> <span class='ocrx_word' id='word_1_704' title='bbox 1732 1081 1854 1115; x_wconf 84' lang='grc' dir='ltr'>γενναίῳ</span> 
     </span>
    </p>
   </div>
   <div class='ocr_carea' id='block_1_90' title="bbox 1055 1122 1854 1158">
    <p class='ocr_par' dir='ltr' id='par_1_90' title="bbox 1055 1122 1854 1158">
     <span class='ocr_line' id='line_1_90' title="bbox 1055 1122 1854 1158; baseline -0.003 -8"><span class='ocrx_word' id='word_1_705' title='bbox 1055 1123 1115 1150; x_wconf 85' lang='grc' dir='ltr'>τότε</span> <span class='ocrx_word' id='word_1_706' title='bbox 1131 1123 1295 1158; x_wconf 84' lang='grc' dir='ltr'>ἐπιθέμενον</span> <span class='ocrx_word' id='word_1_707' title='bbox 1315 1123 1431 1158; x_wconf 79' lang='grc' dir='ltr'>ἐκείνῳ;</span> <span class='ocrx_word' id='word_1_708' title='bbox 1450 1123 1523 1150; x_wconf 82' lang='grc' dir='ltr'>Δέκα</span> <span class='ocrx_word' id='word_1_709' title='bbox 1543 1123 1626 1149; x_wconf 87' lang='grc' dir='ltr'>τέκνα</span> <span class='ocrx_word' id='word_1_710' title='bbox 1650 1122 1793 1155; x_wconf 77' lang='grc' dir='ltr'>ἀπώλεσε,</span> <span class='ocrx_word' id='word_1_711' title='bbox 1817 1123 1854 1149; x_wconf 87' lang='grc' dir='ltr'>τά</span> 
     </span>
    </p>
   </div>
   <div class='ocr_carea' id='block_1_91' title="bbox 1055 1164 1852 1200">
    <p class='ocr_par' dir='ltr' id='par_1_91' title="bbox 1055 1164 1852 1200">
     <span class='ocr_line' id='line_1_91' title="bbox 1055 1164 1852 1200; baseline -0.001 -9"><span class='ocrx_word' id='word_1_712' title='bbox 1055 1165 1120 1191; x_wconf 85' lang='grc' dir='ltr'>δέκα</span> <span class='ocrx_word' id='word_1_713' title='bbox 1133 1165 1243 1200; x_wconf 85' lang='grc' dir='ltr'>ἀθρόον,</span> <span class='ocrx_word' id='word_1_714' title='bbox 1259 1165 1294 1192; x_wconf 80' lang='grc' dir='ltr'>τὰ</span> <span class='ocrx_word' id='word_1_715' title='bbox 1308 1165 1375 1192; x_wconf 86' lang='grc' dir='ltr'>δέκα</span> <span class='ocrx_word' id='word_1_716' title='bbox 1390 1165 1418 1192; x_wconf 87' lang='grc' dir='ltr'>ἐν</span> <span class='ocrx_word' id='word_1_717' title='bbox 1435 1165 1510 1200; x_wconf 79' lang='grc' dir='ltr'>αὐτῷ</span> <span class='ocrx_word' id='word_1_718' title='bbox 1524 1164 1562 1200; x_wconf 85' lang='grc' dir='ltr'>τῷ</span> <span class='ocrx_word' id='word_1_719' title='bbox 1577 1165 1653 1192; x_wconf 82' lang='grc' dir='ltr'>ἀνθει</span> <span class='ocrx_word' id='word_1_720' title='bbox 1665 1165 1714 1200; x_wconf 84' lang='grc' dir='ltr'>τῆς</span> <span class='ocrx_word' id='word_1_721' title='bbox 1730 1164 1852 1200; x_wconf 79' lang='grc' dir='ltr'>ἡλικίας,</span> 
     </span>
    </p>
   </div>
   <div class='ocr_carea' id='block_1_92' title="bbox 1055 1206 1852 1243">
    <p class='ocr_par' dir='ltr' id='par_1_92' title="bbox 1055 1206 1852 1243">
     <span class='ocr_line' id='line_1_92' title="bbox 1055 1206 1852 1243; baseline 0 -10"><span class='ocrx_word' id='word_1_722' title='bbox 1055 1207 1089 1233; x_wconf 73' lang='grc' dir='ltr'>τὰ</span> <span class='ocrx_word' id='word_1_723' title='bbox 1102 1207 1167 1233; x_wconf 89' lang='grc' dir='ltr'>δέκα</span> <span class='ocrx_word' id='word_1_724' title='bbox 1187 1206 1288 1242; x_wconf 83' lang='grc' dir='ltr'>πολλὴν</span> <span class='ocrx_word' id='word_1_725' title='bbox 1307 1207 1408 1243; x_wconf 87' lang='grc' dir='ltr'>ἀρετὴν</span> <span class='ocrx_word' id='word_1_726' title='bbox 1427 1206 1647 1242; x_wconf 82' lang='grc' dir='ltr'>ἐπιδεδειγμένα,</span> <span class='ocrx_word' id='word_1_727' title='bbox 1667 1207 1715 1233; x_wconf 78' lang='grc' dir='ltr'>καὶ</span> <span class='ocrx_word' id='word_1_728' title='bbox 1735 1206 1796 1233; x_wconf 79' lang='grc' dir='ltr'>οὐδὲ</span> <span class='ocrx_word' id='word_1_729' title='bbox 1811 1207 1852 1241; x_wconf 85' lang='grc' dir='ltr'>τῷ</span> 
     </span>
    </p>
   </div>
   <div class='ocr_carea' id='block_1_93' title="bbox 1055 1248 1852 1284">
    <p class='ocr_par' dir='ltr' id='par_1_93' title="bbox 1055 1248 1852 1284">
     <span class='ocr_line' id='line_1_93' title="bbox 1055 1248 1852 1284; baseline 0 -9"><span class='ocrx_word' id='word_1_730' title='bbox 1055 1249 1137 1283; x_wconf 84' lang='grc' dir='ltr'>κοινῷ</span> <span class='ocrx_word' id='word_1_731' title='bbox 1161 1249 1211 1284; x_wconf 80' lang='grc' dir='ltr'>τῆς</span> <span class='ocrx_word' id='word_1_732' title='bbox 1234 1248 1342 1283; x_wconf 83' lang='grc' dir='ltr'>φύσεως</span> <span class='ocrx_word' id='word_1_733' title='bbox 1365 1249 1460 1284; x_wconf 92' lang='grc' dir='ltr'>νόμῳ,</span> <span class='ocrx_word' id='word_1_734' title='bbox 1474 1248 1543 1275; x_wconf 87' lang='grc' dir='ltr'>ἀλλά</span> <span class='ocrx_word' id='word_1_735' title='bbox 1567 1248 1648 1283; x_wconf 83' lang='grc' dir='ltr'>βιαίῳ</span> <span class='ocrx_word' id='word_1_736' title='bbox 1673 1248 1782 1283; x_wconf 80' lang='grc' dir='ltr'>θανάτῳ</span> <span class='ocrx_word' id='word_1_737' title='bbox 1803 1249 1852 1275; x_wconf 82' lang='grc' dir='ltr'>καὶ</span> 
     </span>
    </p>
   </div>
   <div class='ocr_carea' id='block_1_94' title="bbox 1057 1291 1851 1326">
    <p class='ocr_par' dir='ltr' id='par_1_94' title="bbox 1057 1291 1851 1326">
     <span class='ocr_line' id='line_1_94' title="bbox 1057 1291 1851 1326; baseline 0 -10"><span class='ocrx_word' id='word_1_738' title='bbox 1057 1291 1172 1326; x_wconf 78' lang='grc' dir='ltr'>ἐλεεινῷ.</span> <span class='ocrx_word' id='word_1_739' title='bbox 1192 1291 1213 1317; x_wconf 85' lang='grc' dir='ltr'>Τ</span> <span class='ocrx_word' id='word_1_740' title='bbox 1217 1291 1240 1323; x_wconf 87' lang='grc' dir='ltr'>ίς</span> <span class='ocrx_word' id='word_1_741' title='bbox 1255 1291 1287 1318; x_wconf 84' lang='grc' dir='ltr'>ἂν</span> <span class='ocrx_word' id='word_1_742' title='bbox 1299 1291 1354 1326; x_wconf 76' lang='grc' dir='ltr'>ἔχοι</span> <span class='ocrx_word' id='word_1_743' title='bbox 1367 1291 1498 1326; x_wconf 90' lang='grc' dir='ltr'>τοιαύτην</span> <span class='ocrx_word' id='word_1_744' title='bbox 1513 1291 1655 1326; x_wconf 86' lang='grc' dir='ltr'>συμφορὰν</span> <span class='ocrx_word' id='word_1_745' title='bbox 1670 1291 1776 1322; x_wconf 84' lang='grc' dir='ltr'>εἰπεῖν;</span> <span class='ocrx_word' id='word_1_746' title='bbox 1792 1291 1851 1317; x_wconf 80' lang='grc' dir='ltr'>Οὐκ</span> 
     </span>
    </p>
   </div>
   <div class='ocr_carea' id='block_1_95' title="bbox 1055 1332 1851 1369">
    <p class='ocr_par' dir='ltr' id='par_1_95' title="bbox 1055 1332 1851 1369">
     <span class='ocr_line' id='line_1_95' title="bbox 1055 1332 1851 1369; baseline -0.001 -10"><span class='ocrx_word' id='word_1_747' title='bbox 1055 1333 1129 1360; x_wconf 80' lang='grc' dir='ltr'>ἐστιν</span> <span class='ocrx_word' id='word_1_748' title='bbox 1141 1333 1242 1365; x_wconf 80' lang='grc' dir='ltr'>οὐδείς.</span> <span class='ocrx_word' id='word_1_749' title='bbox 1256 1334 1343 1361; x_wconf 86' lang='grc' dir='ltr'>Ὀταν</span> <span class='ocrx_word' id='word_1_750' title='bbox 1354 1332 1400 1361; x_wconf 81' lang='grc' dir='ltr'>οὖν</span> <span class='ocrx_word' id='word_1_751' title='bbox 1413 1333 1555 1369; x_wconf 78' lang='grc' dir='ltr'>ἀποϐάλῃς</span> <span class='ocrx_word' id='word_1_752' title='bbox 1574 1333 1634 1360; x_wconf 72' lang='grc' dir='ltr'>υἱὸν</span> <span class='ocrx_word' id='word_1_753' title='bbox 1648 1333 1695 1360; x_wconf 74' lang='grc' dir='ltr'>καὶ</span> <span class='ocrx_word' id='word_1_754' title='bbox 1709 1332 1851 1368; x_wconf 84' lang='grc' dir='ltr'>θυγατέρα</span> 
     </span>
    </p>
   </div>
   <div class='ocr_carea' id='block_1_96' title="bbox 1053 1375 1848 1412">
    <p class='ocr_par' dir='ltr' id='par_1_96' title="bbox 1053 1375 1848 1412">
     <span class='ocr_line' id='line_1_96' title="bbox 1053 1375 1848 1412; baseline -0.001 -10"><span class='ocrx_word' id='word_1_755' title='bbox 1053 1375 1133 1410; x_wconf 84' lang='grc' dir='ltr'>όμοῦ,</span> <span class='ocrx_word' id='word_1_756' title='bbox 1151 1375 1294 1411; x_wconf 86' lang='grc' dir='ltr'>ἀνάδραμε</span> <span class='ocrx_word' id='word_1_757' title='bbox 1308 1375 1377 1412; x_wconf 85' lang='grc' dir='ltr'>πρὸς</span> <span class='ocrx_word' id='word_1_758' title='bbox 1391 1375 1438 1402; x_wconf 84' lang='grc' dir='ltr'>τὸν</span> <span class='ocrx_word' id='word_1_759' title='bbox 1456 1376 1562 1403; x_wconf 86' lang='grc' dir='ltr'>δίκαιον</span> <span class='ocrx_word' id='word_1_760' title='bbox 1577 1375 1692 1406; x_wconf 83' lang='grc' dir='ltr'>ἐκεῖνον,</span> <span class='ocrx_word' id='word_1_761' title='bbox 1712 1375 1762 1402; x_wconf 72' lang='grc' dir='ltr'>καὶ</span> <span class='ocrx_word' id='word_1_762' title='bbox 1782 1375 1848 1401; x_wconf 87' lang='grc' dir='ltr'>πάν-</span> 
     </span>
    </p>
   </div>
   <div class='ocr_carea' id='block_1_97' title="bbox 1053 1414 1850 1453">
    <p class='ocr_par' dir='ltr' id='par_1_97' title="bbox 1053 1414 1850 1453">
     <span class='ocr_line' id='line_1_97' title="bbox 1053 1414 1850 1453; baseline 0 -10"><span class='ocrx_word' id='word_1_763' title='bbox 1053 1425 1107 1448; x_wconf 86' lang='grc' dir='ltr'>τως</span> <span class='ocrx_word' id='word_1_764' title='bbox 1122 1417 1249 1452; x_wconf 83' lang='grc' dir='ltr'>εὑρήσεις</span> <span class='ocrx_word' id='word_1_765' title='bbox 1271 1416 1372 1452; x_wconf 82' lang='grc' dir='ltr'>πολλὴν</span> <span class='ocrx_word' id='word_1_766' title='bbox 1388 1417 1479 1452; x_wconf 84' lang='grc' dir='ltr'>σαυτῷ</span> <span class='ocrx_word' id='word_1_767' title='bbox 1501 1417 1552 1453; x_wconf 83' lang='grc' dir='ltr'>τὴν</span> <span class='ocrx_word' id='word_1_768' title='bbox 1572 1416 1758 1452; x_wconf 82' lang='grc' dir='ltr'>παραμυθίαν.</span> <span class='ocrx_word' id='word_1_769' title='bbox 1774 1414 1850 1452; x_wconf 63' lang='grc' dir='ltr'>’Δρα</span> 
     </span>
    </p>
   </div>
   <div class='ocr_carea' id='block_1_98' title="bbox 1053 1457 1850 1494">
    <p class='ocr_par' dir='ltr' id='par_1_98' title="bbox 1053 1457 1850 1494">
     <span class='ocr_line' id='line_1_98' title="bbox 1053 1457 1850 1494; baseline -0.001 -9"><span class='ocrx_word' id='word_1_770' title='bbox 1053 1457 1100 1485; x_wconf 75' lang='grc' dir='ltr'>οὖν</span> <span class='ocrx_word' id='word_1_771' title='bbox 1113 1459 1198 1485; x_wconf 82' lang='grc' dir='ltr'>ταῦτα</span> <span class='ocrx_word' id='word_1_772' title='bbox 1216 1459 1285 1494; x_wconf 88' lang='grc' dir='ltr'>μόνα</span> <span class='ocrx_word' id='word_1_773' title='bbox 1302 1458 1377 1494; x_wconf 84' lang='grc' dir='ltr'>αὐτῷ</span> <span class='ocrx_word' id='word_1_774' title='bbox 1401 1459 1501 1494; x_wconf 77' lang='grc' dir='ltr'>συνέϐη</span> <span class='ocrx_word' id='word_1_775' title='bbox 1517 1460 1553 1485; x_wconf 89' lang='grc' dir='ltr'>τά</span> <span class='ocrx_word' id='word_1_776' title='bbox 1578 1458 1672 1491; x_wconf 85' lang='grc' dir='ltr'>δεινά.;</span> <span class='ocrx_word' id='word_1_777' title='bbox 1690 1459 1723 1485; x_wconf 80' lang='grc' dir='ltr'><strong>Ἦ</strong></span> <span class='ocrx_word' id='word_1_778' title='bbox 1741 1458 1771 1485; x_wconf 84' lang='grc' dir='ltr'>δὲ</span> <span class='ocrx_word' id='word_1_779' title='bbox 1793 1459 1850 1485; x_wconf 85' lang='grc' dir='ltr'>τῶν</span> 
     </span>
    </p>
   </div>
   <div class='ocr_carea' id='block_1_99' title="bbox 1054 1500 1849 1536">
    <p class='ocr_par' dir='ltr' id='par_1_99' title="bbox 1054 1500 1849 1536">
     <span class='ocr_line' id='line_1_99' title="bbox 1054 1500 1849 1536; baseline -0.001 -9"><span class='ocrx_word' id='word_1_780' title='bbox 1054 1501 1139 1535; x_wconf 83' lang='grc' dir='ltr'>φίλων</span> <span class='ocrx_word' id='word_1_781' title='bbox 1160 1500 1357 1534; x_wconf 73' lang='grc' dir='ltr'>ὲγκατάλειῲις</span> <span class='ocrx_word' id='word_1_782' title='bbox 1376 1501 1424 1527; x_wconf 62' lang='grc' dir='ltr'>καὶ⁵</span> <span class='ocrx_word' id='word_1_783' title='bbox 1439 1501 1581 1536; x_wconf 82' lang='grc' dir='ltr'>προδοσία,</span> <span class='ocrx_word' id='word_1_784' title='bbox 1596 1501 1630 1527; x_wconf 83' lang='grc' dir='ltr'>τὰ</span> <span class='ocrx_word' id='word_1_785' title='bbox 1644 1500 1674 1526; x_wconf 78' lang='grc' dir='ltr'>δὲ</span> <span class='ocrx_word' id='word_1_786' title='bbox 1690 1500 1849 1535; x_wconf 77' lang='grc' dir='ltr'>σκώμματα</span> 
     </span>
    </p>
   </div>
   <div class='ocr_carea' id='block_1_100' title="bbox 1053 1542 1848 1579">
    <p class='ocr_par' dir='ltr' id='par_1_100' title="bbox 1053 1542 1848 1579">
     <span class='ocr_line' id='line_1_100' title="bbox 1053 1542 1848 1579; baseline -0.003 -9"><span class='ocrx_word' id='word_1_787' title='bbox 1053 1544 1100 1570; x_wconf 83' lang='grc' dir='ltr'>καὶ</span> <span class='ocrx_word' id='word_1_788' title='bbox 1111 1545 1140 1570; x_wconf 83' lang='grc' dir='ltr'>αἱ</span> <span class='ocrx_word' id='word_1_789' title='bbox 1157 1543 1306 1579; x_wconf 87' lang='grc' dir='ltr'>λοιδορίαι,</span> <span class='ocrx_word' id='word_1_790' title='bbox 1324 1544 1340 1578; x_wconf 91' lang='grc' dir='ltr'>ή</span> <span class='ocrx_word' id='word_1_791' title='bbox 1355 1543 1383 1569; x_wconf 85' lang='grc' dir='ltr'>δὲ</span> <span class='ocrx_word' id='word_1_792' title='bbox 1402 1542 1536 1577; x_wconf 83' lang='grc' dir='ltr'>χλευασία</span> <span class='ocrx_word' id='word_1_793' title='bbox 1558 1542 1606 1569; x_wconf 71' lang='grc' dir='ltr'>καὶ</span> <span class='ocrx_word' id='word_1_794' title='bbox 1621 1544 1636 1569; x_wconf 86' lang='grc' dir='ltr'><strong><em>ὁ</em></strong></span> <span class='ocrx_word' id='word_1_795' title='bbox 1651 1542 1739 1577; x_wconf 88' lang='grc' dir='ltr'>γέλως</span> <span class='ocrx_word' id='word_1_796' title='bbox 1750 1551 1758 1558; x_wconf 74' lang='grc' dir='ltr'>ο</span> <span class='ocrx_word' id='word_1_797' title='bbox 1773 1543 1805 1568; x_wconf 79' lang='grc' dir='ltr'>τὺ</span> <span class='ocrx_word' id='word_1_798' title='bbox 1819 1542 1848 1568; x_wconf 82' lang='grc' dir='ltr'>δέ</span> 
     </span>
    </p>
   </div>
   <div class='ocr_carea' id='block_1_101' title="bbox 1053 1582 1848 1621">
    <p class='ocr_par' dir='ltr' id='par_1_101' title="bbox 1053 1582 1848 1621">
     <span class='ocr_line' id='line_1_101' title="bbox 1053 1582 1848 1621; baseline -0.001 -9"><span class='ocrx_word' id='word_1_799' title='bbox 1053 1585 1106 1612; x_wconf 79' lang='grc' dir='ltr'>ὖπὺ</span> <span class='ocrx_word' id='word_1_800' title='bbox 1125 1585 1234 1612; x_wconf 81' lang='grc' dir='ltr'>πάντων</span> <span class='ocrx_word' id='word_1_801' title='bbox 1257 1585 1434 1621; x_wconf 83' lang='grc' dir='ltr'>διασύρεσθαί</span> <span class='ocrx_word' id='word_1_802' title='bbox 1453 1593 1479 1611; x_wconf 83' lang='grc' dir='ltr'>τι</span> <span class='ocrx_word' id='word_1_803' title='bbox 1503 1585 1640 1621; x_wconf 80' lang='grc' dir='ltr'>ἀφόρητον</span> <span class='ocrx_word' id='word_1_804' title='bbox 1656 1582 1701 1620; x_wconf 81' lang='grc' dir='ltr'>ἦν.</span> <span class='ocrx_word' id='word_1_805' title='bbox 1729 1585 1767 1611; x_wconf 84' lang='grc' dir='ltr'>Οὐ</span> <span class='ocrx_word' id='word_1_806' title='bbox 1792 1585 1848 1621; x_wconf 81' lang='grc' dir='ltr'>γὰρ</span> 
     </span>
    </p>
   </div>
   <div class='ocr_carea' id='block_1_102' title="bbox 1053 1626 1848 1663">
    <p class='ocr_par' dir='ltr' id='par_1_102' title="bbox 1053 1626 1848 1663">
     <span class='ocr_line' id='line_1_102' title="bbox 1053 1626 1848 1663; baseline -0.001 -9"><span class='ocrx_word' id='word_1_807' title='bbox 1053 1628 1138 1660; x_wconf 78' lang='grc' dir='ltr'>οὓτως</span> <span class='ocrx_word' id='word_1_808' title='bbox 1152 1629 1168 1663; x_wconf 82' lang='grc' dir='ltr'>ἡ</span> <span class='ocrx_word' id='word_1_809' title='bbox 1182 1627 1236 1654; x_wconf 83' lang='grc' dir='ltr'>τῶν</span> <span class='ocrx_word' id='word_1_810' title='bbox 1252 1626 1402 1662; x_wconf 77' lang='grc' dir='ltr'>συμφορῶν</span> <span class='ocrx_word' id='word_1_811' title='bbox 1417 1626 1509 1662; x_wconf 78' lang='grc' dir='ltr'>φύσις,</span> <span class='ocrx_word' id='word_1_812' title='bbox 1526 1627 1564 1659; x_wconf 86' lang='grc' dir='ltr'>ὡς</span> <span class='ocrx_word' id='word_1_813' title='bbox 1581 1628 1605 1653; x_wconf 87' lang='grc' dir='ltr'>οί</span> <span class='ocrx_word' id='word_1_814' title='bbox 1622 1627 1698 1663; x_wconf 90' lang='grc' dir='ltr'>παρά</span> <span class='ocrx_word' id='word_1_815' title='bbox 1710 1627 1761 1658; x_wconf 79' lang='grc' dir='ltr'>τὰς</span> <span class='ocrx_word' id='word_1_816' title='bbox 1778 1635 1848 1662; x_wconf 85' lang='grc' dir='ltr'>συμ-</span> 
     </span>
    </p>
   </div>
   <div class='ocr_carea' id='block_1_103' title="bbox 1053 1668 1848 1705">
    <p class='ocr_par' dir='ltr' id='par_1_103' title="bbox 1053 1668 1848 1705">
     <span class='ocr_line' id='line_1_103' title="bbox 1053 1668 1848 1705; baseline -0.001 -10"><span class='ocrx_word' id='word_1_817' title='bbox 1053 1670 1139 1705; x_wconf 84' lang='grc' dir='ltr'>φοράς</span> <span class='ocrx_word' id='word_1_818' title='bbox 1159 1669 1226 1704; x_wconf 82' lang='grc' dir='ltr'>ἡμῖν</span> <span class='ocrx_word' id='word_1_819' title='bbox 1250 1669 1426 1701; x_wconf 77' lang='grc' dir='ltr'>ὀνειδίζοντες</span> <span class='ocrx_word' id='word_1_820' title='bbox 1442 1668 1551 1695; x_wconf 84' lang='grc' dir='ltr'>δάκνειν</span> <span class='ocrx_word' id='word_1_821' title='bbox 1571 1668 1650 1704; x_wconf 81' lang='grc' dir='ltr'>ἡμῶν</span> <span class='ocrx_word' id='word_1_822' title='bbox 1667 1668 1780 1696; x_wconf 74' lang='grc' dir='ltr'>εἰώθασι</span> <span class='ocrx_word' id='word_1_823' title='bbox 1797 1670 1848 1704; x_wconf 76' lang='grc' dir='ltr'>τὴν</span> 
     </span>
    </p>
   </div>
   <div class='ocr_carea' id='block_1_104' title="bbox 1051 1709 1848 1747">
    <p class='ocr_par' dir='ltr' id='par_1_104' title="bbox 1051 1709 1848 1747">
     <span class='ocr_line' id='line_1_104' title="bbox 1051 1709 1848 1747; baseline 0 -9"><span class='ocrx_word' id='word_1_824' title='bbox 1051 1712 1151 1747; x_wconf 74' lang='grc' dir='ltr'>ψυχήν.</span> <span class='ocrx_word' id='word_1_825' title='bbox 1172 1711 1210 1738; x_wconf 84' lang='grc' dir='ltr'>Οὐ</span> <span class='ocrx_word' id='word_1_826' title='bbox 1230 1711 1311 1746; x_wconf 87' lang='grc' dir='ltr'>μόνον</span> <span class='ocrx_word' id='word_1_827' title='bbox 1335 1712 1349 1738; x_wconf 83' lang='grc' dir='ltr'>ό</span> <span class='ocrx_word' id='word_1_828' title='bbox 1372 1711 1542 1747; x_wconf 85' lang='grc' dir='ltr'>παρακαλῶν</span> <span class='ocrx_word' id='word_1_829' title='bbox 1565 1712 1616 1738; x_wconf 80' lang='grc' dir='ltr'>οὐκ</span> <span class='ocrx_word' id='word_1_830' title='bbox 1634 1709 1686 1747; x_wconf 82' lang='grc' dir='ltr'>ἦν.</span> <span class='ocrx_word' id='word_1_831' title='bbox 1712 1711 1783 1738; x_wconf 85' lang='grc' dir='ltr'>ἀλλά</span> <span class='ocrx_word' id='word_1_832' title='bbox 1799 1713 1848 1738; x_wconf 82' lang='grc' dir='ltr'>καὶ</span> 
     </span>
    </p>
   </div>
   <div class='ocr_carea' id='block_1_105' title="bbox 1052 1752 1846 1789">
    <p class='ocr_par' dir='ltr' id='par_1_105' title="bbox 1052 1752 1846 1789">
     <span class='ocr_line' id='line_1_105' title="bbox 1052 1752 1846 1789; baseline 0.001 -10"><span class='ocrx_word' id='word_1_833' title='bbox 1052 1753 1146 1780; x_wconf 63' lang='grc' dir='ltr'>πολλοὶ¹</span> <span class='ocrx_word' id='word_1_834' title='bbox 1161 1752 1330 1788; x_wconf 87' lang='grc' dir='ltr'>πολλαχόθεν</span> <span class='ocrx_word' id='word_1_835' title='bbox 1347 1753 1489 1780; x_wconf 79' lang='grc' dir='ltr'>ἐπέκειντο</span> <span class='ocrx_word' id='word_1_836' title='bbox 1503 1752 1689 1785; x_wconf 78' lang='grc' dir='ltr'>ὀνειδίζοντες.</span> <span class='ocrx_word' id='word_1_837' title='bbox 1710 1753 1766 1780; x_wconf 70' lang='grc' dir='ltr'>Καὶ</span> <span class='ocrx_word' id='word_1_838' title='bbox 1780 1753 1846 1789; x_wconf 84' lang='grc' dir='ltr'>ὁρᾷς</span> 
     </span>
    </p>
   </div>
   <div class='ocr_carea' id='block_1_106' title="bbox 1052 1794 1847 1831">
    <p class='ocr_par' dir='ltr' id='par_1_106' title="bbox 1052 1794 1847 1831">
     <span class='ocr_line' id='line_1_106' title="bbox 1052 1794 1847 1831; baseline 0 -10"><span class='ocrx_word' id='word_1_839' title='bbox 1052 1795 1133 1821; x_wconf 77' lang='grc' dir='ltr'>αὐτὸν</span> <span class='ocrx_word' id='word_1_840' title='bbox 1151 1794 1231 1821; x_wconf 80' lang='grc' dir='ltr'>τοῦτο</span> <span class='ocrx_word' id='word_1_841' title='bbox 1255 1795 1473 1831; x_wconf 83' lang='grc' dir='ltr'>ἀποδυρόμενον,</span> <span class='ocrx_word' id='word_1_842' title='bbox 1488 1796 1536 1821; x_wconf 85' lang='grc' dir='ltr'>καὶ</span> <span class='ocrx_word' id='word_1_843' title='bbox 1555 1795 1687 1829; x_wconf 86' lang='grc' dir='ltr'>λέγοντα·</span> <span class='ocrx_word' id='word_1_844' title='bbox 1710 1795 1793 1829; x_wconf 81' lang='grc' dir='ltr'>Ἇτὰρ</span> <span class='ocrx_word' id='word_1_845' title='bbox 1813 1795 1847 1821; x_wconf 76' lang='grc' dir='ltr'>δὲ</span> 
     </span>
    </p>
   </div>
   <div class='ocr_carea' id='block_1_107' title="bbox 1051 1836 1846 1873">
    <p class='ocr_par' dir='ltr' id='par_1_107' title="bbox 1051 1836 1846 1873">
     <span class='ocr_line' id='line_1_107' title="bbox 1051 1836 1846 1873; baseline 0 -10"><span class='ocrx_word' id='word_1_846' title='bbox 1051 1837 1101 1863; x_wconf 80' lang='grc' dir='ltr'>καὶ</span> <span class='ocrx_word' id='word_1_847' title='bbox 1118 1836 1203 1872; x_wconf 79' lang='grc' dir='ltr'>ὑμεῖς</span> <span class='ocrx_word' id='word_1_848' title='bbox 1226 1836 1351 1870; x_wconf 80' lang='grc' dir='ltr'>ἐπέϐητέ</span> <span class='ocrx_word' id='word_1_849' title='bbox 1367 1845 1436 1871; x_wconf 80' lang='grc' dir='ltr'>μοι·</span> <span class='ocrx_word' id='word_1_850' title='bbox 1465 1838 1513 1864; x_wconf 65' lang='grc' dir='ltr'>κα)⁸</span> <span class='ocrx_word' id='word_1_851' title='bbox 1535 1837 1721 1873; x_wconf 88' lang='grc' dir='ltr'>ἀνελεήμονας</span> <span class='ocrx_word' id='word_1_852' title='bbox 1745 1838 1846 1869; x_wconf 74' lang='grc' dir='ltr'>αὐτοὺς</span> 
     </span>
    </p>
   </div>
   <div class='ocr_carea' id='block_1_108' title="bbox 1052 1878 1846 1914">
    <p class='ocr_par' dir='ltr' id='par_1_108' title="bbox 1052 1878 1846 1914">
     <span class='ocr_line' id='line_1_108' title="bbox 1052 1878 1846 1914; baseline 0.001 -9"><span class='ocrx_word' id='word_1_853' title='bbox 1052 1879 1139 1911; x_wconf 86' lang='grc' dir='ltr'>καλεῖ,</span> <span class='ocrx_word' id='word_1_854' title='bbox 1157 1878 1204 1905; x_wconf 85' lang='grc' dir='ltr'>καί</span> <span class='ocrx_word' id='word_1_855' title='bbox 1230 1886 1328 1913; x_wconf 84' lang='grc' dir='ltr'>φησιν·</span> <span class='ocrx_word' id='word_1_856' title='bbox 1349 1878 1415 1905; x_wconf 76' lang='grc' dir='ltr'>Ὀτι</span> <span class='ocrx_word' id='word_1_857' title='bbox 1436 1879 1606 1905; x_wconf 79' lang='grc' dir='ltr'>ἀπείπαντό</span> <span class='ocrx_word' id='word_1_858' title='bbox 1618 1880 1693 1914; x_wconf 78' lang='grc' dir='ltr'>μεοι</span> <span class='ocrx_word' id='word_1_859' title='bbox 1709 1881 1846 1913; x_wconf 75' lang='grc' dir='ltr'>πλησίον</span> 
     </span>
    </p>
   </div>
   <div class='ocr_carea' id='block_1_109' title="bbox 1049 1920 1844 1955">
    <p class='ocr_par' dir='ltr' id='par_1_109' title="bbox 1049 1920 1844 1955">
     <span class='ocr_line' id='line_1_109' title="bbox 1049 1920 1844 1955; baseline 0.001 -9"><span class='ocrx_word' id='word_1_860' title='bbox 1049 1929 1120 1955; x_wconf 87' lang='grc' dir='ltr'>μου,</span> <span class='ocrx_word' id='word_1_861' title='bbox 1136 1921 1184 1946; x_wconf 77' lang='grc' dir='ltr'>καὶ</span> <span class='ocrx_word' id='word_1_862' title='bbox 1203 1922 1231 1947; x_wconf 81' lang='lat' dir='ltr'>cl</span> <span class='ocrx_word' id='word_1_863' title='bbox 1254 1920 1363 1946; x_wconf 75' lang='grc' dir='ltr'>οἰκέται</span> <span class='ocrx_word' id='word_1_864' title='bbox 1376 1929 1435 1954; x_wconf 85' lang='grc' dir='ltr'>μου</span> <span class='ocrx_word' id='word_1_865' title='bbox 1450 1920 1513 1947; x_wconf 81' lang='grc' dir='ltr'>κατ’</span> <span class='ocrx_word' id='word_1_866' title='bbox 1531 1921 1604 1955; x_wconf 82' lang='grc' dir='ltr'>ἐμοῦ</span> <span class='ocrx_word' id='word_1_867' title='bbox 1625 1922 1770 1953; x_wconf 77' lang='grc' dir='ltr'>ἐλάλουν,</span> <span class='ocrx_word' id='word_1_868' title='bbox 1796 1921 1844 1947; x_wconf 78' lang='grc' dir='ltr'>καί</span> 
     </span>
    </p>
   </div>
   <div class='ocr_carea' id='block_1_110' title="bbox 1051 1961 1844 1996">
    <p class='ocr_par' dir='ltr' id='par_1_110' title="bbox 1051 1961 1844 1996">
     <span class='ocr_line' id='line_1_110' title="bbox 1051 1961 1844 1996; baseline 0.003 -8"><span class='ocrx_word' id='word_1_869' title='bbox 1051 1962 1136 1994; x_wconf 75' lang='grc' dir='ltr'>υἱοὺς</span> <span class='ocrx_word' id='word_1_870' title='bbox 1157 1961 1355 1988; x_wconf 76' lang='grc' dir='ltr'>παλλακίδων</span> <span class='ocrx_word' id='word_1_871' title='bbox 1374 1971 1434 1996; x_wconf 87' lang='grc' dir='ltr'>μου</span> <span class='ocrx_word' id='word_1_872' title='bbox 1459 1962 1606 1995; x_wconf 76' lang='grc' dir='ltr'>ἐκάλουν,</span> <span class='ocrx_word' id='word_1_873' title='bbox 1629 1963 1715 1990; x_wconf 78' lang='grc' dir='ltr'>αὐτοὶ</span> <span class='ocrx_word' id='word_1_874' title='bbox 1735 1963 1770 1989; x_wconf 82' lang='grc' dir='ltr'>δὲ</span> <span class='ocrx_word' id='word_1_875' title='bbox 1787 1963 1844 1990; x_wconf 65' lang='grc' dir='ltr'>ἀετ-</span> 
     </span>
    </p>
   </div>
   <div class='ocr_carea' id='block_1_111' title="bbox 1050 2003 1844 2039">
    <p class='ocr_par' dir='ltr' id='par_1_111' title="bbox 1050 2003 1844 2039">
     <span class='ocr_line' id='line_1_111' title="bbox 1050 2003 1844 2039; baseline 0.001 -9"><span class='ocrx_word' id='word_1_876' title='bbox 1050 2003 1181 2036; x_wconf 75' lang='grc' dir='ltr'>επήδων.</span> <span class='ocrx_word' id='word_1_877' title='bbox 1207 2003 1323 2037; x_wconf 73' lang='grc' dir='ltr'>’Ἐτεροι</span> <span class='ocrx_word' id='word_1_878' title='bbox 1344 2003 1388 2035; x_wconf 77' lang='grc' dir='ltr'>δὲ,</span> <span class='ocrx_word' id='word_1_879' title='bbox 1413 2004 1510 2038; x_wconf 76' lang='grc' dir='ltr'>φησὶν,</span> <span class='ocrx_word' id='word_1_880' title='bbox 1535 2004 1684 2031; x_wconf 77' lang='grc' dir='ltr'>ἐνέπτυόγ</span> <span class='ocrx_word' id='word_1_881' title='bbox 1701 2013 1772 2039; x_wconf 83' lang='grc' dir='ltr'>μοι,</span> <span class='ocrx_word' id='word_1_882' title='bbox 1794 2005 1844 2031; x_wconf 76' lang='grc' dir='ltr'>και</span> 
     </span>
    </p>
   </div>
   <div class='ocr_carea' id='block_1_112' title="bbox 1050 2045 1844 2082">
    <p class='ocr_par' dir='ltr' id='par_1_112' title="bbox 1050 2045 1844 2082">
     <span class='ocr_line' id='line_1_112' title="bbox 1050 2045 1844 2082; baseline 0 -10"><span class='ocrx_word' id='word_1_883' title='bbox 1050 2047 1209 2080; x_wconf 70' lang='grc' dir='ltr'>θρύλλημα</span> <span class='ocrx_word' id='word_1_884' title='bbox 1234 2045 1355 2072; x_wconf 75' lang='grc' dir='ltr'>πάντων</span> <span class='ocrx_word' id='word_1_885' title='bbox 1366 2046 1523 2080; x_wconf 75' lang='grc' dir='ltr'>ἐγενόμην,</span> <span class='ocrx_word' id='word_1_886' title='bbox 1542 2046 1591 2072; x_wconf 78' lang='grc' dir='ltr'>καί</span> <span class='ocrx_word' id='word_1_887' title='bbox 1607 2047 1695 2080; x_wconf 77' lang='grc' dir='ltr'>αὑτὴ,</span> <span class='ocrx_word' id='word_1_888' title='bbox 1714 2047 1808 2082; x_wconf 76' lang='grc' dir='ltr'>φησὶν,</span> <span class='ocrx_word' id='word_1_889' title='bbox 1824 2048 1844 2082; x_wconf 76' lang='grc' dir='ltr'><em>ὴ</em></span> 
     </span>
    </p>
   </div>
   <div class='ocr_carea' id='block_1_113' title="bbox 1049 2087 1845 2123">
    <p class='ocr_par' dir='ltr' id='par_1_113' title="bbox 1049 2087 1845 2123">
     <span class='ocr_line' id='line_1_113' title="bbox 1049 2087 1845 2123; baseline 0.001 -9"><span class='ocrx_word' id='word_1_890' title='bbox 1049 2087 1146 2121; x_wconf 71' lang='grc' dir='ltr'>στολή</span> <span class='ocrx_word' id='word_1_891' title='bbox 1159 2097 1219 2123; x_wconf 87' lang='grc' dir='ltr'>μου</span> <span class='ocrx_word' id='word_1_892' title='bbox 1237 2087 1422 2120; x_wconf 76' lang='grc' dir='ltr'>ἑϐδελύξατό</span> <span class='ocrx_word' id='word_1_893' title='bbox 1435 2097 1480 2122; x_wconf 84' lang='grc' dir='ltr'>με.</span> <span class='ocrx_word' id='word_1_894' title='bbox 1499 2088 1593 2115; x_wconf 81' lang='grc' dir='ltr'>Ταῦτά</span> <span class='ocrx_word' id='word_1_895' title='bbox 1606 2097 1638 2123; x_wconf 90' lang='grc' dir='ltr'>γε</span> <span class='ocrx_word' id='word_1_896' title='bbox 1652 2089 1714 2115; x_wconf 62' lang='grc' dir='ltr'>οὐδὲ</span> <span class='ocrx_word' id='word_1_897' title='bbox 1727 2089 1845 2116; x_wconf 78' lang='grc' dir='ltr'>ἀκούσαι</span> 
     </span>
    </p>
   </div>
   <div class='ocr_carea' id='block_1_114' title="bbox 1050 2129 1843 2166">
    <p class='ocr_par' dir='ltr' id='par_1_114' title="bbox 1050 2129 1843 2166">
     <span class='ocr_line' id='line_1_114' title="bbox 1050 2129 1843 2166; baseline 0.003 -11"><span class='ocrx_word' id='word_1_898' title='bbox 1050 2129 1167 2165; x_wconf 77' lang='grc' dir='ltr'>φορητὰ,</span> <span class='ocrx_word' id='word_1_899' title='bbox 1186 2130 1253 2165; x_wconf 89' lang='grc' dir='ltr'>μήτι</span> <span class='ocrx_word' id='word_1_900' title='bbox 1269 2137 1301 2163; x_wconf 89' lang='grc' dir='ltr'>γε</span> <span class='ocrx_word' id='word_1_901' title='bbox 1325 2129 1370 2157; x_wconf 81' lang='grc' dir='ltr'>διὰ</span> <span class='ocrx_word' id='word_1_902' title='bbox 1393 2130 1447 2156; x_wconf 87' lang='grc' dir='ltr'>τῶν</span> <span class='ocrx_word' id='word_1_903' title='bbox 1472 2131 1642 2166; x_wconf 86' lang='grc' dir='ltr'>πραγμάτων</span> <span class='ocrx_word' id='word_1_904' title='bbox 1658 2130 1751 2157; x_wconf 84' lang='grc' dir='ltr'>αὐτῶν</span> <span class='ocrx_word' id='word_1_905' title='bbox 1775 2131 1843 2157; x_wconf 68' lang='grc' dir='ltr'>ὑπο-</span> 
     </span>
    </p>
   </div>
   <div class='ocr_carea' id='block_1_115' title="bbox 1051 2170 1844 2208">
    <p class='ocr_par' dir='ltr' id='par_1_115' title="bbox 1051 2170 1844 2208">
     <span class='ocr_line' id='line_1_115' title="bbox 1051 2170 1844 2208; baseline 0.003 -11"><span class='ocrx_word' id='word_1_906' title='bbox 1051 2173 1149 2206; x_wconf 85' lang='grc' dir='ltr'>μεῖναι.</span> <span class='ocrx_word' id='word_1_907' title='bbox 1165 2170 1244 2207; x_wconf 73' lang='lat'><strong>[276]</strong></span> <span class='ocrx_word' id='word_1_908' title='bbox 1262 2171 1344 2197; x_wconf 89' lang='grc' dir='ltr'>Πενία</span> <span class='ocrx_word' id='word_1_909' title='bbox 1359 2171 1473 2207; x_wconf 78' lang='grc' dir='ltr'>ἐσχάτη,</span> <span class='ocrx_word' id='word_1_910' title='bbox 1487 2172 1535 2199; x_wconf 77' lang='grc' dir='ltr'>καὶ</span> <span class='ocrx_word' id='word_1_911' title='bbox 1551 2172 1628 2204; x_wconf 88' lang='grc' dir='ltr'>νόσος</span> <span class='ocrx_word' id='word_1_912' title='bbox 1641 2172 1782 2208; x_wconf 77' lang='grc' dir='ltr'>ἀφόρητος</span> <span class='ocrx_word' id='word_1_913' title='bbox 1797 2174 1844 2199; x_wconf 84' lang='grc' dir='ltr'>καὶ</span> 
     </span>
    </p>
   </div>
   <div class='ocr_carea' id='block_1_116' title="bbox 1049 2213 1844 2248">
    <p class='ocr_par' dir='ltr' id='par_1_116' title="bbox 1049 2213 1844 2248">
     <span class='ocr_line' id='line_1_116' title="bbox 1049 2213 1844 2248; baseline 0.003 -9"><span class='ocrx_word' id='word_1_914' title='bbox 1049 2213 1130 2248; x_wconf 78' lang='grc' dir='ltr'>καινὴ</span> <span class='ocrx_word' id='word_1_915' title='bbox 1144 2213 1190 2240; x_wconf 79' lang='grc' dir='ltr'>καὶ</span> <span class='ocrx_word' id='word_1_916' title='bbox 1207 2213 1358 2248; x_wconf 80' lang='grc' dir='ltr'>παράδοξος</span> <span class='ocrx_word' id='word_1_917' title='bbox 1368 2221 1375 2228; x_wconf 74' lang='grc' dir='ltr'><strong>ο</strong></span> <span class='ocrx_word' id='word_1_918' title='bbox 1393 2213 1497 2240; x_wconf 90' lang='grc' dir='ltr'>παίδων</span> <span class='ocrx_word' id='word_1_919' title='bbox 1511 2213 1632 2248; x_wconf 83' lang='grc' dir='ltr'>ἀποϐολὴ</span> <span class='ocrx_word' id='word_1_920' title='bbox 1647 2213 1784 2240; x_wconf 89' lang='grc' dir='ltr'>τοσούτων</span> <span class='ocrx_word' id='word_1_921' title='bbox 1795 2215 1844 2241; x_wconf 70' lang='grc' dir='ltr'>καὶ</span> 
     </span>
    </p>
   </div>
   <div class='ocr_carea' id='block_1_117' title="bbox 1048 2254 1843 2291">
    <p class='ocr_par' dir='ltr' id='par_1_117' title="bbox 1048 2254 1843 2291">
     <span class='ocr_line' id='line_1_117' title="bbox 1048 2254 1843 2291; baseline 0.003 -11"><span class='ocrx_word' id='word_1_922' title='bbox 1048 2254 1177 2281; x_wconf 85' lang='grc' dir='ltr'>τοιούτων</span> <span class='ocrx_word' id='word_1_923' title='bbox 1195 2255 1242 2281; x_wconf 73' lang='grc' dir='ltr'>καὶ</span> <span class='ocrx_word' id='word_1_924' title='bbox 1262 2254 1377 2291; x_wconf 85' lang='grc' dir='ltr'>τοιούτῳ</span> <span class='ocrx_word' id='word_1_925' title='bbox 1393 2256 1500 2291; x_wconf 83' lang='grc' dir='ltr'>τρόπῳ·</span> <span class='ocrx_word' id='word_1_926' title='bbox 1518 2255 1608 2291; x_wconf 83' lang='grc' dir='ltr'>ὀνείδη</span> <span class='ocrx_word' id='word_1_927' title='bbox 1624 2256 1671 2282; x_wconf 77' lang='grc' dir='ltr'>καὶ</span> <span class='ocrx_word' id='word_1_928' title='bbox 1686 2254 1843 2291; x_wconf 85' lang='grc' dir='ltr'>σκώμματα</span> 
     </span>
    </p>
   </div>
   <div class='ocr_carea' id='block_1_118' title="bbox 1049 2295 1841 2333">
    <p class='ocr_par' dir='ltr' id='par_1_118' title="bbox 1049 2295 1841 2333">
     <span class='ocr_line' id='line_1_118' title="bbox 1049 2295 1841 2333; baseline 0.003 -11"><span class='ocrx_word' id='word_1_929' title='bbox 1049 2297 1096 2323; x_wconf 77' lang='grc' dir='ltr'>καὶ</span> <span class='ocrx_word' id='word_1_930' title='bbox 1112 2295 1246 2332; x_wconf 81' lang='grc' dir='ltr'>λοιδορίαι</span> <span class='ocrx_word' id='word_1_931' title='bbox 1263 2297 1338 2332; x_wconf 80' lang='grc' dir='ltr'>παρά</span> <span class='ocrx_word' id='word_1_932' title='bbox 1350 2296 1520 2333; x_wconf 82' lang='grc' dir='ltr'>ἀνθρώπων·</span> <span class='ocrx_word' id='word_1_933' title='bbox 1534 2299 1559 2324; x_wconf 88' lang='grc' dir='ltr'>οί</span> <span class='ocrx_word' id='word_1_934' title='bbox 1578 2297 1627 2333; x_wconf 84' lang='grc' dir='ltr'>μὲν</span> <span class='ocrx_word' id='word_1_935' title='bbox 1644 2297 1803 2332; x_wconf 73' lang='grc' dir='ltr'>ἐχλεύαζον.</span> <span class='ocrx_word' id='word_1_936' title='bbox 1818 2299 1841 2324; x_wconf 82' lang='grc' dir='ltr'>οἱ</span> 
     </span>
    </p>
   </div>
   <div class='ocr_carea' id='block_1_119' title="bbox 1048 2338 1840 2375">
    <p class='ocr_par' dir='ltr' id='par_1_119' title="bbox 1048 2338 1840 2375">
     <span class='ocr_line' id='line_1_119' title="bbox 1048 2338 1840 2375; baseline 0.003 -11"><span class='ocrx_word' id='word_1_937' title='bbox 1048 2338 1076 2364; x_wconf 77' lang='grc' dir='ltr'>δὲ</span> <span class='ocrx_word' id='word_1_938' title='bbox 1090 2338 1238 2370; x_wconf 78' lang='grc' dir='ltr'>ὠνείδιζον,</span> <span class='ocrx_word' id='word_1_939' title='bbox 1260 2340 1285 2364; x_wconf 83' lang='grc' dir='ltr'>οἱ</span> <span class='ocrx_word' id='word_1_940' title='bbox 1301 2339 1329 2365; x_wconf 76' lang='grc' dir='ltr'>δὲ</span> <span class='ocrx_word' id='word_1_941' title='bbox 1346 2340 1540 2375; x_wconf 81' lang='grc' dir='ltr'>κατεφρόνουν,</span> <span class='ocrx_word' id='word_1_942' title='bbox 1561 2340 1611 2366; x_wconf 86' lang='grc' dir='ltr'>οὐκ</span> <span class='ocrx_word' id='word_1_943' title='bbox 1631 2340 1725 2375; x_wconf 77' lang='grc' dir='ltr'>ἐχθροὶ</span> <span class='ocrx_word' id='word_1_944' title='bbox 1747 2340 1840 2375; x_wconf 86' lang='grc' dir='ltr'>μόνον,</span> 
     </span>
    </p>
   </div>
   <div class='ocr_carea' id='block_1_120' title="bbox 1048 2380 1840 2416">
    <p class='ocr_par' dir='ltr' id='par_1_120' title="bbox 1048 2380 1840 2416">
     <span class='ocr_line' id='line_1_120' title="bbox 1048 2380 1840 2416; baseline 0.004 -10"><span class='ocrx_word' id='word_1_945' title='bbox 1048 2380 1116 2407; x_wconf 82' lang='grc' dir='ltr'>ἀλλά</span> <span class='ocrx_word' id='word_1_946' title='bbox 1132 2381 1179 2407; x_wconf 79' lang='grc' dir='ltr'>καὶ</span> <span class='ocrx_word' id='word_1_947' title='bbox 1195 2381 1285 2413; x_wconf 87' lang='grc' dir='ltr'>φίλοι·</span> <span class='ocrx_word' id='word_1_948' title='bbox 1303 2381 1333 2407; x_wconf 80' lang='grc' dir='ltr'>οὐ</span> <span class='ocrx_word' id='word_1_949' title='bbox 1358 2381 1429 2415; x_wconf 88' lang='grc' dir='ltr'>φίλοι</span> <span class='ocrx_word' id='word_1_950' title='bbox 1452 2381 1542 2416; x_wconf 85' lang='grc' dir='ltr'>μόνον,</span> <span class='ocrx_word' id='word_1_951' title='bbox 1556 2382 1624 2409; x_wconf 87' lang='grc' dir='ltr'>ἀλλά</span> <span class='ocrx_word' id='word_1_952' title='bbox 1648 2382 1696 2409; x_wconf 79' lang='grc' dir='ltr'>καὶ</span> <span class='ocrx_word' id='word_1_953' title='bbox 1717 2383 1840 2409; x_wconf 79' lang='grc' dir='ltr'>οἰκέται·</span> 
     </span>
    </p>
   </div>
   <div class='ocr_carea' id='block_1_121' title="bbox 1047 2422 1842 2460">
    <p class='ocr_par' dir='ltr' id='par_1_121' title="bbox 1047 2422 1842 2460">
     <span class='ocr_line' id='line_1_121' title="bbox 1047 2422 1842 2460; baseline 0.004 -12"><span class='ocrx_word' id='word_1_954' title='bbox 1047 2422 1097 2448; x_wconf 87' lang='grc' dir='ltr'>οὐκ</span> <span class='ocrx_word' id='word_1_955' title='bbox 1115 2422 1262 2457; x_wconf 79' lang='grc' dir='ltr'>ἐχλεύαζον</span> <span class='ocrx_word' id='word_1_956' title='bbox 1288 2423 1317 2449; x_wconf 79' lang='grc' dir='ltr'>δὲ</span> <span class='ocrx_word' id='word_1_957' title='bbox 1342 2423 1403 2449; x_wconf 85' lang='grc' dir='ltr'>ούδέ</span> <span class='ocrx_word' id='word_1_958' title='bbox 1419 2423 1557 2456; x_wconf 80' lang='grc' dir='ltr'>ὠνείδιζον</span> <span class='ocrx_word' id='word_1_959' title='bbox 1572 2424 1673 2460; x_wconf 87' lang='grc' dir='ltr'>μόνον,</span> <span class='ocrx_word' id='word_1_960' title='bbox 1700 2424 1772 2451; x_wconf 79' lang='grc' dir='ltr'>ἀλλὰ</span> <span class='ocrx_word' id='word_1_961' title='bbox 1793 2426 1842 2452; x_wconf 76' lang='grc' dir='ltr'>καὶ</span> 
     </span>
    </p>
   </div>
   <div class='ocr_carea' id='block_1_122' title="bbox 1047 2464 1842 2502">
    <p class='ocr_par' dir='ltr' id='par_1_122' title="bbox 1047 2464 1842 2502">
     <span class='ocr_line' id='line_1_122' title="bbox 1047 2464 1842 2502; baseline 0.004 -12"><span class='ocrx_word' id='word_1_962' title='bbox 1047 2464 1257 2496; x_wconf 83' lang='grc' dir='ltr'>ἐϐδελύσσοντο,</span> <span class='ocrx_word' id='word_1_963' title='bbox 1274 2465 1321 2491; x_wconf 79' lang='grc' dir='ltr'>καὶ</span> <span class='ocrx_word' id='word_1_964' title='bbox 1338 2464 1425 2492; x_wconf 86' lang='grc' dir='ltr'>ταῦτα</span> <span class='ocrx_word' id='word_1_965' title='bbox 1441 2466 1492 2492; x_wconf 86' lang='grc' dir='ltr'>οὐκ</span> <span class='ocrx_word' id='word_1_966' title='bbox 1507 2466 1553 2492; x_wconf 76' lang='grc' dir='ltr'>ἐπὶ</span> <span class='ocrx_word' id='word_1_967' title='bbox 1570 2465 1617 2492; x_wconf 89' lang='grc' dir='ltr'>δύο</span> <span class='ocrx_word' id='word_1_968' title='bbox 1635 2467 1683 2494; x_wconf 78' lang='grc' dir='ltr'>καὶ</span> <span class='ocrx_word' id='word_1_969' title='bbox 1696 2467 1773 2502; x_wconf 74' lang='grc' dir='ltr'>τρισὶ</span> <span class='ocrx_word' id='word_1_970' title='bbox 1793 2468 1842 2494; x_wconf 74' lang='grc' dir='ltr'>καὶ</span> 
     </span>
    </p>
   </div>
   <div class='ocr_carea' id='block_1_123' title="bbox 1047 2505 1840 2544">
    <p class='ocr_par' dir='ltr' id='par_1_123' title="bbox 1047 2505 1840 2544">
     <span class='ocr_line' id='line_1_123' title="bbox 1047 2505 1840 2544; baseline 0.005 -13"><span class='ocrx_word' id='word_1_971' title='bbox 1047 2505 1114 2532; x_wconf 87' lang='grc' dir='ltr'>δέκα</span> <span class='ocrx_word' id='word_1_972' title='bbox 1134 2505 1262 2541; x_wconf 82' lang='grc' dir='ltr'>ἡμέραις,</span> <span class='ocrx_word' id='word_1_973' title='bbox 1280 2506 1336 2533; x_wconf 84' lang='grc' dir='ltr'>ἀλλ’</span> <span class='ocrx_word' id='word_1_974' title='bbox 1353 2507 1399 2533; x_wconf 76' lang='grc' dir='ltr'>ἐπὶ</span> <span class='ocrx_word' id='word_1_975' title='bbox 1412 2507 1518 2539; x_wconf 87' lang='grc' dir='ltr'>πολλοῖς</span> <span class='ocrx_word' id='word_1_976' title='bbox 1530 2509 1587 2540; x_wconf 88' lang='grc' dir='ltr'>τοϊς</span> <span class='ocrx_word' id='word_1_977' title='bbox 1605 2508 1688 2543; x_wconf 73' lang='grc' dir='ltr'>μησί”</span> <span class='ocrx_word' id='word_1_978' title='bbox 1707 2510 1755 2535; x_wconf 71' lang='grc' dir='ltr'>καὶ</span> <span class='ocrx_word' id='word_1_979' title='bbox 1771 2509 1840 2544; x_wconf 72' lang='grc' dir='ltr'>ὅπερ</span> 
     </span>
    </p>
   </div>
   <div class='ocr_carea' id='block_1_124' title="bbox 1047 2547 1841 2585">
    <p class='ocr_par' dir='ltr' id='par_1_124' title="bbox 1047 2547 1841 2585">
     <span class='ocr_line' id='line_1_124' title="bbox 1047 2547 1841 2585; baseline 0.004 -12"><span class='ocrx_word' id='word_1_980' title='bbox 1047 2547 1091 2573; x_wconf 81' lang='grc' dir='ltr'>ἐπ’</span> <span class='ocrx_word' id='word_1_981' title='bbox 1108 2548 1215 2574; x_wconf 83' lang='grc' dir='ltr'>ἐκείνου</span> <span class='ocrx_word' id='word_1_982' title='bbox 1233 2548 1331 2584; x_wconf 66' lang='grc' dir='ltr'>συνέϐη</span> <span class='ocrx_word' id='word_1_983' title='bbox 1351 2549 1442 2584; x_wconf 86' lang='grc' dir='ltr'>μόνου,</span> <span class='ocrx_word' id='word_1_984' title='bbox 1459 2549 1520 2576; x_wconf 84' lang='grc' dir='ltr'>οὐδέ</span> <span class='ocrx_word' id='word_1_985' title='bbox 1534 2550 1583 2585; x_wconf 85' lang='grc' dir='ltr'>τὴν</span> <span class='ocrx_word' id='word_1_986' title='bbox 1603 2550 1657 2576; x_wconf 80' lang='grc' dir='ltr'>ἀπὸ</span> <span class='ocrx_word' id='word_1_987' title='bbox 1677 2551 1728 2583; x_wconf 82' lang='grc' dir='ltr'>τῆς</span> <span class='ocrx_word' id='word_1_988' title='bbox 1741 2551 1841 2580; x_wconf 74' lang='grc' dir='ltr'>νυκτὸς</span> 
     </span>
    </p>
   </div>
   <div class='ocr_carea' id='block_1_125' title="bbox 1046 2586 1841 2627">
    <p class='ocr_par' dir='ltr' id='par_1_125' title="bbox 1046 2586 1841 2627">
     <span class='ocr_line' id='line_1_125' title="bbox 1046 2586 1841 2627; baseline 0.003 -12"><span class='ocrx_word' id='word_1_989' title='bbox 1046 2586 1103 2624; x_wconf 83' lang='grc' dir='ltr'>εἶχε</span> <span class='ocrx_word' id='word_1_990' title='bbox 1115 2590 1303 2625; x_wconf 88' lang='grc' dir='ltr'>παραμυθίαν,</span> <span class='ocrx_word' id='word_1_991' title='bbox 1311 2590 1379 2617; x_wconf 88' lang='grc' dir='ltr'>ἀλλά</span> <span class='ocrx_word' id='word_1_992' title='bbox 1389 2590 1443 2619; x_wconf 82' lang='grc' dir='ltr'>τῶν</span> <span class='ocrx_word' id='word_1_993' title='bbox 1456 2591 1514 2626; x_wconf 84' lang='grc' dir='ltr'>μεθ’</span> <span class='ocrx_word' id='word_1_994' title='bbox 1528 2591 1634 2627; x_wconf 83' lang='grc' dir='ltr'>ἡμέραν</span> <span class='ocrx_word' id='word_1_995' title='bbox 1647 2591 1744 2618; x_wconf 82' lang='grc' dir='ltr'>δεινῶν</span> <span class='ocrx_word' id='word_1_996' title='bbox 1755 2600 1841 2626; x_wconf 86' lang='grc' dir='ltr'>προσ-</span> 
     </span>
    </p>
   </div>
   <div class='ocr_carea' id='block_1_126' title="bbox 1047 2630 1836 2668">
    <p class='ocr_par' dir='ltr' id='par_1_126' title="bbox 1047 2630 1836 2668">
     <span class='ocr_line' id='line_1_126' title="bbox 1047 2630 1836 2668; baseline 0.004 -11"><span class='ocrx_word' id='word_1_997' title='bbox 1047 2631 1119 2666; x_wconf 88' lang='grc' dir='ltr'>θήκη</span> <span class='ocrx_word' id='word_1_998' title='bbox 1139 2631 1240 2666; x_wconf 80' lang='grc' dir='ltr'>μείζων</span> <span class='ocrx_word' id='word_1_999' title='bbox 1255 2630 1288 2667; x_wconf 79' lang='grc' dir='ltr'>ἦν</span> <span class='ocrx_word' id='word_1_1000' title='bbox 1304 2633 1320 2667; x_wconf 87' lang='grc' dir='ltr'>ή</span> <span class='ocrx_word' id='word_1_1001' title='bbox 1336 2632 1390 2659; x_wconf 85' lang='grc' dir='ltr'>τῶν</span> <span class='ocrx_word' id='word_1_1002' title='bbox 1405 2633 1570 2668; x_wconf 84' lang='grc' dir='ltr'>νυκτερινῶν</span> <span class='ocrx_word' id='word_1_1003' title='bbox 1584 2632 1676 2667; x_wconf 81' lang='grc' dir='ltr'>φόϐων</span> <span class='ocrx_word' id='word_1_1004' title='bbox 1689 2633 1836 2667; x_wconf 74' lang='grc' dir='ltr'>φαντασία.</span> 
     </span>
    </p>
   </div>
   <div class='ocr_carea' id='block_1_127' title="bbox 1048 2673 1836 2711">
    <p class='ocr_par' dir='ltr' id='par_1_127' title="bbox 1048 2673 1836 2711">
     <span class='ocr_line' id='line_1_127' title="bbox 1048 2673 1836 2711; baseline 0.004 -12"><span class='ocrx_word' id='word_1_1005' title='bbox 1048 2673 1110 2699; x_wconf 85' lang='grc' dir='ltr'>Ὅτι</span> <span class='ocrx_word' id='word_1_1006' title='bbox 1137 2673 1192 2709; x_wconf 85' lang='grc' dir='ltr'>γὰρ</span> <span class='ocrx_word' id='word_1_1007' title='bbox 1220 2673 1398 2711; x_wconf 89' lang='grc' dir='ltr'>χαλεπώτερα</span> <span class='ocrx_word' id='word_1_1008' title='bbox 1426 2676 1455 2702; x_wconf 91' lang='grc' dir='ltr'>ἐν</span> <span class='ocrx_word' id='word_1_1009' title='bbox 1481 2677 1537 2707; x_wconf 83' lang='grc' dir='ltr'>τοῖς</span> <span class='ocrx_word' id='word_1_1010' title='bbox 1560 2675 1655 2708; x_wconf 75' lang='grc' dir='ltr'>ὕπνοις</span> <span class='ocrx_word' id='word_1_1011' title='bbox 1679 2675 1836 2710; x_wconf 83' lang='grc' dir='ltr'>ὑπέμενεν,</span> 
     </span>
    </p>
   </div>
   <div class='ocr_carea' id='block_1_128' title="bbox 1046 2714 1836 2751">
    <p class='ocr_par' dir='ltr' id='par_1_128' title="bbox 1046 2714 1836 2751">
     <span class='ocr_line' id='line_1_128' title="bbox 1046 2714 1836 2751; baseline 0.004 -11"><span class='ocrx_word' id='word_1_1012' title='bbox 1046 2714 1164 2741; x_wconf 82' lang='grc' dir='ltr'>ἄκουσον</span> <span class='ocrx_word' id='word_1_1013' title='bbox 1181 2715 1206 2741; x_wconf 91' lang='grc' dir='ltr'>τί</span> <span class='ocrx_word' id='word_1_1014' title='bbox 1219 2724 1284 2751; x_wconf 79' lang='grc' dir='ltr'>φησι</span> <span class='ocrx_word' id='word_1_1015' title='bbox 1295 2725 1302 2731; x_wconf 69' lang='grc'><strong><em>⁸</em></strong></span> <span class='ocrx_word' id='word_1_1016' title='bbox 1319 2718 1370 2743; x_wconf 82' lang='grc' dir='ltr'>Διὰ</span> <span class='ocrx_word' id='word_1_1017' title='bbox 1387 2717 1415 2744; x_wconf 84' lang='grc' dir='ltr'>τί</span> <span class='ocrx_word' id='word_1_1018' title='bbox 1425 2725 1464 2751; x_wconf 82' lang='grc' dir='ltr'>με</span> <span class='ocrx_word' id='word_1_1019' title='bbox 1486 2716 1586 2751; x_wconf 61' lang='grc' dir='ltr'>φοϐεῖς</span> <span class='ocrx_word' id='word_1_1020' title='bbox 1600 2717 1635 2743; x_wconf 84' lang='grc' dir='ltr'>ἐν</span> <span class='ocrx_word' id='word_1_1021' title='bbox 1650 2717 1771 2750; x_wconf 77' lang='grc' dir='ltr'>ὕπνοις,</span> <span class='ocrx_word' id='word_1_1022' title='bbox 1787 2717 1836 2744; x_wconf 70' lang='grc' dir='ltr'>καὶ</span> 
     </span>
    </p>
   </div>
   <div class='ocr_carea' id='block_1_129' title="bbox 1045 2756 1837 2795">
    <p class='ocr_par' dir='ltr' id='par_1_129' title="bbox 1045 2756 1837 2795">
     <span class='ocr_line' id='line_1_129' title="bbox 1045 2756 1837 2795; baseline 0.006 -13"><span class='ocrx_word' id='word_1_1023' title='bbox 1045 2757 1080 2782; x_wconf 84' lang='grc' dir='ltr'>ἐν</span> <span class='ocrx_word' id='word_1_1024' title='bbox 1109 2756 1239 2791; x_wconf 77' lang='grc' dir='ltr'>όράμασί</span> <span class='ocrx_word' id='word_1_1025' title='bbox 1260 2766 1299 2792; x_wconf 84' lang='grc' dir='ltr'>με</span> <span class='ocrx_word' id='word_1_1026' title='bbox 1324 2758 1576 2792; x_wconf 79' lang='grc' dir='ltr'>καταπλήσσεις;</span> <span class='ocrx_word' id='word_1_1027' title='bbox 1603 2759 1682 2791; x_wconf 86' lang='grc' dir='ltr'>Ποῖος</span> <span class='ocrx_word' id='word_1_1028' title='bbox 1709 2759 1837 2795; x_wconf 80' lang='grc' dir='ltr'>σιδηροῦς</span> 
     </span>
    </p>
   </div>
   <div class='ocr_carea' id='block_1_130' title="bbox 1045 2797 1834 2836">
    <p class='ocr_par' dir='ltr' id='par_1_130' title="bbox 1045 2797 1834 2836">
     <span class='ocr_line' id='line_1_130' title="bbox 1045 2797 1834 2836; baseline 0.006 -13"><span class='ocrx_word' id='word_1_1029' title='bbox 1045 2797 1198 2833; x_wconf 79' lang='grc' dir='ltr'>ἄνθρωπος,</span> <span class='ocrx_word' id='word_1_1030' title='bbox 1214 2800 1290 2831; x_wconf 87' lang='grc' dir='ltr'>ποῖος</span> <span class='ocrx_word' id='word_1_1031' title='bbox 1302 2799 1409 2835; x_wconf 80' lang='grc' dir='ltr'>ἀδάμας</span> <span class='ocrx_word' id='word_1_1032' title='bbox 1419 2800 1538 2827; x_wconf 81' lang='grc' dir='ltr'>τοσαῦτα</span> <span class='ocrx_word' id='word_1_1033' title='bbox 1551 2800 1584 2828; x_wconf 78' lang='grc' dir='ltr'>ἂν</span> <span class='ocrx_word' id='word_1_1034' title='bbox 1595 2801 1727 2836; x_wconf 80' lang='grc' dir='ltr'>ὑπέμεινε</span> <span class='ocrx_word' id='word_1_1035' title='bbox 1742 2800 1834 2833; x_wconf 82' lang='grc' dir='ltr'>δεινά;</span> 
     </span>
    </p>
   </div>
   <div class='ocr_carea' id='block_1_131' title="bbox 1045 2840 1834 2878">
    <p class='ocr_par' dir='ltr' id='par_1_131' title="bbox 1045 2840 1834 2878">
     <span class='ocr_line' id='line_1_131' title="bbox 1045 2840 1834 2878; baseline 0.003 -12"><span class='ocrx_word' id='word_1_1036' title='bbox 1045 2840 1076 2866; x_wconf 82' lang='lat' dir='ltr'>El</span> <span class='ocrx_word' id='word_1_1037' title='bbox 1105 2840 1159 2874; x_wconf 78' lang='grc' dir='ltr'>γὰρ</span> <span class='ocrx_word' id='word_1_1038' title='bbox 1175 2841 1221 2867; x_wconf 83' lang='grc' dir='ltr'>καὶ</span> <span class='ocrx_word' id='word_1_1039' title='bbox 1241 2841 1304 2867; x_wconf 83' lang='grc' dir='ltr'>καθ’</span> <span class='ocrx_word' id='word_1_1040' title='bbox 1321 2842 1404 2868; x_wconf 77' lang='grc' dir='ltr'>ἑαυτὸ</span> <span class='ocrx_word' id='word_1_1041' title='bbox 1427 2842 1529 2869; x_wconf 89' lang='grc' dir='ltr'>τούτων</span> <span class='ocrx_word' id='word_1_1042' title='bbox 1545 2842 1661 2870; x_wconf 74' lang='grc' dir='ltr'>ἕκαστον</span> <span class='ocrx_word' id='word_1_1043' title='bbox 1677 2842 1834 2878; x_wconf 76' lang='grc' dir='ltr'>ἀφόρητον,</span> 
     </span>
    </p>
   </div>
   <div class='ocr_carea' id='block_1_132' title="bbox 1047 2881 1833 2921">
    <p class='ocr_par' dir='ltr' id='par_1_132' title="bbox 1047 2881 1833 2921">
     <span class='ocr_line' id='line_1_132' title="bbox 1047 2881 1833 2921; baseline 0.004 -13"><span class='ocrx_word' id='word_1_1044' title='bbox 1047 2881 1174 2918; x_wconf 77' lang='grc' dir='ltr'>ἐννόησον</span> <span class='ocrx_word' id='word_1_1045' title='bbox 1199 2882 1266 2918; x_wconf 80' lang='grc' dir='ltr'>ὁμοῦ</span> <span class='ocrx_word' id='word_1_1046' title='bbox 1287 2883 1448 2912; x_wconf 86' lang='grc' dir='ltr'>συνελθόντα</span> <span class='ocrx_word' id='word_1_1047' title='bbox 1473 2884 1556 2911; x_wconf 87' lang='grc' dir='ltr'>πόσον</span> <span class='ocrx_word' id='word_1_1048' title='bbox 1583 2885 1678 2920; x_wconf 78' lang='grc' dir='ltr'>ἧγειρε</span> <span class='ocrx_word' id='word_1_1049' title='bbox 1708 2884 1833 2921; x_wconf 80' lang='grc' dir='ltr'>θόρυὸον.</span> 
     </span>
    </p>
   </div>
  </div>
