1978 3130
118 201 161 230 271

121 259 253 290 amictum,
266 259 346 294 gravi
362 260 506 294 putredine
521 259 637 295 undique
651 264 809 296 corruperat
828 259 920 286 diabo-

121 306 168 332 lus.
182 304 304 332 Rursum
320 305 348 332 hi
366 314 499 342 pauperes
513 306 607 333 saltem
618 306 667 333 sub
676 307 752 333 tectis
766 310 829 333 sunt
838 305 920 333 vesti-

123 350 241 378 liulorum
254 351 283 378 in
296 351 417 385 balneis,
431 352 524 380 saltem
535 352 644 379 latibulo
655 356 788 387 teguntur;
802 351 847 380 ille
858 359 922 379 vero

124 397 167 424 sub
177 396 222 424 dio
232 402 315 425 nocte
329 398 431 433 dieque
444 405 549 433 semper
558 397 680 433 degebat,
696 405 783 433 neque
793 397 922 432 simplicis

125 443 181 471 tecti
202 444 333 471 solatium
363 451 478 471 nactus:
492 444 615 479 quodque
628 444 734 479 gravius
747 447 802 476 est,
818 443 845 470 hi
864 443 922 478 qui-

125 490 179 516 dem
192 489 342 516 multorum
357 490 409 517 sibi
421 489 548 517 malorum
569 489 668 517 conscii
688 493 768 522 sunt;
789 489 833 516 ille
858 496 923 516 vero

127 536 218 564 nullius
228 536 280 563 sibi
292 537 421 564 conscius
431 541 488 563 erat
499 537 518 563 '.
532 535 587 563 Hoc
595 542 683 563 autem
698 537 723 563 in
734 536 844 570 singulis
854 543 922 570 quo-

127 589 174 617 que
181 582 290 610 casibus
299 582 497 610 observandum
509 586 550 610 est
561 591 567 609 :
580 581 651 617 quod
662 589 726 609 sane
736 583 864 617 majorem
874 582 923 616 ipsi

127 629 246 656 dolorem
266 630 453 664 maioremque
473 629 633 656 anxietatem
649 629 783 664 pariebat,
799 628 870 663 quod
889 635 923 655 ne

127 683 231 702 causam
246 675 357 710 quidem
372 675 581 710 contingentium
603 675 735 702 malorum
754 678 853 702 nosset.
871 673 921 705 Illi,

129 721 244 755 inquam,
259 720 295 747 de
308 721 400 748 multis
412 728 441 747 se
451 727 576 748 accusare
590 724 732 755 potuerunt
746 729 753 747 :
767 727 817 747 nec
831 727 922 755 parum

131 767 192 794 illud
205 766 238 794 ad
253 763 465 794 consolationem
480 767 570 802 juvat,
595 774 655 794 cum
670 766 731 802 jure
758 766 808 794 sibi
831 773 923 801 pmuas

129 812 209 848 ιιιῦίςί
234 813 403 847 agnoscitur;
420 813 465 840 ille
483 817 572 840 autem
587 811 637 840 hac
651 820 749 840 vacuus
761 817 924 840 eratconso-

129 860 234 893 latione,
249 864 277 887 ει
303 868 364 887 cum
375 860 456 887 vitam
473 860 570 887 virtute
584 859 689 894 plenam
712 858 849 891 duxisset,
874 866 923 885 ex-

128 913 209 935 trema
223 906 491 935 sceleratissimorum
502 906 630 941 supplicia
646 906 743 934 luebat.
759 906 802 937 Hi,
818 905 862 940 qui
879 912 924 939 pe-

125 962 173 982 nes
187 961 237 980 nos
251 958 327 986 sunt,
343 960 473 988 pauperes
483 953 538 988 jam
552 953 616 980 olim
629 959 644 979 a
656 952 786 987 principio
803 951 864 979 huic
876 959 922 977 ca-

127 998 239 1026 lamitati
253 1003 318 1026 sunt
332 998 449 1031 assueti;
464 998 508 1026 ille
518 1006 584 1026 vero
597 998 761 1033 inopinatam
782 997 842 1025 tulit
856 1004 922 1032 pau-

126 1044 412 1080 pertatem,confestim
420 1044 572 1072 divitiarum
577 1044 708 1078 iacturam
717 1042 919 1078 passus.Quem-

125 1092 270 1119 admodum
293 1091 373 1127 igitur
390 1098 497 1119 causam
524 1090 788 1118 calamitatumnOsse
798 1095 922 1124 magnum

125 1137 204 1165 affert
218 1138 253 1165 ad
260 1137 472 1165 consolationem
486 1141 662 1169 momentum,
678 1136 713 1163 ita
726 1143 778 1163 non
791 1134 921 1162 minorem

127 1183 195 1216 parit
209 1183 237 1210 in
253 1187 408 1218 paupertate
420 1182 526 1217 degenti
544 1182 655 1216 pristina
670 1181 789 1216 ejusdem
809 1188 922 1215 pauper-

124 1230 185 1256 tatis
193 1230 351 1256 exercitatio
367 1239 374 1256 :
389 1232 561 1262 utrorumque
575 1232 663 1255 autem
674 1228 762 1262 justus
772 1226 817 1254 ille
826 1233 921 1260 expers

124 1280 193 1305 erat,
209 1283 298 1309 neque
314 1280 401 1301 tamen
412 1275 450 1301 sic
465 1275 554 1301 animo
567 1273 693 1301 concidit.
710 1273 803 1300 Vidisti
822 1279 882 1299 eum
894 1272 920 1298 in

121 1326 272 1347 extremam
287 1320 423 1348 redactum
437 1325 629 1355 paupertatem,
639 1319 680 1347 cui
695 1319 789 1347 similis
796 1318 870 1347 nulla
877 1326 920 1346 es-

121 1375 152 1394 se
164 1367 271 1402 potest?
282 1366 346 1402 quid
361 1367 431 1394 enim
447 1366 518 1393 nudo
527 1371 649 1401 tectoque
658 1369 765 1393 carente
778 1363 921 1399 pauperius

120 1412 202 1440 fuerit
214 1413 226 1439 '!
240 1412 297 1440 lmo
309 1412 354 1439 ille
367 1420 400 1439 ne
414 1412 521 1447 quidem
533 1411 619 1439 solum
633 1418 685 1446 quo
699 1410 827 1446 gauderet
839 1409 920 1436 habe-

120 1457 187 1490 bat;
202 1466 293 1493 neque
305 1457 378 1486 enim
387 1458 414 1485 in
428 1463 498 1486 terra
508 1479 516 1492 ,
530 1457 577 1485 sed
587 1457 612 1484 in
626 1457 690 1484 timo
698 1456 817 1484 sedebat.
829 1455 920 1490 Itaque

118 1511 181 1531 cum
192 1507 219 1530 te
233 1503 336 1531 videris
351 1508 505 1538 paupertate
527 1502 664 1533 afflictum.
675 1502 761 1537 cogita
772 1502 834 1537 justi
848 1501 919 1528 illius

117 1548 301 1576 mlamitatem
312 1549 454 1584 statimque
463 1549 581 1575 animum
590 1548 686 1583 eriges,
697 1552 724 1575 et
732 1555 838 1575 omnem
850 1555 919 1574 moe-

117 1594 190 1621 roris
203 1595 351 1629 cogitatum
366 1594 492 1629 repelles.
506 1594 593 1628 Atque
607 1594 664 1621 tunc
687 1594 793 1628 quidem
807 1593 917 1620 calamiv

117 1644 162 1666 tas
171 1640 295 1667 omnium
310 1640 442 1667 malorum
456 1639 531 1675 quasi
547 1639 748 1666 fundamentum
767 1638 918 1665 hominibus

113 1693 179 1713 esse
198 1685 322 1718 videtur;
344 1686 427 1714 altera
442 1693 505 1713 vero
517 1686 659 1721 posterior,
674 1685 728 1712 into
749 1685 836 1720 prior,
861 1688 919 1711 erat.

115 1732 242 1767 corporis
254 1733 342 1767 plaga.
351 1732 417 1765 Quis
428 1740 552 1766 umquam
568 1731 619 1759 hoc
631 1731 716 1758 morbi
729 1739 828 1766 genere
841 1730 916 1758 labo-

115 1778 205 1805 ravit?
217 1778 279 1813 quis
294 1778 374 1805 talem
382 1777 566 1813 mgritudinem
589 1777 668 1804 tulit?
680 1777 739 1812 quis
750 1776 826 1804 talem
838 1783 916 1803 exco-

115 1823 158 1858 pit
171 1824 289 1859 plagam,
303 1827 351 1851 aut
359 1824 441 1850 alium
455 1823 629 1858 excipientem
642 1822 727 1849 vidit?
744 1822 829 1850 Nemo
841 1829 915 1849 sane.

114 1869 250 1896 Paulatim
264 1869 315 1904 ipsi
335 1877 433 1904 corpus
445 1869 642 1901 absumebatur,
661 1868 782 1896 membra
800 1868 918 1902 undique

114 1915 258 1942 vermibus
279 1915 429 1948 scatebant,
439 1919 584 1950 perpetuus
593 1919 650 1942 erat
659 1914 703 1942 ille
716 1913 812 1946 ﬂuxus,
828 1917 854 1941 et
866 1913 917 1941 fm-

115 1964 163 1987 tor
176 1960 295 1996 undique
305 1961 488 1995 gravissimus,
504 1968 653 1996 corpusque
666 1960 728 1987 dum
744 1960 783 1988 sic
793 1960 915 1994 paulatim

115 2007 243 2033 interiret
256 2011 284 2033 et
295 2012 366 2033 tanta
379 2006 519 2042 putredine
534 2006 690 2039 tabesceret,
708 2007 824 2041 ingratos
836 2006 916 2032 etiam

115 2052 194 2080 cibos
209 2053 348 2085 reddebat,
360 2053 497 2088 famesque
507 2053 543 2080 illi
556 2058 613 2080 erat
622 2053 726 2080 insolita
740 2052 915 2080 incredibilis-

115 2107 171 2133 que
185 2105 196 2126 :
209 2106 298 2134 neque
312 2099 382 2126 enim
395 2099 485 2126 oblato
508 2099 569 2126 cibo
583 2098 635 2126 frui
659 2104 772 2134 poterat.
790 2098 915 2125 Faetorem

115 2144 203 2178 enim,
214 2145 311 2179 inquit,
322 2145 394 2172 video
403 2152 457 2172 esse
465 2144 532 2171 cibos
544 2153 610 2171 meo:
619 2144 679 2181 (Job
693 2144 720 2172 6.
745 2145 782 2179 7).
791 2144 857 2172 Cum
870 2152 916 2171 er-

116 2191 191 2224 goin
212 2191 337 2217 morbum
361 2190 626 2223 incideris,ohomo,
650 2190 916 2225 recordarecmporis

115 2235 191 2263 illius
205 2241 358 2271 sancteque
372 2235 460 2263 carnis
473 2244 480 2262 :
495 2239 586 2263 sancta
599 2236 695 2271 quippe
705 2240 762 2263 erat
775 2241 854 2270 atque
868 2243 916 2271 pu-

117 2288 165 2314 ra,
179 2281 244 2309 licet
271 2281 312 2308 his
324 2282 479 2309 vulneribus
503 2281 609 2309 affecta.
634 2281 661 2309 Si
675 2282 735 2317 quis
757 2282 783 2309 in
796 2283 915 2309 exercitu

119 2329 225 2362 positus
250 2328 347 2363 injuste
368 2329 492 2364 nullaque
506 2329 600 2356 saltem
623 2328 754 2363 probabili
777 2328 812 2356 de
836 2335 916 2355 causa

119 2375 193 2410 ligno
215 2382 372 2409 suspensus,
386 2375 468 2402 latera
481 2375 530 2402 sibi
551 2374 661 2402 lacerari
689 2373 793 2406 videat,
816 2381 917 2408 nequa-

118 2429 200 2456 quam
211 2421 237 2449 id
252 2421 404 2457 ignominize
417 2421 475 2448 loco
488 2421 594 2452 habeat,
607 2428 692 2456 neque
702 2428 732 2448 se
745 2420 838 2448 dolore
852 2427 916 2448 con-

121 2467 165 2495 tici
180 2467 263 2500 sinat,
276 2472 399 2495 sanctum
414 2467 487 2494 illum
500 2466 629 2495 memoria
643 2471 778 2502 repetens.
802 2466 839 2494 At
858 2465 914 2500 ille,

120 2513 238 2549 tnquies,
247 2520 381 2540 summam
395 2512 489 2540 habuit
500 2512 723 2544 consolationem.
738 2511 810 2547 quod
834 2511 916 2539 sciret

121 2560 206 2587 Deum
221 2559 281 2587 hac
297 2558 349 2587 sibi
362 2558 494 2594 inﬂigere.
510 2559 590 2594 Atqui
604 2560 656 2587 hoc
676 2559 762 2594 ipsum
781 2559 865 2594 magis
884 2557 916 2586 il-

120 2605 175 2631 lum
205 2605 330 2632 turbabat
349 2603 553 2640 affligebatque,
573 2605 643 2640 quod
667 2604 797 2640 cogitaret
815 2604 914 2639 justum

122 2652 216 2684 Deum,
242 2659 322 2687 quem
339 2651 397 2686 ipse
411 2652 483 2678 omni
498 2651 578 2679 modo
589 2652 731 2684 coluisset,
758 2659 849 2679 secum
867 2659 915 2686 pu-

121 2706 214 2733 gnare.
226 2698 281 2726 Nec
297 2698 380 2726 ullam
392 2698 433 2725 vel
450 2697 610 2733 probabilem
622 2705 725 2731 eorum,
739 2706 798 2733 (luas
810 2698 914 2725 accide-

123 2746 194 2775 bant,
210 2752 319 2772 causam
341 2745 459 2778 reperire
472 2748 582 2778 poterat.
592 2744 657 2771 Nam
672 2744 715 2771 ubi
728 2744 834 2771 demum
850 2752 915 2771 catt-

121 2798 177 2817 tam
190 2790 281 2818 didicit
293 2811 301 2822 ,
325 2790 388 2817 vide
402 2794 524 2824 quantam
536 2790 661 2825 pietatem
675 2790 834 2819 exhibuerit.
848 2791 915 2818 Cum

122 2836 190 2862 enim
202 2835 238 2863 illi
250 2836 321 2864 Deus
331 2835 401 2863 dixit
416 2843 423 2861 :
439 2834 526 2862 Alione
536 2841 609 2870 putas
622 2836 697 2864 modo
708 2845 745 2864 me
757 2837 801 2864 tibi
812 2837 916 2864 oracula

152 2937 159 2952 '
175 2936 236 2962 Vide
250 2938 337 2961 notam
350 2934 461 2961 Graecam

622 204 666 235 DE
686 207 835 236 DlABOLO
854 208 1073 238 TENTATORE.
1094 209 1210 238 IIOMIL.
1231 209 1273 237 lll.

1709 209 1763 238 ’ὶἸῖ

974 260 1079 293 fudisse,
1093 268 1167 295 quam
1178 266 1205 288 ut
1215 262 1301 297 justus
1314 270 1448 296 appareret
1460 263 1520 299 (Job
1536 265 1579 294 40.
1593 265 1639 300 8)?
1657 269 1762 301 percul-

974 313 1019 333 sus
1034 307 1076 334 Ille
1091 307 1228 341 respondit
1243 317 1248 334 :
1262 307 1366 334 Manum
1379 317 1470 343 ponam
1483 318 1557 344 super
1568 319 1595 338 or
1609 319 1708 339 meum:
1720 321 1761 339 se-

974 353 1023 378 mel
1034 352 1149 385 loquutus
1159 354 1341 386 sum,secundo
1355 362 1404 380 non
1415 355 1507 380 addam
1518 355 1579 392 _(lb.
1594 364 1617 383 υ.
1629 357 1655 384 4.
1672 358 1699 392 5)
1711 366 1719 384 :
1733 366 1764 385 ac

975 406 1090 433 rursum,
1103 398 1187 434 Usque
1196 400 1229 425 ad
1247 399 1317 426 auris
1328 399 1442 426 auditum
1454 389 1538 427 ηιλᾱὶὗὶ
1547 407 1570 428 te
1581 407 1673 434 antea;
1690 389 1764 429 anno

974 449 1057 470 autem
1068 445 1154 472 oculus
1164 453 1231 472 meus
1241 445 1301 472 vidit
1312 451 1344 474 te.
1356 445 1439 478 Quare
1447 448 1568 479 met'psum
1582 447 1654 474 vilem
1663 453 1763 482 reputa-

975 490 1008 522 vi,
1032 494 1055 517 et
1067 490 1167 517 ηιαὸυί
1182 499 1190 518 :
1204 491 1315 526 reputavi
1328 497 1412 518 autem
1425 492 1646 526 mripsumtsrram
1661 498 1683 520 et
1697 494 1763 521 ciue-

974 543 1027 563 rem
1042 533 1120 572 (Job.
1132 535 1214 564 42.5.
1232 537 1270 574 6).

1011 581 1038 609 6.
1058 582 1135 615 Quod
1149 583 1171 610 si
1185 582 1242 610 haec
1254 583 1318 611 satis
1331 583 1364 610 ad
1377 583 1586 611 consolationem
1598 591 1658 612 esse
1672 590 1762 619 putas,

975 628 1076 662 poteris
1087 632 1114 655 et
1128 629 1182 663 ipse
1198 629 1248 656 hac
1262 629 1444 656 consolatione
1455 630 1515 656 frui.
1537 629 1603 656 Nam
1626 629 1688 657 licet
1711 637 1763 656 non

976 681 1024 708 pro
1038 673 1092 700 Deo
1106 673 1205 708 aliquid
1218 674 1280 701 mali
1295 674 1437 707 sustineas,
1450 674 1496 701 sed
1510 682 1543 701 ex
1559 675 1694 702 hominum
1714 684 1762 702 no-

975 725 1108 752 cumento,
1118 721 1140 747 si
1150 721 1248 755 gratias
1257 721 1342 756 egeris
1355 728 1404 748 nec
1416 720 1644 755 blaspheutaveris
1657 721 1682 748 in
1692 729 1762 752 eum.

976 767 1020 802 qui
1035 767 1164 803 itnpedire
1177 767 1283 803 quidem
1298 771 1413 802 poterat,
1434 767 1480 794 sed
1493 767 1525 793 ad
1540 772 1612 794 tuam
1628 768 1763 802 probatio-

976 822 1037 841 nem
1056 815 1185 849 permisit,
1211 814 1279 842 sicut
1294 814 1311 841 ii
1321 814 1364 849 qui
1389 818 1497 848 propter
1520 813 1604 841 Deum
1630 814 1765 848 patiuntur

976 860 1190 893 coronantur,sic
1202 864 1229 887 et
1243 865 1269 887 tu
1284 859 1404 886 eamdem
1414 858 1587 893 consequeris
1601 859 1760 891 mercedem,

975 907 1036 941 quia
1050 907 1136 934 illatas
1151 907 1196 935 tibi
1207 907 1240 934 ab
1255 906 1406 933 hominibus
1419 905 1584 932 calamitates
1597 904 1702 932 fortiter
1724 912 1764 932 tu-

976 953 1041 987 listi,
1053 958 1081 981 et
1089 954 1113 980 ei
1128 955 1242 988 quicum
1257 953 1314 979 illas
1327 952 1469 987 prohibere
1489 955 1596 986 posset,
1623 951 1709 978 noluit
1722 955 1764 977 ta-

975 1007 1048 1033 men,
1056 997 1323 1035 gratiasegisti.Ecee
1335 998 1414 1033 igitur
1424 1002 1451 1025 et
1462 1001 1642 1032 paupertatem
1653 1001 1680 1024 et
1692 1004 1763 1024 mor-

975 1044 1037 1072 bum
1049 1052 1127 1080 supra
1138 1044 1247 1072 modum
1260 1052 1366 1072 omnem
1375 1044 1446 1079 justo
1458 1044 1558 1071 illatum
1566 1043 1664 1072 vidisti.
1679 1043 1764 1071 V'isue

974 1091 1053 1118 etiam
1069 1094 1097 1118 ut
1111 1090 1220 1123 bellum,
1235 1090 1304 1126 quod
1320 1090 1369 1125 ipsi
1385 1095 1476 1117 natura
1487 1090 1585 1123 intulit,
1597 1089 1691 1117 eodem
1701 1096 1761 1116 cum

975 1137 1075 1171 impetu
1090 1136 1183 1164 fortem
1200 1137 1286 1163 virum
1301 1135 1431 1163 invasisse
1449 1135 1608 1163 ostendam?
1621 1135 1716 1162 Decem
1733 1133 1763 1160 li-

975 1182 1024 1210 lios
1038 1182 1163 1217 perdidit,
1177 1182 1270 1209 decem
1285 1181 1373 1212 simul,
1388 1181 1480 1209 decem
1498 1181 1591 1208 eodem
1615 1179 1762 1214 juventutis

974 1229 1050 1261 flore,
1064 1228 1156 1256 decem
1172 1228 1269 1255 virtute
1280 1228 1415 1262 praeditos,
1438 1234 1487 1254 nec
1501 1226 1636 1254 communi
1660 1229 1761 1252 natum

974 1275 1043 1310 lege,
1057 1274 1105 1302 sed
1120 1274 1236 1301 violenta
1249 1272 1448 1307 miserabilique
1470 1276 1566 1298 morte.
1592 1271 1657 1304 Quis
1681 1269 1760 1297 talem

973 1322 1151 1348 calamitatem
1178 1320 1329 1355 exprimere
1355 1318 1460 1346 valeat?
1487 1318 1572 1346 Nemo
1591 1325 1665 1345 sane.
1694 1317 1760 1344 Cum

973 1374 1037 1402 ergo
1046 1372 1073 1394 et
1084 1366 1170 1393 illium
1179 1370 1207 1394 et
1225 1365 1307 1393 tiliam
1331 1365 1411 1392 simul
1431 1364 1573 1396 amiseris,
1598 1370 1705 1390 recurre
1727 1362 1761 1390 ad

970 1413 1070 1449 justum
1086 1413 1171 1446 illum,
1186 1412 1350 1447 multamque
1360 1410 1520 1438 nanciseeris
1539 1409 1760 1437 consolationem.

971 1460 1040 1487 Num
1054 1459 1112 1487 haec
1125 1463 1228 1487 tantum
1239 1459 1290 1494 ipsi
1303 1458 1424 1486 accidere
1437 1457 1527 1484 mala?
1542 1456 1695 1484 Amicorum
1719 1455 1762 1483 in-

972 1512 1053 1539 super
1066 1504 1182 1532 defectio
1195 1509 1222 1532 et
1231 1503 1358 1539 proditio,
1370 1508 1527 1534 scommata,
1541 1501 1660 1529 convicia
1670 1521 1677 1535 ,
1691 1500 1761 1528 deri—

971 1552 1072 1584 sioncs,
1084 1551 1160 1579 sanni
1173 1560 1179 1578 :
1193 1551 1226 1578 ab
1240 1550 1362 1577 omnibus
1376 1554 1467 1577 autem
1482 1547 1600 1576 divexari
1619 1554 1697 1582 quam
1719 1547 1760 1574 in-

973 1596 1137 1623 tolerandum
1153 1596 1246 1623 fuerit!
1263 1595 1321 1622 Non
1335 1595 1406 1622 enim
1417 1595 1454 1621 ita
1464 1600 1641 1621 terumnarum
1655 1596 1759 1624 natura,

971 1647 1001 1670 ut
1011 1642 1039 1676 ii,
1054 1642 1098 1677 qui
1112 1641 1188 1669 nobis
1199 1647 1332 1669 aerumnas
1342 1640 1515 1675 exprobrant,
1529 1639 1654 1666 mordere
1680 1638 1757 1665 solet.

971 1688 1028 1715 Non
1044 1688 1124 1715 modo
1135 1695 1186 1714 non
1202 1687 1305 1719 aderat,
1333 1687 1378 1722 qui
1398 1686 1595 1717 consolaretur;
1619 1684 1665 1711 sed
1683 1683 1758 1710 multi

972 1733 1087 1769 undique
1099 1733 1232 1760 instabant
1245 1732 1437 1760 conviciantes.
1449 1731 1583 1765 Videsque
1608 1730 1682 1757 illum
1709 1729 1759 1755 hac

969 1780 1004 1807 de
1014 1788 1043 1807 re
1056 1779 1193 1814 conqueri,
1209 1786 1240 1806 ac
1253 1778 1342 1805 dicere
1355 1785 1363 1804 :
1381 1778 1412 1804 At
1426 1785 1469 1804 vos
1485 1776 1604 1803 invaditis
1624 1783 1663 1802 me
1693 1774 1759 1810 (Job

971 1825 1014 1852 l9.
1026 1824 1065 1862 5),
1077 1832 1175 1860 eosque
1189 1822 1413 1851 immisericordes
1427 1825 1505 1849 vocat
1519 1821 1560 1848 his
1572 1819 1660 1847 verbis
1673 1829 1679 1846 :
1693 1819 1758 1852 Quia

970 1871 1155 1906 abnegaverunt
1167 1878 1206 1896 me
1217 1869 1323 1904 prorimi
1337 1868 1401 1901 mei;
1416 1872 1439 1894 et
1451 1866 1580 1894 domestici
1600 1866 1650 1892 mei
1671 1870 1758 1891 contra

970 1925 1009 1944 me
1021 1915 1195 1952 loquebantur,
1218 1919 1240 1942 et
1255 1914 1322 1949 ﬁlios
1343 1914 1460 1948 pellicum
1485 1919 1598 1939 mearum
1618 1910 1758 1938 vocabam:

972 1963 1011 1990 illi
1021 1970 1079 1989 vero
1091 1961 1233 1989 resiliebant
1245 1959 1304 1997 (Ib.
1319 1967 1342 1986 υ.
1359 1960 1402 1986 υ.
1416 1959 1472 1994 17).
1486 1958 1547 1990 Alii,
1573 1957 1670 1992 inquit,
1696 1964 1757 1983 con-

969 2009 1090 2043 rpuebant
1104 2009 1129 2035 in
1141 2016 1189 2040 me,
1204 2016 1233 2034 ac
1247 2007 1382 2034 ludibrium
1396 2007 1478 2041 factu:
1492 2013 1549 2032 sum
1562 2003 1674 2031 omnibus
1690 2002 1755 2038 (Job

969 2055 1014 2084 '59.
1028 2054 1055 2082 9.
1073 2054 1118 2087 l0)
1131 2063 1138 2081 ε
1153 2059 1176 2080 et
1190 2054 1256 2088 ipsa,
1275 2052 1378 2087 inquit,
1393 2051 1466 2078 vestis
1492 2058 1531 2076 me
1555 2049 1699 2076 abominata
1722 2053 1757 2074 est

970 2101 1029 2136 (Job
1044 2101 1070 2128 9.
1084 2100 1140 2135 51).
1156 2100 1218 2126 llaec
1242 2106 1275 2126 ne
1297 2098 1387 2125 auditu
1407 2096 1512 2132 quidem
1527 2094 1644 2125 ferenda,
1659 2093 1757 2121 nedum

969 2147 1027 2182 ipso
1038 2153 1127 2173 rerum
1152 2145 1221 2172 facto
1246 2142 1411 2171 sustinenda.
1442 2141 1586 2175 Paupertas
1613 2143 1731 2166 extrema
1749 2159 1756 2169 ,

970 2193 1078 2220 morbus
1092 2189 1283 2222 intolerandus,
1299 2195 1383 2215 novus
1390 2192 1417 2214 et
1427 2186 1570 2216 inauditus,
1584 2189 1656 2211 totet
1667 2184 1757 2211 talium

969 2238 1083 2266 ﬁliorum
1097 2236 1205 2263 amissio
1219 2235 1263 2262 tali
1278 2233 1356 2261 modo
1366 2232 1445 2264 facta,
1461 2230 1590 2263 convicia,
1600 2233 1756 2261 scommata,

969 2283 1100 2318 vituperia
1110 2282 1144 2309 ab
1155 2280 1315 2308 hominibus.
1332 2279 1382 2306 Alii
1397 2277 1503 2313 quidem
1519 2275 1664 2303 irridebant
1680 2295 1687 2306 ,
1714 2274 1758 2302 alii

969 2328 1196 2359 conviciabantur,
1209 2327 1254 2353 alii
1276 2325 1448 2360 spernebant,
1465 2330 1518 2350 non
1532 2322 1630 2350 inimici
1645 2325 1757 2352 tantum,

969 2376 1017 2403 sed
1033 2380 1059 2403 et
1071 2374 1165 2406 amici;
1180 2380 1233 2400 non
1244 2372 1322 2399 amici
1334 2375 1434 2398 tantum
1449 2390 1457 2402 ,
1483 2368 1531 2397 sed
1556 2373 1583 2396 et
1607 2367 1757 2395 domestici.

969 2422 1060 2456 Neque
1074 2420 1159 2448 solum
1173 2418 1320 2446 irridebant
1344 2420 1373 2443 et
1392 2415 1513 2443 convicia
1536 2413 1686 2449 jactabant,
1710 2411 1759 2440 sed

969 2467 1049 2495 etiam
1063 2464 1302 2495 abominabantur;
1315 2462 1372 2489 haec
1391 2467 1470 2496 porro
1495 2467 1548 2487 non
1568 2458 1692 2490 duobus,
1716 2457 1757 2484 vel

969 2511 1114 2545 tribus,vel
1128 2510 1220 2538 decem
1233 2508 1336 2542 diebus,
1360 2507 1408 2535 sed
1431 2506 1521 2534 multis
1542 2504 1678 2532 mensibus
1701 2511 1708 2530 :
1732 2507 1759 2530 et

969 2558 1039 2593 quod
1051 2558 1087 2585 illi
1101 2556 1147 2584 uni
1159 2554 1277 2590 contigit,
1291 2561 1324 2582 ne
1336 2552 1422 2581 noctis
1434 2551 1541 2587 quidem
1549 2550 1757 2578 consolationem

969 2603 1093 2637 habebat,
1105 2602 1151 2630 sed
1166 2601 1267 2629 diurnis
1280 2599 1406 2627 aerumnis
1423 2597 1601 2625 accessionem
1624 2595 1754 2630 majorem

970 2651 1083 2680 faciebat
1096 2654 1287 2677 nocturnarum
1302 2644 1475 2674 formidinum
1503 2643 1651 2678 phantasia.
1678 2641 1754 2675 Quod

969 2700 1039 2727 enim
1057 2698 1099 2725 vel
1124 2697 1149 2724 in
1170 2695 1270 2722 somnis
1290 2693 1409 2729 graviora
1431 2698 1524 2727 passus
1538 2690 1581 2722 sit,
1597 2689 1657 2716 audi
1686 2689 1757 2715 illum

969 2746 1121 2773 dicentem:
1140 2743 1224 2776 Quare
1238 2748 1276 2767 me
1291 2745 1368 2766 terres
1380 2739 1405 2764 iu
1420 2737 1524 2770 somnis,
1547 2741 1570 2763 et
1584 2736 1610 2762 in
1623 2735 1758 2761 visionibus

970 2800 1009 2818 me
1020 2795 1162 2817 constemus
1176 2787 1237 2822 (Job
1252 2787 1277 2813 7.
1294 2784 1361 2820 H)?
1387 2783 1451 2816 Quis
1465 2786 1517 2815 tam
1543 2781 1644 2808 ferreus
1669 2780 1757 2809 homo,

969 2837 1028 2872 quis
1038 2836 1146 2863 adamas
1156 2833 1212 2860 haec
1223 2832 1292 2860 mala
1305 2831 1437 2858 sustinere
1450 2827 1550 2864 possit?
1561 2827 1626 2854 Nam
1640 2827 1662 2853 si
1675 2825 1760 2860 quod-

970 2883 1036 2910 lihct
1049 2889 1142 2910 eorum
1153 2880 1265 2907 seorsim
1279 2877 1474 2906 consideratum
1488 2873 1682 2902 intolerandum
1693 2875 1734 2899 est
1748 2891 1756 2902 ,

970 2933 1097 2965 quantum
1111 2926 1250 2955 tumultum
1262 2924 1349 2954 omnia
1359 2921 1543 2951 concurrentia
1553 2918 1693 2947 attulerint
1719 2921 1757 2944 tc-
