1978 3130
103 183 150 210 ἲΠ
693 192 737 220 DE
758 192 892 222 ραςΝιτΕ

955 195 989 224 Α.
1012 196 1127 226 HOMIL.
1147 198 1167 225 Ι.
1701 205 1754 234 ΩΤΒ

100 263 1742 293 ..ἪἪ

699 332 770 367 DE
801 333 1156 382 P(ENITENTIA,

681 419 748 440 CUM
770 420 858 441 unus
883 420 951 443 IPSE
972 423 1138 444 usonssur
1153 415 1172 444 ¹.

403 551 509 571 ηοωιιΑ
524 551 532 571 ι
545 543 594 580 (α).

136 587 158 614 ι.
173 586 252 615 Amor
270 593 296 616 et
321 589 469 617 sollicitudo
490 590 663 626 Chrysoatomi
683 598 742 626 erga
764 591 896 626 populum.

100 632 181 661 Paulo
204 635 348 662 tumulatur
370 636 438 670 ﬁlios
460 637 552 663 iterum
573 638 735 672 parturienti.
755 652 791 657 -—-
809 635 896 672 Num,

100 688 196 716 quaso,
210 688 350 709 memores
365 682 449 710 nastri
465 682 560 716 fuistis,
571 687 670 718 quanto
685 687 804 718 tempore
817 691 833 711 a
847 692 897 711 vo-

103 727 141 755 bis
154 727 293 756 abfuimus
302 728 314 755 ?
324 728 393 756 Nam
408 729 465 764 ipse
475 729 583 764 quidem
596 729 678 757 vestri
687 737 817 764 nusquam
825 730 897 758 obli-

102 775 162 802 visci
186 774 282 809 potui,
304 775 352 803 sed
367 776 460 804 urbem
475 775 623 809 dimittens,
639 776 797 803 memoriam
813 776 897 804 vestri

101 828 150 848 non
163 821 274 849 dimisi:
287 822 513 857 quemadmodum
529 822 601 849 enim
616 822 661 857 qui
676 830 817 857 corporum
829 831 898 858 prae-

100 866 179 894 stanti
193 866 282 894 forma
298 868 453 903 capiuntur,
467 875 635 903 quocumque
658 869 829 903 recesserint,
851 877 896 896 se-

100 919 157 940 cum
171 912 357 941 desideratam
373 913 470 942 faciem
493 914 684 942 eircumferunt
698 924 705 941 :
721 914 791 942 haud
817 922 896 942 secus

99 959 147 993 ipsi
158 964 303 987 venustate
313 961 464 987 animarum
478 964 626 988 vestrarum
648 962 710 989 tacti
721 982 729 994 .
745 969 805 989 eam
819 969 896 989 men-

99 1005 131 1031 tis
145 1009 242 1032 vestraa
256 1006 376 1040 speciem
392 1013 500 1042 semper
512 1005 652 1033 nobiscum
668 1007 893 1035 circumferimus.

99 1050 131 1078 Et
153 1051 383 1086 quemadmodum
407 1052 525 1086 pictores
548 1051 684 1079 coloribus
700 1052 785 1080 variis
806 1054 896 1082 mixtis

99 1096 219 1130 corporis
234 1096 367 1132 imagines
381 1096 510 1132 effingere
521 1104 724 1125 consueverunt
739 1107 746 1125 :
761 1098 795 1126 ita
806 1103 832 1126 et
846 1099 896 1134 ipsi

98 1141 213 1168 studium
225 1146 346 1170 vestrum
358 1143 384 1169 in
394 1142 525 1175 collectis,
537 1143 564 1169 in
578 1143 710 1170 audiendo
719 1144 894 1178 alacritatem,

98 1187 316 1216 benevolentiam
328 1196 391 1224 erga
401 1189 629 1221 concionatorem,
642 1194 792 1225 creteraque
806 1191 894 1218 omnia

98 1232 185 1260 ofﬁcia
207 1233 295 1261 veluti
308 1234 414 1262 colores
435 1235 563 1262 virtutum
578 1235 667 1263 varios
693 1236 894 1269 immiscentes,

97 1282 177 1313 atque
191 1278 283 1313 ipsum
302 1280 452 1307 animarum
475 1284 624 1307 vestrarum
648 1280 830 1309 characterem
843 1282 894 1309 im-

97 1324 247 1358 primentes
259 1325 414 1360 mentisque
425 1330 592 1360 apponentes
602 1326 697 1360 oculis,
720 1334 752 1354 ea
774 1327 896 1362 specula-

96 1370 169 1397 tione
190 1370 258 1398 satis
276 1375 376 1398 nostne
389 1371 612 1407 peregrinationis
631 1372 782 1407 accepimus
795 1373 891 1400 solatii.

96 1415 159 1443 Haec
173 1421 202 1443 et
215 1415 345 1444 sedentes
357 1421 387 1444 et
398 1421 550 1452 surgentes,
563 1422 590 1445 et
602 1418 771 1446 ambulantes
779 1424 806 1446 et
816 1420 893 1454 quie-

95 1464 212 1493 scentes,
225 1466 253 1488 et
263 1461 432 1490 introeuntes
447 1466 475 1490 et
487 1463 761 1496 exeuntes,continuo
769 1464 896 1492 versaba-

95 1514 169 1538 mus,
182 1507 329 1535 caritatem
342 1512 460 1535 vestram
471 1509 513 1535 vel
525 1509 551 1535 in
566 1508 678 1536 somniis
690 1509 834 1542 intuentes,
846 1518 895 1538 ne-

95 1561 148 1588 que
162 1553 286 1581 interdiu
309 1554 408 1588 solum,
430 1555 478 1583 sed
492 1556 574 1583 etiam
589 1560 670 1584 noctu
685 1556 781 1584 iisdem
795 1557 895 1593 cogita-

96 1599 217 1626 tionibus
247 1599 327 1635 quasi
359 1600 463 1629 deliciis
490 1601 709 1635 enutriebamur,
742 1602 809 1631 illud
832 1611 892 1631 cum

95 1645 243 1674 Salomone
267 1647 400 1675 scientes:
411 1647 468 1683 Ego
482 1648 590 1682 dormio,
605 1653 628 1675 et
642 1657 686 1676 cor
709 1657 794 1676 meum
807 1650 894 1685 vigilat

97 1692 183 1727 (Cant.
195 1693 224 1720 5.
236 1693 276 1728 2).
297 1693 416 1729 ldipsum
429 1699 456 1722 et
478 1695 556 1723 nobis
569 1695 740 1731 contingebat
753 1704 761 1723 ε
775 1704 836 1723 nam
849 1704 894 1724 so-

94 1740 151 1766 mni
163 1739 276 1774 quidem
289 1741 438 1767 necessitas
453 1741 593 1775 palpebras
616 1742 687 1776 ipsas
699 1741 892 1776 contrahebat,

96 1784 219 1818 tyrannis
232 1792 299 1812 vero
309 1785 411 1813 amoris
423 1787 505 1814 vestri
515 1787 608 1814 oculos
623 1791 722 1814 nostra:
735 1788 833 1815 mentis
844 1796 893 1816 ex-

95 1830 196 1858 citabat
212 1839 220 1858 :
239 1836 321 1866 atque
335 1838 523 1869 saepenumero
538 1840 585 1867 per
608 1840 732 1860 somnum
753 1833 892 1861 vobiscum

97 1875 169 1911 loqui
182 1876 249 1903 mihi
262 1876 382 1904 videbar.
403 1878 508 1905 Etenim
531 1879 670 1906 consuevit
680 1879 768 1906 anima
782 1887 841 1914 qua:
853 1879 893 1906 in-

96 1921 183 1948 terdiu
197 1922 310 1957 cogitat,
322 1923 418 1950 eadem
432 1924 459 1951 in
472 1924 575 1951 Somnis
588 1932 637 1958 per
651 1924 819 1959 phantasiam
834 1932 894 1952 cer-

96 1974 171 2000 nere,
185 1967 259 2002 quod
271 1973 299 1996 et
312 1968 390 1996 nobis
406 1973 468 1996 tunc
480 1969 576 1997 accidit
591 1979 597 1996 :
610 1973 637 1997 et
653 1977 700 1997 vos
712 1971 817 1998 carneis
829 1978 892 1998 ocu-

96 2012 129 2039 lis
142 2013 257 2040 minilne
272 2013 384 2047 videns,
399 2015 482 2042 oculis
496 2015 615 2042 caritatis
624 2015 778 2049 cernebam,
794 2016 891 2052 corpo-

96 2065 179 2094 rcque
202 2059 309 2087 absens
319 2081 326 2093 ,
340 2060 437 2088 affectu
456 2068 576 2096 prtesens
589 2069 674 2093 eram,
694 2067 721 2089 et
734 2069 802 2090 mea:
814 2070 892 2091 aures

96 2111 202 2140 semper
214 2105 336 2133 clamore
350 2110 440 2134 vestro
450 2107 638 2142 personabant.
651 2108 739 2142 Quare
752 2112 780 2136 et
794 2116 892 2144 corpo-

96 2150 133 2177 ris
146 2151 307 2186 aegritudine
326 2152 362 2179 ibi
377 2152 478 2180 diutius
489 2158 602 2189 cogente
613 2154 762 2187 immorari,
779 2158 806 2182 et
820 2155 891 2183 aeris

95 2196 255 2224 salubritate
275 2197 310 2224 ad
333 2199 424 2225 carnis
449 2199 590 2227 sanitatem
606 2200 774 2234 proliciente,
801 2200 828 2227 id
850 2201 892 2227 vis

95 2243 196 2269 amoris
207 2243 292 2270 vestri
304 2251 358 2270 non
376 2244 520 2279 tolerabat,
534 2245 582 2273 sed
599 2245 784 2278 exclamabat,
801 2252 889 2280 neque

97 2287 172 2321 prius
186 2288 358 2316 molestando
372 2290 499 2323 cessavit,
515 2298 594 2326 quam
609 2291 687 2319 nobis
699 2291 815 2320 suaserit
828 2296 892 2320 ante

97 2333 236 2367 praeﬁxum
250 2339 357 2370 tempus
365 2343 522 2371 exsurgere,
537 2341 564 2364 et
574 2337 715 2365 sanitatem
728 2343 755 2365 et
767 2338 890 2373 volupta-

97 2383 149 2405 tem
176 2383 204 2406 et
227 2386 310 2406 omne
330 2379 517 2415 quodcumque
529 2385 571 2408 est
582 2381 682 2409 bonum
699 2403 707 2415 ,
728 2387 890 2410 conventum

97 2423 167 2451 hunc
179 2429 302 2452 vestrum
322 2417 487 2454 existimare.
507 2426 574 2454 Huic
586 2427 666 2463 igitur
679 2435 781 2456 morem
794 2437 890 2464 geren-

96 2475 147 2503 tes,
159 2469 307 2497 maluimus
323 2472 424 2505 redire,
447 2474 553 2500 tametsi
569 2473 653 2501 morbi
669 2474 789 2508 reliquiae
803 2480 889 2502 resta-

96 2522 166 2550 rent,
182 2524 264 2552 quam
280 2518 403 2553 corporis
418 2517 599 2547 inﬁrmitatem
622 2527 734 2555 prorsus
755 2521 890 2556 deponere

95 2567 260 2597 satagentes,
277 2563 313 2591 de
336 2568 435 2592 οἴειετο
449 2565 554 2593 caritati
568 2570 664 2593 vestra:
689 2567 825 2595 molestias
847 2567 889 2595 in-

95 2606 175 2635 ferre.
191 2608 259 2636 Nam
271 2614 299 2636 et
312 2609 368 2637 illic
380 2617 492 2638 manens
510 2610 712 2640 criminationes
726 2616 830 2640 vestras
840 2620 890 2640 au-

95 2653 202 2682 diebam
213 2664 221 2682 :
233 2655 371 2683 continuae
385 2655 456 2683 enim
471 2656 554 2684 litera:
569 2657 617 2684 has
630 2657 706 2685 nobis
719 2658 866 2686 all'ercbant
879 2678 887 2691 ,

96 2700 268 2736 animumque
286 2701 398 2729 adhibui
414 2703 617 2731 criminantibus
631 2711 684 2731 non
697 2705 795 2737 minus,
809 2712 888 2739 quam

96 2741 265 2772 laudantibus
277 2744 299 2771 ¹.
316 2743 384 2771 Nam
394 2744 491 2772 anima
511 2745 621 2774 scientis
631 2753 722 2774 amare
735 2747 787 2774 illa:
799 2747 890 2774 crimi-

124 2800 135 2817 ί
151 2800 257 2826 Oolbert.
281 2802 318 2826 sic
337 2800 435 2835 titulum
451 2801 533 2835 habet,
546 2803 578 2835 in
593 2806 710 2835 sanctis...
729 2803 890 2835 chrysostomt‘

94 2837 203 2868 τιεεπεει
213 2839 272 2857 rm
283 2832 400 2868 τεθνε-ςείε
411 2833 477 2868 etde.
488 2832 633 2868 mitem

127 2863 137 2894 ξ
154 2862 206 2891 Αιϋ,
216 2867 239 2888 et
250 2862 345 2894 gratias
356 2864 396 2894 egi
407 2862 597 2894 criminantibus,
607 2869 655 2890 etc.

127 2892 164 2923 (α)
179 2892 267 2928 collata
276 2901 337 2928 cum
343 2892 475 2928 __(;6dicibus
491 2897 569 2928 Regiis
590 2892 658 2927 l828,
670 2896 730 2922 1829
744 2900 770 2922 et
780 2896 851 2928 2424,
861 2899 888 2923 et

95 2930 148 2948 ann
158 2925 296 2951 attherqu
308 2925 380 2951 5061.

960 550 1081 577 nationes
1106 550 1233 585 fuerant,
1249 553 1397 582 absentiam
1431 561 1550 585 nostram
1580 565 1749 589 accusantes.

964 594 1111 630 Propterea
1138 604 1250 633 surgens
1279 601 1406 633 cucurri;
1435 609 1574 638 propterea
1608 613 1751 641 numquam

961 647 1022 668 mea
1030 649 1078 669 vos
1091 649 1181 671 mente
1195 645 1267 680 quivi
1278 647 1437 675 excludere:
1451 650 1499 676 sed
1512 650 1574 684 quid
1589 652 1685 680 mirum
1696 654 1752 681 ruri

963 686 985 713 si
999 694 1192 723 commoratus,
1209 691 1316 719 licentia
1330 692 1443 727 quadam
1457 699 1485 721 et
1499 695 1622 724 libertate
1638 697 1729 725 fruens
1743 720 1750 732 ,

960 738 1058 761 vestra:
1091 735 1213 763 caritatis
1235 744 1288 764 non
1313 746 1371 766 sum
1398 739 1518 768 oblitus:
1535 743 1752 779 quandoquidem

963 779 1061 807 Paulus
1074 781 1187 809 vinculis
1197 783 1330 819 alligatus,
1346 793 1480 813 carcerem
1493 787 1656 823 inhabitans,
1670 795 1752 825 atque

961 824 1064 854 inﬁnita
1079 835 1146 861 pene
1161 828 1281 863 pericula
1296 830 1462 858 imminentia
1476 832 1580 866 videns,
1603 833 1630 861 in
1643 842 1752 862 carcere

961 880 1014 900 non
1038 882 1116 902 secus
1138 882 1217 910 quam
1231 876 1258 903 in
1277 882 1353 912 prato
1367 882 1499 910 versatus,
1516 879 1555 906 sic
1568 878 1678 907 fratrum
1692 889 1751 908 me-

959 920 1070 948 moriam
1092 920 1226 955 habebat,
1243 927 1271 950 et
1295 923 1427 951 scribebat
1448 925 1541 953 dicens
1557 934 1563 952 :
1579 925 1652 953 Sicut
1662 931 1698 953 est
1705 928 1752 962 ju-

958 969 1024 992 stum
1035 966 1096 992 mihi
1108 966 1155 993 hoc
1169 968 1259 994 sentire
1266 977 1312 1003 pro
1325 969 1440 996 omnibus
1451 969 1558 1002 vobis,eo
1567 971 1634 1006 quod
1646 972 1751 999 habeant

958 1019 1002 1039 vos
1012 1012 1039 1039 in
1051 1013 1126 1040 corde
1134 1018 1157 1040 et
1169 1014 1195 1041 in
1214 1015 1320 1042 vinculis
1334 1017 1404 1048 meis,
1417 1017 1444 1043 in
1457 1017 1601 1054 de[ensione
1611 1023 1634 1044 et
1657 1019 1751 1053 conﬁr-

958 1059 1067 1086 matione
1078 1061 1199 1096 euangelii
1208 1061 1395 1098 (Philipp.l.7)
1404 1064 1417 1091 l
1429 1064 1510 1092 Extra
1523 1065 1687 1093 inimicorum
1703 1074 1750 1094 ca-

958 1107 1030 1137 tena,
1047 1105 1116 1132 intra
1131 1107 1230 1134 amoris
1242 1107 1431 1143 discipulorum
1445 1117 1538 1138 catena
1550 1119 1557 1137 ι
1572 1111 1619 1139 sed
1633 1113 1750 1139 exterior

957 1151 1063 1185 quidem
1079 1159 1111 1179 ex
1126 1152 1197 1180 ferro
1210 1159 1371 1188 constructa,
1383 1155 1494 1183 interior
1503 1164 1536 1184 ex
1544 1157 1654 1185 caritate
1662 1157 1748 1190 facta;

957 1202 982 1225 et
994 1198 1064 1225 illam
1077 1198 1182 1234 quidem
1193 1207 1376 1234 saepenumero
1386 1201 1588 1237 deposuit,hanc
1598 1210 1661 1230 vero
1674 1211 1750 1230 num-

957 1252 1035 1279 quam
1046 1244 1176 1273 dissolvit.
1191 1245 1242 1273 Sed
1257 1247 1479 1282 quemadmodum
1488 1248 1611 1275 mulieres
1621 1253 1750 1283 quotquot

956 1290 1077 1318 dolorum
1091 1297 1180 1326 partus
1189 1293 1399 1327 experimentum
1413 1299 1589 1329 sumpsere,et
1602 1299 1699 1322 matres
1710 1294 1751 1322 fa-

956 1341 1006 1364 ctae
1016 1343 1086 1371 sunt,
1101 1337 1206 1371 horum,
1218 1346 1285 1373 quos
1292 1345 1461 1374 pepererunt,
1472 1340 1631 1376 ubicumque
1641 1341 1748 1375 fuerint,

956 1384 1067 1412 vinculis
1091 1392 1198 1420 semper
1218 1390 1280 1413 sunt
1303 1386 1488 1414 astrictamsic
1507 1391 1534 1414 et
1546 1387 1654 1421 Paulus,
1670 1392 1749 1423 atque

956 1431 1024 1459 adeo
1038 1432 1122 1460 multo
1134 1432 1228 1460 fortius
1237 1453 1244 1465 ,
1258 1432 1396 1468 discipulis
1410 1433 1466 1461 suis
1476 1433 1638 1468 adhaerebat,
1658 1438 1748 1461 tanto-

956 1484 1008 1512 que
1019 1477 1112 1512 magis,
1124 1482 1225 1513 quanto
1237 1478 1403 1506 naturalibus
1417 1478 1567 1513 spirituales
1584 1484 1675 1514 partus
1686 1484 1749 1506 sunt

957 1523 1140 1551 ferventiores.
1150 1523 1215 1551 Nam
1233 1531 1285 1551 non
1299 1523 1382 1552 semel
1397 1545 1405 1558 ,
1421 1524 1469 1552 sed
1482 1524 1589 1552 eosdem
1604 1524 1644 1552 bis
1657 1529 1749 1560 partu-

955 1569 1028 1603 rivit,
1042 1573 1070 1597 et
1079 1569 1211 1597 clamabat
1220 1569 1321 1602 dicens,
1336 1569 1426 1597 Filioli
1440 1570 1499 1603 mei,
1512 1578 1574 1606 quos
1585 1570 1675 1597 iterum
1686 1578 1748 1605 par-

956 1616 1022 1643 turio
1038 1615 1109 1652 (Gal.
1134 1615 1161 1643 4.
1177 1614 1233 1653 l9).
1249 1615 1277 1643 Id
1292 1623 1356 1644 vero
1368 1616 1465 1644 mulier
1479 1624 1623 1652 numquam
1639 1623 1746 1652 patere-

956 1666 1011 1694 tur,
1025 1669 1111 1697 neque
1124 1661 1248 1689 sull'errct
1259 1662 1369 1690 eosdem
1381 1662 1476 1690 iterum
1497 1662 1605 1690 dolores
1620 1672 1626 1690 :
1640 1663 1687 1690 sed
1707 1668 1748 1690 to-

956 1707 1058 1736 lerabat
1072 1708 1122 1735 hoc
1141 1707 1250 1741 Paulus,
1270 1708 1340 1743 quod
1358 1708 1383 1735 in
1403 1714 1497 1736 natura
1511 1716 1564 1736 non
1585 1713 1626 1736 est
1638 1709 1745 1737 videre:

956 1759 984 1782 ut
997 1762 1064 1790 quos
1079 1754 1161 1782 semel
1173 1759 1323 1789 pepererat,
1340 1754 1435 1782 iterum
1454 1756 1594 1790 reciperet,
1616 1761 1644 1783 et
1655 1761 1746 1783 acutos

954 1808 1035 1837 super
1049 1801 1101 1829 illis
1124 1801 1230 1829 dolores
1256 1803 1394 1836 perferret.
1422 1802 1566 1837 Propterea
1586 1807 1613 1830 et
1632 1802 1746 1830 confun-

955 1847 1020 1875 dere
1045 1854 1093 1875 eos
1116 1847 1226 1880 volens,
1253 1847 1321 1874 dixit
1345 1856 1352 1874 :
1381 1847 1450 1880 Quos
1481 1848 1572 1874 iterum
1609 1848 1746 1882 parturio:

955 1893 1031 1929 quasi
1055 1893 1176 1927 diceret,
1201 1893 1306 1922 Parcite
1334 1893 1400 1921 mihi
1418 1903 1424 1921 :
1441 1894 1528 1921 nullus
1557 1894 1627 1922 filius
1649 1902 1746 1922 secun—

954 1939 990 1966 do
1022 1943 1173 1967 maternum
1206 1945 1309 1967 uterum
1347 1945 1439 1975 partus
1473 1940 1609 1967 doloribus
1634 1940 1745 1974 affecit,

953 1985 1023 2021 quod
1049 1993 1093 2012 me
1116 1986 1169 2020 pati
1196 1985 1299 2021 cogitis.
1325 1985 1400 2013 Licet
1422 1985 1529 2013 dolores
1553 1985 1591 2012 illi
1613 1993 1666 2012 uno
1680 1990 1746 2013 tem-

953 2032 1025 2067 poris
1039 2038 1173 2060 momento
1193 2036 1333 2068 torqueant
1345 2053 1352 2065 ,
1367 2037 1446 2067 atque
1460 2032 1561 2059 infante
1573 2040 1605 2059 ex
1626 2031 1686 2059 alvo
1700 2032 1747 2059 dc-

955 2077 1062 2105 labente
1082 2082 1108 2106 et
1124 2078 1173 2113 ipsi
1186 2086 1292 2113 quoque
1306 2077 1463 2105 delabantur
1478 2087 1484 2105 :
1500 2077 1528 2105 hi
1542 2086 1606 2105 vero
1629 2085 1681 2104 non
1694 2078 1744 2111 sic,

954 2125 1002 2152 sed
1013 2130 1039 2152 et
1050 2125 1187 2153 mensibus
1198 2126 1306 2160 integris
1318 2129 1442 2152 maneant
1458 2134 1465 2152 :
1480 2132 1540 2151 nam
1554 2129 1581 2151 et
1592 2132 1690 2151 annum
1703 2129 1744 2150 to-

953 2175 1009 2198 tum
1022 2179 1205 2206 saepenumero
1224 2171 1362 2206 parturivit
1381 2170 1478 2198 Paulus
1488 2191 1495 2203 ,
1509 2175 1588 2205 atque
1601 2175 1746 2204 conceptos

953 2225 1007 2245 non
1017 2218 1121 2253 peperit
1133 2226 1139 2244 :
1152 2221 1179 2244 et
1193 2217 1248 2244 illic
1260 2217 1367 2252 quidem
1381 2216 1468 2244 carnis
1480 2221 1520 2244 est
1533 2216 1618 2248 labor,
1631 2215 1746 2243 hicvero

952 2264 1062 2292 dolores
1082 2271 1135 2291 non
1153 2267 1273 2291 ventrem
1295 2262 1457 2294 distendunt,
1475 2262 1523 2290 sed
1544 2261 1640 2289 anima:
1664 2261 1746 2288 robur

953 2311 1079 2338 lacerant.
1094 2311 1181 2346 Atque
1191 2314 1219 2337 ut
1226 2310 1314 2337 discas
1324 2317 1371 2337 eos
1379 2309 1552 2337 ferventiores
1560 2316 1619 2336 esse
1626 2308 1743 2342 dolores,

951 2364 1011 2391 qua:
1033 2363 1148 2391 unquam
1174 2360 1260 2382 mater
1277 2359 1351 2390 optat
1374 2359 1495 2382 natorum
1515 2355 1574 2382 loco
1596 2354 1744 2390 gehennam

951 2401 1104 2430 sustinere?
1124 2401 1171 2428 llic
1192 2409 1255 2428 vero
1270 2409 1322 2428 non
1338 2400 1417 2427 modo
1429 2400 1589 2435 gehennam,
1604 2400 1649 2427 sed
1670 2405 1745 2435 optat

950 2449 1031 2476 etiam
1051 2448 1193 2475 anathema
1205 2455 1265 2474 esse
1280 2455 1294 2474 a
1303 2446 1410 2474 Christo
1423 2447 1509 2481 (Rom.
1526 2445 1551 2473 9.
1564 2447 1591 2481 5)
1600 2466 1608 2479 ,
1622 2453 1675 2480 quo
1683 2453 1746 2481 pos-

950 2499 993 2522 set
1004 2494 1110 2522 Judmos
1127 2500 1221 2528 parere
1234 2501 1300 2528 quos
1313 2500 1418 2528 semper
1430 2492 1556 2520 continue
1569 2491 1742 2526 parturiebat.

952 2544 979 2567 et
997 2539 1122 2575 quoniam
1131 2539 1157 2566 id
1169 2546 1222 2566 non
1237 2539 1389 2571 eveniebat,
1402 2538 1461 2566 ideo
1472 2537 1578 2565 dolebat
1587 2537 1742 2565 etdicebat:

951 2586 1064 2613 Tristitia
1086 2585 1148 2612 mihi
1162 2589 1198 2612 est
1216 2593 1318 2620 magna,
1333 2588 1355 2611 et
1369 2584 1501 2611 continuus
1523 2583 1596 2610 dolor
1608 2582 1679 2609 cordi
1688 2591 1743 2609 meo

951 2632 1040 2669 (Rom.
1065 2631 1093 2660 9.
1130 2631 1176 2665 2).
1200 2631 1287 2666 Atque
1304 2630 1347 2657 hic
1367 2637 1458 2657 rursus
1475 2638 1481 2656 :
1497 2628 1586 2656 Filioli
1597 2629 1655 2662 mei,
1680 2636 1743 2664 quos

950 2680 1041 2708 iterum
1056 2679 1179 2715 parturio,
1190 2678 1268 2705 donec
1281 2677 1395 2710 Clarium;
1408 2679 1530 2714 formetur
1542 2677 1569 2703 in
1582 2676 1649 2703 vobis
1669 2675 1739 2711 (Gal.

950 2728 977 2755 4.
995 2726 1195 2762 l9).Quidnam
1227 2725 1289 2753 alvo
1315 2725 1358 2752 illa
1387 2724 1490 2752 beatius
1510 2723 1567 2754 fuit.
1591 2729 1649 2758 qua:
1675 2721 1742 2748 tales

951 2774 1021 2801 ﬁlios
1032 2780 1125 2808 parere
1134 2772 1229 2806 potuit,
1241 2771 1285 2807 qui
1300 2770 1325 2797 in
1334 2777 1363 2797 se
1373 2769 1505 2797 Christum
1517 2767 1667 2796 haberent?
1677 2766 1741 2801 quid

950 2827 1014 2847 vero
1038 2818 1188 2846 ftecundius
1212 2825 1254 2851 ea,
1275 2825 1333 2852 qua:
1357 2816 1450 2844 Orbem
1469 2815 1609 2850 progenuit
1634 2812 1741 2840 totum?

949 2867 1013 2902 quid
1022 2873 1053 2895 ea
1067 2865 1171 2897 fortius,
1185 2873 1245 2901 quae
1253 2865 1339 2892 editos
1351 2868 1378 2891 et
1390 2863 1494 2891 adultos
1504 2861 1639 2889 abortivos
1650 2863 1740 2896 posset

949 2913 1038 2941 denuo
1051 2912 1191 2948 concipere
1214 2919 1245 2939 ac
1267 2910 1432 2939 reformare?
1446 2909 1473 2937 id
1487 2908 1558 2937 enim
1578 2908 1605 2935 in
1623 2907 1738 2935 naturali
