1978 3130
230 187 284 217 979

230 248 306 278 partu
331 248 428 278 praeter
451 243 582 272 humanas
600 250 641 272 est
656 246 737 273 vires.
753 247 840 280 Quare
864 249 943 283 igitur
967 258 1020 277 non

229 290 317 317 dixit:
335 289 422 317 Filioli
443 290 502 324 mei,
516 299 578 326 quos
603 292 692 318 iterum
708 300 863 326 progenero,
883 294 940 327 sed,
964 304 1024 330 par-

228 337 296 363 turio
309 337 321 364 .9
344 336 449 364 Etenim
460 337 521 364 alibi
535 345 664 371 generare
672 345 701 365 se
712 338 785 371 dicit,
801 339 834 366 In
848 339 947 368 Christo
958 342 1024 369 enim

229 381 292 408 Jesu
319 391 364 418 ego
387 391 431 410 vos
451 382 529 418 genui
540 383 577 419 (1.
593 384 650 411 Cor.
666 385 691 412 4.
706 385 762 420 15).
781 385 836 413 Illic
849 394 912 421 ergo
926 394 1024 422 cogna~

232 429 330 456 tionem
346 431 529 457 tantummodo
538 431 680 458 ostendere
691 432 783 465 voluit,
800 433 842 460 hic
856 441 919 461 vero
932 440 959 462 et
972 435 1023 462 do-

232 473 316 502 lorem
339 483 429 502 coram
451 481 567 504 statuere
599 482 710 504 conatus
725 482 776 505 est.
792 478 930 512 Quomodo
951 480 1023 508 enim

234 521 302 548 ﬁlios
318 526 403 555 vocat,
418 530 485 557 quos
499 522 616 550 nondum
629 524 723 550 enixus
736 524 794 551 est?
809 525 830 551 si
842 525 912 552 enim
927 531 1022 560 partu—

231 567 281 598 rit,
299 567 416 594 nondum
434 569 535 602 peperit
553 578 560 595 :
576 569 710 603 quomodo
724 577 788 604 ergo
801 570 870 598 filios
882 572 976 599 vocat?
990 572 1024 600 Ut

231 611 330 646 discas,
346 613 421 640 illum
435 621 486 641 non
502 615 634 649 prioribus
646 620 737 648 partus
748 615 883 642 doloribus
895 621 956 644 tunc
966 625 1024 645 cru-

232 657 342 690 ciatum,
358 658 428 693 quod
442 660 507 685 satis
520 659 572 686 illis
584 665 642 686 erat
655 660 687 686 ad
703 661 836 687 ruborem.
855 662 968 694 Etenim,
983 663 1024 690 in:

232 704 300 738 quit,
313 705 395 732 semel
406 705 490 732 factus
501 714 558 732 sum
572 710 654 740 pater,
678 706 848 741 debitumque
864 708 888 734 iu
905 715 952 735 vos
963 716 1023 743 par-

234 755 288 776 tum
299 750 418 783 toleravi,
434 759 480 778 vos
492 759 556 778 vero
567 752 612 778 lilii
626 752 708 779 semel
721 752 780 779 facti
795 753 859 780 estis
872 762 878 780 :
890 755 1023 788 quomodo

232 791 274 821 tne
287 795 319 821 ad
343 796 476 823 secundos
494 797 590 824 iterum
611 797 718 824 dolores
739 798 861 826 mittitis?
876 800 940 827 satis
951 801 1021 827 enim

232 839 278 874 qui
304 840 433 875 principio
455 841 594 874 habentur,
619 847 679 868 sunt
696 847 786 877 partus
812 844 938 877 dolores;
959 845 1021 879 quid

233 892 277 911 me
303 885 421 912 secundo
447 886 584 913 doloribus
597 887 822 914 cruciatisiNam
842 889 959 916 ﬁdelium
985 891 1023 917 la-

234 937 307 964 psus,
326 938 377 957 non
392 931 521 958 minorem
539 932 598 966 ipsi,
615 940 693 967 quam
716 934 760 968 qui
774 934 888 961 nondum
902 935 1022 963 credide-

234 981 310 1008 rant,
322 977 439 1004 laborem
453 978 610 1005 inferebant.
621 978 788 1008 Intolerabile
806 981 876 1008 enim
891 986 950 1009 erat
963 987 1023 1017 post

233 1023 323 1050 talium
347 1025 532 1059 mysteriorum
557 1027 770 1054 communionem
792 1028 882 1055 videre
894 1029 1021 1063 quosdam

230 1067 263 1094 ad
279 1067 440 1102 impietatem
454 1075 548 1104 sponte
565 1070 707 1098 declinare.
721 1071 808 1105 Quare
819 1074 915 1100 acriter
927 1074 1022 1102 admo—

232 1113 295 1140 dum
318 1121 349 1141 ac
364 1114 436 1141 omni
459 1116 569 1143 muliere
583 1117 758 1145 miserabilius
783 1118 971 1152 ingemiscebat
983 1120 1022 1147 di-

233 1166 297 1186 cens
313 1168 319 1186 :
336 1158 422 1187 Filiuli
438 1161 495 1193 mei,
514 1169 576 1195 quos
586 1162 675 1188 iterum
688 1164 894 1197 parturio,donec
909 1164 1022 1195 Christus

232 1205 355 1238 formetur
368 1205 393 1230 in
416 1206 482 1232 nobis
502 1205 580 1242 (Gal.
593 1207 619 1234 4.
636 1207 698 1242 19
712 1208 738 1234 Id
757 1213 844 1235 autem
856 1209 958 1236 diccbat
971 1231 977 1242 ,
995 1216 1023 1237 ut

233 1248 284 1275 illis
296 1249 417 1276 fiduciam
430 1250 508 1277 simul
525 1257 552 1278 et
575 1251 694 1279 timorem
710 1253 854 1280 iudtneret.
873 1254 937 1281 Cum
953 1256 1022 1282 enim

232 1294 348 1321 ostendit
368 1303 420 1322 non
437 1296 578 1323 formatum
602 1297 627 1323 in
652 1298 717 1332 ipsis
731 1298 877 1331 Christum,
902 1300 1022 1327 timorem

233 1341 344 1368 incussit
363 1346 389 1368 et
412 1344 533 1376 agoniam
557 1352 564 1369 :
585 1351 643 1370 cum
657 1343 848 1371 demonstravit
869 1353 945 1379 posse
970 1345 1024 1373 for-

233 1386 309 1416 .nnri.
322 1386 416 1413 iterum
433 1387 552 1414 fiduciam
567 1388 668 1415 indidit.
683 1388 747 1416 Cum
760 1391 831 1417 enim
845 1390 950 1423 dicitur,
969 1391 1024 1418 Do-

235 1439 279 1458 nec
297 1434 430 1467 formetur,
456 1437 596 1468 utrumque
617 1435 764 1462 ostenditur
775 1456 782 1467 ,
796 1440 822 1462 et
838 1436 954 1463 nondum
968 1437 1023 1463 for-

235 1483 334 1504 matum
350 1486 419 1512 esse,
439 1484 465 1505 et
477 1479 584 1506 formari
609 1481 702 1507 iterum
718 1488 803 1515 posse.
828 1481 855 1508 Si
871 1483 941 1509 enim
967 1482 1024 1510 ﬁeri

235 1532 288 1551 non
301 1530 400 1558 posset,
415 1525 439 1551 in
455 1533 565 1552 vacuum
579 1526 611 1552 ad
623 1535 669 1553 eos
680 1527 802 1560 dixisset,
816 1527 901 1555 Donec
912 1528 1024 1556 Christus

234 1571 358 1606 formetur
370 1572 396 1597 in
410 1571 478 1599 vobis
490 1580 498 1598 :
510 1577 536 1599 et
548 1572 619 1607 ipsos
631 1581 678 1608 spe
692 1581 759 1600 vana
775 1574 908 1601 lactasset.

274 1618 301 1645 2.
323 1618 469 1653 Desperatio
484 1625 506 1646 et
519 1620 632 1654 segnilies
643 1620 796 1654 perniciosae.
818 1635 854 1640 ——
873 1620 935 1648 Huic
948 1620 1026 1656 igitur

237 1663 352 1691 scientes
364 1685 371 1694 ,
389 1672 474 1698 neque
485 1665 533 1699 ipsi
547 1673 561 1691 a
576 1672 623 1699 spe
637 1664 762 1692 cadamus
774 1686 781 1698 ,
797 1665 844 1692 sed
866 1673 951 1700 neque
968 1674 1026 1693 om-

237 1711 301 1738 nino
315 1710 486 1744 pigrilemur;
507 1716 616 1745 utraque
633 1711 704 1738 enim
722 1711 778 1738 lucc
799 1712 957 1746 perniciosa.
974 1712 1026 1739 De-

237 1757 352 1791 speratio
365 1757 471 1791 quidem
482 1756 613 1791 jacentem
625 1764 766 1791 exsurgere
780 1764 831 1783 non
844 1757 926 1790 sinit,
943 1756 1024 1792 pigri-

239 1803 275 1830 tia
289 1810 352 1830 vero
367 1809 393 1829 et
407 1807 519 1829 stantem
535 1802 630 1830 cadere
650 1802 712 1829 facit
727 1811 734 1829 :
757 1807 835 1837 atque
858 1802 901 1829 illa
921 1803 1027 1837 quidem

238 1848 292 1883 jam
307 1849 386 1882 partis
401 1848 504 1882 privare
518 1855 566 1874 nos
581 1847 649 1874 solet
664 1848 739 1874 bonis
751 1868 758 1879 ,
773 1847 830 1874 hazc
845 1847 921 1874 malis
935 1848 1028 1882 quibus

241 1901 367 1928 urgemur
382 1900 430 1919 nos
444 1893 549 1920 liberari
565 1900 618 1919 non
631 1893 711 1925 sinit,
733 1897 759 1920 et
772 1893 906 1927 neglectus
921 1891 1027 1927 quidem

242 1947 274 1966 ex
289 1939 352 1974 ipsis
365 1939 481 1966 detrudit
495 1939 567 1966 cmlis
580 1959 587 1972 ,
599 1938 750 1973 desperatio
761 1947 823 1966 vero
834 1940 860 1966 in
874 1940 956 1973 ipsam
973 1947 1030 1966 ma-

243 1985 307 2012 litia:
329 1985 434 2013 deducit
458 1985 581 2021 abyssum
595 2005 602 2018 ,
627 1985 694 2012 sicut
716 1985 737 2011 si
762 1993 814 2012 non
841 1985 1026 2019 desperemus,

244 2031 298 2058 cito
313 2031 383 2058 illinc
397 2031 558 2058 reducimur.
573 2031 718 2058 Considera
733 2039 796 2058 vero
808 2031 942 2066 utriusque
956 2031 1008 2058 vim
1023 2040 1029 2058 :

242 2077 364 2104 diabolus
377 2082 452 2104 antea
467 2077 552 2104 bonus
569 2082 645 2109 erat;
666 2078 792 2112 pigritans
811 2085 872 2105 vero
891 2082 917 2104 et
935 2077 1032 2112 despe-

241 2131 303 2150 rans
317 2123 413 2150 cecidit
424 2144 431 2155 ,
449 2128 572 2157 tantaque
585 2123 696 2150 obrutus
709 2124 807 2150 malitia
822 2128 862 2150 est
873 2145 879 2155 ,
897 2128 925 2150 ιιι
939 2124 966 2150 in
982 2131 1030 2158 po-

242 2173 342 2195 slerum
359 2176 410 2196 non
427 2173 557 2203 resurgat.
572 2168 648 2202 Quod
663 2169 732 2195 enim
757 2168 841 2196 bonus
861 2168 957 2201 fuerit,
971 2169 1032 2195 audi

243 2213 307 2248 quid
321 2213 424 2240 dicatur
439 2223 445 2240 :
466 2213 524 2240 Vidi
538 2219 651 2240 satanam
671 2213 745 2240 veluti
760 2214 846 2249 fulgur
860 2215 987 2241 cadentem
1002 2214 1032 2242 de

242 2259 304 2286 creto
330 2259 415 2294 (Luc.
437 2260 480 2286 I0.
504 2260 568 2295 18).
591 2260 711 2294 Fulguris
731 2261 800 2287 enim
821 2261 983 2293 similitudo,
1005 2266 1033 2288 et

242 2305 387 2332 claritatem
406 2305 522 2340 pristinae
536 2306 744 2333 conversationis
758 2305 892 2340 ostendit,
913 2311 940 2333 et
957 2313 1034 2333 casus

245 2349 423 2377 velocitatem.
441 2351 537 2377 Paulus
551 2351 719 2385 blasphemus
741 2355 817 2383 erat,
838 2355 866 2378 et
887 2359 1032 2386 persequu-

244 2400 305 2428 tor,
319 2399 346 2421 et
360 2395 567 2422 contumeliosus
587 2405 593 2422 :
614 2396 674 2430 quia
697 2403 760 2423 vero
779 2396 916 2423 desudavit
938 2400 965 2424 et
986 2404 1033 2431 spe

244 2447 297 2466 non
311 2439 409 2466 decidit
421 2461 428 2471 ,
442 2445 468 2467 et
482 2441 633 2467 exsurrexit
645 2462 651 2471 .
667 2448 714 2475 par
727 2441 826 2475 angelis
839 2440 947 2468 etl'ectus
963 2449 969 2467 :
984 2441 1032 2468 Ju-

242 2485 291 2512 das
305 2485 440 2520 apostolus
455 2490 510 2513 erat
525 2507 532 2519 ,
555 2486 601 2513 sed
616 2487 741 2520 pigritans
753 2486 838 2513 factus
850 2490 891 2513 est
904 2486 1031 2520 proditor.

245 2531 324 2558 Latro
341 2531 403 2558 item
418 2536 477 2565 post
491 2535 592 2558 tantum
607 2531 713 2558 malitia:
726 2553 732 2564 ,
749 2532 808 2566 quia
822 2531 855 2558 de
869 2539 916 2566 spe
929 2539 981 2558 non
997 2531 1035 2558 la-

244 2583 309 2610 psus
333 2580 394 2609 est,
417 2580 478 2602 ante
498 2576 563 2602 alios
584 2576 733 2610 paradisum
756 2575 924 2610 ingreditur:
940 2576 1033 2603 Phari-

245 2630 315 2650 smus
341 2622 479 2649 conﬁdens
497 2629 530 2649 ex
549 2622 606 2656 ipso
624 2621 726 2650 virtutis
748 2622 863 2649 calminc
883 2622 982 2649 decidit
1007 2622 1034 2648 in

245 2668 425 2703 profundum:
451 2668 605 2703 publicanus
634 2669 694 2702 quia
718 2675 771 2694 non
797 2667 964 2701 desperavit,
994 2667 1034 2694 sic

243 2720 348 2742 erectus
360 2719 400 2742 est
412 2735 418 2746 ,
434 2718 462 2741 ut
482 2714 555 2740 illum
575 2714 743 2748 prmveniret.
761 2713 807 2740 Vis
830 2717 858 2740 ut
878 2713 923 2740 tibi
944 2716 1035 2739 osten-

244 2762 305 2790 dam
319 2766 346 2788 et
360 2760 452 2787 urbem
468 2764 548 2786 lotam
571 2759 622 2786 hoc
643 2759 757 2785 fecisse?
779 2758 951 2785 Ninivitarum
973 2757 1036 2784 urbs

245 2807 284 2834 sic
297 2806 383 2833 omnis
395 2811 498 2832 servata
513 2808 554 2831 est
569 2814 575 2831 :
593 2803 652 2830 illos
667 2808 738 2831 certe
758 2803 810 2829 lata
829 2803 883 2837 jam
905 2803 1035 2830 sententia

245 2859 259 2878 ι
272 2860 318 2885 spe
329 2851 477 2886 depulerat.
493 2850 548 2876 Non
563 2849 633 2876 enim
644 2848 726 2880 dixit,
741 2849 767 2875 Si
782 2847 960 2882 paenitentiam
976 2855 1037 2881 ege-

247 2902 299 2924 rmt
312 2917 319 2929 ,
336 2897 511 2925 servabuntur
525 2904 530 2922 :
545 2894 590 2923 sed
606 2894 690 2922 solum
704 2915 710 2928 ,
733 2893 794 2921 Tres
816 2894 898 2920 adhuc
920 2895 972 2920 dies
983 2913 990 2925 ,
1010 2898 1034 2920 et

591 187 620 217 8.
639 188 778 218 JOANNIS
797 191 1033 222 CHRYSOSTOMI
1052 195 1211 225 ARCHIEP.
1232 198 1499 230 CONSTANTINOP.

1810 208 1867 235 230

1079 252 1172 281 Ninive
1185 255 1338 282 subvertetur
1351 256 1361 291 (
1372 256 1433 284 Jon.
1448 258 1475 285 5.
1491 259 1508 286 4
1557 259 1611 288 Sed
1626 265 1712 289 tamen
1728 269 1868 292 minitante

1078 299 1133 326 Deo
1145 321 1151 332 ,
1162 305 1188 328 et
1201 302 1327 336 propheta
1339 303 1471 331 clamante
1484 324 1491 337 ,
1506 307 1635 333 sententia
1645 307 1798 336 dilationem
1813 318 1867 336 non

1077 345 1192 373 habente
1213 355 1299 382 neque
1312 347 1506 377 distinctionem
1521 351 1540 384 ί,
1563 359 1616 379 non
1637 353 1789 381 ceciderunt
1810 356 1870 382 ani-

1077 392 1129 420 mis
1141 412 1147 424 .
1164 401 1249 428 neque
1264 395 1346 422 bonas
1361 403 1421 431 spes
1435 397 1616 432 perdiderunt.
1639 398 1780 434 Propterea
1796 401 1869 427 enim

1077 436 1275 466 distinctionem
1292 447 1343 466 non
1358 441 1479 476 apposuit
1494 462 1502 475 ,
1522 450 1607 477 neque
1629 443 1712 476 dixit,
1729 444 1869 472 Paeniten-

1077 483 1139 510 tiam
1155 484 1177 510 si
1191 485 1312 519 egerint,
1329 486 1505 514 servabuntur
1519 496 1526 514 :
1542 495 1594 522 quo
1606 493 1633 516 et
1649 488 1698 523 ipsi
1717 489 1796 516 latam
1819 490 1868 518 Dei

1077 532 1237 558 sententiam
1253 532 1309 559 sine
1320 532 1488 560 distinctione
1498 534 1636 562 audientes
1647 555 1654 567 ,
1670 543 1754 570 neque
1767 537 1805 563 sic
1818 544 1868 571 spe

1076 575 1201 603 cadamus
1213 597 1220 608 ,
1237 577 1283 604 sed
1306 577 1339 604 ad
1359 578 1421 605 illud
1438 579 1587 614 exemplum
1606 580 1774 614 respicientes
1785 602 1793 613 ,
1811 589 1867 608 non

1076 620 1257 655 desperemus.
1275 622 1366 658 Neque
1382 623 1407 650 in
1420 631 1452 651 eo
1471 624 1555 651 solum
1577 625 1667 652 videre
1684 630 1725 652 est
1744 625 1791 653 Dei
1811 627 1869 654 cle-

1076 668 1203 694 mentiam
1216 688 1223 700 ,
1235 669 1306 703 quod
1318 670 1456 697 sententias
1471 670 1540 697 nulla
1551 670 1667 697 adhibita
1677 671 1849 699 distinctione
1858 693 1866 704 ,

1076 717 1163 740 tamen
1187 715 1375 748 paenitentibus
1395 716 1580 743 reconciliatus
1600 716 1652 749 sit;
1668 716 1714 744 sed
1728 718 1769 744 vel
1784 725 1818 745 ex
1834 725 1869 744 eo

1076 759 1154 786 etiam
1167 759 1236 794 quod
1251 760 1371 787 absolute
1382 760 1431 787 lata
1442 761 1485 788 sit.
1500 761 1565 788 Nam
1576 769 1672 797 augere
1683 762 1773 790 volens
1784 763 1868 789 timo-

1076 813 1132 832 rem
1145 826 1152 838 ,
1170 806 1354 841 ingentemque
1369 807 1471 833 illorum
1486 807 1623 842 segnitiem
1638 812 1744 842 tangere
1756 827 1764 839 ,
1781 807 1807 835 id
1822 808 1867 835 ef-

1076 850 1157 885 fecit,
1174 851 1311 887 ipsumque
1328 853 1487 887 paenitentia:
1508 859 1610 888 tempus
1632 853 1789 881 ineﬁ‘abilem
1804 854 1870 888 ejus

1076 897 1191 924 ostendit
1205 897 1384 925 clementiam.
1399 898 1536 932 Quomodo
1556 900 1626 925 enim
1646 903 1699 926 tres
1720 899 1776 926 dies
1797 898 1867 926 etle-

1076 943 1194 975 cissent,
1221 947 1251 970 ut
1273 943 1406 970 deleretur
1429 943 1528 970 malitia
1558 943 1651 970 tanta?
1675 943 1768 970 Cernis
1792 944 1867 978 quod

1076 988 1155 1015 etiam
1169 988 1230 1016 inde
1250 989 1295 1015 Dei
1315 989 1477 1023 providentia
1490 989 1637 1024 appareat?
1651 989 1709 1024 plus
1722 989 1794 1017 enim
1808 989 1868 1016 hac

1077 1033 1110 1060 ad
1126 1033 1185 1067 ejus
1199 1034 1271 1061 urbis
1289 1034 1400 1061 salutem
1415 1034 1536 1061 contulit.

1111 1078 1258 1113 Desperauo
1269 1080 1344 1106 telum
1355 1080 1457 1106 diaboli.
1469 1095 1505 1100 —
1515 1080 1577 1107 Haec
1589 1080 1666 1115 igitur
1674 1081 1786 1108 scientes
1798 1100 1807 1112 ,
1820 1087 1870 1114 spe

1078 1132 1220 1159 numquam
1235 1125 1370 1152 cadamus.
1386 1125 1475 1161 Neque
1491 1126 1562 1153 enim
1575 1126 1657 1153 ullum
1669 1126 1735 1153 adeo
1750 1126 1870 1153 validum

1076 1175 1117 1198 est
1127 1170 1207 1197 telum
1217 1171 1333 1204 diabolo,
1343 1179 1375 1199 ac
1383 1171 1532 1206 desperatio
1543 1180 1550 1204 ;
1562 1172 1660 1199 idcirco
1669 1180 1754 1206 neque
1762 1177 1817 1199 tam
1828 1172 1871 1198 lte-

1077 1220 1131 1243 tum
1140 1224 1201 1244 eum
1211 1221 1349 1251 peccantes
1365 1217 1590 1251 reddimus,quam
1605 1217 1785 1253 desperantes.
1796 1217 1870 1245 Audi

1076 1263 1102 1289 in
1113 1263 1341 1298 fornicante,quod
1359 1263 1415 1298 plus
1424 1271 1503 1298 quam
1512 1268 1647 1298 peccatum
1661 1263 1758 1290 Paulus
1770 1263 1871 1297 despe-

1077 1310 1205 1336 rationem
1219 1310 1345 1336 timuerit.
1355 1309 1498 1337 Corinthiis
1506 1309 1576 1337 enim
1590 1309 1708 1336 scribens
1716 1309 1754 1335 sic
1764 1309 1852 1343 inquit
1863 1317 1869 1334 :

1080 1355 1189 1382 Omnino
1203 1356 1304 1382 auditur
1316 1356 1342 1382 in
1356 1355 1423 1382 vobis
1446 1356 1596 1390 fornicatio,
1616 1360 1639 1382 et
1666 1355 1723 1383 talis
1743 1363 1799 1390 qua
1826 1363 1872 1381 nec

1078 1402 1141 1428 inter
1153 1406 1237 1436 gentes
1250 1402 1411 1434 nominatur(
1424 1401 1433 1428 I
1446 1401 1503 1428 Cor.
1515 1402 1541 1429 5.
1553 1402 1566 1429 1
1579 1401 1599 1436 ).
1613 1401 1670 1428 Non
1683 1401 1767 1432 dixit,
1782 1400 1871 1434 Quam

1078 1455 1127 1475 nec
1156 1448 1182 1474 in
1207 1447 1329 1482 gentibus
1353 1447 1469 1479 audent,
1497 1447 1563 1479 sed,
1585 1446 1674 1482 Neque
1696 1446 1845 1473 nominatur
1859 1453 1869 1472 :

1077 1493 1148 1528 quod
1161 1494 1202 1520 vel
1216 1494 1322 1521 nomine
1340 1493 1427 1521 solum
1442 1494 1492 1521 illis
1505 1493 1670 1521 intolerabile
1687 1497 1727 1520 est
1740 1513 1748 1524 ,
1772 1492 1798 1519 id
1819 1492 1871 1526 ipsi

1078 1546 1159 1573 opere
1173 1540 1227 1566 ausi
1243 1540 1316 1567 estis.
1331 1539 1364 1566 Et
1378 1548 1420 1567 vos
1438 1540 1520 1574 inﬂati
1544 1539 1601 1566 estis
1622 1538 1710 1575 (Ibid.
1724 1547 1749 1565 υ.
1761 1538 1780 1564 2
1793 1538 1825 1573 )?
1840 1538 1873 1565 Et

1079 1593 1131 1612 non
1146 1585 1230 1617 dixit,
1247 1585 1293 1613 Ille
1307 1585 1411 1613 inﬂatus
1425 1590 1485 1613 est:
1509 1585 1555 1612 sed
1571 1593 1631 1613 eum
1643 1606 1651 1618 ,
1670 1585 1715 1620 qui
1737 1591 1871 1619 peccave—

1079 1636 1120 1658 rat
1132 1651 1139 1663 ,
1151 1631 1285 1658 dimittens
1296 1651 1302 1663 ,
1316 1639 1395 1658 sanos
1408 1631 1548 1666 alloquitur
1560 1640 1566 1658 :
1580 1630 1804 1666 quemadmodum
1815 1637 1872 1657 me-

1081 1677 1132 1704 dici
1160 1676 1278 1710 faciunt,
1297 1684 1382 1712 aegros
1407 1677 1590 1708 dimittentes,
1612 1675 1681 1710 apud
1707 1675 1873 1710 propinquos

1081 1723 1170 1758 plures
1185 1730 1322 1750 sermones
1337 1722 1443 1750 habent.
1459 1722 1582 1756 Alioquin
1602 1722 1628 1748 hi
1640 1721 1727 1748 omnis
1740 1727 1872 1754 arrogan-

1081 1769 1124 1796 tite
1146 1769 1185 1796 illi
1203 1774 1325 1796 auctores
1344 1773 1437 1800 erant,
1456 1767 1526 1802 quod
1545 1775 1605 1795 eum
1627 1775 1679 1794 non
1702 1767 1873 1800 corriperent

1082 1822 1131 1841 nec
1158 1819 1298 1841 terrerent.
1328 1813 1434 1840 Crimen
1456 1813 1534 1848 igitur
1554 1819 1694 1840 commune
1716 1811 1799 1843 fecit,
1819 1818 1872 1845 quo

1083 1859 1166 1887 facilis
1178 1860 1279 1886 curatio
1294 1859 1409 1886 vulneris
1422 1863 1503 1886 esset.
1516 1858 1600 1886 Grave
1610 1857 1715 1892 quidem
1731 1861 1872 1892 peccatum

1083 1911 1124 1933 est
1133 1927 1142 1939 ,
1158 1905 1204 1933 sed
1217 1906 1300 1932 multo
1315 1905 1419 1940 gravius
1431 1904 1513 1931 altum
1524 1911 1619 1938 sapere
1629 1904 1654 1930 in
1670 1907 1791 1937 peccato.
1805 1901 1872 1929 Nam

1083 1951 1106 1978 si
1121 1951 1154 1978 de
1169 1951 1270 1985 justitia
1295 1949 1379 1977 inﬂari
1392 1970 1399 1982 ,
1424 1949 1532 1984 justitize
1551 1949 1585 1976 sit
1604 1948 1742 1975 evacuatio
1758 1956 1764 1974 :
1788 1948 1874 1974 multo

1085 1996 1168 2031 magis
1189 1995 1215 2022 id
1236 1995 1261 2022 in
1283 1995 1396 2029 peccatis
1415 1994 1435 2020 si
1458 1993 1610 2028 contingat,
1630 1993 1774 2019 maximam
1797 1993 1874 2019 nobis

1082 2041 1211 2076 jacturam
1227 2040 1340 2073 inferet,
1355 2044 1433 2074 atque
1448 2039 1511 2073 ipsis
1528 2038 1642 2073 peccatis
1663 2038 1749 2072 majus
1769 2038 1873 2065 crimen

1085 2088 1173 2116 fuerit.
1187 2088 1329 2123 Propterea
1345 2087 1427 2121 inquit
1443 2095 1449 2113 :
1466 2086 1527 2113 Cum
1542 2085 1625 2112 omnia
1644 2092 1701 2118 qua:
1717 2084 1875 2119 precipiun-

1086 2139 1127 2161 tur
1149 2133 1215 2161 vobis
1228 2154 1235 2166 ,
1258 2133 1364 2168 feceritis
1377 2153 1384 2165 ,
1406 2132 1480 2158 dicite
1500 2131 1558 2165 quia
1581 2131 1643 2158 servi
1664 2131 1765 2156 inutiles
1788 2138 1875 2156 sumus

1087 2179 1227 2215 (Luc.l7.
1242 2179 1276 2207 10
1289 2178 1310 2214 ).
1337 2178 1363 2206 Si
1391 2179 1460 2205 enim
1475 2185 1540 2210 eos,
1566 2177 1609 2211 qui
1633 2176 1722 2203 omnia
1754 2175 1874 2207 faciunt,

1086 2225 1200 2260 dejicere
1228 2233 1257 2252 se
1279 2228 1382 2259 oportet
1405 2224 1513 2251 :multo
1538 2223 1620 2257 magis
1648 2227 1675 2250 et
1705 2226 1874 2257 peccatorem

1087 2271 1151 2299 ﬁere
1187 2271 1278 2302 decet,
1305 2275 1332 2298 et
1353 2269 1471 2296 inﬁmum
1504 2276 1562 2296 sese
1585 2269 1702 2295 omnium
1731 2267 1874 2295 existima-

1087 2326 1126 2346 re.
1160 2317 1188 2344 Id
1217 2317 1304 2351 itaque
1327 2315 1486 2348 ostendens,
1518 2319 1579 2341 tunc
1597 2314 1681 2346 dixit,
1709 2313 1742 2340 Et
1756 2322 1807 2340 non
1822 2321 1875 2340 ma-

1087 2364 1125 2399 gis
1147 2363 1248 2398 ﬂevistis
1279 2362 1288 2397 (
1309 2362 1334 2389 1.
1359 2361 1417 2388 Cor.
1442 2361 1468 2388 5.
1491 2360 1509 2387 2
1528 2360 1558 2395 )?
1586 2359 1655 2392 Quid
1686 2359 1776 2386 dicis?
1809 2359 1876 2386 alter

1089 2408 1215 2443 peccavit,
1245 2412 1271 2435 et
1294 2415 1343 2442 ego
1365 2406 1494 2441 plorabo?
1524 2404 1589 2437 Ita,'
1610 2404 1694 2439 inquit
1717 2412 1724 2430 :
1754 2404 1876 2439 corporis

1088 2455 1158 2482 enim
1200 2458 1227 2481 et
1255 2453 1434 2480 membrorum
1461 2451 1582 2486 exemplo
1621 2455 1712 2478 mutuo
1744 2449 1876 2484 compacti

1088 2507 1201 2531 Sumus;
1225 2498 1250 2525 in
1269 2505 1381 2533 corpore
1402 2502 1490 2524 autem
1511 2496 1614 2523 tametsi
1637 2503 1684 2530 pes
1698 2495 1797 2522 vulnus
1809 2496 1878 2521 acci-

1089 2547 1152 2582 piat,
1174 2545 1246 2572 humi
1261 2548 1339 2579 caput
1353 2543 1471 2571 inclinari
1485 2543 1614 2570 videmus.
1632 2542 1663 2569 Et
1675 2542 1738 2577 quid
1752 2550 1786 2569 eo
1798 2549 1878 2570 vene-

1089 2591 1218 2619 rabilius?
1238 2590 1290 2618 Sed
1304 2595 1390 2618 tamen
1404 2589 1556 2624 dignitatem
1572 2596 1644 2616 suam
1657 2596 1709 2615 non
1722 2588 1798 2615 novit
1808 2587 1877 2614 cala-

1090 2639 1187 2666 mitatis
1207 2642 1326 2673 tempore
1341 2645 1347 2662 :
1361 2637 1430 2663 idem
1440 2641 1467 2663 et
1486 2636 1541 2670 ipse
1557 2634 1606 2661 fac.
1630 2634 1718 2668 Quare
1733 2639 1760 2661 et
1780 2634 1874 2661 Paulus

1089 2685 1214 2712 admonet
1223 2705 1231 2718 ,
1252 2683 1367 2711 Gaudere
1379 2691 1435 2709 cum
1448 2681 1610 2717 gaudentibus
1621 2701 1628 2713 ,
1645 2681 1706 2715 ﬂere
1724 2689 1784 2707 cum
1795 2681 1874 2715 ﬂenti-

1124 2774 1131 2789 ¹
1150 2773 1171 2797 si
1180 2772 1286 2796 Sarravio
1297 2770 1408 2795 credatur
1419 2769 1448 2794 ad
1461 2768 1597 2793 Salmasium
1612 2767 1740 2796 scribenti,
1752 2766 1804 2791 loco
1816 2767 1874 2790 voci:

1089 2801 1179 2826 Gneca-
1188 2807 1290 2833 διορισμὸν,
1303 2808 1357 2832 quxe
1369 2797 1675 2833 distinctionemsigniﬁcat,
1689 2797 1825 2833 legendum
1839 2802 1875 2833 est

1091 2826 1296 2865 διωρισμὴνξίἶιίέεί,
1313 2826 1418 2865 Iutorum.
1432 2830 1485 2857 sed.
1503 2830 1525 2853 ni
1544 2826 1626 2865 fallorn
1636 2826 1790 2865 διηισμᾷἰδυιξ
1797 2827 1875 2865 distiu-

1091 2858 1398 2893 dibnbnt'oplimequadrat
1411 2869 1415 2885 :
1430 2865 1543 2885 cmlerum
1555 2860 1610 2883 huic
1621 2858 1718 2883 lectioni
1727 2858 1875 2883 favetseriei

1093 2870 1191 2889 rttoncm
1199 2871 1213 2886 ο
1223 2870 1288 2887 ηιηιιε
1299 2870 1398 2893 quadrat
1411 2870 1415 2885 :
1430 2870 1543 2885 υιιῐιυΙῚιιιι
1556 2870 1610 2883 ltuit:
1621 2870 1700 2883 lucum

1093 2896 1156 2926 ipsa;
1169 2899 1193 2919 et
1205 2870 1308 2925 «Ilioquin
1317 2897 1402 2924 quater
1410 2892 1529 2923 repetitur
1538 2897 1592 2921 vox,
1606 2894 1702 2921 διςρισνέ..
