1978 3130
155 201 204 231 2⁸39

157 260 208 295 γὰρ
223 258 267 285 ὲπὶ
280 257 334 284 τῶν
346 259 478 292 φυσικῶν
489 259 576 286 τόκων
592 258 732 286 ἀδύνατον.
749 259 798 286 Διά
815 261 840 285 τι
854 259 882 286 δὲ
897 259 946 285 οὐκ

158 301 231 340 [28η
241 299 299 327 εἷπε
310 310 316 315 ·
338 302 451 328 Τεκνία
459 310 531 336 μου,
545 301 598 334 οὓς
610 301 703 328 πάλιν
724 301 875 335 ἀναγεννῶ,
890 301 946 328 ἀλλ’

159 345 266 373 (Miro);
282 342 372 369 καίτοι
392 351 427 377 γε
453 342 569 378 ἀλλαχοῦ
593 343 690 378 γεννᾷν
707 352 790 378 φησιν
801 352 808 359 ·
830 344 878 370 Ἐν
894 343 948 379 γὰρ

161 383 272 419 Χριστῷ
293 383 394 418 Ἰησοῦ
411 384 491 419 ὑμᾶς
506 384 664 419 ἐγέννησα.
686 385 760 411 Ἐκεῖ
776 385 824 420 μὲν
841 383 887 411 οὖν
901 384 949 420 τὴν

162 427 316 462 συγγένειαν
335 425 458 461 δηλῶσαι
478 427 557 462 μόνον
571 426 695 452 ὲῦούλετο
707 434 713 440 ·
729 426 845 453 ἐνταῦθα
860 426 888 452 δὲ
902 427 950 453 καὶ

161 470 203 496 τὸν
216 470 296 495 πόνον
303 469 480 504 παραστῆσαι
497 468 655 500 ἐσπούδαζε.
666 468 728 500 Πῶς
739 468 767 494 δὲ
781 468 865 495 τέκνα
873 467 951 494 καλεῖ

161 513 194 538 τὰ
209 511 321 547 μηδέπω
334 510 465 545 τεχθέντα
478 519 485 543 ;
503 511 527 537 εἰ
541 510 594 545 γὰρ
611 510 710 542 ὠδίνει,
731 510 835 536 οὐδέπω
854 510 930 536 ἔτεκε
941 518 948 524 ·

162 551 272 585 πῶςοῦν
283 553 366 579 τέκνα
382 552 481 585 καλεῖ;
509 552 568 579 Ἵνα
589 552 688 587 μάθῃς,
715 553 756 579 ὅτι
777 552 829 586 (οὐ)
850 551 950 583 ταύτας

161 596 248 622 ὼδίνει
263 594 314 626 τὰς
329 593 444 629 πρώτας
467 594 576 626 ὠδῖνας,
592 594 660 629 ὅπερ
675 593 766 621 ἱκανὸν
779 591 813 629 ἦν
829 594 950 625 ἐκείνους

163 636 300 672 ἑντρέψαι.
320 637 377 663 Καὶ
403 636 458 671 γὰρ
475 636 617 671 ἐγενόμην,
649 636 741 671 φησὶν,
756 635 829 669 ἅπαξ
847 635 949 671 πατὴρ,

162 679 207 706 καὶ
222 678 269 705 τὸν
284 678 460 712 ὀφειλόμενον
473 678 514 712 ἐφ’
529 678 593 713 ὑμῖν
608 678 741 713 ὑπέμεινα
759 677 848 709 τόκον,
865 677 953 711 ἐγένε-

162 721 208 747 σθε
221 719 251 746 δὲ
269 719 352 746 τέκνα
368 719 414 745 καὶ
435 720 514 754 ὑμεῖς
527 719 599 752 ἅπαξ
612 727 618 734 ·
632 719 691 749 πῶς
705 717 751 746 οὖν
767 719 847 746 πάλιν
864 727 896 754 με
911 720 951 750 είς

161 761 292 796 δευτέρας
312 760 409 791 ὠδῖνας
426 760 594 796 έμὸάλλετε;
614 761 701 787 ἱκανοὶ
714 762 738 787 οἱ
755 761 830 787 πόνοι
840 760 894 786 τῶν
908 760 952 786 τό-

162 813 217 831 κων
233 803 289 829 τῶν
303 802 333 835 ἐξ
346 803 442 838 ἀρχῆς,
469 803 496 829 τί
509 811 542 838 με
560 802 705 829 διατείνετε
724 803 805 830 πάλιν
819 804 878 834 ταῖς
892 802 952 828 ὀδύ-

161 853 236 877 ναις;
258 844 319 871 Τῶν
333 844 388 879 γὰρ
402 843 514 879 μηδέπω
525 845 745 871 πεπιστευκότων
759 845 810 870 οὐκ
823 844 951 871 ἐλάττονα

161 887 242 913 πόνον
257 887 388 922 παρεῖχεν
410 885 484 920 αὐτῷ
494 885 548 912 τῶν
564 885 668 913 πιστῶν
682 886 717 912 τά
736 885 881 921 πτώματα.
896 885 951 912 Καὶ

162 929 215 964 γὰρ
230 926 266 964 ἦν
282 928 429 963 ἀφόρητον,
442 927 510 962 μετὰ
524 928 572 963 τὴν
584 928 639 954 τῶν
654 927 781 954 τοιούτων
795 927 951 962 μυστηρίων

162 970 308 997 κοινωνίαν
331 970 398 1005 πρὸς
426 969 475 1004 τὴν
493 969 620 995 ἀσέϐειαν
639 969 854 1004 αὐτομολοῦντας
869 969 949 1004 ὸρᾷν·

161 1012 202 1038 διὸ
215 1011 264 1037 καὶ
282 1011 386 1046 σφόδρα
404 1011 486 1046 δριμὺ
498 1011 544 1037 καὶ¹
564 1010 653 1045 πάσης
665 1011 791 1045 γυναικὸς
803 1010 952 1045 περιπαθέ-

164 1061 259 1088 στερον
273 1052 436 1084 άνωνόλυζε,
454 1052 555 1086 λέγων·
574 1052 678 1078 Τεκνία
700 1060 769 1086 μου,
786 1052 840 1084 οὓς
859 1051 953 1078 πάλιν

161 1095 268 1127 ὠδίνω,
283 1094 370 1129 ἄχρις
385 1092 421 1121 οὗ
431 1093 573 1128 μορφωθῇ
587 1093 712 1128 Χριστὸς
722 1094 756 1120 ὲν
766 1093 848 1128 ὑμῖν.
868 1093 953 1119 Τοῦτο

159 1138 189 1164 δὲ
203 1137 310 1171 ἔλεγεν,
329 1135 397 1171 ὁμοῦ
413 1136 461 1162 καὶ
475 1135 606 1171 θαρρῦναι
624 1136 671 1162 καὶ
688 1136 804 1170 φοϐῆσαι
823 1135 950 1171 βουλόμε-

160 1187 221 1210 νος·
239 1179 270 1204 τὺ
287 1178 336 1213 μὲν
360 1178 415 1212 γὰρ
434 1177 517 1210 δεῖξαι
526 1177 569 1212 ¹μὴ
585 1178 797 1213 μεμορφωμένον
816 1178 845 1204 ὲν
862 1178 952 1209 αὐτοῖς

160 1221 206 1247 τὸν
218 1219 348 1255 Χριστὸν,
365 1219 485 1252 ἀγωνίαν
499 1219 545 1245 καὶ
559 1218 640 1253 φόϐον
655 1219 779 1245 ἐνέϐαλλε
793 1227 799 1233 ·
819 1219 849 1245 τὸ
863 1219 891 1245 δὲ
905 1220 953 1253 ὲμ-

162 1263 247 1298 φῆναι
260 1263 303 1288 ὅτι
317 1261 428 1288 δυνατὸν
445 1261 526 1287 αὑτὸν
547 1260 732 1296 μορφωθῆναι,
746 1260 827 1287 πάλιν
843 1261 952 1296 θαρρεῖν

162 1303 364 1340 παρεσκεύαζε.
379 1303 415 1328 Τὸ
435 1302 488 1337 γὰρ
502 1303 598 1335 εἰπεῖν,
615 1303 718 1336 "Ax-01¢;
742 1299 777 1329 οὗ
798 1302 951 1336 μορφωθῇ,

161 1346 308 1381 ἀμφότερα
323 1344 411 1371 ταῦτά
424 1345 497 1371 ἐστιν
510 1344 725 1380 ἐνδεικνυμένου,
739 1344 785 1370 καὶ
795 1345 836 1370 ὅτι
849 1344 952 1370 οὐδέπω

163 1388 355 1423 μεμόρφωται,
371 1387 418 1412 καὶ
432 1386 473 1412 ὅτι
486 1386 596 1412 δυνατὸν
620 1386 796 1422 μορφωθῆναι
817 1386 906 1412 πάλιν.
921 1387 952 1413 Εἰ

162 1430 216 1464 γάρ
226 1429 264 1464 μὴ
281 1428 394 1454 δυνατὸν
404 1425 447 1463 ἦν,
462 1427 522 1462 εἰκῆ
538 1428 606 1463 πρὸς
620 1428 718 1459 αὐτοὺς
733 1427 834 1461 ἔλεγεν,
854 1428 952 1461 Ἄχρις

162 1469 199 1498 οὗ
211 1470 358 1505 μορφωθῇ
370 1470 496 1504 Χριστὸς
503 1470 537 1496 ἐν
550 1469 632 1504 ὑμῖν,
649 1470 695 1496 καὶ
713 1469 841 1505 ματαίαις
855 1469 952 1501 αὐτοὺς

161 1512 276 1548 ἔτρεφεν
290 1511 391 1538 ἐλπίσι.

199 1617 232 1653 β’.
247 1617 342 1644 Ταῦτα
357 1615 402 1644 οὖν
417 1615 517 1647 εἰδότες
533 1615 599 1651 μηδὲ
612 1615 692 1650 ἡμεῖς
704 1614 952 1649 ἀπογινώσκωμεν,

163 1659 231 1685 ἀλλά
242 1659 311 1694 μηδὲ
327 1658 530 1694 ῥᾳθυμήσωμεν
547 1656 654 1688 ἁπλῶς·
670 1657 786 1690 ἑκάτερα
802 1655 856 1690 γάρ
868 1655 955 1681 ταῦτα

165 1700 287 1735 ὀλέθρια.
296 1700 329 1726 Ἠ
342 1700 391 1734 μὲν
398 1699 453 1734 γὰρ
460 1699 613 1733 ἀπόγνωσις
625 1699 670 1724 τὸν
683 1697 808 1732 κείμενον
814 1697 863 1723 οὐκ
871 1697 954 1731 ἀφίη-

165 1750 207 1768 σιν
233 1741 395 1776 ἀναστῆναι,
427 1742 444 1776 ἡ
469 1740 497 1766 δὲ
522 1739 642 1776 ῥᾳθυμία
664 1740 710 1766 τὸν
728 1739 834 1765 ἑστῶτα
853 1745 867 1758 ι
885 1738 956 1764 ποιεῖ

166 1784 350 1811 καταπίπτειν
362 1793 369 1799 ·
386 1784 478 1819 ἐκείνη
492 1783 547 1810 τῶν
559 1782 741 1817 πορισθέντων
761 1780 871 1815 ἀγαθῶν
890 1780 957 1806 ἀπο-

167 1827 273 1861 στερεῖν
285 1825 392 1859 εἴωθεν,
406 1825 476 1861 αὕτη
492 1825 547 1852 τῶν
570 1823 750 1859 ἐπικειμένων
774 1823 824 1849 οὐκ
844 1822 956 1856 ἀφίησιν

166 1868 357 1904 ἀπαλλαγῆναι
369 1868 477 1895 κακῶν·
492 1868 538 1894 καὶ
554 1868 570 1902 ή
589 1867 636 1902 μὲν
654 1866 854 1901 καταφρόνησις
869 1865 915 1890 καὶ
927 1863 956 1897 ἐξ

167 1911 257 1937 αὐτῶν
283 1911 434 1946 καταφέρει
457 1909 512 1937 τῶν
526 1909 657 1945 οὐρανῶν,
671 1909 687 1944 ή
706 1908 734 1934 δὲ
750 1907 903 1941 ἀπόγνωσις
916 1906 956 1937 είς

167 1952 251 1988 αὐτὴν
280 1945 398 1986 κατάγει
411 1952 460 1987 τῆς
473 1951 572 1982 κακίας
584 1951 632 1985 τὴν
658 1950 786 1982 ἀὸυσσον,
803 1948 896 1984 ὥσπερ
909 1945 956 1974 οὖν

167 1994 197 2020 τὸ
215 1994 253 2029 μὴ
268 1993 424 2028 ἀπογνῶναι
441 1993 568 2020 κάκεῖθεν
585 1991 858 2027 ταχέωςὰναδραμεῖν
874 1991 954 2016 ποιεῖ.

167 2036 266 2063 Σκόπει
279 2036 307 2062 δὲ
322 2035 484 2070 ἀμφοτέρων
510 2034 560 2069 τὴν
574 2033 648 2068 ἰσχύν
661 2041 668 2048 ·
684 2034 698 2059 ὁ
715 2032 837 2063 διάϐολος
856 2031 956 2065 ἀγαθὸς

166 2076 200 2112 ἦν
217 2078 270 2113 πρὸ
286 2076 383 2103 τούτου
395 2084 402 2091 ·
420 2076 581 2112 ρᾳθυμήσας
603 2075 631 2101 δὲ
647 2074 694 2101 καὶ
711 2074 845 2107 ἀπογνοὺς
861 2073 956 2099 ἔπεσεν

167 2120 207 2151 εἰς
231 2119 366 2154 τοσαύτην
390 2119 500 2150 κακίαν,
527 2118 564 2149 ὡς
591 2115 658 2152 μηδὲ
674 2116 821 2150 ἀναστῆναι
840 2115 933 2141 λοιπόν
947 2122 955 2130 ·

167 2162 208 2188 ὅτι
227 2161 282 2196 γὰρ
305 2160 407 2193 ἀγαθὸς
431 2158 476 2195 ἦν,
501 2159 617 2186 ἄκουσον
640 2157 666 2184 τί
689 2165 787 2192 φησιν·
801 2154 891 2183 Εἶδον
904 2155 957 2182 τὸν

168 2202 308 2231 Σατανᾶν
318 2203 358 2235 ὡς
372 2200 532 2235 ἀστραπὴν
549 2200 583 2226 ἐκ
603 2199 655 2226 τοῦ
671 2198 800 2232 οὐρανοῦ
812 2199 955 2224 πεσόντα.

173 2246 205 2271 'H
221 2245 250 2271 δὲ
263 2244 407 2279 ἀστραπῆς
421 2242 563 2278 παραϐολὴ
572 2242 619 2268 καὶ
630 2240 660 2267 τὸ
675 2240 788 2276 φαιδρὸν
796 2240 845 2275 τῆς
859 2239 958 2274 προτέ-

169 2295 219 2322 ρας
232 2287 368 2313 δείκνυσιν
375 2284 559 2320 ἀναστροφῆς,
568 2283 614 2310 καὶ
628 2283 677 2317 τὴν
693 2282 743 2317 τῆς
757 2281 886 2312 πτώσεως
897 2280 958 2313 ὀξύ-

166 2337 247 2364 τητα.
269 2329 298 2355 ὀ
316 2327 420 2358 Παῦλος
443 2327 600 2361 βλάσφημος
619 2322 664 2360 ἦν,
689 2325 737 2351 καὶ¹
763 2323 890 2358 διώκτης,
911 2323 958 2349 καὶ

167 2371 316 2407 ὑϐριστής·
332 2370 424 2405 ἐπειδὴ
437 2369 465 2395 δὲ
483 2367 631 2395 ἐσπούδασε
646 2367 693 2393 καὶ
711 2366 760 2393 οὐκ
771 2366 892 2399 ἀπέγνω,
911 2365 957 2392 καὶ

166 2413 267 2447 ἀνέστη
282 2412 330 2438 καὶ
342 2411 396 2438 τῶν
420 2410 543 2444 ἀγγέλων
562 2409 672 2444 γέγονεν
693 2408 763 2440 ἴσος·
779 2408 793 2433 ὁ
809 2407 838 2433 δὲ
859 2407 958 2439 Ἰούδας

166 2455 317 2486 ἀπόστολος
326 2452 372 2489 ἦν,
383 2453 451 2480 άλλά
468 2452 628 2487 ῥᾳθυμήσας
654 2451 749 2484 γέγονε
765 2449 907 2485 προδότης.
929 2450 957 2476 '0

166 2496 268 2532 λῃστὴς
285 2495 366 2521 πάλιν
384 2494 452 2529 μετά
464 2493 595 2528 τοσαύτην
610 2493 718 2524 κακίαν,
730 2491 822 2526 ἐπειδὴ
854 2491 891 2526 μὴ
907 2492 959 2517 άπ-

166 2538 249 2572 έγνω,
268 2536 323 2571 πρὸ
337 2535 392 2562 τῶν
405 2535 491 2563 ἄλλων
514 2535 639 2561 ἁπάντων
658 2534 698 2564 εἰς
722 2533 767 2558 τὸν
793 2532 958 2567 παράδεισον

167 2579 292 2615 είο-ἦλθεν
303 2587 309 2592 ·
328 2579 343 2604 ὀ
355 2578 501 2612 Φαρισαῖος
525 2576 663 2612 θαρρήσας
686 2575 716 2607 ἐξ
735 2575 817 2601 αὐτοῦ
832 2575 881 2609 τῆς
893 2575 958 2609 ἀρε-

167 2622 217 2656 τῆς
230 2619 389 2655 κατηνέχθη
405 2618 452 2645 τοῦ
480 2618 562 2653 ὕψους
574 2627 580 2633 -
593 2619 607 2643 ὁ
627 2616 745 2651 τελώνης
760 2616 796 2651 μὴ
811 2616 956 2649 ἀπογνοὺς,

167 2660 253 2694 οὕτως
267 2661 387 2697 ὼρθώθη
403 2660 440 2692 ὡς
453 2661 575 2687 κάκεῖνον
592 2659 793 2694 παραδραμεῖν.
809 2657 902 2684 Βούλει
916 2666 957 2684 σοι

167 2704 245 2736 δείξω
258 2704 307 2730 καὶ
324 2703 403 2729 πόλιν
420 2701 564 2737 ὁλόκληρον
576 2701 654 2727 τοῦτο
670 2701 839 2736 ποιήσασαν;
861 2700 893 2725 'H
903 2699 958 2725 τῶν

167 2747 193 2772 Ν
196 2745 317 2773 ινευῐτῶν
332 2743 409 2775 πόλις
419 2742 505 2774 οὕτως
515 2742 604 2778 ἐσώθη
617 2743 706 2769 πᾶσα·
720 2742 807 2768 καίτοι
817 2750 848 2776 γε
861 2742 877 2776 ἡ
890 2741 958 2768 ἀπό-

169 2795 250 2821 φασις
263 2787 304 2817 είς
318 2786 473 2818 ἀπόγνωσιν
487 2785 584 2816 αὐτοὺς
598 2784 724 2811 ἐνέϐαλεν
738 2791 744 2798 ·
765 2784 796 2810 οὐ
816 2783 870 2819 γάρ
882 2781 957 2818 [282]

171 2827 303 2861 εἷπενότι,
319 2828 385 2855 Ἐὰν
397 2828 592 2862 μετανοήσωσι,
603 2825 780 2862 σωθήσονται,
790 2825 845 2852 ἀλλ’
856 2825 957 2858 ἁπλῶς,

203 2929 216 2944 ⁸
228 2928 304 2953 Savil.
315 2928 356 2952 καὶ
371 2928 411 2951 τὸν
423 2926 601 2958 ἐστῶτα,ὶιριιρ.
616 2926 683 2951 Enn.

744 201 788 230 DE
807 201 1043 231 ΡοΕΝιΤΕΝτιΑ.
1066 201 1183 230 HOMIL.
1200 202 1219 229 ἰ.

1733 196 1788 225 280

1001 260 1064 285 Ἔτι
1079 259 1157 293 τρεῖς
1167 259 1283 294 ἡμέραι,
1301 258 1350 285 καὶ
1371 257 1475 284 Νινευῒ
1488 254 1785 290 καταστραφήσεται·

998 300 1054 326 ἀλλ’
1068 301 1142 335 ὅμως
1157 300 1331 331 ἀπειλοῦντος
1355 299 1403 325 τοῦ
1418 298 1496 332 Θεοῦ,
1514 300 1561 326 καὶ
1579 300 1628 326 τοῦ
1646 300 1787 336 προφήτου

999 341 1123 376 βοῶντος,
1140 342 1247 377 καὶτῆς
1264 341 1428 376 ἀποφάσεως
1447 341 1497 367 οὐκ
1518 342 1634 377 ἐχούσης
1657 342 1787 377 μέλλησιν

999 383 1058 410 οὐδὲ
1090 384 1239 419 διορισμὸν,
1262 384 1312 409 οὐκ
1338 383 1480 413 ἀνέπεσον,
1508 383 1568 409 οὐδὲ
1591 385 1640 415 τὰς
1666 384 1787 419 χρηστὰς

999 425 1154 460 προέὂωκαν
1168 426 1286 457 ἐλπίδας.
1305 425 1354 452 Διά
1370 424 1423 459 γὰρ
1439 424 1517 450 τοῦτο
1535 425 1564 450 οὑ
1582 425 1735 460 προσέθηκε
1748 425 1787 452 δι-

999 466 1122 501 ορισμὸν,
1132 466 1191 492 οὐδὲ
1202 464 1286 497 εἶπεν,
1297 465 1358 491 Ἐὰν
1368 465 1395 491 δὲ
1406 466 1599 500 μετανοήσωσι,
1612 466 1787 501 σωθήσονται,

1000 508 1043 534 ἵνα
1059 508 1104 533 καὶ
1123 508 1213 543 ἡμεῖς,
1227 508 1291 534 ὅταν
1308 507 1470 542 ἀκούσωμεν
1483 508 1646 542 ἀποφάσεως
1659 508 1704 534 τοῦ
1721 509 1788 535 Θεοῦ

1000 550 1152 585 φερομένης
1167 551 1250 585 χωρὶς
1261 549 1414 586 διορισμοῦ,
1432 550 1498 585 μηδὲ
1513 550 1600 582 οὕτως
1613 551 1788 586 ἀπογνῶμεν,

1002 590 1069 625 μηδὲ
1084 591 1326 627 ἀπαγορεύσωμεν,
1349 592 1389 626 εἰς
1411 591 1497 617 έκεῖνο
1515 591 1546 617 τὸ
1559 591 1710 626 ὑπόδειγμα
1729 591 1789 626 βλέ-

1000 641 1104 663 ποντες.
1125 634 1160 658 Οὐ
1178 632 1221 659 διὰ
1248 632 1342 659 τούτου
1359 633 1387 658 δὲ
1406 633 1485 667 μόνον
1512 632 1569 658 ἔστι
1587 633 1635 667 τὴν
1655 630 1702 659 τοῦ
1722 632 1790 658 Θεοῦ

1001 674 1205 709 φιλανθρωπίαν
1224 674 1297 706 ἰδεῖν,
1314 675 1355 700 ὅτι
1376 673 1413 709 μὴ
1437 673 1565 709 προσθεὶς
1591 673 1729 709 διορισμὸν
1757 675 1789 709 τῇ

1000 715 1146 750 ἀποφάσει,
1162 716 1237 750 ὅμως
1255 713 1438 750 μετανοήσασι
1462 715 1632 750 κατηλλάγη,
1661 715 1729 741 ἀλλά
1743 715 1791 741 καὶ

1001 757 1030 789 ἐξ
1043 757 1124 783 αὐτοῦ
1141 756 1188 783 τοῦ
1198 757 1248 792 τὴν
1262 757 1399 791 ἀπόφασιν
1409 757 1617 793 ἀπηρτισμένην
1628 757 1789 792 ἐξενεγκεῖν.

1000 800 1120 834 Λὺξῆσαι
1136 800 1190 834 γὰρ
1209 799 1255 825 τὸν
1273 798 1353 833 φόϐον
1380 798 1540 834 βουλόμενος
1558 800 1607 825 καὶ
1625 801 1674 834 τῆς
1690 799 1791 834 πολλῆς

1001 841 1090 867 αὐτῶν
1117 841 1252 878 ῥᾳθυμίας
1282 839 1476 875 καθάψασθαι,
1499 840 1578 867 τοῦτο
1601 842 1723 876 εποίησε,
1745 844 1792 867 καί

1001 882 1083 914 αὐτὸς
1097 882 1125 908 δὲ
1137 884 1150 908 ὁ
1163 882 1255 918 χρόνος
1271 882 1320 916 τῆς
1339 882 1482 916 μετανοίας
1492 882 1627 908 δείκνυσιν
1644 882 1726 908 αὑτοῦ
1743 883 1791 917 τὴν

1001 924 1102 958 ἄφατον
1119 924 1334 958 φιλανθρωπίαν.
1351 923 1382 949 Τί
1397 923 1450 959 γὰρ
1462 924 1563 959 ἡμέραι
1576 926 1649 959 τρεῖς
1665 923 1791 950 τοσοῦτον

1001 967 1172 1000 εἰργάσαντο,
1198 966 1235 998 ὡς
1261 966 1392 1000 ἀφανίσαι
1415 965 1516 992 κακίαν
1530 966 1686 1001 τοσαύτην;
1710 966 1792 1001 Ὁρᾷς

1003 1007 1060 1038 πῶς
1075 1007 1122 1033 καὶ
1139 1007 1264 1034 ἐντεῦθεν
1278 1008 1294 1042 ή
1309 1007 1355 1034 τοῦ
1370 1007 1436 1033 Θεοῦ
1449 1007 1573 1041 φαίνεται
1587 1007 1736 1042 κηδεμονία
1746 1016 1752 1040 ;
1762 1007 1792 1034 τὸ

1001 1048 1055 1084 γὰρ
1072 1049 1151 1075 πλέον
1178 1048 1246 1085 αὕτη
1266 1051 1475 1084 συνεισήνεγκεν
1491 1050 1533 1081 είς
1549 1049 1600 1085 τὴν
1621 1050 1671 1085 τῆς
1687 1050 1792 1081 πόλεως

1004 1091 1138 1125 σωτηρίαν
1143 1110 1149 1117 .

1037 1196 1129 1222 Ταῦτα
1157 1193 1204 1223 οὗν
1234 1197 1348 1229 εἰδότες,
1378 1197 1511 1232 μηδέποτε
1537 1196 1793 1232 ἀπογινώσκωμεν·

1002 1236 1077 1263 οὐδὲν
1095 1238 1147 1273 γὰρ
1162 1238 1247 1270 οὕτως
1264 1239 1372 1273 ἰσχυρὸν
1387 1239 1467 1265 ὅπλον
1479 1238 1518 1274 τῷ
1530 1238 1655 1274 διαϐόλῳ,
1670 1239 1708 1270 ὠς
1724 1239 1791 1265 ἀπό-

1002 1286 1116 1312 γνωσις·
1147 1280 1192 1306 διά
1215 1280 1293 1306 τοῦτο
1319 1281 1367 1315 οὐχ
1396 1280 1482 1311 οὕτως
1509 1280 1589 1306 αὐτὸν
1612 1280 1793 1315 εὐφραίνομεν

1002 1321 1215 1355 ἁμαρτάνοντες,
1244 1322 1282 1353 ὡς
1309 1322 1553 1356 ἀπογινώσκοντες.
1575 1322 1706 1348 ’Ἄκουσον
1727 1322 1794 1356 γοῦν

1002 1362 1050 1387 ἐπὶ
1064 1362 1110 1388 τοῦ
1126 1363 1351 1398 πεπορνευκότος,
1365 1364 1422 1395 πῶς
1437 1364 1486 1398 τῆς
1494 1363 1631 1399 ἁμαρτίας
1641 1363 1738 1398 μᾶλλον
1745 1363 1794 1398 τὴν

1002 1403 1158 1438 ἀπόγνωσιν
1180 1405 1297 1431 δέδοικεν
1321 1405 1336 1430 ὁ
1354 1405 1460 1437 Παῦλος
1471 1412 1477 1419 ’
1495 1405 1608 1440 γράφων
1619 1405 1673 1440 γὰρ
1694 1405 1794 1440 Κοριν-

1004 1444 1071 1474 θίοις
1085 1445 1171 1476 οὕτως
1182 1445 1273 1479 ἔλεγεν
1285 1454 1292 1461 ·
1305 1446 1399 1479 ’Όλως
1430 1447 1568 1473 ἀκούεται
1581 1446 1616 1472 ἐν
1635 1446 1706 1481 ὑμῖν
1722 1453 1794 1480 πορ-

1002 1487 1078 1520 νεία,
1092 1486 1140 1512 καὶ
1153 1487 1273 1520 τοιαύτη
1288 1488 1420 1520 πορνεία,
1436 1487 1502 1520 ἥτις
1514 1486 1584 1513 οὐδὲ
1594 1487 1628 1513 ἐνν
1638 1487 1699 1520 τοῖς
1715 1487 1795 1514 ἔθνε-

1003 1535 1055 1553 σιν
1074 1527 1259 1562 ὀνομάζεται·
1279 1529 1326 1554 καὶ
1346 1529 1396 1555 οὐκ
1421 1526 1508 1560 εἶπεν,
1522 1528 1601 1560 "Hm;
1617 1528 1677 1554 οὐδὲ
1700 1528 1794 1560 ἐντοῖς

1004 1568 1091 1594 ἔθνεσι
1103 1569 1245 1604 τολμᾶται,
1265 1569 1334 1602 ἀλλ’,
1350 1570 1417 1596 Οὐδὲ
1431 1569 1593 1604 ὀνομάζεται
1604 1579 1610 1585 '
1621 1571 1635 1596 ὃ
1645 1570 1698 1606 γὰρ
1713 1571 1794 1606 μέχρι

1004 1611 1189 1646 προσηγορίας
1214 1612 1328 1642 ἐκείνοις
1355 1612 1502 1647 ἀφόρητον,
1530 1612 1610 1639 τοῦτο
1636 1613 1699 1648 ὑμῖν
1720 1613 1793 1648 ἔργῳ

1003 1653 1177 1688 τετόλμηται.
1188 1652 1245 1679 Καὶ
1255 1653 1339 1687 ὑμεῖς
1349 1653 1571 1687 πεφυσιωμένοι
1580 1654 1667 1686 ἑστέ;
1680 1655 1735 1680 Καὶ
1743 1655 1793 1681 οὐκ

1005 1691 1076 1726 εἷπε,
1097 1695 1152 1720 Καὶ
1168 1695 1272 1726 ἐκεῖνος
1289 1694 1538 1728 πεφυσίωται,άλλ¹
1555 1696 1634 1729 ἀφεὶς
1644 1696 1689 1722 τὸν
1703 1697 1794 1731 ἡμαρ-

1004 1737 1115 1771 τηκότα,
1128 1737 1183 1767 τοῖς
1191 1737 1341 1770 ὑγιαίνουσι
1353 1736 1520 1770 διαλέγεται·
1538 1737 1663 1772 καθάπερ
1671 1739 1694 1764 oi
1707 1739 1794 1773 ἰατροὶ

1006 1777 1137 1810 ποιοῦσιν,
1149 1778 1264 1812 ἀφέντες
1291 1778 1354 1809 τοὺς
1369 1778 1532 1812 κάμνοντας,
1550 1778 1619 1814 πρὸς
1639 1779 1702 1810 τοὺς
1714 1788 1794 1815 προσ-

1006 1819 1121 1853 ήκοντας
1144 1820 1235 1851 αὐτοῖς
1256 1819 1358 1846 πλείονι
1379 1819 1528 1855 κέχρηνται
1547 1820 1636 1856 λόγῳ·
1657 1821 1744 1853 ἄλλως
1766 1821 1794 1848 δὲ

1006 1861 1053 1888 καὶ
1065 1858 1136 1887 οὗτοι
1150 1861 1200 1896 τῆς
1215 1861 1343 1892 ἀπονοίας
1366 1861 1447 1888 αἴτιοι
1469 1863 1558 1897 πάσης
1570 1860 1640 1897 ἦσαν
1654 1863 1738 1898 αὐτῷ,
1757 1863 1793 1899 μὴ

1006 1903 1182 1937 ἐπιτιμῶντες
1199 1903 1265 1938 μηδὲ
1278 1902 1497 1938 ἐπιπλήττοντες.
1519 1903 1661 1930 Έκοίνωσε
1675 1904 1689 1923 δ
1705 1905 1794 1931 τοίνυν

1005 1945 1035 1971 τὸ
1054 1944 1189 1979 ἔγκλημα,
1207 1945 1251 1971 ἵνα
1265 1944 1343 1979 ῥᾳδία
1358 1945 1470 1980 γένηται
1485 1945 1531 1972 τοῦ
1545 1945 1702 1980 τραύματος
1717 1948 1733 1981 ἡ
1751 1947 1794 1972 θε-

1008 1987 1116 2023 ραπεία.
1145 1986 1233 2013 Δεινὺν
1262 1987 1310 2022 μὲν
1334 1986 1389 2022 γὰρ
1405 1987 1435 2013 τὸ
1461 1987 1636 2022 ἁμαρτάνειν,
1667 1987 1756 2023 πολλῷ
1765 1988 1794 2014 δὲ

1006 2028 1196 2064 χαλεπώτερον
1214 2029 1247 2054 τὸ
1261 2028 1308 2054 καὶ
1323 2028 1395 2064 μέγα
1414 2030 1523 2064 φρονεῖν
1538 2029 1586 2055 ἐπὶ
1599 2030 1655 2060 τοῖς
1666 2030 1794 2065 ἁμαρτή-

1009 2079 1098 2104 μασιν.
1112 2071 1143 2096 Et
1158 2070 1211 2106 γὰρ
1238 2071 1285 2097 ἐπὶ
1311 2070 1469 2107 δικαιοσύνῃ
1483 2071 1513 2097 τὸ
1529 2071 1667 2105 φυσᾶσθαι
1680 2071 1794 2103 κένωσις

1007 2112 1177 2147 δικαιοσύνης
1189 2113 1257 2145 ἐστὶ,
1273 2112 1361 2147 πολλῷ
1376 2113 1476 2148 μᾶλλον
1489 2113 1535 2139 ἐπὶ
1545 2114 1601 2144 τοῖς
1613 2113 1794 2148 ἁμαρτήμασι

1007 2155 1085 2180 τοῦτο
1097 2154 1243 2189 συμόαἶνον
1260 2155 1377 2189 ἐσχάτην
1391 2155 1458 2181 οἴσει
1475 2154 1576 2190 βλάϐην
1587 2155 1663 2189 ήμῖν,
1683 2154 1729 2180 καὶ
1741 2154 1794 2182 τῶν

1008 2195 1214 2231 ἁμαρτημάτων
1231 2195 1320 2222 αὐτῶν
1342 2196 1434 2230 μεῖζον
1449 2196 1481 2222 τὸ
1495 2196 1621 2231 ἔγκλημα
1642 2196 1726 2223 ἔσται.
1745 2196 1794 2223 Διά

1007 2237 1086 2263 τοῦτό
1106 2245 1199 2272 φησιν·
1219 2237 1313 2263 Ὅταν
1327 2237 1426 2263 πάντα
1448 2237 1604 2271 ποιήσητε,
1623 2237 1725 2272 λέγετε
1748 2238 1794 2265 ὅτι

1013 2279 1142 2314 Ἀχρεῖοι
1158 2278 1263 2306 δοῦλοι
1278 2279 1382 2313 ἐσμεν.
1407 2279 1438 2305 Ei
1457 2279 1484 2305 δὲ
1501 2281 1524 2305 οἰ
1547 2279 1636 2306 πάντα
1653 2279 1794 2312 ποιοῦντες

1007 2321 1142 2355 ὀφείλουσι
1156 2320 1343 2353 συνεστάλθαι,
1358 2320 1448 2355 πολλῷ
1458 2321 1557 2356 μᾶλλον
1565 2321 1794 2357 τὺνήμαρτηκότα

1008 2363 1055 2389 κα)⁸
1069 2363 1176 2398 θρηνεῖν
1205 2362 1250 2389 καὶ
1275 2363 1303 2389 ἐν
1321 2363 1376 2394 τοῖς
1401 2363 1523 2397 ἐσχάτοις
1549 2364 1644 2389 ἑαυτὸν
1667 2364 1794 2399 ἀριθμεῖν

1007 2405 1091 2438 ἀξιον.
1105 2406 1192 2440 Ὅπερ
1211 2403 1258 2432 οὖν
1289 2405 1337 2431 καὶ
1356 2405 1416 2431 τότε
1433 2405 1519 2441 δηλῶν
1542 2405 1635 2440 ἔλεγε’
1649 2406 1702 2432 Καὶ
1725 2408 1792 2441 οὐχὶ

1005 2447 1125 2481 μᾶλλον
1135 2447 1320 2481 ἐπενθήσατε
1328 2455 1338 2479 ;
1352 2447 1384 2473 Τί
1395 2447 1497 2481 λέγεις;
1513 2447 1605 2483 ἕτερος
1618 2448 1735 2484 ἥμαρτε,
1747 2448 1793 2475 καὶ

1008 2488 1062 2522 ἐγὼ
1075 2490 1218 2523 πενθήσω;
1242 2489 1306 2521 Ναὶ,
1325 2488 1390 2524 φησί
1405 2498 1411 2504 ·
1431 2488 1556 2524 σώματος
1570 2489 1624 2525 γὰρ
1646 2491 1692 2517 καὶ
1706 2490 1794 2525 μελῶν

1007 2530 1084 2565 δίκην
1107 2531 1232 2566 ἀλλήλοις
1255 2531 1336 2565 ἐσμὲν
1357 2531 1556 2565 συνδεδεμένοι’
1577 2531 1623 2558 ἐπὶ
1637 2531 1666 2558 δὲ
1678 2531 1725 2558 τοῦ
1741 2531 1794 2558 σώ-

1010 2581 1093 2608 ματος
1106 2573 1157 2599 κᾶν
1169 2574 1183 2599 ὁ
1196 2573 1262 2605 ποῦς
1281 2573 1389 2608 δέξηται
1400 2573 1520 2608 τραῦμα,
1533 2573 1582 2609 τὴν
1598 2573 1718 2609 κεφαλὴν
1732 2574 1793 2600 ἐπι-

1007 2614 1163 2640 κύπτουσαν
1187 2615 1303 2650 ὁρῶμεν.
1330 2615 1424 2641 Καίτοι
1441 2615 1466 2640 τί
1485 2614 1587 2652 ταύτης
1612 2616 1792 2651 σεμνότερον;

1014 2656 1083 2682 Ἀλλ’
1102 2657 1151 2692 οὐχ
1164 2658 1213 2693 ὁρᾷ
1230 2656 1278 2692 τὴν
1292 2657 1368 2690 ἀξίαν
1376 2658 1404 2683 ἐν
1415 2657 1455 2692 τῷ
1470 2657 1558 2693 καιρῷ
1568 2657 1617 2692 τῆς
1636 2658 1791 2692 συμφορᾶς·

1009 2697 1083 2734 [285]
1100 2698 1170 2725 οὕτω
1187 2699 1235 2726 καὶ
1262 2699 1294 2725 σὺ
1325 2698 1446 2733 ποίησον.
1465 2699 1515 2726 Διά
1527 2699 1606 2726 τοῦτο
1622 2700 1669 2726 καὶ
1689 2699 1794 2730 Παῦλος

1009 2744 1136 2778 παραινεῖ
1177 2743 1294 2777 Χαίρειν
1315 2743 1389 2776 μετὰ
1406 2743 1584 2776 χαιρόντων,
1606 2744 1655 2770 καὶ
1678 2743 1795 2770 κλαίειν

1005 2784 1080 2818 μετὰ
1090 2784 1264 2811 κλαιόντων.
1277 2785 1326 2810 Διὰ
1334 2784 1413 2810 τοῦτο
1422 2785 1467 2811 καὶ
1475 2784 1629 2820 Κορινθίοις
1643 2785 1709 2820 φησί
1720 2792 1726 2799 ·
1739 2783 1794 2811 Καὶ

1008 2825 1075 2860 οὐχὶ
1087 2824 1207 2860 μᾶλλον
1227 2826 1422 2859 ἐπενθήσατε,
1444 2826 1495 2853 ἵνα
1518 2824 1628 2860 ἐξαρθῇ
1643 2825 1677 2852 ἐκ
1695 2825 1794 2860 μέσον

1041 2925 1054 2946 δ
1069 2925 1117 2950 Alii
1127 2926 1247 2956 ἐκοίνωσε.
1257 2925 1298 2950 alii
1309 2926 1456 2954 ἐκοινώνησε.
