1978 3130
216 185 268 213 2M

563 182 591 210 S.
609 181 751 210 JOANNIS
769 181 1014 210 CHRYSOSTOMI
1033 180 1193 209 ARCHIEP.
1213 181 1486 212 CONSTANTINOP.

1792 188 1848 216 283

215 238 301 275 υμῶν
318 238 380 275 diu}
393 238 482 273 ἕργυν
505 238 593 265 τοῦτο
622 240 770 273 ποιήσας;
792 240 849 267 Οὐκ
865 237 934 268 εἷπε,
951 238 1006 265 Καὶ
1055 239 1320 274 πλεονεκτηθῶμεν
1342 240 1402 268 ὑπὸ
1419 240 1472 268 τοῦ
1501 239 1619 268 Σατανᾶ
1631 249 1637 256 ·
1652 241 1793 275 πλεονεξία
1813 243 1845 269 δέ

214 273 276 316 οὑχὶ
295 273 394 316 μᾶλλον
413 279 608 312 ἐσπουδάσατε,
628 280 696 307 ἀλλά
715 281 757 313 τίς
779 281 853 315 οὐχ).
880 279 1003 314 μᾶλλον

213 321 409 355 ἐπενθήσατε,
424 321 463 352 ὡς
478 321 555 347 νόσου
570 321 663 357 κοινῆς
680 322 728 348 καὶ
749 321 842 358 λοιμοῦ
859 321 908 357 τὴν
925 321 1002 348 πόλιν

213 362 426 394 καταλαϐόντος·
442 362 583 398 μονονουχὶ
598 362 696 397 λέγων·
710 363 800 398 Εύχῆς
816 363 862 390 καὶ
877 362 1002 398 ἐξομολο-

212 405 318 439 γήσεως
347 403 388 430 δεῖ
418 404 465 430 καὶ
479 404 629 440 ἱκετηρίας,
654 404 697 431 ἴνα
712 405 743 430 τὸ
757 404 863 439 νόσημα
877 404 999 440 ἀπελαθῇ

211 446 262 481 τῆς
278 446 382 477 πόλεως
396 445 514 480 ἀπάσης.
535 446 616 481 Ὁρᾷς
629 446 710 472 πόσον
727 446 820 478 αὑτοῖς
838 446 922 481 φόϐον
953 446 1000 471 ἐπ-

210 489 379 524 εκρέμασενς
403 487 512 522 Ἐπειδὴ
520 487 574 522 γάρ
588 487 713 523 ἐνόμιζον
727 488 823 523 μέχρις
835 487 939 514 ἐκείνου
952 487 1000 522 μό-

209 538 254 556 νον
267 529 377 556 ἑστάναι
389 529 420 556 τδ
440 528 536 558 δεινὸν.
549 529 713 563 ἐναγωνίους
736 529 835 560 αὐτοὺς
854 529 998 564 καθίστησι

209 570 296 605 λέγων
307 580 313 586 ·
332 571 393 597 οὐκ
419 570 520 597 οἴδατε
542 570 586 597 ὅτι
600 570 692 605 μικρὰ
708 569 780 605 ζύμη
805 570 880 597 ὅλον
894 570 927 597 τὸ
943 570 999 605 ερύ-

204 619 284 647 ραμα
313 611 417 646 ζυμηῖς
437 612 469 638 Ὃ
484 612 512 638 δὲ
539 611 612 646 λέγει
635 612 754 638 τοιοῦτόν
772 613 845 638 ἐστιν
856 621 863 627 ·
887 612 954 647 ’0δῴ
968 611 999 638 τὸ

208 654 292 680 κακὸν
310 653 429 689 βαδίζον,
457 654 503 680 καὶ
528 654 582 680 τῶν
604 654 704 681 λοιπῶν
722 654 818 689 ἅψεται
838 654 941 690 μελῶν·
960 654 997 686 ὡς

207 695 277 731 ὑπὲρ
291 695 389 722 κοινῶν
399 695 488 721 τοίνυν
498 695 591 722 κακῶν
602 695 819 731 βουλευομένους,
831 695 902 722 οὕτω
917 704 997 730 φρον-

205 736 290 769 τίζειν
322 738 385 772 χρή.
412 737 457 772 Μὴ
483 737 537 772 γάρ
564 746 608 772 μοι
633 738 713 764 τοῦτο
725 738 817 773 εἴπῃς,
833 738 875 764 ὅτι
894 739 996 770 ἐκεῖνος

208 779 313 814 ήμαρτε
345 779 434 815 μόνος,
461 779 518 805 ἀλλ’
532 781 618 806 ἐκεῖνο
644 780 749 812 σκόπει,
762 780 803 806 ὅτι
822 780 944 815 σηπεδὼν
954 780 996 812 τίς

205 823 262 848 ἐστι
272 820 302 847 τὸ
312 820 407 853 δεινὸν,
423 821 470 847 καὶ
483 821 514 847 τὸ
524 820 616 847 λοιπὸν
631 820 703 848 ἆπαν
727 822 884 856 ἐπινέμεται
905 821 994 856 σῶμα.

205 861 260 888 Καὶ
274 861 401 897 καθάπερ
415 862 504 893 οἰκίας
524 862 681 898 καιομένης,
696 863 744 889 καὶ
758 863 782 889 οἱ
798 862 909 898 μηδέπω
920 862 995 894 δεξά-

206 912 281 938 μενοι
294 903 324 930 τδ
341 903 435 936 κακὸν,
451 903 504 930 τῶν
519 903 602 930 ὅντων
621 904 650 931 ὲν
665 906 697 940 τῇ
714 905 840 939 συμφορᾷ
852 905 900 930 οὐκ
915 904 993 930 έλατ-

201 951 247 971 τδν
261 944 416 979 ἐπείγονται
438 945 485 972 καὶ
501 946 590 972 πάντα
615 945 850 980 συνεισφέρουσιν,
869 945 939 972 ὥστε
956 945 993 981 μὴ

201 987 232 1010 τὸ
248 985 302 1020 πῦρ
317 987 493 1022 ἐπειγόμενον
506 986 552 1013 καὶ
563 987 609 1013 ἐπὶ
617 986 667 1018 τὰς
682 987 771 1013 αύτῶν
788 986 872 1023 θύρας
888 987 952 1023 έλθῃ
962 994 974 1007 ιι
983 996 990 1003 ·

202 1028 273 1056 οὕτω
286 1028 332 1054 καὶ
354 1027 465 1059 τούτους
486 1029 500 1054 ό
520 1027 624 1059 Παῦλος
645 1027 774 1063 διεγείρει
794 1028 896 1062 λέγων·
915 1029 993 1064 Πυρά

201 1068 244 1099 τίς
256 1070 324 1101 ἐστι,
353 1069 605 1105 προκαταλάϐωμεν
621 1070 652 1096 τὸ
665 1063 751 1097 δεινόν
761 1078 768 1086 ·
789 1070 929 1106 σϐέσωμεν
946 1071 991 1097 τὸν

203 1109 376 1146 ἐμπρησμὸν,
401 1110 497 1146 πρὶνῆ
516 1110 677 1137 καταλαϐεῖν
699 1111 747 1146 τὴν
770 1111 949 1147 Ἐκκλησίαν·
967 1112 991 1138 εί

203 1155 231 1182 δὲ
240 1153 419 1187 καταφρονεῖς
433 1152 481 1187 τῆς
506 1153 643 1188 ἁμαρτίας
657 1153 695 1183 ὡς
721 1154 750 1179 ἐν
765 1153 896 1189 ἀλλοτρίῳ
911 1161 990 1187 γενο-

203 1193 285 1229 μένης
300 1193 416 1227 σώματι,
432 1193 548 1228 μάλιστα
571 1194 620 1228 μὲν
636 1193 682 1220 καὶ
698 1193 769 1220 οὕτω
783 1194 874 1226 κακῶς
884 1202 890 1209 ·
911 1195 990 1229 μέλος

201 1236 254 1270 γάρ
265 1237 323 1261 ἐστι
337 1235 384 1262 τοῦ
397 1236 497 1266 παντὸς
512 1235 636 1270 σώματος
647 1236 758 1267 ἐκεῖνος.

235 1281 268 1312 γ’.
285 1278 358 1313 Πλὴν
371 1278 428 1303 ἀλλ’
440 1278 528 1304 ἐκεῖνο
543 1278 647 1310 σκόπει,
660 1278 699 1304 ὅτι
716 1278 748 1304 ἃν
765 1278 926 1315 ρᾳθυμήσῃς
942 1279 989 1305 και)⁵

202 1319 325 1354 παρίδῃς,
340 1319 386 1345 καὶ
400 1319 429 1345 σὲ
448 1319 634 1354 καταλήψεταί
650 1327 725 1346 ποτε.
744 1320 825 1346 Ὥστε
843 1321 866 1346 εἰ
886 1320 933 1346 καὶ
951 1319 987 1354 μὴ

197 1361 212 1387 δ
224 1361 241 1387 ἀ
272 1361 318 1387 τὸν
340 1359 463 1395 ἀδελφὸν,
484 1360 528 1387 διά
552 1360 617 1395 γοῦν
641 1361 737 1387 σαυτὸν
761 1361 925 1396 διεγέρθητι,
941 1361 988 1386 καὶ

201 1401 356 1430 ἀνάπειλον
382 1402 429 1428 τὸν
455 1402 559 1437 λοιμὸν,
582 1402 630 1428 καὶ
647 1403 822 1438 προκάτασχε
837 1403 887 1438 τὴν
904 1411 988 1438 σηπε-

199 1445 272 1475 δόνα.
288 1444 335 1470 καὶ
345 1443 395 1479 τὴν
407 1443 493 1479 νομὴν
506 1444 644 1479 διάκοψον.
674 1444 767 1470 Ταῦτα
787 1444 875 1471 τοίνυν
892 1444 939 1471 καὶ
954 1444 988 1470 τά

198 1485 310 1514 πλείονα
322 1485 424 1512 τούτων
436 1485 530 1519 εἰπὼν,
546 1486 593 1512 καὶ
610 1486 740 1518 κελεύσας
753 1487 919 1522 παραδοῦναι
937 1486 987 1512 αὑ·

199 1528 244 1554 τὸν
261 1527 300 1563 τῷ
322 1528 440 1563 Σατανᾷ,
458 1528 539 1563 φησιν
569 1527 691 1564 ὕστερον,
706 1528 797 1564 ἐπειδὴ
824 1528 987 1564 μετεϐάλετο

199 1571 244 1596 καὶ
256 1569 366 1604 βελτίων
382 1569 504 1603 ἐγένετο·
517 1569 636 1597 Ἱκανὸν
645 1569 684 1602 τῷ
698 1571 820 1603 τοιούτῳ
830 1571 848 1604 ἡ
857 1570 986 1604 ἐπιτιμία

198 1611 272 1645 αὕτη
284 1611 302 1644 ἡ
320 1612 377 1638 ὑπὸ
392 1610 451 1637 τῶν
466 1611 627 1637 πλειόνων·
642 1610 794 1645 κυρώσατε
808 1609 864 1638 οὖν
876 1612 919 1643 είς
934 1612 985 1637 αὺ-

198 1652 250 1678 τὸν
265 1651 395 1687 ἀγάπην.
416 1652 525 1687 Ἐπειδὴ
544 1652 597 1688 γὰρ
619 1652 698 1679 αὑτὸν
716 1652 803 1678 κοινὸν
823 1652 919 1687 ἐχθρὸν
938 1652 984 1677 καὶ

198 1693 325 1728 πολέμιον
340 1693 504 1729 κατέστησεν
523 1694 608 1720 ἀπασι
633 1694 680 1719 καὶ
696 1695 745 1729 τῆς
763 1693 862 1728 ἀγέλης
875 1693 983 1725 ἐξέϐαλε

197 1734 296 1760 καὶτοῦ
304 1733 428 1769 σώματος
436 1734 583 1769 ἀπέκοψεν,
594 1734 645 1769 ὅρα
653 1734 722 1770 πόσῃ
730 1734 861 1769 κέχρηται
870 1735 982 1770 σπουδῇ,

196 1775 265 1802 ὥστε
293 1776 421 1811 κολλῆσαι
445 1777 493 1802 καὶ
520 1775 635 1812 συνάψαι
663 1776 743 1803 πάλιν
758 1776 849 1803 αὑτὸν.
869 1777 906 1803 Οὑ
929 1777 983 1813 γὰρ

196 1816 286 1844 εἶπεν·
299 1819 472 1855 Ἀγαπήσατε
481 1819 561 1846 αὑτὸν
567 1818 669 1850 ἁπλῶς.
680 1819 758 1849 ἀλλὰ.
770 1818 927 1852 κυρώσατε
939 1821 982 1852 εις

195 1858 290 1885 αὑτὸν
298 1858 427 1892 ἀγάπην,
442 1866 563 1885 τουτεστι
584 1861 705 1893 μεοαιαν,
724 1860 770 1886 καὶ
785 1860 910 1895 ἀκίνητον
922 1861 983 1887 ἐπι-

195 1898 319 1931 δείξασθε
342 1900 391 1934 τὴν
411 1899 511 1934 φιλίαν,
528 1900 633 1935 θερμήν
654 1909 715 1927 τινα
739 1902 786 1927 καὶ
807 1902 920 1934 ζέουσαν
936 1903 982 1929 καὶ

195 1941 406 1976 πεπυρωμένην,
428 1942 588 1976 ἀντίρροπον
610 1942 658 1976 τῆς
680 1942 814 1978 προτέρας
836 1943 981 1977 ἀπεχθείας

193 1982 361 2018 τὴνέΰνοιαν
377 1984 548 2018 είσαγὰγετε.
567 1984 598 2010 Τί
617 1984 746 2018 γέγονεν;
766 1985 826 2011 εἰπέ
845 1993 905 2020 μοι·
920 1986 981 2021 οὺχ).

193 2023 232 2058 τῷ
252 2025 358 2060 Σατανᾷ
381 2025 542 2060 παρέδωκας
559 2025 657 2057 αὑτόν;
675 2026 740 2058 Ναὶ,
756 2026 846 2061 φησὶν,
863 2027 920 2053 ἀλλ’
930 2028 979 2062 οὐχ

194 2066 238 2093 ἵνα
255 2067 323 2104 μένῃ
337 2068 365 2094 ἐν
377 2069 437 2098 ταῖς
460 2067 506 2094 τοῦ
529 2067 634 2094 Σατανᾶ
649 2069 752 2103 χερσὶν,
768 2068 825 2094 ἀλλ’
840 2069 882 2095 ἵνα
890 2069 979 2095 ἀπαλ-

192 2107 261 2143 λαγῇ
275 2108 379 2143 ταχέως
387 2108 468 2135 αὐτοῦ
476 2109 524 2143 τῆς
536 2108 701 2144 τυραννίδος.
717 2109 785 2135 Ἀλλ’
796 2110 864 2145 ὅπερ
875 2110 977 2144 ἔλεγον,

193 2150 289 2176 σκόπει
313 2149 371 2181 πῶς
401 2150 504 2176 δέδοικε
530 2149 579 2185 τὴν
605 2150 759 2184 ἀπόγνωσιν
773 2151 787 2176 ό
804 2151 919 2183 Παῦλος,
941 2152 978 2184 ὡς

192 2192 264 2226 μέγα
275 2191 356 2218 ὅπλον
371 2191 419 2217 τοῦ
435 2191 557 2218 διαϐόλου
567 2200 573 2206 ·
589 2191 674 2218 εἰπὼν
683 2192 747 2228 γὰρ,
763 2193 921 2226 Κυρώσατε
934 2195 978 2226 είς

189 2233 284 2260 αὐτὸν
292 2233 421 2268 ἀγάπην.
442 2234 489 2260 καὶ
505 2233 553 2269 τὴν
564 2234 818 2270 αἰτίανπροστίθησι
829 2243 836 2251 ι
853 2235 900 2269 Μή
915 2244 977 2269 πως

190 2274 228 2309 τῇ
241 2275 437 2309 περισσοτέρᾳ
459 2276 540 2309 λύπῃ
557 2275 710 2310 καταποθῇ
732 2277 749 2303 ὀ
771 2277 911 2310 τοιοῦτος.
933 2278 977 2304 Ἐν

190 2318 222 2352 τῇ
235 2316 354 2351 φάρυγγι
366 2316 414 2343 τοῦ
430 2317 521 2349 λύκου,
536 2317 628 2352 φησὶν,
643 2318 701 2343 ἐστὶ
710 2317 740 2344 τὸ
752 2318 900 2352 πρόϐατον
909 2319 976 2353 φθά-

190 2366 280 2392 σωμεν
292 2358 389 2388 τοίνυν,
399 2359 649 2394 προεξαρπάσωμεν
665 2359 678 2379 ὶι
687 2360 750 2395 πρὶν
763 2360 778 2395 ἢ
795 2361 914 2396 καταπίῃ
929 2361 975 2388 καὶ

188 2399 330 2434 διαφθείρῃ
351 2399 383 2426 τὸ
396 2400 475 2435 μέλος
493 2400 579 2435 ήμῶν.
604 2401 648 2427 Ἐν
671 2401 810 2436 κλυδωνίῳ
834 2402 881 2428 νῦν
900 2404 974 2429 ἐστιν

188 2442 205 2476 ή
218 2441 293 2473 ναῦς,
310 2442 362 2477 πρὸ
376 2441 422 2468 τοῦ
450 2443 574 2476 ναυαγίου
599 2442 727 2470 διασῶσαι
747 2444 832 2479 αὑτὴν
856 2445 972 2472 σπουδά-

189 2490 289 2517 σωμεν.
305 2483 438 2518 Καθάπερ
462 2483 516 2518 γὰρ
531 2484 664 2520 θαλάττης
686 2485 834 2521 αἰρομένης
856 2487 903 2513 καὶ
924 2495 972 2513 κυ-

190 2524 282 2559 μάτων
305 2524 382 2561 [284]
405 2525 536 2552 πάντοθεν
565 2527 783 2562 κορυφουμένων,
807 2528 971 2564 ὑποϐρύχιον

187 2567 291 2600 γίνεται
303 2567 333 2593 τὸ
347 2567 459 2601 σκάφος,
475 2566 598 2594 οὕτωκαὶ
613 2568 684 2604 ψυχὴ
699 2569 747 2605 τῆς
760 2569 877 2606 ἀθυμίας
887 2571 971 2607 αὐτὴν

187 2608 320 2636 πάντοθεν
344 2608 626 2644 περιστοιχιζομένης,
649 2611 828 2645 ἀποπνίγεται
854 2613 968 2648 ταχέως,

187 2650 234 2676 ἐὰν
250 2651 287 2685 μή
308 2659 367 2677 τινα
380 2651 428 2687 ἔχῃ
441 2651 489 2686 τὴν
499 2652 577 2686 χεῖρα
592 2651 731 2686 ὀρέγοντα,
744 2654 790 2680 καὶ
804 2655 820 2688 ὴ
837 2655 970 2690 σωτήριος

187 2691 233 2717 ἐπὶ
252 2693 307 2723 τοῖς
322 2692 502 2728 ἁμαρτήμασι
533 2692 604 2728 λύπη
632 2693 752 2728 ὀλέθριος
775 2695 827 2721 ὑπὸ
836 2696 886 2730 τῆς
901 2697 969 2731 ἀμε-

185 2733 264 2774 τρίας
277 2733 390 2767 γίνεται.
407 2735 463 2760 Καὶ
473 2734 522 2769 δρα
542 2734 599 2766 πῶς
619 2735 739 2769 ἀκριϐῶς
764 2734 854 2762 εἶπεν
867 2738 897 2763 ού
914 2738 967 2774 γὰρ

185 2772 254 2806 εἶπε,
271 2775 316 2811 Μή
340 2775 466 2812 ἀπολέσῃ]
483 2776 563 2803 αὑτὸν
577 2778 591 2803 ὁ
613 2776 744 2809 διάϐολος,
761 2778 827 2805 ἀλλά
848 2779 890 2812 τίς
917 2772 966 2808 ιιιῆ

215 2843 227 2857 ³
243 2841 287 2861 Mil
301 2843 360 2861 nm:

215 2843 227 2857 ο
273 2841 278 2847 ’
350 2844 360 2861 7

215 2872 228 2892 ὶι
299 2843 467 2904 ἕξιῗξῖῒ”ι·εοιε;
480 2873 573 2899 editum
593 2873 672 2900 fuerat
683 2877 881 2908 προαρπάσωμεν.
895 2879 960 2904 Enn.

1053 281 1112 306 ἐστι
1123 280 1152 306 τὸ
1169 281 1222 307 τῶν
1244 281 1392 317 ἀλλοτρίων
1409 281 1542 316 ἐφίεσθαι.
1557 282 1667 314 Δεικνὺς
1685 283 1774 310 τοίνυν
1799 285 1844 310 ὃτι

1051 321 1190 357 ἀλλότριος
1209 322 1291 350 αὐτοῦ
1312 324 1407 358 γέγονε
1425 323 1527 356 λοιπὸν,
1543 325 1590 351 καὶ
1603 324 1652 359 τῆς
1661 325 1707 351 τοῦ
1719 325 1841 361 Χριστοῦ

1052 362 1170 398 ποίμνης
1187 364 1285 390 οἰκεῖον
1296 365 1390 391 ἑαυτὸν
1401 364 1444 391 διὰ
1456 366 1506 400 τῆς
1518 365 1662 401 μτανοίας
1674 366 1840 401 κατέστησε,

1051 405 1117 439 φησί
1130 412 1137 420 ·
1149 404 1198 440 Μὴ
1213 406 1476 440 πλεονεκτηθῶμεν
1489 407 1548 433 ὐπὸ
1561 407 1614 434 τοῦ
1628 406 1754 434 Σατανᾶ.
1774 408 1840 434 Ἐὰν

1050 446 1103 481 γὰρ
1122 447 1246 483 κατάσχῃ
1260 447 1352 474 λοιπὸν
1365 448 1455 480 αὐτὸν,
1465 448 1598 484 ἡμέτερον
1613 449 1729 485 ἁρπάζει
1745 449 1838 485 μέλος,

1048 487 1079 514 τὸ
1094 488 1144 524 τῆς
1156 489 1256 525 ἀγέλης
1272 489 1404 525 λαμϐάνει
1421 490 1556 526 πρόϐατον
1566 500 1573 507 ·
1593 491 1709 518 ἀπέθετο
1720 492 1773 527 γὰρ
1786 492 1839 528 τὴν

1048 529 1184 565 ἁμαρτίαν
1197 531 1240 558 διὰ
1250 531 1299 566 τῆς
1314 532 1468 566 μετανοίας.

1082 571 1167 603 Είδὼς
1185 573 1273 600 τοίνυν
1292 574 1306 600 ό
1325 574 1438 605 Παῦλος,
1460 574 1529 609 ὅπερ
1541 574 1668 610 ἐποίησεν
1681 575 1696 602 ὁ
1714 575 1839 607 διάϐολος

1047 612 1093 639 ἐπὶ
1106 613 1152 640 τοῦ
1174 614 1268 647 Ἰούδα,
1280 614 1366 641 ἔδεισε
1384 615 1422 651 μὴ
1437 615 1483 642 καὶ
1500 615 1616 642 ἐνταῦθα
1629 616 1660 642 τὺ
1674 617 1738 643 αὑτὸ
1754 617 1839 652 γένη-

1046 663 1091 683 ται
1105 655 1193 682 τοῦτο.
1210 656 1242 682 Τί
1253 656 1281 683 δὲ
1291 657 1418 692 ἐποίησεν
1431 657 1476 684 ἐπὶ
1487 657 1535 684 τοῦ
1552 658 1652 690 Ἰούδα;
1666 659 1838 694 Μετενόησεν

1045 697 1060 723 ὁ
1085 697 1201 729 Ἰούδας·
1228 699 1374 733 Ἥμαρτον
1387 698 1456 735 γὰρ,
1485 699 1562 735 φησὶ,
1589 700 1740 734 παραδοὺς
1763 699 1838 735 αἷμα

1045 739 1161 767 ἀθῶον·
1188 740 1287 775 ἤκουσε
1310 741 1364 768 τῶν
1384 742 1513 777 ῥημάτων
1536 742 1638 769 τούτων
1661 743 1674 769 ό
1693 742 1836 774 διάϐολον

1045 781 1115 816 έγνω
1127 782 1176 816 τῆς
1188 783 1234 809 ἐπὶ
1248 783 1278 809 τὸ
1295 782 1397 818 βέλτιον
1411 784 1561 819 ἀρχόμενον
1574 784 1634 811 ὁδοῦ
1646 784 1693 811 καὶ
1705 785 1772 820 πρὸς
1785 793 1838 811 σω-

1044 824 1141 859 τηρίαν
1155 824 1308 859 βαδίζοντα,
1323 825 1371 852 καὶ
1389 826 1509 861 ἐφοϐήθη
1519 826 1567 861 τὴν
1581 825 1739 861 μεταϐολήν.
1765 826 1835 859 ,Φιλ-

1045 865 1197 900 άνθρωπον,
1217 867 1308 901 φησὶν,
1322 866 1378 901 ἔχει
1394 867 1527 902 δεσπότην
1537 875 1544 882 ·
1562 869 1607 894 ὅτε
1628 867 1737 902 ἔμελλεν
1751 867 1836 894 αὑτὸν

1044 907 1206 943 προδιδόναι,
1219 908 1367 943 ἐδάκρυσεν
1380 909 1461 935 αὑτὸν
1471 909 1518 935 καὶ
1530 910 1615 944 μυρία
1634 909 1834 944 παρεκάλεσεν·

1042 950 1072 975 οὺ
1090 949 1179 985 πολλῷ
1196 950 1296 985 μᾶλλον
1315 950 1496 985 μετανοοῦντα
1512 950 1636 984 δέξεται;
1658 950 1835 985 ’Λδιόρθωτον

1042 991 1105 1018 ὅντα
1133 992 1313 1026 ἐφειλκύσατο
1337 992 1385 1018 καὶ
1408 992 1557 1019 ἐκάλεσεν·
1579 993 1610 1019 οὐ
1627 992 1716 1028 πολλῷ
1732 993 1835 1028 μᾶλλον

1041 1033 1220 1069 διορθωθέντα
1234 1034 1282 1060 καὶ
1298 1033 1347 1069 τὴν
1369 1033 1507 1069 ἁμαρτίαν
1525 1034 1668 1068 ἐπιγνόντα
1683 1035 1835 1061 ἐπισπάσε-

1041 1084 1102 1107 ται;
1117 1075 1161 1102 διὰ
1177 1077 1230 1111 γὰρ
1245 1075 1336 1102 .τοῦτο
1362 1076 1410 1102 καὶ
1433 1075 1623 1112 σταυρωθῆναι
1640 1074 1715 1111 ἦλθε.
1733 1077 1767 1103 Τί
1785 1074 1834 1103 οὖν

1039 1117 1184 1152 ἐποίησενς
1207 1117 1385 1153 Ἐθορύϐησεν
1397 1117 1477 1145 αὑτόν
1487 1128 1493 1133 ·
1510 1118 1645 1144 ἐσκϐτωσε
1654 1119 1686 1154 τῇ
1702 1118 1751 1153 τῆς
1766 1118 1833 1144 ἀθυ-

1041 1160 1106 1194 μίας
1123 1159 1271 1195 ὑπερϐολῇ,
1291 1160 1408 1193 ἐδίωξεν,
1431 1160 1529 1194 ἤλασεν
1553 1160 1604 1192 ἕως
1618 1160 1664 1186 ἐπὶ
1675 1159 1720 1186 τὸν
1732 1159 1832 1194 βρόχον

1039 1201 1136 1237 ἤγαγε,
1161 1204 1208 1229 καὶ
1222 1203 1272 1237 τῆς
1285 1203 1425 1237 παρούσης
1440 1202 1597 1237 ὑπεξήγαγε
1620 1201 1703 1236 ζωῆς,
1717 1202 1765 1228 καὶ
1779 1202 1833 1236 τῆς

1039 1243 1193 1278 προθυμίας
1220 1243 1268 1278 τῆς
1295 1244 1365 1270 κατά
1386 1243 1434 1278 τὴν
1465 1243 1607 1278 μετάνοιαν
1631 1243 1830 1278 ἀπεστέρησεν.

1039 1285 1099 1312 ’Ότι
1111 1286 1175 1320 γὰρ,
1197 1286 1221 1311 εί
1236 1285 1294 1320 ἔζη,
1314 1285 1360 1312 καὶ
1376 1285 1456 1317 αὐτὸς
1471 1284 1558 1320 ἐσώθη
1580 1285 1622 1317 ἂν,
1633 1285 1711 1320 δῆλον
1723 1286 1756 1312 ἐκ
1774 1285 1830 1311 τῶν

1038 1328 1269 1360 σταυρωσάντων·
1286 1328 1309 1354 εἰ
1331 1328 1384 1364 γάρ
1407 1328 1469 1359 τοὺς
1491 1328 1538 1354 ἐπὶ
1552 1327 1597 1354 τὸν
1616 1327 1731 1363 σταυρὸν
1746 1327 1830 1354 αύτὺν

1036 1369 1252 1401 ἀναϐιϐάσαντας
1273 1369 1368 1403 ἔσωσε,
1395 1370 1442 1396 καὶ
1464 1369 1494 1395 ἐν
1521 1369 1596 1404 αὐτῷ
1613 1368 1651 1404 τῷ
1668 1369 1777 1405 σταυρῷ
1791 1369 1830 1395 ὢν

1037 1411 1186 1446 παρεκάλει
1207 1411 1252 1437 τὸν
1280 1411 1400 1446 Πατέρα,
1419 1411 1466 1438 καὶ
1484 1411 1649 1447 συγγνώμην
1662 1412 1754 1443 αὑτοῖς
1768 1412 1830 1447 ᾔτει

1035 1451 1082 1478 τοῦ
1094 1452 1277 1488 τολμήματος,
1305 1451 1416 1488 εὔδηλον
1443 1452 1484 1479 δτι
1500 1452 1548 1479 καὶ
1569 1453 1616 1479 τὸν
1641 1453 1787 1489 προδόντα,
1804 1454 1830 1479 εἰ

1036 1494 1110 1530 νόμῳ
1122 1494 1161 1529 τῷ
1170 1495 1335 1530 προσήκοντι
1348 1495 1397 1529 τὴν
1412 1494 1558 1529 μετάνοιαν
1573 1494 1741 1528 ἐπεδείξατο,
1758 1496 1830 1530 μετά

1035 1536 1126 1572 πάσης
1141 1536 1174 1563 ἃν
1198 1537 1341 1572 ερμενείας
1362 1537 1485 1569 ἐδέξατο·
1503 1537 1561 1563 ἀλλ’
1586 1538 1691 1569 ἐκεῖνος
1709 1537 1761 1564 οὐκ
1779 1538 1828 1572 ἠν-

1034 1578 1128 1612 έσχετο
1143 1578 1269 1613 ἐμμεῖναι
1291 1578 1330 1613 τῷ
1347 1579 1492 1614 φαρμάκῳ,
1509 1580 1543 1614 τῇ
1560 1579 1742 1614 περισσοτέρᾳ.
1754 1579 1828 1616 λύπῃ

1035 1619 1208 1651 καταποθείς.
1223 1619 1308 1645 Τοῦτο
1320 1619 1409 1646 τοίνυν
1421 1620 1468 1646 καὶ
1487 1621 1502 1646 δ
1523 1619 1629 1651 Παῦλος
1646 1621 1826 1656 φοϐούμενος,

1034 1661 1138 1695 ἐπείγει
1153 1662 1213 1693 τοὺς
1239 1661 1397 1697 Κορινθίους
1417 1661 1570 1696 ἐξαρπάσαι
1591 1662 1640 1698 τῆς
1654 1663 1798 1696 φάρυγγος
1813 1669 1825 1682 ο

1032 1702 1080 1728 τοῦ
1108 1702 1230 1729 διαϐόλου
1250 1703 1295 1730 τὸν
1312 1702 1464 1738 ἄνθρωπον.
1493 1703 1548 1729 Καὶ¹
1569 1703 1595 1729 τί
1615 1704 1667 1738 χρὴ
1689 1703 1779 1738 λέγειν
1791 1704 1827 1730 τὰ

1033 1744 1200 1780 Κορινθίων;
1215 1745 1317 1779 Πέτρος
1333 1744 1401 1779 μετὰ
1415 1745 1464 1780 τὴν
1479 1744 1533 1770 τῶν
1551 1745 1708 1781 μυστηρίων
1725 1754 1825 1772 κοινω-

1032 1786 1091 1812 νίαν
1105 1787 1243 1822 ἠρνήσατο
1253 1787 1323 1822 τρὶς,
1332 1787 1378 1813 καὶ
1395 1786 1533 1822 δακρύσας
1544 1787 1695 1822 ἀπήλειψεν
1704 1787 1823 1814 ἅπαντα·

1032 1827 1138 1859 Παῦλος
1165 1827 1281 1863 διώκτης
1307 1827 1344 1854 ὣν
1367 1829 1413 1854 καὶ
1437 1828 1595 1863 βλάσφημος
1614 1829 1661 1855 καὶ
1679 1828 1823 1864 ὑϐριστὴς,

1031 1870 1077 1895 καὶ
1089 1869 1149 1904 οὐχὶ
1165 1869 1211 1896 τὸν
1235 1870 1425 1905 σταυρωθέντα
1453 1871 1543 1905 μόνον,
1559 1869 1626 1896 ἀλλὰ
1647 1871 1695 1896 καὶ
1718 1870 1824 1901 πάντας

1030 1912 1093 1943 τοὺς
1109 1911 1213 1938 ἐκείνου
1223 1911 1338 1943 διώκων,
1354 1913 1532 1947 μετανοήσας,
1554 1911 1703 1943 ἀπόστολος
1714 1912 1821 1945 γέγονε.

1031 1953 1118 1979 Μόνον
1134 1953 1187 1988 γὰρ
1203 1953 1337 1987 πρόφασιν
1354 1955 1368 1979 ό
1381 1954 1447 1985 Θεὸς
1463 1954 1590 1988 βραχεῖαν
1609 1952 1736 1988 ἐπιζητεῖ
1755 1952 1822 1987 παρ’

1030 1994 1118 2030 ἡμῶν,
1143 1995 1190 2021 καὶ
1216 1995 1321 2021 πολλῶν
1351 1996 1416 2030 ήμῑν
1444 1995 1650 2030 ἁμαρτημάτων
1676 1995 1820 2030 χαρίζεται

1029 2036 1126 2070 ἄφεσιν
1143 2036 1168 2064 ιι.
1184 2036 1261 2064 Εῐπω
1272 2037 1319 2064 καὶ
1331 2037 1490 2072 παραϐολὴν
1503 2036 1582 2064 τοῦτο
1595 2037 1661 2063 αὐτὸ
1675 2037 1821 2072 ἐγγυωμέ-

1029 2086 1077 2112 νην
1091 2078 1164 2113 ὑμῖν.

1063 2121 1094 2147 δ’.
1110 2121 1162 2147 Δύο
1172 2120 1243 2152 τινὲς
1250 2118 1320 2156 ἦσαν
1328 2119 1446 2154 ἀδελφοῦ
1458 2120 1660 2156 διανειμάμενοι
1669 2120 1698 2147 δὲ
1705 2121 1756 2157 τὴν
1765 2129 1818 2148 πα-

1027 2163 1123 2198 τρικὴν
1137 2163 1294 2198 περιουσίαν
1311 2163 1446 2197 ἑκάτεροι,
1457 2163 1471 2188 ό
1486 2163 1534 2198 μὲν
1545 2163 1635 2189 αὐτῶν
1648 2163 1757 2198 ἔμεινεν
1770 2164 1818 2189 ἐπὶ

1027 2205 1077 2240 τῆς
1095 2205 1200 2235 οἰκίας·
1215 2205 1229 2230 ό
1244 2203 1271 2230 δὲ
1288 2204 1376 2230 πάντα
1395 2203 1430 2230 τὰ
1448 2204 1558 2231 δοθέντα
1581 2205 1760 2239 καταφαγὼν,
1777 2206 1817 2237 εἰς

1026 2247 1075 2283 τὴν
1092 2246 1240 2282 ὑπερορίαν
1253 2247 1379 2282 μετέστη,
1393 2247 1442 2282 τὴν
1455 2247 1509 2273 ἀπὸ
1527 2247 1577 2282 τῆς
1590 2246 1685 2278 πενίας
1705 2247 1753 2273 οὑο
1769 2248 1816 2281 φέ-

1027 2297 1082 2325 ρων
1105 2289 1244 2324 αίσχύνην.
1262 2288 1369 2324 Ταύτην
1390 2289 1417 2315 δὲ
1433 2289 1482 2324 τὴν
1500 2288 1659 2324 παραϐολὴν
1672 2289 1814 2324 προήχθην

1026 2332 1122 2362 εἰπεῖν,
1150 2331 1193 2357 ἴνα
1209 2330 1322 2365 μάθητε,
1337 2330 1378 2356 δτι
1402 2330 1517 2357 καὶτῶν
1535 2330 1602 2365 μετά
1621 2331 1652 2357 τὸ
1672 2331 1812 2366 βάπτισμα

1026 2372 1230 2408 ἁμαρτημάτων
1249 2372 1322 2398 ἐστὶν
1344 2371 1449 2406 ἄφεσις,
1467 2371 1514 2398 ἐὰν
1536 2372 1729 2407 προσέχωμεν·
1741 2372 1812 2406 λέγω

1024 2413 1051 2439 δὲ
1068 2414 1118 2448 οὺχ
1135 2414 1178 2439 ἵνα
1194 2414 1233 2444 είς
1255 2413 1390 2448 ῥᾳθυμίαν
1408 2413 1528 2448 ἐμϐάλω,
1547 2414 1659 2440 ἀλλ’ἵνα
1670 2414 1725 2440 ἀπὸ
1735 2413 1810 2450 [Ξ85]

1024 2455 1204 2489 ἀπογνώσεως
1218 2455 1354 2490 ἀπαγάγω
1364 2463 1374 2472 ο
1399 2456 1447 2482 καὶ
1467 2455 1521 2490 γὰρ
1536 2456 1647 2491 χείρονα
1662 2456 1713 2491 τῆς
1729 2456 1810 2491 ρᾳθυ-

1024 2495 1088 2531 μίας
1096 2496 1169 2531 ἡμᾶς
1180 2497 1196 2531 ἡ
1211 2497 1366 2530 ἀπόγνωσις
1377 2496 1522 2532 ἐργάζεται
1533 2497 1615 2524 κακά.
1625 2493 1711 2529 οὗτος
1720 2498 1810 2524 τοίνυν

1021 2541 1036 2566 ὁ
1056 2540 1112 2572 υίδς
1129 2539 1221 2566 εικόνα
1238 2539 1293 2567 τῶν
1309 2539 1377 2575 μετὰ
1391 2540 1420 2566 τὺ
1439 2539 1551 2576 λουτρὸν
1563 2540 1640 2576 φέρει
1654 2541 1807 2568 πεσόντων·

1020 2582 1061 2609 ὅτι
1075 2581 1104 2608 δὲ
1129 2582 1193 2613 τοὺς
1211 2581 1279 2617 μετά
1289 2581 1320 2608 τδ
1344 2581 1486 2616 βάπτισμα
1499 2583 1709 2618 παραπεσόντας
1722 2582 1804 2618 δηλοῖ,

1020 2623 1099 2659 δῆλον
1114 2623 1233 2650 ἐκεῖθεν·
1249 2623 1306 2654 υίὸς
1324 2623 1378 2658 γὰρ
1401 2623 1508 2657 λέγεται
1519 2633 1525 2640 ·
1539 2624 1627 2656 οὐδεὶς
1642 2624 1671 2650 δὲ
1688 2625 1745 2656 υίὸς
1758 2625 1805 2660 βα-

1021 2665 1171 2700 πτίσματος
1183 2665 1216 2692 ἂν
1230 2664 1342 2700 κληθείη
1358 2664 1451 2700 χωρίς.
1463 2665 1517 2691 Καὶ
1536 2665 1585 2700 τὴν
1596 2666 1686 2692 οἰκίαν
1698 2666 1725 2692 δὲ
1740 2667 1803 2701 ᾤκει

1019 2707 1068 2742 τὴν
1081 2706 1218 2742 πατρῴαν,
1235 2707 1281 2733 καὶ
1292 2707 1326 2733 τὰ
1339 2706 1453 2742 πατρῷα
1463 2707 1615 2743 διενείματο
1626 2708 1716 2734 πάντα
1727 2716 1734 2723 ·
1751 2708 1802 2743 πρὸ

1050 2821 1061 2852 ε
1074 2820 1122 2845 Alii
1132 2819 1174 2844 τοῦ
1186 2820 1308 2852 φάρυγγος.

1049 2851 1062 2886 τί
1073 2852 1139 2886 (Eon).
1152 2851 1295 2886 παρ’,ἡμῶνι
1303 2851 1341 2875 καῖ
1352 2851 1529 2886 πάΥτοξάφίησιν
1539 2853 1628 2886 ἤυιῖντά
1634 2854 1794 2886 ἀμαρτῆιιατι

1049 2885 1061 2898 ⁸
1074 2882 1132 2908 Coll)
1155 2883 1263 2912 μετέστη·
1275 2882 1327 2906 εἶτα
1335 2883 1378 2911 τήν
1387 2883 1434 2907 ἀπὸ
1446 2882 1487 2912 τῆς
1497 2884 1584 2912 πενίας.
