1978 3130
126 154 176 182 εει

123 208 166 235 ιω
179 205 263 241 illam.
279 204 323 232 12.
338 203 395 240 l5).
415 204 479 232 Ideo
500 209 528 232 et
546 203 693 232 Corinlhiis
710 203 774 230 dicit
791 212 798 231 :
812 202 846 230 Et
867 211 915 230 non

122 254 201 288 magis
213 252 318 287 ﬂevistis
327 272 336 283 ,
352 257 378 278 ut
393 251 523 279 tolleretur
536 251 568 277 de
583 251 665 277 medio
675 255 783 277 vestrum
795 249 839 286 qui
852 257 917 284 opus

120 299 147 325 id
160 301 252 333 fet-erat
265 297 304 332 (1.
319 297 380 325 Cor.
393 297 421 326 5.
433 296 481 334 2)?
494 296 552 325 Non
563 297 639 329 dixit,
651 296 686 324 Et
697 304 750 324 non
762 296 846 332 magis
857 300 915 323 stu-

119 345 213 372 duistis
229 343 296 371 :sed
309 343 395 379 quid?
418 343 480 371 Non
497 343 578 378 magis
589 343 709 378 ﬂevistis,
731 343 806 378 quasi
822 343 916 371 morbo

119 391 254 417 communi
267 394 296 417 et
307 394 384 425 peste
399 390 533 417 civitatem
553 389 798 424 comprehendente
814 397 820 416 :
839 388 915 424 quasi

119 437 232 468 diceret,
247 436 376 464 Oratione
391 444 458 472 opus
471 441 512 463 est
525 440 551 464 et
559 436 727 464 confessione
740 440 767 463 et
780 436 914 471 precibus,

119 491 171 517 quo
186 483 297 517 morbus
311 491 327 511 e
342 487 397 511 tota
410 483 517 510 civitate
537 483 659 518 pellatur.
683 482 763 510 Vides
787 487 915 517 quantum

119 528 160 555 his
174 529 280 556 timoris
294 529 424 556 incussit?
436 528 502 556 Nam
517 528 642 564 quoniam
654 528 783 563 putabant
794 527 827 555 ad
840 527 914 555 illum

103 566 258 602 'dumtaxat
274 575 430 609 pervenisse
442 574 538 601 malum
554 581 585 601 ac
597 573 750 600 constitisse
760 593 767 605 ,
782 580 830 600 eos
840 573 914 600 solli-

118 620 186 647 citos
196 620 297 652 reddit,
309 620 402 648 dicens
416 628 423 646 :
440 619 548 646 Nescitis
555 619 623 654 quod
631 620 757 645 modicum
765 620 914 654 fermentum

119 671 196 692 totam
216 675 327 693 massam
349 666 486 701 corrumpit
504 666 530 700 (t
549 665 607 693 Cor.
621 666 648 693 5.
665 665 712 701 6)?
735 665 812 699 Quod
825 669 914 692 autem

117 712 182 739 dicit
192 732 199 744 ,
217 712 274 740 tale
290 716 331 739 est
344 721 351 739 :
366 712 464 738 malum
480 711 548 738 ultra
566 710 715 746 procedens
727 732 734 744 ,
757 710 858 746 reliqua
872 715 914 736 at-

118 759 202 794 tinget
218 758 340 785 membra
358 767 365 785 :
385 758 464 785 veluti
480 757 514 785 de
530 757 664 784 communi
681 756 752 784 malo
773 756 916 783 consulen-

117 809 156 831 tes
165 825 172 836 ,
196 804 329 831 sollicitos
340 811 387 831 vos
399 811 459 831 esse
472 803 559 831 decet.
581 803 672 838 Neque
683 802 709 829 id
723 802 788 829 mihi
803 802 913 835 dixeris,

117 850 187 885 quod
202 850 248 877 ille
260 850 335 877 solus
358 850 493 885 peccavit,
518 849 564 877 sed
582 848 647 876 illud
662 848 800 876 considera
811 868 819 880 ,
843 847 914 883 quod

116 896 208 924 sanies
237 895 362 932 qumdam
387 900 428 923 est
454 899 610 930 peccatum,
638 895 769 930 reliquum
793 894 915 929 corporis

116 942 277 976 depascens.
289 943 327 969 Ac
338 942 418 970 veluti
431 942 511 970 domo
521 942 643 974 ardente,
654 941 700 976 qui
711 940 828 968 nondum
843 940 915 967 malo

117 988 263 1022 laeduntur,
280 988 324 1022 iis,
340 988 385 1024 qui
399 989 426 1016 in
439 989 512 1017 malo
526 993 598 1022 sunt,
612 988 734 1015 molestia
748 995 801 1015 non
816 986 914 1014 minori

117 1040 289 1069 premuntur,
303 1040 382 1070 atque
396 1036 521 1063 universa
531 1035 690 1068 conferunt,
704 1042 757 1070 quo
770 1041 804 1062 ne
816 1041 914 1069 urgens

116 1081 183 1115 ignis
197 1081 233 1109 ad
253 1079 377 1117 proprias
398 1082 504 1110 invadat
517 1082 611 1110 domos
623 1091 630 1110 :
643 1082 682 1110 sic
696 1085 724 1110 et
734 1082 802 1109 istos
814 1081 914 1109 Paulus

116 1128 235 1161 excitat,
261 1128 379 1156 dicens:
395 1129 463 1164 Pyra
486 1128 607 1164 quaedam
633 1133 693 1162 est,
719 1128 914 1164 praeveniamus

115 1174 217 1201 malum
234 1183 242 1202 :
256 1175 458 1210 exstinguamus
470 1175 633 1208 incendium,
650 1176 803 1210 priusquam
818 1175 908 1203 Eccle-

114 1219 183 1247 siam
205 1220 332 1254 invadat;
355 1221 378 1248 si
399 1229 463 1248 vero
483 1221 634 1256 neglexeris
652 1225 808 1256 peccatum,
832 1220 914 1248 veluti

114 1266 140 1293 in
168 1266 260 1294 alieno
287 1267 422 1294 exsistens
444 1274 575 1302 corpore,
601 1267 718 1295 maxime
738 1266 846 1302 quidem
871 1267 913 1294 vel

113 1312 155 1339 sic
171 1311 255 1339 male.
280 1311 328 1340 Ille
340 1313 413 1340 enim
433 1311 514 1340 homo
528 1312 678 1341 membrum
697 1313 781 1340 totius
795 1316 838 1340 est
850 1319 912 1340 cor-

113 1357 200 1391 poris.

150 1403 180 1430 3.
196 1403 297 1431 Verum
308 1408 335 1431 et
348 1404 375 1431 id
389 1404 540 1439 considera,
556 1404 627 1440 quod
642 1404 664 1432 si
677 1405 818 1440 pigritatus
831 1404 914 1432 fueris

112 1456 147 1476 ac
161 1451 299 1484 spreveris
310 1471 318 1483 ,
340 1455 366 1478 te
379 1458 486 1485 quoque
503 1451 662 1486 quandoque
680 1451 890 1485 comprehendet
903 1458 911 1477 :

112 1502 200 1530 quare
214 1496 238 1523 si
252 1503 306 1523 non
322 1495 412 1523 fratris
422 1517 430 1528 ,
446 1501 489 1523 tua
505 1501 592 1524 tamen
608 1504 687 1524 causa
700 1496 835 1524 exciteris.
859 1495 913 1523 Re-

113 1543 202 1577 prime
221 1548 342 1578 pestem,
358 1543 460 1571 saniem
474 1551 585 1578 coerce,
601 1544 833 1579 depopulationem
852 1551 911 1570 am-

115 1594 190 1623 puta.
204 1590 268 1617 Hinc
281 1594 309 1617 et
324 1589 366 1617 his
377 1590 451 1625 plura
464 1590 566 1623 dicens,
579 1595 607 1618 et
619 1589 747 1617 mandans
757 1589 824 1617 tradi
836 1589 911 1617 illum

113 1640 227 1668 satanze,
243 1635 360 1670 denique
370 1636 456 1671 inquit
467 1657 474 1670 ,
486 1636 702 1671 quandoquidem
712 1643 869 1667 conversus,
884 1639 912 1663 et

112 1682 212 1709 melior
223 1681 311 1709 factus
324 1686 385 1709 est:
402 1682 472 1709 Satis
488 1683 547 1709 huic
558 1691 587 1709 ea
601 1682 649 1717 fuit
663 1682 805 1718 objurgatio
817 1690 833 1708 a
851 1681 910 1716 plu-

111 1727 184 1754 ribus
197 1735 208 1754 :
222 1728 372 1761 conﬁrmata
393 1728 469 1763 igitur
486 1727 512 1754 in
531 1736 587 1754 eum
608 1728 737 1754 caritatem
751 1727 789 1764 (2.
808 1727 867 1754 Cor.
881 1727 907 1754 2.

111 1772 153 1808 8).
167 1773 312 1808 Postquam
325 1773 397 1800 enim
412 1781 473 1801 eum
490 1781 659 1801 communem
673 1773 809 1801 inimicum
824 1778 851 1801 et
863 1773 910 1801 ad-

111 1820 263 1847 versarium
282 1820 376 1848 statuit
391 1820 523 1848 universis
535 1825 562 1847 et
576 1827 591 1847 a
605 1827 685 1855 grege
702 1820 814 1848 exclusit
829 1825 909 1855 atque

111 1872 127 1892 a
147 1873 264 1901 corpore
284 1866 380 1893 recidit
392 1887 400 1900 ,
413 1866 473 1894 vide
486 1871 585 1901 quanto
596 1866 623 1893 in
636 1874 698 1894 eum
711 1867 795 1893 utitur
809 1866 907 1899 studio,

112 1916 143 1938 ut
163 1911 225 1938 eum
247 1918 342 1939 rursus
363 1911 506 1947 conjungat
525 1917 553 1939 et
575 1916 707 1939 annectat.
735 1911 794 1939 Non
817 1912 907 1945 modo,

112 1958 208 1985 Amate
223 1966 285 1985 eum
296 1979 304 1990 ,
324 1958 391 1986 dixit
408 1968 415 1986 :
431 1959 496 1992 sed,
512 1958 665 1993 Conﬁrmata
676 1967 753 1993 super
771 1967 828 1986 eum
841 1959 908 1986 cari-

112 2007 188 2029 tatem
200 2024 207 2035 ,
224 2003 251 2030 id
263 2007 315 2037 est,
330 2003 434 2031 ﬁrmam
449 2009 475 2032 et
489 2004 651 2032 immobilem
666 2005 692 2032 in
702 2012 762 2032 eum
775 2005 908 2032 ostendite

117 2049 282 2082 amicitiam,
307 2049 440 2077 calentem
463 2050 604 2085 quamdam
630 2055 658 2077 et
681 2051 808 2078 fervidam
828 2055 908 2086 atque

112 2096 222 2130 ignitam
235 2104 243 2121 :
259 2095 463 2130 aequivalentcm
479 2097 560 2131 priori
575 2096 719 2124 initnicitite
735 2096 906 2124 dilectionem

111 2141 218 2169 inferte.
229 2141 300 2175 Quid
310 2142 409 2169 factum
419 2147 470 2176 est,
481 2143 592 2178 quaso?
607 2150 695 2171 nonne
707 2143 835 2170 tradidisti
846 2151 906 2171 eum

113 2188 232 2215 satanze?
252 2188 302 2222 lta,
317 2189 413 2224 inquit,
427 2189 474 2217 sed
493 2197 546 2218 non
558 2198 612 2226 quo
627 2190 654 2218 in
668 2190 792 2218 manibus
804 2194 904 2218 satana:

112 2240 268 2268 permaneat
282 2255 289 2267 ,
313 2235 359 2262 sed
374 2239 403 2262 ut
415 2236 450 2264 ab
463 2236 521 2271 ejus
541 2237 683 2272 tyrannide
700 2238 754 2264 cito
768 2237 905 2265 liberetur.

113 2279 146 2306 Et
167 2280 396 2315 quemadmodum
421 2281 496 2315 dixi,
520 2282 660 2310 considera
684 2290 764 2318 quam
789 2283 906 2310 timuerit

111 2325 328 2360 desperationem
361 2327 458 2355 Paulus
494 2332 629 2362 tamquam
655 2335 778 2363 magnam
806 2328 905 2355 diaboli

113 2377 276 2399 armaturam
299 2381 306 2400 :
323 2380 384 2400 cum
405 2373 516 2401 dixisset
539 2375 632 2401 enim:
654 2374 809 2409 Can/irmate
830 2383 906 2409 super

112 2425 166 2444 eam
178 2419 329 2450 caritatem;
340 2423 367 2446 et
377 2426 485 2447 causam
497 2419 569 2447 addit
578 2441 585 2452 ,
599 2419 641 2447 Ne
653 2421 718 2456 forte
735 2422 814 2448 nimia
827 2421 905 2448 tristi-

112 2463 146 2489 tia
157 2463 320 2491 absorbeatur
329 2465 373 2499 qui
385 2470 422 2491 est
436 2465 558 2500 ejusmodi
570 2465 623 2501 (Ib.
637 2474 663 2493 υ.
679 2467 719 2502 7).
737 2467 765 2494 In
780 2467 833 2502 lupi
848 2467 905 2495 fau-

112 2508 185 2536 cibus
208 2515 250 2536 est
274 2510 331 2537 ovis
353 2520 360 2537 :
381 2512 574 2546 praeveniamus
599 2512 693 2547 igitur,
721 2514 905 2549 praeripiamus

112 2559 253 2590 antequam
270 2555 413 2584 absorbeat
435 2563 480 2584 aut
503 2563 657 2593 corrumpat
680 2564 799 2587 nostrum
821 2569 905 2588 mem-

113 2599 198 2626 brum.
223 2600 390 2629 Periclitatur
411 2604 484 2630 navis
499 2612 505 2630 :
521 2605 674 2640 priusquam
688 2606 815 2634 obruatur
825 2627 832 2640 ,
848 2608 903 2635 eri-

112 2652 173 2679 pere
184 2647 321 2682 naufragio
330 2648 494 2676 studeamus.
510 2650 737 2684 Quemadmodum
752 2653 822 2680 enim
836 2653 904 2680 mari

113 2698 170 2718 sese
186 2692 295 2720 tollente
309 2699 337 2721 et
350 2694 475 2722 ﬂuctibus
498 2703 581 2730 usque
601 2696 634 2724 ad
655 2705 788 2724 summum
802 2706 831 2726 se
845 2699 902 2726 ele-

112 2738 233 2765 vantibus
243 2759 251 2772 ,
274 2740 371 2775 scapha
387 2740 551 2777 demergitur
566 2751 573 2769 :
587 2743 627 2770 sic
641 2747 668 2770 et.
679 2744 766 2771 anima
787 2745 904 2779 undique

111 2792 227 2813 mcerore
240 2786 405 2814 circumdata
415 2807 423 2820 ,
443 2789 569 2816 velociter
581 2789 726 2818 suffocatur
737 2812 745 2825 ,
769 2792 795 2819 ni
811 2800 903 2827 quem-

112 2831 179 2864 plam
193 2832 316 2861 habuerit
326 2834 370 2869 qui
385 2842 493 2862 manum
506 2836 641 2872 porrigat:
658 2841 686 2865 et
703 2845 763 2872 quae
779 2839 902 2867 salutaris

99 2870 137 2904 lin
151 2879 264 2911 peccatis
277 2884 318 2907 est
332 2880 460 2908 moastitia
472 2900 480 2914 ,
500 2870 613 2911 exitialis
633 2886 673 2911 est
690 2870 719 2911 si
728 2883 901 2913 immoderata

704 146 747 174 DE
768 144 1000 174 ΡΟΕΝΙΤΕΝΤΙΑ.
1021 146 1134 175 HOMIL.
1156 148 1177 175 Ι.

1699 149 1754 178 28⁵3

968 203 1012 229 sit.
1036 204 1074 231 Ac
1097 204 1157 232 vide
1179 205 1315 241 quomodo
1337 212 1462 236 accurate
1488 209 1613 245 loquutus
1636 210 1761 238 sitzmn

966 249 1038 278 enim
1050 250 1126 282 dixit,
1148 251 1188 279 Ne
1204 252 1275 280 hunc
1287 252 1409 281 diabolus
1425 254 1519 289 perdat
1533 264 1540 283 :
1555 255 1602 284 sed
1616 256 1702 291 quid?
1727 259 1762 284 Ut

967 305 1018 324 non
1031 298 1256 325 circumveniantur
1269 307 1286 326 α
1298 304 1388 327 satana
1401 299 1431 336 (2
1441 300 1501 329 Cor.
1513 301 1541 328 2.
1559 301 1614 339 Η).
1640 302 1761 330 Circum-

966 343 1059 372 venire
1071 349 1160 371 autem
1173 344 1217 372 hic
1229 349 1270 372 est
1285 346 1371 373 aliena
1385 348 1573 382 concupiscere
1590 358 1597 376 :
1616 349 1761 377 ostendens

967 389 1046 424 igitur
1065 390 1151 424 ipsum
1167 390 1283 418 alienum
1297 391 1330 418 ab
1345 399 1378 418 eo
1388 392 1422 419 de
1435 398 1532 420 czetero
1547 393 1644 421 factum
1654 416 1662 427 ,
1680 399 1760 430 atque

967 436 993 462 in
1020 436 1118 463 Christi
1141 443 1248 471 gregem
1276 445 1306 465 se
1331 445 1379 472 per
1402 438 1584 472 pwnitentiam
1608 440 1757 472 reduxisse.

965 481 1022 514 ait,
1037 481 1078 508 Ne
1096 482 1319 510 circumveniantur
1331 492 1347 509 ιι
1357 488 1455 511 satana.
1481 484 1510 511 Si
1529 485 1600 512 enim
1613 485 1646 514 dc
1661 491 1759 513 caetero

966 527 1172 562 comprehendat
1184 536 1262 562 eum,
1285 534 1404 557 nostrum
1430 531 1516 565 rapiet
1540 532 1705 565 membrum,
1723 533 1758 561 de

965 582 1046 608 grege
1072 581 1150 602 ovem
1174 575 1323 610 surripiet:
1346 584 1408 603 nam
1436 577 1592 611 paenitentia
1617 583 1756 613 peccatum

965 619 1097 654 deposuit.

1000 667 1083 694 Judas
1108 667 1130 695 si
1153 675 1204 694 non
1226 667 1400 702 desperasset,
1424 668 1532 695 salutem
1557 674 1757 701 consequuturus

966 717 1028 740 erat.
1053 728 1089 732 —
1108 713 1202 741 Sciens
1225 714 1304 748 igitur
1319 714 1416 742 Paulus
1431 714 1494 750 quid
1519 714 1616 742 fecerat
1638 715 1759 743 diabolus

965 759 1050 793 Judte,
1065 760 1152 787 timuit
1162 768 1196 788 ne
1208 760 1249 787 hic
1262 761 1374 788 fortasse
1387 761 1456 788 idem
1469 762 1576 789 faceret.
1588 761 1654 795 Quid
1669 767 1758 790 autem

965 806 1027 833 fecit
1042 806 1067 832 in
1081 806 1166 833 Juda‘!
1180 806 1412 834 PmnituitJudam
1427 816 1434 834 :
1448 807 1575 841 Peccavi,
1592 808 1687 843 inquit,
1704 813 1759 835 tra-

964 852 1027 879 dens
1048 853 1196 888 sanguinem
1213 856 1312 887 justum
1327 852 1433 888 (Matth.
1444 853 1490 880 27.
1505 853 1534 889 4)
1555 861 1562 880 :
1581 853 1681 881 audivit
1700 853 1759 881 hsce

965 898 1045 925 verba
1060 898 1190 931 diabolus,
1205 898 1280 926 novit
1293 906 1354 926 cum
1368 899 1394 926 in
1409 899 1504 927 melius
1515 899 1585 926 viam
1605 899 1673 927 inire
1685 904 1711 927 et
1724 899 1758 927 ad

965 944 1077 972 salutem
1093 944 1211 978 tendere,
1226 945 1364 980 timuitque
1377 945 1561 973 mutationem.
1577 945 1756 979 Clementem,

964 990 1059 1025 inquit,
1072 990 1208 1018 dominum
1220 990 1299 1018 habet
1312 1001 1318 1018 :
1332 991 1375 1026 qui
1390 999 1450 1019 cum
1462 999 1491 1019 se
1505 993 1648 1020 traditurus
1660 992 1756 1027 fuerat,

964 1035 1079 1070 ploravit
1099 1045 1105 1063 :
1122 1041 1201 1072 atque
1222 1037 1306 1072 ipsum
1321 1037 1396 1065 miris
1410 1039 1564 1073 provocavit
1577 1039 1682 1072 modis;
1709 1047 1759 1066 an-

964 1090 1018 1110 non
1037 1083 1122 1110 multo
1136 1084 1220 1119 magis
1239 1085 1412 1119 poenitentem
1426 1085 1573 1120 suscipiet?
1588 1085 1756 1114 Obstinatum

964 1133 992 1158 et
1005 1130 1181 1158 incorrectum
1194 1130 1284 1158 allexit
1296 1135 1323 1159 et
1339 1131 1462 1165 vocavit;
1477 1140 1566 1160 nonne
1577 1133 1661 1160 multo
1673 1134 1758 1168 magis

964 1181 1112 1203 correctum
1126 1181 1154 1203 et
1168 1181 1304 1210 peccatum
1326 1181 1515 1212 agnoscentem
1530 1177 1636 1205 trahet?
1659 1178 1758 1206 idcirco

964 1222 1036 1249 enim
1056 1222 1252 1257 cruciﬁgendus
1273 1223 1354 1250 venit.
1378 1223 1447 1257 Quid
1467 1231 1531 1259 ergo
1555 1223 1637 1252 fecit?
1663 1225 1758 1252 Exter-

964 1268 1017 1295 ruit
1030 1275 1092 1295 eum
1104 1273 1132 1296 et
1143 1268 1329 1296 obtenebravit
1342 1269 1467 1297 maeroris
1479 1269 1659 1305 magnitudine
1671 1290 1680 1302 ,
1691 1278 1755 1304 per-

963 1317 1090 1348 sequutus
1104 1317 1155 1347 est,
1172 1313 1275 1348 impulit
1291 1314 1378 1342 donec
1389 1314 1424 1342 ad
1437 1314 1562 1350 laqueum
1575 1314 1662 1348 duxit,
1676 1319 1758 1350 atque

964 1366 980 1386 e
992 1359 1118 1394 praesenti
1130 1359 1223 1387 eduxit
1236 1360 1288 1387 vita
1299 1379 1306 1392 ,
1322 1360 1538 1395 pcenitentireque
1551 1360 1688 1395 proposito
1701 1368 1758 1395 prt-

962 1405 1044 1433 vavit.
1061 1405 1137 1438 Quod
1149 1405 1221 1433 enim
1237 1406 1259 1432 si
1274 1406 1404 1438 vixisset,
1419 1411 1447 1433 et
1466 1406 1522 1440 ipse
1536 1406 1649 1434 salutem
1660 1413 1758 1433 conse-

963 1455 1094 1486 quuturus
1107 1456 1178 1479 esset
1187 1473 1194 1485 ,
1215 1452 1302 1486 palam
1315 1456 1356 1479 est
1370 1460 1404 1479 cx
1418 1452 1629 1480 cruciﬁxoribus.
1645 1452 1674 1480 Si
1684 1453 1755 1480 enim

963 1497 1013 1525 hos
1027 1498 1072 1533 qui
1085 1506 1146 1526 eum
1161 1499 1351 1528 crucifixerant
1361 1498 1446 1526 salute
1458 1498 1583 1530 donavit,
1604 1503 1631 1526 et
1653 1500 1709 1534 ipse
1729 1499 1755 1527 in

962 1551 1042 1572 cruce
1069 1544 1201 1572 exsistens
1226 1546 1328 1580 rogavit
1356 1545 1483 1578 Patrem,
1511 1544 1755 1580 indulgentiamquo

963 1594 1043 1617 tantae
1066 1590 1183 1617 audacize
1201 1590 1345 1625 postulavit
1365 1599 1372 1618 :
1393 1595 1498 1618 constat
1523 1590 1594 1626 quod
1619 1595 1646 1619 et.
1668 1591 1754 1627 ipsum

962 1636 1125 1672 proditorem
1142 1637 1222 1672 digne
1241 1638 1413 1672 pmnitentem
1435 1645 1496 1665 cum
1513 1638 1586 1664 omni
1601 1643 1754 1665 mansuetu-

961 1683 1024 1711 dine
1047 1684 1227 1719 suscepisset;
1251 1684 1298 1711 sed
1321 1683 1367 1711 ille
1386 1684 1413 1711 in
1436 1684 1556 1711 remedio
1570 1691 1680 1712 manere
1700 1692 1755 1712 non

962 1729 1037 1761 tulit,
1061 1736 1177 1756 maerore
1196 1729 1278 1757 nimio
1291 1729 1444 1764 absorplus.
1472 1729 1499 1756 ld
1524 1728 1604 1763 igitur
1619 1734 1646 1757 et
1658 1729 1755 1756 Paulus

962 1776 1078 1809 timens,
1105 1775 1257 1803 Corinthios
1281 1775 1442 1804 sollicitabat
1468 1775 1573 1810 eripere
1594 1783 1608 1802 a
1633 1775 1755 1802 faucibus

960 1821 1059 1848 diaboli
1074 1821 1220 1848 hominem.
1244 1821 1277 1848 Et
1289 1821 1352 1856 quid
1363 1828 1432 1856 opus
1446 1825 1488 1849 est
1501 1821 1536 1849 de
1554 1821 1698 1849 Corinthiis
1711 1820 1754 1848 di-

959 1869 1041 1895 cere?
1060 1867 1156 1895 Petrus
1170 1867 1241 1895 enim
1256 1873 1316 1902 post
1329 1868 1517 1902 mysteriorum
1536 1867 1752 1895 communionem

961 1919 1001 1941 ter
1014 1919 1109 1949 negat,
1134 1919 1161 1942 et
1181 1914 1289 1949 plorans
1301 1913 1400 1941 delevit
1414 1914 1503 1941 omnia
1520 1922 1528 1941 :
1546 1913 1643 1940 Paulus
1657 1920 1752 1948 perse-

959 1965 1074 1996 qnutor,
1099 1960 1270 1995 blasphemus
1283 1964 1311 1987 et
1332 1959 1560 1996 contumeliosus,
1586 1966 1639 1986 non
1662 1958 1750 1986 cruci-

959 2007 1039 2033 ﬁxum
1053 2006 1150 2038 modo,
1166 2005 1214 2034 sed
1228 2005 1298 2033 illius
1317 2006 1456 2033 universos
1475 2012 1649 2040 persequens.
1667 2005 1752 2040 pteni-

959 2052 1040 2079 tentia
1066 2051 1181 2084 ductus,
1208 2052 1345 2086 apostolus
1367 2051 1492 2079 efficitur.
1522 2050 1614 2078 Solum
1638 2058 1653 2077 a
1675 2050 1752 2078 nobis

959 2098 1028 2124 Deus
1041 2098 1208 2125 occasionem
1219 2097 1261 2124 vel
1274 2104 1382 2132 parvam
1394 2096 1515 2132 requirit,
1538 2101 1617 2131 atque
1628 2098 1751 2124 universa

957 2143 1067 2170 dimittit
1082 2144 1159 2171 nobis
1170 2149 1289 2178 peccata.
1316 2143 1407 2170 Dicam
1417 2142 1492 2170 vobis
1505 2146 1533 2170 et
1546 2142 1699 2178 parabolam
1711 2142 1751 2169 id-

959 2189 1044 2223 ipsum
1057 2189 1270 2216 confirmantem.

992 2235 1019 2262 4.
1029 2236 1086 2262 Duo
1095 2234 1202 2270 quidam
1212 2239 1289 2262 erant
1298 2234 1404 2268 fratres,
1416 2238 1578 2270 paternaque
1586 2233 1670 2261 divisa
1683 2233 1749 2261 sub-

957 2281 1066 2314 stantia,
1083 2281 1179 2308 horum
1194 2288 1263 2308 unus
1281 2280 1388 2315 quidem
1403 2280 1475 2308 domi
1498 2280 1606 2311 mansit,
1621 2279 1690 2307 alter
1701 2287 1750 2307 au-

957 2334 1010 2356 tem
1032 2333 1127 2356 cuncta
1150 2336 1209 2363 quae
1233 2328 1408 2360 obvenerant,
1430 2327 1588 2361 comedens,
1604 2327 1688 2362 patria
1700 2334 1749 2354 ex-

957 2375 1037 2403 torris
1056 2375 1143 2403 factus
1164 2380 1232 2408 erat,
1257 2374 1417 2410 paupertatis
1436 2382 1489 2401 non
1511 2373 1600 2401 ferens
1619 2373 1747 2409 pudorem

957 2421 1032 2457 (Luc.
1047 2421 1090 2449 t5.
1105 2421 1148 2448 Η.
1160 2422 1225 2457 sqq).
1238 2421 1312 2448 Hanc
1322 2425 1411 2448 autem
1424 2420 1576 2456 parabolam
1592 2421 1618 2447 in
1631 2420 1748 2447 medium

955 2469 1056 2496 idcirco
1072 2468 1180 2504 protuli,
1195 2476 1248 2503 quo
1268 2468 1358 2495 sciatis
1376 2472 1404 2495 et
1425 2473 1593 2503 peccatorum
1613 2475 1672 2502 qua:
1687 2471 1748 2502 post

957 2514 1086 2549 baptisma
1100 2514 1305 2547 contrahuntur,
1325 2514 1511 2541 remissionem
1525 2521 1585 2541 esse
1595 2533 1602 2546 ,
1619 2514 1641 2540 si
1661 2517 1748 2539 atten-

955 2560 1050 2587 damus
1062 2569 1069 2586 :
1082 2559 1142 2586 dico
1163 2564 1250 2586 autem
1266 2567 1318 2586 non
1341 2559 1377 2586 uti
1391 2559 1424 2586 ad
1438 2559 1559 2587 inertiam
1573 2558 1746 2593 compellam,

955 2606 1001 2633 sed
1012 2609 1066 2633 uta
1076 2606 1262 2641 deSperatione
1276 2613 1399 2633 revocem
1412 2614 1418 2634 :
1435 2613 1495 2633 nam
1505 2605 1655 2640 desperatio
1666 2612 1746 2640 quam

955 2653 1050 2680 inertia
1072 2653 1174 2688 majora
1196 2652 1274 2680 nobis
1291 2651 1396 2680 confert
1412 2652 1490 2679 mala.
1507 2652 1556 2679 Hic
1575 2651 1656 2686 igitur
1677 2651 1746 2678 filius

954 2699 1115 2733 eorumyqui
1131 2704 1190 2734 post
1204 2698 1335 2733 baptisma
1352 2699 1419 2733 lapsi
1439 2703 1510 2729 sunt,
1527 2698 1669 2732 imaginem
1690 2704 1743 2732 pra:

954 2752 984 2772 se
996 2744 1063 2778 fert;
1080 2752 1126 2773 eos
1139 2745 1209 2772 enim
1225 2745 1270 2780 qui
1285 2749 1345 2780 post
1355 2744 1515 2780 baptismum
1532 2744 1597 2779 lapsi
1611 2749 1672 2771 sunt
1685 2751 1746 2771 eum

954 2791 1104 2827 signiﬁcare
1127 2791 1189 2819 hinc
1209 2795 1330 2824 constat,
1355 2791 1426 2826 quod
1450 2791 1520 2818 ﬁlius
1541 2790 1665 2817 dicatur:
1685 2797 1746 2817 nam

954 2843 1029 2866 extra
1044 2838 1204 2873 baptismum
1223 2846 1303 2866 nemo
1323 2838 1368 2865 ﬁlii
1383 2838 1563 2873 appellatione
1582 2837 1746 2864 nominatur.

955 2885 988 2913 Et
997 2884 1105 2914 domum
1118 2884 1284 2913 habitaverat
1293 2889 1443 2920 paternam,
1455 2888 1482 2912 et
1489 2888 1626 2919 paternam
1637 2890 1745 2911 omnem
