  <div class='ocr_page' id='page_1' title='image "/cluster/home/n/w/nwhite01/storage/ocr_20150623/49-50/njp.32101077772620/283.png"; bbox 0 0 1978 3130; ppageno 0'>
   <div class='ocr_carea' id='block_1_1' title="bbox 199 147 254 176">
    <p class='ocr_par' dir='ltr' id='par_1_1' title="bbox 199 147 254 176">
     <span class='ocr_line' id='line_1_1' title="bbox 199 147 254 176; baseline 0 0"><span class='ocrx_word' id='word_1_1' title='bbox 199 147 254 176; x_wconf 63' lang='grc'><strong>933</strong></span> 
     </span>
    </p>
   </div>
   <div class='ocr_carea' id='block_1_2' title="bbox 200 202 996 237">
    <p class='ocr_par' dir='ltr' id='par_1_2' title="bbox 200 202 996 237">
     <span class='ocr_line' id='line_1_2' title="bbox 200 202 996 237; baseline -0.001 -6"><span class='ocrx_word' id='word_1_2' title='bbox 200 203 376 231; x_wconf 78' lang='lat' dir='ltr'><strong>substantiam</strong></span> <span class='ocrx_word' id='word_1_3' title='bbox 387 202 529 234; x_wconf 77' lang='lat' dir='ltr'><strong>diviserat;</strong></span> <span class='ocrx_word' id='word_1_4' title='bbox 544 206 607 230; x_wconf 98' lang='lat' dir='ltr'><strong>ante</strong></span> <span class='ocrx_word' id='word_1_5' title='bbox 619 202 750 237; x_wconf 88' lang='lat' dir='ltr'><strong>baptisma</strong></span> <span class='ocrx_word' id='word_1_6' title='bbox 763 207 850 230; x_wconf 83' lang='lat' dir='ltr'><strong>autem</strong></span> <span class='ocrx_word' id='word_1_7' title='bbox 866 210 919 230; x_wconf 91' lang='lat' dir='ltr'><strong>non</strong></span> <span class='ocrx_word' id='word_1_8' title='bbox 934 203 996 230; x_wconf 89' lang='lat' dir='ltr'><strong>licet</strong></span> 
     </span>
    </p>
   </div>
   <div class='ocr_carea' id='block_1_3' title="bbox 201 247 997 283">
    <p class='ocr_par' dir='ltr' id='par_1_3' title="bbox 201 247 997 283">
     <span class='ocr_line' id='line_1_3' title="bbox 201 247 997 283; baseline 0 -8"><span class='ocrx_word' id='word_1_9' title='bbox 201 254 311 283; x_wconf 89' lang='lat' dir='ltr'><strong>paterna</strong></span> <span class='ocrx_word' id='word_1_10' title='bbox 331 248 463 283; x_wconf 87' lang='lat' dir='ltr'><strong>accipere,</strong></span> <span class='ocrx_word' id='word_1_11' title='bbox 485 255 572 282; x_wconf 88' lang='lat' dir='ltr'><strong>neque</strong></span> <span class='ocrx_word' id='word_1_12' title='bbox 592 247 768 275; x_wconf 69' lang='lat' dir='ltr'><strong>hereditatem</strong></span> <span class='ocrx_word' id='word_1_13' title='bbox 792 248 919 283; x_wconf 88' lang='lat' dir='ltr'><strong>consequi</strong></span> <span class='ocrx_word' id='word_1_14' title='bbox 935 257 941 275; x_wconf 90' lang='lat'>:</span> <span class='ocrx_word' id='word_1_15' title='bbox 960 248 997 275; x_wconf 88' lang='lat' dir='ltr'><strong>ita</strong></span> 
     </span>
    </p>
   </div>
   <div class='ocr_carea' id='block_1_4' title="bbox 202 292 996 321">
    <p class='ocr_par' dir='ltr' id='par_1_4' title="bbox 202 292 996 321">
     <span class='ocr_line' id='line_1_4' title="bbox 202 292 996 321; baseline 0 -1"><span class='ocrx_word' id='word_1_16' title='bbox 202 298 231 320; x_wconf 79' lang='grc' dir='ltr'>ιιι</span> <span class='ocrx_word' id='word_1_17' title='bbox 244 300 278 320; x_wconf 87' lang='lat' dir='ltr'><strong>ex</strong></span> <span class='ocrx_word' id='word_1_18' title='bbox 301 293 342 320; x_wconf 90' lang='lat' dir='ltr'><strong>his</strong></span> <span class='ocrx_word' id='word_1_19' title='bbox 363 292 488 321; x_wconf 88' lang='lat' dir='ltr'><strong>omnibus</strong></span> <span class='ocrx_word' id='word_1_20' title='bbox 510 292 627 320; x_wconf 89' lang='lat' dir='ltr'><strong>ﬁdelium</strong></span> <span class='ocrx_word' id='word_1_21' title='bbox 650 297 734 320; x_wconf 89' lang='lat' dir='ltr'><strong>status</strong></span> <span class='ocrx_word' id='word_1_22' title='bbox 753 292 936 320; x_wconf 88' lang='lat' dir='ltr'><strong>adumbretur.</strong></span> <span class='ocrx_word' id='word_1_23' title='bbox 962 292 996 320; x_wconf 88' lang='lat' dir='ltr'><strong>Et</strong></span> 
     </span>
    </p>
   </div>
   <div class='ocr_carea' id='block_1_5' title="bbox 203 338 995 375">
    <p class='ocr_par' dir='ltr' id='par_1_5' title="bbox 203 338 995 375">
     <span class='ocr_line' id='line_1_5' title="bbox 203 338 995 375; baseline -0.003 -8"><span class='ocrx_word' id='word_1_24' title='bbox 203 339 279 375; x_wconf 86' lang='lat' dir='ltr'><strong>probi</strong></span> <span class='ocrx_word' id='word_1_25' title='bbox 298 339 380 366; x_wconf 90' lang='lat' dir='ltr'><strong>frater</strong></span> <span class='ocrx_word' id='word_1_26' title='bbox 392 343 465 372; x_wconf 87' lang='lat' dir='ltr'><strong>erat;</strong></span> <span class='ocrx_word' id='word_1_27' title='bbox 481 338 564 366; x_wconf 78' lang='lat' dir='ltr'><strong>frater</strong></span> <span class='ocrx_word' id='word_1_28' title='bbox 579 346 645 366; x_wconf 89' lang='lat' dir='ltr'><strong>vero</strong></span> <span class='ocrx_word' id='word_1_29' title='bbox 667 339 726 365; x_wconf 88' lang='lat' dir='ltr'><strong>sine</strong></span> <span class='ocrx_word' id='word_1_30' title='bbox 739 338 870 373; x_wconf 89' lang='lat' dir='ltr'><strong>spirituali</strong></span> <span class='ocrx_word' id='word_1_31' title='bbox 882 345 995 373; x_wconf 84' lang='lat' dir='ltr'><strong>regene-</strong></span> 
     </span>
    </p>
   </div>
   <div class='ocr_carea' id='block_1_6' title="bbox 203 383 996 420">
    <p class='ocr_par' dir='ltr' id='par_1_6' title="bbox 203 383 996 420">
     <span class='ocr_line' id='line_1_6' title="bbox 203 383 996 420; baseline -0.003 -8"><span class='ocrx_word' id='word_1_32' title='bbox 203 385 305 412; x_wconf 89' lang='lat' dir='ltr'><strong>ratione</strong></span> <span class='ocrx_word' id='word_1_33' title='bbox 320 391 486 420; x_wconf 83' lang='lat' dir='ltr'><strong>nequaquam</strong></span> <span class='ocrx_word' id='word_1_34' title='bbox 500 383 642 411; x_wconf 86' lang='lat' dir='ltr'><strong>fuerit.Hic</strong></span> <span class='ocrx_word' id='word_1_35' title='bbox 655 384 735 418; x_wconf 90' lang='lat' dir='ltr'><strong>igitur</strong></span> <span class='ocrx_word' id='word_1_36' title='bbox 747 383 780 411; x_wconf 92' lang='lat' dir='ltr'><strong>ad</strong></span> <span class='ocrx_word' id='word_1_37' title='bbox 793 391 925 411; x_wconf 81' lang='lat' dir='ltr'><strong>summam</strong></span> <span class='ocrx_word' id='word_1_38' title='bbox 937 391 996 410; x_wconf 91' lang='lat' dir='ltr'><strong>ma-</strong></span> 
     </span>
    </p>
   </div>
   <div class='ocr_carea' id='block_1_7' title="bbox 203 429 997 466">
    <p class='ocr_par' dir='ltr' id='par_1_7' title="bbox 203 429 997 466">
     <span class='ocr_line' id='line_1_7' title="bbox 203 429 997 466; baseline -0.003 -8"><span class='ocrx_word' id='word_1_39' title='bbox 203 431 287 458; x_wconf 88' lang='lat' dir='ltr'><strong>litiam</strong></span> <span class='ocrx_word' id='word_1_40' title='bbox 295 430 432 465; x_wconf 89' lang='lat' dir='ltr'><strong>delapsus,</strong></span> <span class='ocrx_word' id='word_1_41' title='bbox 444 430 507 465; x_wconf 92' lang='lat' dir='ltr'><strong>quid</strong></span> <span class='ocrx_word' id='word_1_42' title='bbox 518 430 621 466; x_wconf 86' lang='lat' dir='ltr'><strong>inquit?</strong></span> <span class='ocrx_word' id='word_1_43' title='bbox 633 429 755 457; x_wconf 77' lang='lat' dir='ltr'><strong>Reuertar</strong></span> <span class='ocrx_word' id='word_1_44' title='bbox 761 430 796 457; x_wconf 92' lang='lat' dir='ltr'><strong>ad</strong></span> <span class='ocrx_word' id='word_1_45' title='bbox 807 435 903 464; x_wconf 78' lang='lat' dir='ltr'><strong>patrem</strong></span> <span class='ocrx_word' id='word_1_46' title='bbox 914 438 997 457; x_wconf 80' lang='lat' dir='ltr'><strong>nteant</strong></span> 
     </span>
    </p>
   </div>
   <div class='ocr_carea' id='block_1_8' title="bbox 205 476 998 513">
    <p class='ocr_par' dir='ltr' id='par_1_8' title="bbox 205 476 998 513">
     <span class='ocr_line' id='line_1_8' title="bbox 205 476 998 513; baseline 0 -9"><span class='ocrx_word' id='word_1_47' title='bbox 205 476 281 512; x_wconf 83' lang='lat' dir='ltr'><strong>(Luc.</strong></span> <span class='ocrx_word' id='word_1_48' title='bbox 296 478 339 504; x_wconf 74' lang='grc'><strong>15.</strong></span> <span class='ocrx_word' id='word_1_49' title='bbox 354 476 409 513; x_wconf 75' lang='grc'><strong>18).</strong></span> <span class='ocrx_word' id='word_1_50' title='bbox 422 476 567 512; x_wconf 81' lang='lat' dir='ltr'><strong>Propterea</strong></span> <span class='ocrx_word' id='word_1_51' title='bbox 580 477 650 504; x_wconf 94' lang='lat' dir='ltr'><strong>hunc</strong></span> <span class='ocrx_word' id='word_1_52' title='bbox 664 481 738 511; x_wconf 86' lang='lat' dir='ltr'><strong>pater</strong></span> <span class='ocrx_word' id='word_1_53' title='bbox 750 476 896 509; x_wconf 79' lang='lat' dir='ltr'><strong>dimiserat,</strong></span> <span class='ocrx_word' id='word_1_54' title='bbox 911 484 998 511; x_wconf 86' lang='lat' dir='ltr'><strong>neque</strong></span> 
     </span>
    </p>
   </div>
   <div class='ocr_carea' id='block_1_9' title="bbox 207 520 995 557">
    <p class='ocr_par' dir='ltr' id='par_1_9' title="bbox 207 520 995 557">
     <span class='ocr_line' id='line_1_9' title="bbox 207 520 995 557; baseline -0.001 -9"><span class='ocrx_word' id='word_1_55' title='bbox 207 522 392 557; x_wconf 82' lang='lat' dir='ltr'><strong>prohibuerat,</strong></span> <span class='ocrx_word' id='word_1_56' title='bbox 409 522 551 557; x_wconf 89' lang='lat' dir='ltr'><strong>quominus</strong></span> <span class='ocrx_word' id='word_1_57' title='bbox 574 522 600 549; x_wconf 91' lang='lat' dir='ltr'><strong>in</strong></span> <span class='ocrx_word' id='word_1_58' title='bbox 615 524 750 557; x_wconf 73' lang='lat' dir='ltr'><strong>regionem</strong></span> <span class='ocrx_word' id='word_1_59' title='bbox 772 521 859 549; x_wconf 87' lang='lat' dir='ltr'><strong>abiret</strong></span> <span class='ocrx_word' id='word_1_60' title='bbox 871 520 995 553; x_wconf 88' lang='lat' dir='ltr'><strong>alienam,</strong></span> 
     </span>
    </p>
   </div>
   <div class='ocr_carea' id='block_1_10' title="bbox 205 567 997 603">
    <p class='ocr_par' dir='ltr' id='par_1_10' title="bbox 205 567 997 603">
     <span class='ocr_line' id='line_1_10' title="bbox 205 567 997 603; baseline -0.001 -9"><span class='ocrx_word' id='word_1_61' title='bbox 205 572 336 602; x_wconf 87' lang='lat' dir='ltr'><strong>quatenus</strong></span> <span class='ocrx_word' id='word_1_62' title='bbox 355 568 540 603; x_wconf 87' lang='lat' dir='ltr'><strong>experimento</strong></span> <span class='ocrx_word' id='word_1_63' title='bbox 562 567 679 596; x_wconf 79' lang='lat' dir='ltr'><strong>disceret</strong></span> <span class='ocrx_word' id='word_1_64' title='bbox 703 572 843 600; x_wconf 86' lang='lat' dir='ltr'><strong>accurate,</strong></span> <span class='ocrx_word' id='word_1_65' title='bbox 869 572 997 602; x_wconf 89' lang='lat' dir='ltr'><strong>quantum</strong></span> 
     </span>
    </p>
   </div>
   <div class='ocr_carea' id='block_1_11' title="bbox 205 613 996 649">
    <p class='ocr_par' dir='ltr' id='par_1_11' title="bbox 205 613 996 649">
     <span class='ocr_line' id='line_1_11' title="bbox 205 613 996 649; baseline -0.001 -8"><span class='ocrx_word' id='word_1_66' title='bbox 205 613 364 642; x_wconf 85' lang='lat' dir='ltr'><strong>beneficium</strong></span> <span class='ocrx_word' id='word_1_67' title='bbox 375 614 522 649; x_wconf 88' lang='lat' dir='ltr'><strong>susceperit</strong></span> <span class='ocrx_word' id='word_1_68' title='bbox 532 614 604 641; x_wconf 90' lang='lat' dir='ltr'><strong>donti</strong></span> <span class='ocrx_word' id='word_1_69' title='bbox 612 621 732 642; x_wconf 86' lang='lat' dir='ltr'><strong>manens.</strong></span> <span class='ocrx_word' id='word_1_70' title='bbox 745 614 822 649; x_wconf 62' lang='lat' dir='ltr'><strong>Saepe</strong></span> <span class='ocrx_word' id='word_1_71' title='bbox 834 613 905 640; x_wconf 88' lang='lat' dir='ltr'><strong>enim</strong></span> <span class='ocrx_word' id='word_1_72' title='bbox 916 613 996 645; x_wconf 87' lang='lat' dir='ltr'><strong>Deus,</strong></span> 
     </span>
    </p>
   </div>
   <div class='ocr_carea' id='block_1_12' title="bbox 205 658 997 694">
    <p class='ocr_par' dir='ltr' id='par_1_12' title="bbox 205 658 997 694">
     <span class='ocr_line' id='line_1_12' title="bbox 205 658 997 694; baseline -0.001 -7"><span class='ocrx_word' id='word_1_73' title='bbox 205 667 267 687; x_wconf 90' lang='lat' dir='ltr'><strong>cum</strong></span> <span class='ocrx_word' id='word_1_74' title='bbox 280 660 359 687; x_wconf 91' lang='lat' dir='ltr'><strong>dictis</strong></span> <span class='ocrx_word' id='word_1_75' title='bbox 380 660 469 687; x_wconf 79' lang='lat' dir='ltr'><strong>minus</strong></span> <span class='ocrx_word' id='word_1_76' title='bbox 495 660 604 693; x_wconf 81' lang='lat' dir='ltr'><strong>suadet,</strong></span> <span class='ocrx_word' id='word_1_77' title='bbox 619 668 709 688; x_wconf 87' lang='lat' dir='ltr'><strong>rerum</strong></span> <span class='ocrx_word' id='word_1_78' title='bbox 733 659 925 694; x_wconf 84' lang='lat' dir='ltr'><strong>experimentis</strong></span> <span class='ocrx_word' id='word_1_79' title='bbox 946 658 997 686; x_wconf 92' lang='lat' dir='ltr'><strong>do-</strong></span> 
     </span>
    </p>
   </div>
   <div class='ocr_carea' id='block_1_13' title="bbox 205 705 997 741">
    <p class='ocr_par' dir='ltr' id='par_1_13' title="bbox 205 705 997 741">
     <span class='ocr_line' id='line_1_13' title="bbox 205 705 997 741; baseline 0 -9"><span class='ocrx_word' id='word_1_80' title='bbox 205 706 320 733; x_wconf 92' lang='lat' dir='ltr'><strong>ctrinam</strong></span> <span class='ocrx_word' id='word_1_81' title='bbox 332 706 472 741; x_wconf 88' lang='lat' dir='ltr'><strong>permittit.</strong></span> <span class='ocrx_word' id='word_1_82' title='bbox 488 705 563 740; x_wconf 84' lang='lat' dir='ltr'><strong>Quod</strong></span> <span class='ocrx_word' id='word_1_83' title='bbox 581 711 610 734; x_wconf 87' lang='lat' dir='ltr'><strong>et</strong></span> <span class='ocrx_word' id='word_1_84' title='bbox 619 706 652 733; x_wconf 91' lang='lat' dir='ltr'><strong>ad</strong></span> <span class='ocrx_word' id='word_1_85' title='bbox 669 705 777 734; x_wconf 74' lang='lat' dir='ltr'><strong>Judteos</strong></span> <span class='ocrx_word' id='word_1_86' title='bbox 789 705 896 734; x_wconf 89' lang='lat' dir='ltr'><strong>dicebat</strong></span> <span class='ocrx_word' id='word_1_87' title='bbox 909 715 916 732; x_wconf 91' lang='lat'><strong><em>:</em></strong></span> <span class='ocrx_word' id='word_1_88' title='bbox 928 713 997 741; x_wconf 93' lang='lat' dir='ltr'><strong>quo-</strong></span> 
     </span>
    </p>
   </div>
   <div class='ocr_carea' id='block_1_14' title="bbox 206 751 999 788">
    <p class='ocr_par' dir='ltr' id='par_1_14' title="bbox 206 751 999 788">
     <span class='ocr_line' id='line_1_14' title="bbox 206 751 999 788; baseline 0 -10"><span class='ocrx_word' id='word_1_89' title='bbox 206 759 277 778; x_wconf 82' lang='lat' dir='ltr'><strong>niam</strong></span> <span class='ocrx_word' id='word_1_90' title='bbox 291 759 315 786; x_wconf 69' lang='lat' dir='ltr'><strong>qn</strong></span> <span class='ocrx_word' id='word_1_91' title='bbox 327 751 396 779; x_wconf 87' lang='lat' dir='ltr'><strong>idem</strong></span> <span class='ocrx_word' id='word_1_92' title='bbox 412 751 514 779; x_wconf 87' lang='lat' dir='ltr'><strong>inﬁnita</strong></span> <span class='ocrx_word' id='word_1_93' title='bbox 534 760 582 787; x_wconf 91' lang='lat' dir='ltr'><strong>per</strong></span> <span class='ocrx_word' id='word_1_94' title='bbox 601 752 746 788; x_wconf 85' lang='lat' dir='ltr'><strong>prophetas</strong></span> <span class='ocrx_word' id='word_1_95' title='bbox 767 752 848 780; x_wconf 84' lang='lat' dir='ltr'><strong>verba</strong></span> <span class='ocrx_word' id='word_1_96' title='bbox 863 759 924 779; x_wconf 92' lang='lat' dir='ltr'><strong>cum</strong></span> <span class='ocrx_word' id='word_1_97' title='bbox 947 752 999 779; x_wconf 89' lang='lat' dir='ltr'><strong>im-</strong></span> 
     </span>
    </p>
   </div>
   <div class='ocr_carea' id='block_1_15' title="bbox 206 797 999 834">
    <p class='ocr_par' dir='ltr' id='par_1_15' title="bbox 206 797 999 834">
     <span class='ocr_line' id='line_1_15' title="bbox 206 797 999 834; baseline 0.003 -10"><span class='ocrx_word' id='word_1_98' title='bbox 206 797 354 833; x_wconf 88' lang='lat' dir='ltr'><strong>pendisset,</strong></span> <span class='ocrx_word' id='word_1_99' title='bbox 367 805 420 826; x_wconf 89' lang='lat' dir='ltr'><strong>non</strong></span> <span class='ocrx_word' id='word_1_100' title='bbox 442 799 527 826; x_wconf 87' lang='lat' dir='ltr'><strong>suasit</strong></span> <span class='ocrx_word' id='word_1_101' title='bbox 548 807 635 832; x_wconf 89' lang='lat' dir='ltr'><strong>neque</strong></span> <span class='ocrx_word' id='word_1_102' title='bbox 654 799 754 831; x_wconf 80' lang='lat' dir='ltr'><strong>illexit;</strong></span> <span class='ocrx_word' id='word_1_103' title='bbox 771 798 929 834; x_wconf 85' lang='lat' dir='ltr'><strong>permittens</strong></span> <span class='ocrx_word' id='word_1_104' title='bbox 951 806 999 826; x_wconf 91' lang='lat' dir='ltr'><strong>eos</strong></span> 
     </span>
    </p>
   </div>
   <div class='ocr_carea' id='block_1_16' title="bbox 206 843 999 880">
    <p class='ocr_par' dir='ltr' id='par_1_16' title="bbox 206 843 999 880">
     <span class='ocr_line' id='line_1_16' title="bbox 206 843 999 880; baseline 0.003 -10"><span class='ocrx_word' id='word_1_105' title='bbox 206 851 254 878; x_wconf 88' lang='lat' dir='ltr'><strong>per</strong></span> <span class='ocrx_word' id='word_1_106' title='bbox 280 843 383 878; x_wconf 87' lang='lat' dir='ltr'><strong>ﬂagella</strong></span> <span class='ocrx_word' id='word_1_107' title='bbox 408 845 528 880; x_wconf 86' lang='lat' dir='ltr'><strong>corrigi,</strong></span> <span class='ocrx_word' id='word_1_108' title='bbox 557 845 622 872; x_wconf 87' lang='lat' dir='ltr'><strong>dicit</strong></span> <span class='ocrx_word' id='word_1_109' title='bbox 642 845 692 872; x_wconf 88' lang='lat' dir='ltr'><strong>illis</strong></span> <span class='ocrx_word' id='word_1_110' title='bbox 719 854 725 872; x_wconf 92' lang='lat'><strong>:</strong></span> <span class='ocrx_word' id='word_1_111' title='bbox 750 845 876 879; x_wconf 62' lang='lat' dir='ltr'><strong>Corripiet</strong></span> <span class='ocrx_word' id='word_1_112' title='bbox 908 850 932 871; x_wconf 86' lang='lat' dir='ltr'><strong>te</strong></span> <span class='ocrx_word' id='word_1_113' title='bbox 959 853 999 872; x_wconf 75' lang='lat' dir='ltr'><strong>re-</strong></span> 
     </span>
    </p>
   </div>
   <div class='ocr_carea' id='block_1_17' title="bbox 206 889 999 927">
    <p class='ocr_par' dir='ltr' id='par_1_17' title="bbox 206 889 999 927">
     <span class='ocr_line' id='line_1_17' title="bbox 206 889 999 927; baseline 0.001 -11"><span class='ocrx_word' id='word_1_114' title='bbox 206 890 280 916; x_wconf 83' lang='lat' dir='ltr'><strong>bellio</strong></span> <span class='ocrx_word' id='word_1_115' title='bbox 295 894 349 922; x_wconf 86' lang='lat' dir='ltr'><strong>tua,</strong></span> <span class='ocrx_word' id='word_1_116' title='bbox 359 894 382 916; x_wconf 83' lang='lat' dir='ltr'><strong>et</strong></span> <span class='ocrx_word' id='word_1_117' title='bbox 393 891 490 917; x_wconf 80' lang='lat' dir='ltr'><strong>malitia</strong></span> <span class='ocrx_word' id='word_1_118' title='bbox 508 896 554 917; x_wconf 81' lang='lat' dir='ltr'><strong>tua</strong></span> <span class='ocrx_word' id='word_1_119' title='bbox 566 896 656 927; x_wconf 84' lang='lat' dir='ltr'><strong>arguet</strong></span> <span class='ocrx_word' id='word_1_120' title='bbox 677 897 700 918; x_wconf 93' lang='lat' dir='ltr'><strong>te</strong></span> <span class='ocrx_word' id='word_1_121' title='bbox 713 891 778 927; x_wconf 86' lang='lat' dir='ltr'><strong>(Jer.</strong></span> <span class='ocrx_word' id='word_1_122' title='bbox 795 891 822 917; x_wconf 75' lang='lat'><strong>2.</strong></span> <span class='ocrx_word' id='word_1_123' title='bbox 844 889 899 926; x_wconf 79' lang='lat' dir='ltr'><strong>i9).</strong></span> <span class='ocrx_word' id='word_1_124' title='bbox 911 890 999 925; x_wconf 91' lang='lat' dir='ltr'><strong>Opor-</strong></span> 
     </span>
    </p>
   </div>
   <div class='ocr_carea' id='block_1_18' title="bbox 207 937 999 972">
    <p class='ocr_par' dir='ltr' id='par_1_18' title="bbox 207 937 999 972">
     <span class='ocr_line' id='line_1_18' title="bbox 207 937 999 972; baseline 0.003 -10"><span class='ocrx_word' id='word_1_125' title='bbox 207 940 294 963; x_wconf 90' lang='lat' dir='ltr'><strong>ltterat</strong></span> <span class='ocrx_word' id='word_1_126' title='bbox 330 937 417 971; x_wconf 89' lang='lat' dir='ltr'><strong>ipsum</strong></span> <span class='ocrx_word' id='word_1_127' title='bbox 457 937 564 972; x_wconf 82' lang='lat' dir='ltr'><strong>quidem</strong></span> <span class='ocrx_word' id='word_1_128' title='bbox 603 937 656 965; x_wconf 88' lang='lat' dir='ltr'><strong>ﬁdc</strong></span> <span class='ocrx_word' id='word_1_129' title='bbox 682 937 791 972; x_wconf 90' lang='lat' dir='ltr'><strong>dignum</strong></span> <span class='ocrx_word' id='word_1_130' title='bbox 826 937 919 964; x_wconf 89' lang='lat' dir='ltr'><strong>haberi</strong></span> <span class='ocrx_word' id='word_1_131' title='bbox 956 937 999 964; x_wconf 85' lang='lat' dir='ltr'><strong>vel</strong></span> 
     </span>
    </p>
   </div>
   <div class='ocr_carea' id='block_1_19' title="bbox 204 983 1000 1019">
    <p class='ocr_par' dir='ltr' id='par_1_19' title="bbox 204 983 1000 1019">
     <span class='ocr_line' id='line_1_19' title="bbox 204 983 1000 1019; baseline 0.001 -10"><span class='ocrx_word' id='word_1_132' title='bbox 204 987 267 1010; x_wconf 86' lang='lat' dir='ltr'><strong>ante</strong></span> <span class='ocrx_word' id='word_1_133' title='bbox 282 983 399 1017; x_wconf 89' lang='lat' dir='ltr'><strong>ipsarum</strong></span> <span class='ocrx_word' id='word_1_134' title='bbox 413 991 501 1010; x_wconf 85' lang='lat' dir='ltr'><strong>rerum</strong></span> <span class='ocrx_word' id='word_1_135' title='bbox 512 988 636 1012; x_wconf 89' lang='lat' dir='ltr'><strong>eventum</strong></span> <span class='ocrx_word' id='word_1_136' title='bbox 647 992 654 1017; x_wconf 80' lang='grc'>;</span> <span class='ocrx_word' id='word_1_137' title='bbox 665 984 790 1019; x_wconf 89' lang='lat' dir='ltr'><strong>quoniam</strong></span> <span class='ocrx_word' id='word_1_138' title='bbox 804 991 867 1012; x_wconf 70' lang='grc' dir='ltr'><strong>νει-ο</strong></span> <span class='ocrx_word' id='word_1_139' title='bbox 877 988 931 1010; x_wconf 89' lang='lat' dir='ltr'><strong>tam</strong></span> <span class='ocrx_word' id='word_1_140' title='bbox 943 988 1000 1011; x_wconf 86' lang='lat' dir='ltr'><strong>stu-</strong></span> 
     </span>
    </p>
   </div>
   <div class='ocr_carea' id='block_1_20' title="bbox 206 1027 998 1062">
    <p class='ocr_par' dir='ltr' id='par_1_20' title="bbox 206 1027 998 1062">
     <span class='ocr_line' id='line_1_20' title="bbox 206 1027 998 1062; baseline 0.003 -8"><span class='ocrx_word' id='word_1_141' title='bbox 206 1027 260 1062; x_wconf 91' lang='lat' dir='ltr'><strong>pidi</strong></span> <span class='ocrx_word' id='word_1_142' title='bbox 274 1027 390 1060; x_wconf 84' lang='lat' dir='ltr'><strong>fuerunt,</strong></span> <span class='ocrx_word' id='word_1_143' title='bbox 403 1033 433 1055; x_wconf 91' lang='lat' dir='ltr'><strong>ut</strong></span> <span class='ocrx_word' id='word_1_144' title='bbox 445 1036 478 1056; x_wconf 88' lang='lat' dir='ltr'><strong>eo</strong></span> <span class='ocrx_word' id='word_1_145' title='bbox 489 1034 615 1057; x_wconf 70' lang='lat' dir='ltr'><strong>moriente</strong></span> <span class='ocrx_word' id='word_1_146' title='bbox 628 1034 655 1057; x_wconf 90' lang='lat' dir='ltr'><strong>et</strong></span> <span class='ocrx_word' id='word_1_147' title='bbox 667 1029 825 1057; x_wconf 87' lang='lat' dir='ltr'><strong>consulente</strong></span> <span class='ocrx_word' id='word_1_148' title='bbox 839 1037 892 1057; x_wconf 91' lang='lat' dir='ltr'><strong>non</strong></span> <span class='ocrx_word' id='word_1_149' title='bbox 903 1029 998 1057; x_wconf 87' lang='lat' dir='ltr'><strong>crede-</strong></span> 
     </span>
    </p>
   </div>
   <div class='ocr_carea' id='block_1_21' title="bbox 205 1076 1000 1111">
    <p class='ocr_par' dir='ltr' id='par_1_21' title="bbox 205 1076 1000 1111">
     <span class='ocr_line' id='line_1_21' title="bbox 205 1076 1000 1111; baseline 0.005 -11"><span class='ocrx_word' id='word_1_150' title='bbox 205 1077 275 1107; x_wconf 83' lang='lat' dir='ltr'><strong>rent,</strong></span> <span class='ocrx_word' id='word_1_151' title='bbox 290 1083 350 1101; x_wconf 92' lang='lat' dir='ltr'><strong>cum</strong></span> <span class='ocrx_word' id='word_1_152' title='bbox 369 1082 417 1103; x_wconf 90' lang='lat' dir='ltr'><strong>eos</strong></span> <span class='ocrx_word' id='word_1_153' title='bbox 438 1076 511 1110; x_wconf 90' lang='lat' dir='ltr'><strong>prius</strong></span> <span class='ocrx_word' id='word_1_154' title='bbox 524 1077 706 1111; x_wconf 76' lang='lat' dir='ltr'><strong>repressisset,</strong></span> <span class='ocrx_word' id='word_1_155' title='bbox 727 1084 761 1104; x_wconf 88' lang='lat' dir='ltr'><strong>ne</strong></span> <span class='ocrx_word' id='word_1_156' title='bbox 774 1077 882 1104; x_wconf 67' lang='lat' dir='ltr'><strong>malitiae</strong></span> <span class='ocrx_word' id='word_1_157' title='bbox 896 1076 1000 1104; x_wconf 90' lang='lat' dir='ltr'><strong>obtem-</strong></span> 
     </span>
    </p>
   </div>
   <div class='ocr_carea' id='block_1_22' title="bbox 204 1121 999 1159">
    <p class='ocr_par' dir='ltr' id='par_1_22' title="bbox 204 1121 999 1159">
     <span class='ocr_line' id='line_1_22' title="bbox 204 1121 999 1159; baseline 0.004 -12"><span class='ocrx_word' id='word_1_158' title='bbox 204 1124 340 1154; x_wconf 82' lang='lat' dir='ltr'><strong>perarent,</strong></span> <span class='ocrx_word' id='word_1_159' title='bbox 357 1121 477 1156; x_wconf 86' lang='lat' dir='ltr'><strong>permisit</strong></span> <span class='ocrx_word' id='word_1_160' title='bbox 489 1129 537 1150; x_wconf 91' lang='lat' dir='ltr'><strong>eos</strong></span> <span class='ocrx_word' id='word_1_161' title='bbox 551 1130 639 1150; x_wconf 87' lang='lat' dir='ltr'><strong>rerum</strong></span> <span class='ocrx_word' id='word_1_162' title='bbox 650 1127 749 1151; x_wconf 87' lang='lat' dir='ltr'><strong>eventu</strong></span> <span class='ocrx_word' id='word_1_163' title='bbox 763 1124 870 1158; x_wconf 90' lang='lat' dir='ltr'><strong>corrigi,</strong></span> <span class='ocrx_word' id='word_1_164' title='bbox 886 1131 940 1159; x_wconf 90' lang='lat' dir='ltr'><strong>quo</strong></span> <span class='ocrx_word' id='word_1_165' title='bbox 957 1123 999 1150; x_wconf 90' lang='lat' dir='ltr'><strong>vel</strong></span> 
     </span>
    </p>
   </div>
   <div class='ocr_carea' id='block_1_23' title="bbox 204 1165 999 1203">
    <p class='ocr_par' dir='ltr' id='par_1_23' title="bbox 204 1165 999 1203">
     <span class='ocr_line' id='line_1_23' title="bbox 204 1165 999 1203; baseline 0.005 -11"><span class='ocrx_word' id='word_1_166' title='bbox 204 1165 244 1192; x_wconf 89' lang='lat' dir='ltr'><strong>sic</strong></span> <span class='ocrx_word' id='word_1_167' title='bbox 266 1173 313 1193; x_wconf 90' lang='lat' dir='ltr'><strong>eos</strong></span> <span class='ocrx_word' id='word_1_168' title='bbox 333 1171 513 1201; x_wconf 87' lang='lat' dir='ltr'><strong>recuperaret.</strong></span> <span class='ocrx_word' id='word_1_169' title='bbox 530 1167 672 1203; x_wconf 85' lang='lat' dir='ltr'><strong>Postquam</strong></span> <span class='ocrx_word' id='word_1_170' title='bbox 688 1168 767 1203; x_wconf 79' lang='lat' dir='ltr'><strong>igitur</strong></span> <span class='ocrx_word' id='word_1_171' title='bbox 781 1169 932 1197; x_wconf 86' lang='lat' dir='ltr'><strong>concedens</strong></span> <span class='ocrx_word' id='word_1_172' title='bbox 955 1169 999 1196; x_wconf 91' lang='lat' dir='ltr'><strong>ille</strong></span> 
     </span>
    </p>
   </div>
   <div class='ocr_carea' id='block_1_24' title="bbox 204 1211 998 1250">
    <p class='ocr_par' dir='ltr' id='par_1_24' title="bbox 204 1211 998 1250">
     <span class='ocr_line' id='line_1_24' title="bbox 204 1211 998 1250; baseline 0.003 -12"><span class='ocrx_word' id='word_1_173' title='bbox 204 1211 341 1247; x_wconf 85' lang='lat' dir='ltr'><strong>prodigus,</strong></span> <span class='ocrx_word' id='word_1_174' title='bbox 366 1213 392 1240; x_wconf 95' lang='lat' dir='ltr'><strong>in</strong></span> <span class='ocrx_word' id='word_1_175' title='bbox 412 1213 525 1241; x_wconf 87' lang='lat' dir='ltr'><strong>alienam</strong></span> <span class='ocrx_word' id='word_1_176' title='bbox 544 1218 642 1241; x_wconf 90' lang='lat' dir='ltr'><strong>terram</strong></span> <span class='ocrx_word' id='word_1_177' title='bbox 665 1215 746 1242; x_wconf 87' lang='lat' dir='ltr'><strong>rebus</strong></span> <span class='ocrx_word' id='word_1_178' title='bbox 761 1215 825 1250; x_wconf 89' lang='lat' dir='ltr'><strong>ipsis</strong></span> <span class='ocrx_word' id='word_1_179' title='bbox 847 1215 998 1249; x_wconf 79' lang='lat' dir='ltr'><strong>perdidicit,</strong></span> 
     </span>
    </p>
   </div>
   <div class='ocr_carea' id='block_1_25' title="bbox 204 1258 998 1294">
    <p class='ocr_par' dir='ltr' id='par_1_25' title="bbox 204 1258 998 1294">
     <span class='ocr_line' id='line_1_25' title="bbox 204 1258 998 1294; baseline 0.006 -10"><span class='ocrx_word' id='word_1_180' title='bbox 204 1258 268 1292; x_wconf 89' lang='lat' dir='ltr'><strong>quid</strong></span> <span class='ocrx_word' id='word_1_181' title='bbox 286 1258 347 1286; x_wconf 91' lang='lat' dir='ltr'><strong>mali</strong></span> <span class='ocrx_word' id='word_1_182' title='bbox 361 1259 396 1286; x_wconf 91' lang='lat' dir='ltr'><strong>sit</strong></span> <span class='ocrx_word' id='word_1_183' title='bbox 416 1264 527 1294; x_wconf 88' lang='lat' dir='ltr'><strong>paterna</strong></span> <span class='ocrx_word' id='word_1_184' title='bbox 540 1260 621 1288; x_wconf 92' lang='lat' dir='ltr'><strong>domo</strong></span> <span class='ocrx_word' id='word_1_185' title='bbox 644 1261 783 1294; x_wconf 85' lang='lat' dir='ltr'><strong>excidere,</strong></span> <span class='ocrx_word' id='word_1_186' title='bbox 800 1266 827 1289; x_wconf 88' lang='lat' dir='ltr'><strong>et</strong></span> <span class='ocrx_word' id='word_1_187' title='bbox 841 1262 930 1294; x_wconf 88' lang='lat' dir='ltr'><strong>rediit,</strong></span> <span class='ocrx_word' id='word_1_188' title='bbox 945 1270 998 1289; x_wconf 92' lang='lat' dir='ltr'><strong>non</strong></span> 
     </span>
    </p>
   </div>
   <div class='ocr_carea' id='block_1_26' title="bbox 204 1303 999 1343">
    <p class='ocr_par' dir='ltr' id='par_1_26' title="bbox 204 1303 999 1343">
     <span class='ocr_line' id='line_1_26' title="bbox 204 1303 999 1343; baseline 0.008 -13"><span class='ocrx_word' id='word_1_189' title='bbox 204 1303 254 1330; x_wconf 88' lang='lat' dir='ltr'><strong>fuit</strong></span> <span class='ocrx_word' id='word_1_190' title='bbox 269 1311 372 1331; x_wconf 88' lang='lat' dir='ltr'><strong>mcmor</strong></span> <span class='ocrx_word' id='word_1_191' title='bbox 393 1305 496 1340; x_wconf 71' lang='lat' dir='ltr'><strong>injuria:</strong></span> <span class='ocrx_word' id='word_1_192' title='bbox 519 1310 611 1340; x_wconf 87' lang='lat' dir='ltr'><strong>pater,</strong></span> <span class='ocrx_word' id='word_1_193' title='bbox 633 1307 679 1334; x_wconf 89' lang='lat' dir='ltr'><strong>sed</strong></span> <span class='ocrx_word' id='word_1_194' title='bbox 695 1308 780 1342; x_wconf 87' lang='lat' dir='ltr'><strong>passis</strong></span> <span class='ocrx_word' id='word_1_195' title='bbox 798 1315 861 1335; x_wconf 91' lang='lat' dir='ltr'><strong>eum</strong></span> <span class='ocrx_word' id='word_1_196' title='bbox 879 1309 999 1343; x_wconf 88' lang='lat' dir='ltr'><strong>suscepit</strong></span> 
     </span>
    </p>
   </div>
   <div class='ocr_carea' id='block_1_27' title="bbox 205 1349 1000 1388">
    <p class='ocr_par' dir='ltr' id='par_1_27' title="bbox 205 1349 1000 1388">
     <span class='ocr_line' id='line_1_27' title="bbox 205 1349 1000 1388; baseline 0.008 -13"><span class='ocrx_word' id='word_1_197' title='bbox 205 1349 337 1377; x_wconf 89' lang='lat' dir='ltr'><strong>manibus.</strong></span> <span class='ocrx_word' id='word_1_198' title='bbox 350 1349 420 1384; x_wconf 86' lang='lat' dir='ltr'><strong>Quid</strong></span> <span class='ocrx_word' id='word_1_199' title='bbox 443 1351 498 1378; x_wconf 78' lang='lat' dir='ltr'><strong>ita?</strong></span> <span class='ocrx_word' id='word_1_200' title='bbox 512 1351 579 1384; x_wconf 87' lang='lat' dir='ltr'><strong>Quia</strong></span> <span class='ocrx_word' id='word_1_201' title='bbox 600 1357 691 1388; x_wconf 88' lang='lat' dir='ltr'><strong>pater,</strong></span> <span class='ocrx_word' id='word_1_202' title='bbox 707 1360 760 1380; x_wconf 91' lang='lat' dir='ltr'><strong>non</strong></span> <span class='ocrx_word' id='word_1_203' title='bbox 779 1352 862 1388; x_wconf 85' lang='lat' dir='ltr'><strong>judex</strong></span> <span class='ocrx_word' id='word_1_204' title='bbox 883 1359 950 1381; x_wconf 90' lang='lat' dir='ltr'><strong>erat.</strong></span> <span class='ocrx_word' id='word_1_205' title='bbox 966 1354 1000 1381; x_wconf 85' lang='lat' dir='ltr'><strong>Et</strong></span> 
     </span>
    </p>
   </div>
   <div class='ocr_carea' id='block_1_28' title="bbox 204 1394 996 1433">
    <p class='ocr_par' dir='ltr' id='par_1_28' title="bbox 204 1394 996 1433">
     <span class='ocr_line' id='line_1_28' title="bbox 204 1394 996 1433; baseline 0.01 -13"><span class='ocrx_word' id='word_1_206' title='bbox 204 1394 315 1422; x_wconf 64' lang='lat' dir='ltr'><strong>choreae.</strong></span> <span class='ocrx_word' id='word_1_207' title='bbox 324 1399 350 1422; x_wconf 87' lang='lat' dir='ltr'><strong>et</strong></span> <span class='ocrx_word' id='word_1_208' title='bbox 359 1397 444 1431; x_wconf 65' lang='lat' dir='ltr'><strong>epulae</strong></span> <span class='ocrx_word' id='word_1_209' title='bbox 457 1401 483 1425; x_wconf 90' lang='lat' dir='ltr'><strong>et</strong></span> <span class='ocrx_word' id='word_1_210' title='bbox 497 1397 558 1425; x_wconf 88' lang='lat' dir='ltr'><strong>festi</strong></span> <span class='ocrx_word' id='word_1_211' title='bbox 573 1403 720 1426; x_wconf 89' lang='lat' dir='ltr'><strong>conventus</strong></span> <span class='ocrx_word' id='word_1_212' title='bbox 732 1399 828 1427; x_wconf 90' lang='lat' dir='ltr'><strong>deinde</strong></span> <span class='ocrx_word' id='word_1_213' title='bbox 843 1400 904 1427; x_wconf 90' lang='lat' dir='ltr'><strong>facti</strong></span> <span class='ocrx_word' id='word_1_214' title='bbox 918 1405 979 1428; x_wconf 88' lang='lat' dir='ltr'><strong>sunt</strong></span> <span class='ocrx_word' id='word_1_215' title='bbox 988 1421 996 1433; x_wconf 82' lang='lat'><strong>,</strong></span> 
     </span>
    </p>
   </div>
   <div class='ocr_carea' id='block_1_29' title="bbox 204 1440 999 1479">
    <p class='ocr_par' dir='ltr' id='par_1_29' title="bbox 204 1440 999 1479">
     <span class='ocr_line' id='line_1_29' title="bbox 204 1440 999 1479; baseline 0.009 -12"><span class='ocrx_word' id='word_1_216' title='bbox 204 1440 317 1476; x_wconf 63' lang='lat' dir='ltr'><strong>laetaque</strong></span> <span class='ocrx_word' id='word_1_217' title='bbox 331 1446 358 1469; x_wconf 91' lang='lat' dir='ltr'><strong>et</strong></span> <span class='ocrx_word' id='word_1_218' title='bbox 370 1442 489 1478; x_wconf 78' lang='lat' dir='ltr'><strong>gaudens</strong></span> <span class='ocrx_word' id='word_1_219' title='bbox 504 1448 563 1471; x_wconf 88' lang='lat' dir='ltr'><strong>erat</strong></span> <span class='ocrx_word' id='word_1_220' title='bbox 575 1444 680 1471; x_wconf 92' lang='lat' dir='ltr'><strong>domus.</strong></span> <span class='ocrx_word' id='word_1_221' title='bbox 699 1444 767 1479; x_wconf 87' lang='lat' dir='ltr'><strong>Quid</strong></span> <span class='ocrx_word' id='word_1_222' title='bbox 781 1445 866 1473; x_wconf 86' lang='lat' dir='ltr'><strong>dicis?</strong></span> <span class='ocrx_word' id='word_1_223' title='bbox 881 1445 999 1474; x_wconf 69' lang='lat' dir='ltr'><strong>liteccine</strong></span> 
     </span>
    </p>
   </div>
   <div class='ocr_carea' id='block_1_30' title="bbox 203 1487 998 1524">
    <p class='ocr_par' dir='ltr' id='par_1_30' title="bbox 203 1487 998 1524">
     <span class='ocr_line' id='line_1_30' title="bbox 203 1487 998 1524; baseline 0.009 -12"><span class='ocrx_word' id='word_1_224' title='bbox 203 1490 266 1513; x_wconf 87' lang='lat' dir='ltr'><strong>sunt</strong></span> <span class='ocrx_word' id='word_1_225' title='bbox 279 1487 387 1515; x_wconf 67' lang='lat' dir='ltr'><strong>malitiae</strong></span> <span class='ocrx_word' id='word_1_226' title='bbox 401 1489 508 1523; x_wconf 72' lang='lat' dir='ltr'><strong>prtemia</strong></span> <span class='ocrx_word' id='word_1_227' title='bbox 519 1490 531 1516; x_wconf 81' lang='lat'><strong>?</strong></span> <span class='ocrx_word' id='word_1_228' title='bbox 544 1489 601 1517; x_wconf 88' lang='lat' dir='ltr'><strong>Non</strong></span> <span class='ocrx_word' id='word_1_229' title='bbox 621 1490 740 1524; x_wconf 78' lang='lat' dir='ltr'><strong>malitiae,</strong></span> <span class='ocrx_word' id='word_1_230' title='bbox 753 1498 770 1518; x_wconf 93' lang='lat' dir='ltr'><strong>o</strong></span> <span class='ocrx_word' id='word_1_231' title='bbox 781 1490 872 1524; x_wconf 86' lang='lat' dir='ltr'><strong>homo,</strong></span> <span class='ocrx_word' id='word_1_232' title='bbox 891 1491 938 1519; x_wconf 90' lang='lat' dir='ltr'><strong>sed</strong></span> <span class='ocrx_word' id='word_1_233' title='bbox 953 1499 998 1520; x_wconf 88' lang='lat' dir='ltr'><strong>re-</strong></span> 
     </span>
    </p>
   </div>
   <div class='ocr_carea' id='block_1_31' title="bbox 202 1532 997 1572">
    <p class='ocr_par' dir='ltr' id='par_1_31' title="bbox 202 1532 997 1572">
     <span class='ocr_line' id='line_1_31' title="bbox 202 1532 997 1572; baseline 0.008 -13"><span class='ocrx_word' id='word_1_234' title='bbox 202 1532 275 1560; x_wconf 88' lang='lat' dir='ltr'><strong>ditus</strong></span> <span class='ocrx_word' id='word_1_235' title='bbox 288 1541 295 1559; x_wconf 90' lang='lat'><strong>:</strong></span> <span class='ocrx_word' id='word_1_236' title='bbox 311 1541 363 1561; x_wconf 88' lang='lat' dir='ltr'><strong>non</strong></span> <span class='ocrx_word' id='word_1_237' title='bbox 377 1535 494 1570; x_wconf 75' lang='lat' dir='ltr'><strong>peccati,</strong></span> <span class='ocrx_word' id='word_1_238' title='bbox 505 1535 552 1563; x_wconf 89' lang='lat' dir='ltr'><strong>sed</strong></span> <span class='ocrx_word' id='word_1_239' title='bbox 569 1536 733 1571; x_wconf 69' lang='lat' dir='ltr'><strong>poenitentia:</strong></span> <span class='ocrx_word' id='word_1_240' title='bbox 748 1546 754 1564; x_wconf 87' lang='lat'><strong>:</strong></span> <span class='ocrx_word' id='word_1_241' title='bbox 771 1543 824 1564; x_wconf 91' lang='lat' dir='ltr'><strong>non</strong></span> <span class='ocrx_word' id='word_1_242' title='bbox 838 1537 997 1572; x_wconf 88' lang='lat' dir='ltr'><strong>improbita-</strong></span> 
     </span>
    </p>
   </div>
   <div class='ocr_carea' id='block_1_32' title="bbox 203 1578 999 1619">
    <p class='ocr_par' dir='ltr' id='par_1_32' title="bbox 203 1578 999 1619">
     <span class='ocr_line' id='line_1_32' title="bbox 203 1578 999 1619; baseline 0.009 -15"><span class='ocrx_word' id='word_1_243' title='bbox 203 1578 248 1610; x_wconf 88' lang='lat' dir='ltr'><strong>tis,</strong></span> <span class='ocrx_word' id='word_1_244' title='bbox 260 1579 307 1606; x_wconf 90' lang='lat' dir='ltr'><strong>sed</strong></span> <span class='ocrx_word' id='word_1_245' title='bbox 321 1579 346 1607; x_wconf 91' lang='lat' dir='ltr'><strong>in</strong></span> <span class='ocrx_word' id='word_1_246' title='bbox 360 1581 456 1608; x_wconf 91' lang='lat' dir='ltr'><strong>melius</strong></span> <span class='ocrx_word' id='word_1_247' title='bbox 471 1582 626 1610; x_wconf 87' lang='lat' dir='ltr'><strong>mutationis</strong></span> <span class='ocrx_word' id='word_1_248' title='bbox 641 1591 648 1610; x_wconf 89' lang='lat'><strong>:</strong></span> <span class='ocrx_word' id='word_1_249' title='bbox 667 1587 695 1610; x_wconf 91' lang='lat' dir='ltr'><strong>et</strong></span> <span class='ocrx_word' id='word_1_250' title='bbox 709 1583 780 1618; x_wconf 90' lang='lat' dir='ltr'><strong>quod</strong></span> <span class='ocrx_word' id='word_1_251' title='bbox 794 1588 835 1611; x_wconf 88' lang='lat' dir='ltr'><strong>est</strong></span> <span class='ocrx_word' id='word_1_252' title='bbox 853 1584 950 1619; x_wconf 89' lang='lat' dir='ltr'><strong>majus,</strong></span> <span class='ocrx_word' id='word_1_253' title='bbox 964 1583 999 1612; x_wconf 92' lang='lat' dir='ltr'><strong>de</strong></span> 
     </span>
    </p>
   </div>
   <div class='ocr_carea' id='block_1_33' title="bbox 203 1622 998 1664">
    <p class='ocr_par' dir='ltr' id='par_1_33' title="bbox 203 1622 998 1664">
     <span class='ocr_line' id='line_1_33' title="bbox 203 1622 998 1664; baseline 0.01 -15"><span class='ocrx_word' id='word_1_254' title='bbox 203 1622 245 1650; x_wconf 91' lang='lat' dir='ltr'><strong>bis</strong></span> <span class='ocrx_word' id='word_1_255' title='bbox 260 1624 410 1659; x_wconf 85' lang='lat' dir='ltr'><strong>indignatus</strong></span> <span class='ocrx_word' id='word_1_256' title='bbox 429 1631 470 1654; x_wconf 90' lang='lat' dir='ltr'><strong>est</strong></span> <span class='ocrx_word' id='word_1_257' title='bbox 485 1627 572 1662; x_wconf 83' lang='lat' dir='ltr'><strong>major</strong></span> <span class='ocrx_word' id='word_1_258' title='bbox 590 1627 675 1660; x_wconf 85' lang='lat' dir='ltr'><strong>ﬁlius;</strong></span> <span class='ocrx_word' id='word_1_259' title='bbox 701 1628 743 1656; x_wconf 91' lang='lat' dir='ltr'><strong>hic</strong></span> <span class='ocrx_word' id='word_1_260' title='bbox 757 1634 846 1657; x_wconf 90' lang='lat' dir='ltr'><strong>autem</strong></span> <span class='ocrx_word' id='word_1_261' title='bbox 865 1634 892 1657; x_wconf 85' lang='lat' dir='ltr'><strong>et</strong></span> <span class='ocrx_word' id='word_1_262' title='bbox 911 1629 998 1664; x_wconf 88' lang='lat' dir='ltr'><strong>ipsum</strong></span> 
     </span>
    </p>
   </div>
   <div class='ocr_carea' id='block_1_34' title="bbox 203 1672 995 1711">
    <p class='ocr_par' dir='ltr' id='par_1_34' title="bbox 203 1672 995 1711">
     <span class='ocr_line' id='line_1_34' title="bbox 203 1672 995 1711; baseline 0.008 -16"><span class='ocrx_word' id='word_1_263' title='bbox 203 1675 340 1698; x_wconf 86' lang='lat' dir='ltr'><strong>mansuete</strong></span> <span class='ocrx_word' id='word_1_264' title='bbox 353 1672 499 1707; x_wconf 87' lang='lat' dir='ltr'><strong>mitigavit,</strong></span> <span class='ocrx_word' id='word_1_265' title='bbox 513 1673 606 1701; x_wconf 85' lang='lat' dir='ltr'><strong>dicens</strong></span> <span class='ocrx_word' id='word_1_266' title='bbox 622 1682 629 1702; x_wconf 90' lang='lat'>:</span> <span class='ocrx_word' id='word_1_267' title='bbox 644 1674 771 1708; x_wconf 82' lang='lat' dir='ltr'><strong>Quoniam</strong></span> <span class='ocrx_word' id='word_1_268' title='bbox 784 1680 811 1702; x_wconf 90' lang='lat' dir='ltr'><strong>tu</strong></span> <span class='ocrx_word' id='word_1_269' title='bbox 822 1676 923 1711; x_wconf 79' lang='lat' dir='ltr'><strong>quidem</strong></span> <span class='ocrx_word' id='word_1_270' title='bbox 933 1684 995 1703; x_wconf 75' lang='lat' dir='ltr'><strong>sem.</strong></span> 
     </span>
    </p>
   </div>
   <div class='ocr_carea' id='block_1_35' title="bbox 202 1719 997 1754">
    <p class='ocr_par' dir='ltr' id='par_1_35' title="bbox 202 1719 997 1754">
     <span class='ocr_line' id='line_1_35' title="bbox 202 1719 997 1754; baseline 0.009 -12"><span class='ocrx_word' id='word_1_271' title='bbox 202 1724 248 1751; x_wconf 75' lang='lat' dir='ltr'><strong>per</strong></span> <span class='ocrx_word' id='word_1_272' title='bbox 260 1724 356 1744; x_wconf 83' lang='lat' dir='ltr'><strong>mecum</strong></span> <span class='ocrx_word' id='word_1_273' title='bbox 367 1726 404 1751; x_wconf 71' lang='lat' dir='ltr'><strong>es,</strong></span> <span class='ocrx_word' id='word_1_274' title='bbox 419 1719 459 1745; x_wconf 81' lang='lat' dir='ltr'><strong>Iu&#39;c</strong></span> <span class='ocrx_word' id='word_1_275' title='bbox 473 1727 530 1746; x_wconf 77' lang='lat' dir='ltr'><strong>vero</strong></span> <span class='ocrx_word' id='word_1_276' title='bbox 545 1720 663 1754; x_wconf 82' lang='lat' dir='ltr'><strong>perierat,</strong></span> <span class='ocrx_word' id='word_1_277' title='bbox 680 1725 703 1748; x_wconf 87' lang='lat' dir='ltr'><strong>et</strong></span> <span class='ocrx_word' id='word_1_278' title='bbox 723 1721 839 1748; x_wconf 71' lang='lat' dir='ltr'><strong>inventus</strong></span> <span class='ocrx_word' id='word_1_279' title='bbox 859 1726 896 1749; x_wconf 78' lang='lat' dir='ltr'><strong>est</strong></span> <span class='ocrx_word' id='word_1_280' title='bbox 906 1730 916 1749; x_wconf 94' lang='lat'><em>:</em></span> <span class='ocrx_word' id='word_1_281' title='bbox 925 1730 997 1748; x_wconf 89' lang='lat' dir='ltr'><strong>mor-</strong></span> 
     </span>
    </p>
   </div>
   <div class='ocr_carea' id='block_1_36' title="bbox 203 1763 997 1803">
    <p class='ocr_par' dir='ltr' id='par_1_36' title="bbox 203 1763 997 1803">
     <span class='ocr_line' id='line_1_36' title="bbox 203 1763 997 1803; baseline 0.01 -16"><span class='ocrx_word' id='word_1_282' title='bbox 203 1766 261 1788; x_wconf 75' lang='lat' dir='ltr'><strong>tuus</strong></span> <span class='ocrx_word' id='word_1_283' title='bbox 271 1767 334 1795; x_wconf 88' lang='lat' dir='ltr'><strong>erat,</strong></span> <span class='ocrx_word' id='word_1_284' title='bbox 343 1764 461 1791; x_wconf 72' lang='lat' dir='ltr'><strong>etrevizt&#39;t</strong></span> <span class='ocrx_word' id='word_1_285' title='bbox 469 1763 478 1801; x_wconf 97' lang='lat'><strong>(</strong></span> <span class='ocrx_word' id='word_1_286' title='bbox 482 1764 627 1798; x_wconf 68' lang='lat' dir='ltr'><strong>Luc.15,5i</strong></span> <span class='ocrx_word' id='word_1_287' title='bbox 634 1786 640 1791; x_wconf 91' lang='lat'><em>.</em></span> <span class='ocrx_word' id='word_1_288' title='bbox 653 1767 708 1801; x_wconf 72' lang='lat'><strong>32).</strong></span> <span class='ocrx_word' id='word_1_289' title='bbox 720 1766 786 1794; x_wconf 88' lang='lat' dir='ltr'><strong>Cum</strong></span> <span class='ocrx_word' id='word_1_290' title='bbox 793 1775 858 1795; x_wconf 87' lang='lat' dir='ltr'><strong>vero</strong></span> <span class='ocrx_word' id='word_1_291' title='bbox 865 1768 997 1803; x_wconf 86' lang='lat' dir='ltr'><strong>perditum</strong></span> 
     </span>
    </p>
   </div>
   <div class='ocr_carea' id='block_1_37' title="bbox 201 1810 997 1848">
    <p class='ocr_par' dir='ltr' id='par_1_37' title="bbox 201 1810 997 1848">
     <span class='ocr_line' id='line_1_37' title="bbox 201 1810 997 1848; baseline 0.011 -15"><span class='ocrx_word' id='word_1_292' title='bbox 201 1814 310 1835; x_wconf 78' lang='lat' dir='ltr'><strong>servare</strong></span> <span class='ocrx_word' id='word_1_293' title='bbox 323 1813 439 1843; x_wconf 85' lang='lat' dir='ltr'><strong>oportet,</strong></span> <span class='ocrx_word' id='word_1_294' title='bbox 456 1810 550 1845; x_wconf 89' lang='lat' dir='ltr'><strong>inquit,</strong></span> <span class='ocrx_word' id='word_1_295' title='bbox 567 1818 620 1839; x_wconf 92' lang='lat' dir='ltr'><strong>non</strong></span> <span class='ocrx_word' id='word_1_296' title='bbox 639 1811 730 1846; x_wconf 84' lang='lat' dir='ltr'><strong>judicii</strong></span> <span class='ocrx_word' id='word_1_297' title='bbox 755 1817 862 1848; x_wconf 88' lang='lat' dir='ltr'><strong>tempus</strong></span> <span class='ocrx_word' id='word_1_298' title='bbox 875 1817 926 1847; x_wconf 87' lang='lat' dir='ltr'><strong>est,</strong></span> <span class='ocrx_word' id='word_1_299' title='bbox 950 1822 997 1842; x_wconf 91' lang='lat' dir='ltr'><strong>ne-</strong></span> 
     </span>
    </p>
   </div>
   <div class='ocr_carea' id='block_1_38' title="bbox 201 1853 997 1896">
    <p class='ocr_par' dir='ltr' id='par_1_38' title="bbox 201 1853 997 1896">
     <span class='ocr_line' id='line_1_38' title="bbox 201 1853 997 1896; baseline 0.011 -17"><span class='ocrx_word' id='word_1_300' title='bbox 201 1860 253 1887; x_wconf 88' lang='lat' dir='ltr'><strong>que</strong></span> <span class='ocrx_word' id='word_1_301' title='bbox 275 1853 422 1882; x_wconf 88' lang='lat' dir='ltr'><strong>subtilioris</strong></span> <span class='ocrx_word' id='word_1_302' title='bbox 448 1857 593 1890; x_wconf 84' lang='lat' dir='ltr'><strong>examinis,</strong></span> <span class='ocrx_word' id='word_1_303' title='bbox 619 1857 666 1885; x_wconf 88' lang='lat' dir='ltr'><strong>sed</strong></span> <span class='ocrx_word' id='word_1_304' title='bbox 685 1859 835 1887; x_wconf 67' lang='lat' dir='ltr'><strong>clementia:</strong></span> <span class='ocrx_word' id='word_1_305' title='bbox 858 1861 997 1896; x_wconf 64' lang='lat' dir='ltr'><strong>veniaeque</strong></span> 
     </span>
    </p>
   </div>
   <div class='ocr_carea' id='block_1_39' title="bbox 202 1897 996 1936">
    <p class='ocr_par' dir='ltr' id='par_1_39' title="bbox 202 1897 996 1936">
     <span class='ocr_line' id='line_1_39' title="bbox 202 1897 996 1936; baseline 0.011 -11"><span class='ocrx_word' id='word_1_306' title='bbox 202 1897 350 1927; x_wconf 83' lang='lat' dir='ltr'><strong>dumtaxat.</strong></span> <span class='ocrx_word' id='word_1_307' title='bbox 374 1900 468 1929; x_wconf 87' lang='lat' dir='ltr'><strong>Nullus</strong></span> <span class='ocrx_word' id='word_1_308' title='bbox 483 1903 554 1930; x_wconf 91' lang='lat' dir='ltr'><strong>enim</strong></span> <span class='ocrx_word' id='word_1_309' title='bbox 570 1903 700 1936; x_wconf 89' lang='lat' dir='ltr'><strong>medicus,</strong></span> <span class='ocrx_word' id='word_1_310' title='bbox 718 1905 801 1932; x_wconf 90' lang='lat' dir='ltr'><strong>misso</strong></span> <span class='ocrx_word' id='word_1_311' title='bbox 816 1906 996 1934; x_wconf 89' lang='lat' dir='ltr'><strong>medicamen-</strong></span> 
     </span>
    </p>
   </div>
   <div class='ocr_carea' id='block_1_40' title="bbox 201 1947 996 1988">
    <p class='ocr_par' dir='ltr' id='par_1_40' title="bbox 201 1947 996 1988">
     <span class='ocr_line' id='line_1_40' title="bbox 201 1947 996 1988; baseline 0.013 -17"><span class='ocrx_word' id='word_1_312' title='bbox 201 1948 289 1981; x_wconf 90' lang='lat' dir='ltr'><strong>torum</strong></span> <span class='ocrx_word' id='word_1_313' title='bbox 305 1953 364 1979; x_wconf 87' lang='lat' dir='ltr'><strong>usu,</strong></span> <span class='ocrx_word' id='word_1_314' title='bbox 387 1947 587 1986; x_wconf 72' lang='lat' dir='ltr'><strong>incontinentia;</strong></span> <span class='ocrx_word' id='word_1_315' title='bbox 600 1957 693 1984; x_wconf 84' lang='lat' dir='ltr'><strong>pcenas</strong></span> <span class='ocrx_word' id='word_1_316' title='bbox 713 1951 748 1978; x_wconf 88' lang='lat' dir='ltr'><strong>ab</strong></span> <span class='ocrx_word' id='word_1_317' title='bbox 761 1959 795 1979; x_wconf 92' lang='lat' dir='ltr'><strong>eo</strong></span> <span class='ocrx_word' id='word_1_318' title='bbox 816 1953 944 1988; x_wconf 78' lang='lat' dir='ltr'><strong>exegerit.</strong></span> <span class='ocrx_word' id='word_1_319' title='bbox 968 1953 996 1981; x_wconf 87' lang='lat' dir='ltr'><strong>Si</strong></span> 
     </span>
    </p>
   </div>
   <div class='ocr_carea' id='block_1_41' title="bbox 200 1995 994 2032">
    <p class='ocr_par' dir='ltr' id='par_1_41' title="bbox 200 1995 994 2032">
     <span class='ocr_line' id='line_1_41' title="bbox 200 1995 994 2032; baseline 0.011 -14"><span class='ocrx_word' id='word_1_320' title='bbox 200 1998 265 2019; x_wconf 86' lang='lat' dir='ltr'><strong>vero</strong></span> <span class='ocrx_word' id='word_1_321' title='bbox 280 2000 372 2027; x_wconf 61' lang='lat' dir='ltr'><strong>poenas</strong></span> <span class='ocrx_word' id='word_1_322' title='bbox 386 2001 447 2022; x_wconf 90' lang='lat' dir='ltr'><strong>eum</strong></span> <span class='ocrx_word' id='word_1_323' title='bbox 466 1995 530 2023; x_wconf 88' lang='lat' dir='ltr'><strong>dare</strong></span> <span class='ocrx_word' id='word_1_324' title='bbox 544 1997 671 2031; x_wconf 86' lang='lat' dir='ltr'><strong>oportuit,</strong></span> <span class='ocrx_word' id='word_1_325' title='bbox 692 1998 756 2025; x_wconf 87' lang='lat' dir='ltr'><strong>satis</strong></span> <span class='ocrx_word' id='word_1_326' title='bbox 769 2005 919 2032; x_wconf 75' lang='lat' dir='ltr'><strong>poenarum,</strong></span> <span class='ocrx_word' id='word_1_327' title='bbox 933 2007 994 2027; x_wconf 88' lang='lat' dir='ltr'><strong>cum</strong></span> 
     </span>
    </p>
   </div>
   <div class='ocr_carea' id='block_1_42' title="bbox 201 2035 994 2074">
    <p class='ocr_par' dir='ltr' id='par_1_42' title="bbox 201 2035 994 2074">
     <span class='ocr_line' id='line_1_42' title="bbox 201 2035 994 2074; baseline 0.011 -11"><span class='ocrx_word' id='word_1_328' title='bbox 201 2035 228 2063; x_wconf 89' lang='lat' dir='ltr'><strong>in</strong></span> <span class='ocrx_word' id='word_1_329' title='bbox 243 2037 330 2065; x_wconf 86' lang='lat' dir='ltr'><strong>aliena</strong></span> <span class='ocrx_word' id='word_1_330' title='bbox 351 2038 461 2074; x_wconf 76' lang='lat' dir='ltr'><strong>regione</strong></span> <span class='ocrx_word' id='word_1_331' title='bbox 478 2046 600 2068; x_wconf 89' lang='lat' dir='ltr'><strong>versatus</strong></span> <span class='ocrx_word' id='word_1_332' title='bbox 615 2046 667 2074; x_wconf 91' lang='lat' dir='ltr'><strong>est,</strong></span> <span class='ocrx_word' id='word_1_333' title='bbox 689 2041 773 2070; x_wconf 87' lang='lat' dir='ltr'><strong>dedit.</strong></span> <span class='ocrx_word' id='word_1_334' title='bbox 792 2043 878 2072; x_wconf 85' lang='lat' dir='ltr'><strong>Tanto</strong></span> <span class='ocrx_word' id='word_1_335' title='bbox 890 2045 961 2072; x_wconf 89' lang='lat' dir='ltr'><strong>enim</strong></span> <span class='ocrx_word' id='word_1_336' title='bbox 979 2052 994 2072; x_wconf 90' lang='lat' dir='ltr'><strong>a</strong></span> 
     </span>
    </p>
   </div>
   <div class='ocr_carea' id='block_1_43' title="bbox 200 2081 995 2124">
    <p class='ocr_par' dir='ltr' id='par_1_43' title="bbox 200 2081 995 2124">
     <span class='ocr_line' id='line_1_43' title="bbox 200 2081 995 2124; baseline 0.013 -16"><span class='ocrx_word' id='word_1_337' title='bbox 200 2081 278 2110; x_wconf 85' lang='lat' dir='ltr'><strong>nobis</strong></span> <span class='ocrx_word' id='word_1_338' title='bbox 292 2088 412 2119; x_wconf 91' lang='lat' dir='ltr'><strong>tempore</strong></span> <span class='ocrx_word' id='word_1_339' title='bbox 423 2091 587 2121; x_wconf 85' lang='lat' dir='ltr'><strong>segregatus,</strong></span> <span class='ocrx_word' id='word_1_340' title='bbox 603 2087 671 2115; x_wconf 85' lang='lat' dir='ltr'><strong>fame</strong></span> <span class='ocrx_word' id='word_1_341' title='bbox 684 2087 869 2124; x_wconf 88' lang='lat' dir='ltr'><strong>dedecoreque</strong></span> <span class='ocrx_word' id='word_1_342' title='bbox 879 2097 910 2118; x_wconf 92' lang='lat' dir='ltr'><strong>ac</strong></span> <span class='ocrx_word' id='word_1_343' title='bbox 925 2097 995 2118; x_wconf 89' lang='lat' dir='ltr'><strong>sum-</strong></span> 
     </span>
    </p>
   </div>
   <div class='ocr_carea' id='block_1_44' title="bbox 201 2128 992 2171">
    <p class='ocr_par' dir='ltr' id='par_1_44' title="bbox 201 2128 992 2171">
     <span class='ocr_line' id='line_1_44' title="bbox 201 2128 992 2171; baseline 0.013 -18"><span class='ocrx_word' id='word_1_344' title='bbox 201 2128 252 2155; x_wconf 90' lang='lat' dir='ltr'><strong>mis</strong></span> <span class='ocrx_word' id='word_1_345' title='bbox 265 2128 432 2158; x_wconf 90' lang='lat' dir='ltr'><strong>conﬂictatus</strong></span> <span class='ocrx_word' id='word_1_346' title='bbox 454 2132 542 2164; x_wconf 89' lang='lat' dir='ltr'><strong>malis,</strong></span> <span class='ocrx_word' id='word_1_347' title='bbox 555 2132 714 2161; x_wconf 87' lang='lat' dir='ltr'><strong>laborabat:</strong></span> <span class='ocrx_word' id='word_1_348' title='bbox 736 2139 877 2170; x_wconf 88' lang='lat' dir='ltr'><strong>propterea</strong></span> <span class='ocrx_word' id='word_1_349' title='bbox 898 2136 992 2171; x_wconf 87' lang='lat' dir='ltr'><strong>inquit,</strong></span> 
     </span>
    </p>
   </div>
   <div class='ocr_carea' id='block_1_45' title="bbox 201 2171 992 2213">
    <p class='ocr_par' dir='ltr' id='par_1_45' title="bbox 201 2171 992 2213">
     <span class='ocr_line' id='line_1_45' title="bbox 201 2171 992 2213; baseline 0.013 -14"><span class='ocrx_word' id='word_1_350' title='bbox 201 2171 329 2207; x_wconf 81' lang='lat' dir='ltr'><strong>Perierat,</strong></span> <span class='ocrx_word' id='word_1_351' title='bbox 343 2180 366 2202; x_wconf 80' lang='lat' dir='ltr'><strong>et</strong></span> <span class='ocrx_word' id='word_1_352' title='bbox 380 2176 495 2204; x_wconf 73' lang='lat' dir='ltr'><strong>inuentus</strong></span> <span class='ocrx_word' id='word_1_353' title='bbox 507 2183 543 2204; x_wconf 74' lang='lat' dir='ltr'><strong>est</strong></span> <span class='ocrx_word' id='word_1_354' title='bbox 557 2186 567 2204; x_wconf 89' lang='lat'><em>:</em></span> <span class='ocrx_word' id='word_1_355' title='bbox 578 2184 691 2206; x_wconf 81' lang='lat' dir='ltr'><strong>mortuus</strong></span> <span class='ocrx_word' id='word_1_356' title='bbox 704 2185 768 2213; x_wconf 83' lang='lat' dir='ltr'><strong>erat,</strong></span> <span class='ocrx_word' id='word_1_357' title='bbox 783 2185 807 2207; x_wconf 81' lang='lat' dir='ltr'><strong>et</strong></span> <span class='ocrx_word' id='word_1_358' title='bbox 820 2181 918 2208; x_wconf 72' lang='lat' dir='ltr'><strong>reuixit.</strong></span> <span class='ocrx_word' id='word_1_359' title='bbox 935 2181 992 2209; x_wconf 90' lang='lat' dir='ltr'><strong>Non</strong></span> 
     </span>
    </p>
   </div>
   <div class='ocr_carea' id='block_1_46' title="bbox 200 2219 994 2261">
    <p class='ocr_par' dir='ltr' id='par_1_46' title="bbox 200 2219 994 2261">
     <span class='ocr_line' id='line_1_46' title="bbox 200 2219 994 2261; baseline 0.014 -16"><span class='ocrx_word' id='word_1_360' title='bbox 200 2219 282 2252; x_wconf 92' lang='lat' dir='ltr'><strong>enim,</strong></span> <span class='ocrx_word' id='word_1_361' title='bbox 299 2220 394 2255; x_wconf 84' lang='lat' dir='ltr'><strong>inquit,</strong></span> <span class='ocrx_word' id='word_1_362' title='bbox 415 2223 524 2250; x_wconf 85' lang='lat' dir='ltr'><strong>attende</strong></span> <span class='ocrx_word' id='word_1_363' title='bbox 539 2225 691 2258; x_wconf 69' lang='lat' dir='ltr'><strong>praesentia,</strong></span> <span class='ocrx_word' id='word_1_364' title='bbox 706 2226 754 2254; x_wconf 86' lang='lat' dir='ltr'><strong>sed</strong></span> <span class='ocrx_word' id='word_1_365' title='bbox 774 2227 870 2261; x_wconf 89' lang='lat' dir='ltr'><strong>prioris</strong></span> <span class='ocrx_word' id='word_1_366' title='bbox 884 2227 994 2255; x_wconf 87' lang='lat' dir='ltr'><strong>calami—</strong></span> 
     </span>
    </p>
   </div>
   <div class='ocr_carea' id='block_1_47' title="bbox 201 2265 992 2305">
    <p class='ocr_par' dir='ltr' id='par_1_47' title="bbox 201 2265 992 2305">
     <span class='ocr_line' id='line_1_47' title="bbox 201 2265 992 2305; baseline 0.014 -15"><span class='ocrx_word' id='word_1_367' title='bbox 201 2265 263 2292; x_wconf 87' lang='lat' dir='ltr'><strong>tatis</strong></span> <span class='ocrx_word' id='word_1_368' title='bbox 277 2266 486 2301; x_wconf 74' lang='lat' dir='ltr'><strong>magnitudinem</strong></span> <span class='ocrx_word' id='word_1_369' title='bbox 501 2269 641 2298; x_wconf 89' lang='lat' dir='ltr'><strong>considera</strong></span> <span class='ocrx_word' id='word_1_370' title='bbox 656 2279 663 2298; x_wconf 91' lang='lat'><strong>:</strong></span> <span class='ocrx_word' id='word_1_371' title='bbox 680 2270 790 2299; x_wconf 79' lang='lat' dir='ltr'><strong>fratrem</strong></span> <span class='ocrx_word' id='word_1_372' title='bbox 803 2272 924 2305; x_wconf 83' lang='lat' dir='ltr'><strong>intueris,</strong></span> <span class='ocrx_word' id='word_1_373' title='bbox 938 2281 992 2301; x_wconf 93' lang='lat' dir='ltr'><strong>non</strong></span> 
     </span>
    </p>
   </div>
   <div class='ocr_carea' id='block_1_48' title="bbox 199 2309 992 2352">
    <p class='ocr_par' dir='ltr' id='par_1_48' title="bbox 199 2309 992 2352">
     <span class='ocr_line' id='line_1_48' title="bbox 199 2309 992 2352; baseline 0.011 -16"><span class='ocrx_word' id='word_1_374' title='bbox 199 2309 316 2338; x_wconf 83' lang='lat' dir='ltr'><strong>alienum</strong></span> <span class='ocrx_word' id='word_1_375' title='bbox 329 2320 335 2338; x_wconf 90' lang='lat'><strong><em>:</em></strong></span> <span class='ocrx_word' id='word_1_376' title='bbox 350 2312 383 2340; x_wconf 87' lang='lat' dir='ltr'><strong>ad</strong></span> <span class='ocrx_word' id='word_1_377' title='bbox 399 2319 500 2348; x_wconf 88' lang='lat' dir='ltr'><strong>patrem</strong></span> <span class='ocrx_word' id='word_1_378' title='bbox 514 2322 638 2343; x_wconf 87' lang='lat' dir='ltr'><strong>reversus</strong></span> <span class='ocrx_word' id='word_1_379' title='bbox 649 2320 699 2348; x_wconf 85' lang='lat' dir='ltr'><strong>est,</strong></span> <span class='ocrx_word' id='word_1_380' title='bbox 716 2317 760 2351; x_wconf 92' lang='lat' dir='ltr'><strong>qui</strong></span> <span class='ocrx_word' id='word_1_381' title='bbox 774 2317 892 2352; x_wconf 87' lang='lat' dir='ltr'><strong>priorum</strong></span> <span class='ocrx_word' id='word_1_382' title='bbox 904 2325 938 2345; x_wconf 91' lang='lat' dir='ltr'><strong>ne</strong></span> <span class='ocrx_word' id='word_1_383' title='bbox 951 2319 992 2346; x_wconf 86' lang='lat' dir='ltr'><strong>vel</strong></span> 
     </span>
    </p>
   </div>
   <div class='ocr_carea' id='block_1_49' title="bbox 200 2356 991 2398">
    <p class='ocr_par' dir='ltr' id='par_1_49' title="bbox 200 2356 991 2398">
     <span class='ocr_line' id='line_1_49' title="bbox 200 2356 991 2398; baseline 0.014 -16"><span class='ocrx_word' id='word_1_384' title='bbox 200 2356 340 2385; x_wconf 87' lang='lat' dir='ltr'><strong>minimum</strong></span> <span class='ocrx_word' id='word_1_385' title='bbox 351 2360 486 2388; x_wconf 85' lang='lat' dir='ltr'><strong>recordari</strong></span> <span class='ocrx_word' id='word_1_386' title='bbox 502 2366 607 2396; x_wconf 90' lang='lat' dir='ltr'><strong>potest;</strong></span> <span class='ocrx_word' id='word_1_387' title='bbox 624 2364 708 2398; x_wconf 89' lang='lat' dir='ltr'><strong>magis</strong></span> <span class='ocrx_word' id='word_1_388' title='bbox 724 2372 787 2391; x_wconf 85' lang='lat' dir='ltr'><strong>vero</strong></span> <span class='ocrx_word' id='word_1_389' title='bbox 797 2373 891 2392; x_wconf 89' lang='lat' dir='ltr'><strong>eorum</strong></span> <span class='ocrx_word' id='word_1_390' title='bbox 905 2366 991 2392; x_wconf 92' lang='lat' dir='ltr'><strong>solum</strong></span> 
     </span>
    </p>
   </div>
   <div class='ocr_carea' id='block_1_50' title="bbox 554 142 1463 174">
    <p class='ocr_par' dir='ltr' id='par_1_50' title="bbox 554 142 1463 174">
     <span class='ocr_line' id='line_1_50' title="bbox 554 142 1463 174; baseline -0.003 -1"><span class='ocrx_word' id='word_1_391' title='bbox 554 145 582 174; x_wconf 87' lang='lat' dir='ltr'><strong>S.</strong></span> <span class='ocrx_word' id='word_1_392' title='bbox 603 143 742 174; x_wconf 72' lang='lat' dir='ltr'><strong>JOANNIS</strong></span> <span class='ocrx_word' id='word_1_393' title='bbox 759 144 997 174; x_wconf 78' lang='lat' dir='ltr'><strong>CHRYSOS’I‘OMI</strong></span> <span class='ocrx_word' id='word_1_394' title='bbox 1016 143 1176 172; x_wconf 80' lang='lat' dir='ltr'><strong>ARCHIEP.</strong></span> <span class='ocrx_word' id='word_1_395' title='bbox 1196 142 1463 172; x_wconf 79' lang='lat' dir='ltr'><strong>CONSTANTINOP.</strong></span> 
     </span>
    </p>
   </div>
   <div class='ocr_carea' id='block_1_51' title="bbox 1789 141 1853 170">
    <p class='ocr_par' dir='ltr' id='par_1_51' title="bbox 1789 141 1853 170">
     <span class='ocr_line' id='line_1_51' title="bbox 1789 141 1853 170; baseline 0 -13"><span class='ocrx_word' id='word_1_396' title='bbox 1789 141 1853 170; x_wconf 62' lang='lat' dir='ltr'><strong>zu.</strong></span> 
     </span>
    </p>
   </div>
   <div class='ocr_carea' id='block_1_52' title="bbox 1050 199 1843 237">
    <p class='ocr_par' dir='ltr' id='par_1_52' title="bbox 1050 199 1843 237">
     <span class='ocr_line' id='line_1_52' title="bbox 1050 199 1843 237; baseline -0.003 -8"><span class='ocrx_word' id='word_1_397' title='bbox 1050 201 1241 235; x_wconf 87' lang='lat' dir='ltr'><strong>reminiscitur,</strong></span> <span class='ocrx_word' id='word_1_398' title='bbox 1255 209 1316 237; x_wconf 65' lang='lat' dir='ltr'><strong>qua</strong></span> <span class='ocrx_word' id='word_1_399' title='bbox 1325 201 1358 228; x_wconf 87' lang='lat' dir='ltr'><strong>ad</strong></span> <span class='ocrx_word' id='word_1_400' title='bbox 1373 200 1597 236; x_wconf 87' lang='lat' dir='ltr'><strong>compassionem,</strong></span> <span class='ocrx_word' id='word_1_401' title='bbox 1610 199 1823 228; x_wconf 81' lang='lat' dir='ltr'><strong>misericordiam</strong></span> <span class='ocrx_word' id='word_1_402' title='bbox 1832 220 1843 234; x_wconf 84' lang='lat'><strong>,</strong></span> 
     </span>
    </p>
   </div>
   <div class='ocr_carea' id='block_1_53' title="bbox 1051 245 1843 283">
    <p class='ocr_par' dir='ltr' id='par_1_53' title="bbox 1051 245 1843 283">
     <span class='ocr_line' id='line_1_53' title="bbox 1051 245 1843 283; baseline -0.003 -8"><span class='ocrx_word' id='word_1_403' title='bbox 1051 248 1220 276; x_wconf 88' lang='lat' dir='ltr'><strong>clementiam</strong></span> <span class='ocrx_word' id='word_1_404' title='bbox 1233 268 1240 281; x_wconf 90' lang='lat'><strong>,</strong></span> <span class='ocrx_word' id='word_1_405' title='bbox 1257 247 1448 283; x_wconf 75' lang='lat' dir='ltr'><strong>indulgentiam</strong></span> <span class='ocrx_word' id='word_1_406' title='bbox 1466 246 1572 274; x_wconf 76' lang='lat' dir='ltr'><strong>trahere</strong></span> <span class='ocrx_word' id='word_1_407' title='bbox 1591 250 1701 281; x_wconf 89' lang='lat' dir='ltr'><strong>possunt</strong></span> <span class='ocrx_word' id='word_1_408' title='bbox 1713 245 1843 281; x_wconf 84' lang='lat' dir='ltr'><strong>genitori-</strong></span> 
     </span>
    </p>
   </div>
   <div class='ocr_carea' id='block_1_54' title="bbox 1050 291 1843 328">
    <p class='ocr_par' dir='ltr' id='par_1_54' title="bbox 1050 291 1843 328">
     <span class='ocr_line' id='line_1_54' title="bbox 1050 291 1843 328; baseline -0.004 -7"><span class='ocrx_word' id='word_1_409' title='bbox 1050 294 1100 321; x_wconf 91' lang='lat' dir='ltr'><strong>bus</strong></span> <span class='ocrx_word' id='word_1_410' title='bbox 1114 293 1352 321; x_wconf 89' lang='lat' dir='ltr'><strong>accommodatam.</strong></span> <span class='ocrx_word' id='word_1_411' title='bbox 1367 293 1513 328; x_wconf 85' lang='lat' dir='ltr'><strong>Propterea</strong></span> <span class='ocrx_word' id='word_1_412' title='bbox 1527 299 1580 319; x_wconf 93' lang='lat' dir='ltr'><strong>non</strong></span> <span class='ocrx_word' id='word_1_413' title='bbox 1591 300 1650 327; x_wconf 60' lang='lat' dir='ltr'><strong>quae</strong></span> <span class='ocrx_word' id='word_1_414' title='bbox 1670 292 1743 325; x_wconf 87' lang='lat' dir='ltr'><strong>fecit,</strong></span> <span class='ocrx_word' id='word_1_415' title='bbox 1757 291 1843 324; x_wconf 88' lang='lat' dir='ltr'><strong>dixit,</strong></span> 
     </span>
    </p>
   </div>
   <div class='ocr_carea' id='block_1_55' title="bbox 1051 338 1846 374">
    <p class='ocr_par' dir='ltr' id='par_1_55' title="bbox 1051 338 1846 374">
     <span class='ocr_line' id='line_1_55' title="bbox 1051 338 1846 374; baseline -0.003 -8"><span class='ocrx_word' id='word_1_416' title='bbox 1051 339 1097 366; x_wconf 90' lang='lat' dir='ltr'><strong>sed</strong></span> <span class='ocrx_word' id='word_1_417' title='bbox 1108 347 1168 374; x_wconf 66' lang='lat' dir='ltr'><strong>quae</strong></span> <span class='ocrx_word' id='word_1_418' title='bbox 1184 346 1279 374; x_wconf 90' lang='lat' dir='ltr'><strong>passus</strong></span> <span class='ocrx_word' id='word_1_419' title='bbox 1291 343 1332 367; x_wconf 89' lang='lat' dir='ltr'><strong>est</strong></span> <span class='ocrx_word' id='word_1_420' title='bbox 1347 348 1355 366; x_wconf 90' lang='lat'>:</span> <span class='ocrx_word' id='word_1_421' title='bbox 1369 346 1425 366; x_wconf 92' lang='lat' dir='ltr'><strong>non</strong></span> <span class='ocrx_word' id='word_1_422' title='bbox 1445 338 1516 374; x_wconf 92' lang='lat' dir='ltr'><strong>quod</strong></span> <span class='ocrx_word' id='word_1_423' title='bbox 1531 338 1706 365; x_wconf 87' lang='lat' dir='ltr'><strong>substantiam</strong></span> <span class='ocrx_word' id='word_1_424' title='bbox 1729 338 1846 372; x_wconf 78' lang='lat' dir='ltr'><strong>dissipa-</strong></span> 
     </span>
    </p>
   </div>
   <div class='ocr_carea' id='block_1_56' title="bbox 1050 383 1847 420">
    <p class='ocr_par' dir='ltr' id='par_1_56' title="bbox 1050 383 1847 420">
     <span class='ocr_line' id='line_1_56' title="bbox 1050 383 1847 420; baseline -0.004 -7"><span class='ocrx_word' id='word_1_425' title='bbox 1050 385 1128 418; x_wconf 90' lang='lat' dir='ltr'><strong>verit,</strong></span> <span class='ocrx_word' id='word_1_426' title='bbox 1145 385 1277 418; x_wconf 89' lang='lat' dir='ltr'><strong>meminit,</strong></span> <span class='ocrx_word' id='word_1_427' title='bbox 1301 385 1347 413; x_wconf 92' lang='lat' dir='ltr'><strong>sed</strong></span> <span class='ocrx_word' id='word_1_428' title='bbox 1365 385 1436 420; x_wconf 92' lang='lat' dir='ltr'><strong>quod</strong></span> <span class='ocrx_word' id='word_1_429' title='bbox 1459 385 1608 412; x_wconf 89' lang='lat' dir='ltr'><strong>innumeris</strong></span> <span class='ocrx_word' id='word_1_430' title='bbox 1620 383 1788 411; x_wconf 88' lang='lat' dir='ltr'><strong>conﬂictatus</strong></span> <span class='ocrx_word' id='word_1_431' title='bbox 1809 383 1847 410; x_wconf 86' lang='lat' dir='ltr'><strong>sit</strong></span> 
     </span>
    </p>
   </div>
   <div class='ocr_carea' id='block_1_57' title="bbox 1051 429 1845 466">
    <p class='ocr_par' dir='ltr' id='par_1_57' title="bbox 1051 429 1845 466">
     <span class='ocr_line' id='line_1_57' title="bbox 1051 429 1845 466; baseline -0.004 -7"><span class='ocrx_word' id='word_1_432' title='bbox 1051 432 1136 459; x_wconf 83' lang='lat' dir='ltr'><strong>malis.</strong></span> <span class='ocrx_word' id='word_1_433' title='bbox 1153 432 1198 460; x_wconf 89' lang='lat' dir='ltr'><strong>Sic</strong></span> <span class='ocrx_word' id='word_1_434' title='bbox 1210 436 1237 460; x_wconf 89' lang='lat' dir='ltr'><strong>et</strong></span> <span class='ocrx_word' id='word_1_435' title='bbox 1249 439 1325 459; x_wconf 89' lang='lat' dir='ltr'><strong>ovem</strong></span> <span class='ocrx_word' id='word_1_436' title='bbox 1346 436 1420 459; x_wconf 92' lang='lat' dir='ltr'><strong>tanto</strong></span> <span class='ocrx_word' id='word_1_437' title='bbox 1440 431 1529 458; x_wconf 89' lang='lat' dir='ltr'><strong>studio</strong></span> <span class='ocrx_word' id='word_1_438' title='bbox 1542 430 1680 466; x_wconf 63' lang='lat' dir='ltr'><strong>quaesivit,</strong></span> <span class='ocrx_word' id='word_1_439' title='bbox 1702 429 1745 457; x_wconf 88' lang='lat' dir='ltr'><strong>vel</strong></span> <span class='ocrx_word' id='word_1_440' title='bbox 1761 430 1845 457; x_wconf 87' lang='lat' dir='ltr'><strong>etiam</strong></span> 
     </span>
    </p>
   </div>
   <div class='ocr_carea' id='block_1_58' title="bbox 1051 475 1846 512">
    <p class='ocr_par' dir='ltr' id='par_1_58' title="bbox 1051 475 1846 512">
     <span class='ocr_line' id='line_1_58' title="bbox 1051 475 1846 512; baseline -0.005 -7"><span class='ocrx_word' id='word_1_441' title='bbox 1051 477 1147 512; x_wconf 86' lang='lat' dir='ltr'><strong>majori</strong></span> <span class='ocrx_word' id='word_1_442' title='bbox 1164 487 1171 504; x_wconf 76' lang='grc' dir='ltr'><strong><em>τ</em></strong></span> <span class='ocrx_word' id='word_1_443' title='bbox 1193 477 1237 505; x_wconf 92' lang='lat' dir='ltr'><strong>hic</strong></span> <span class='ocrx_word' id='word_1_444' title='bbox 1253 478 1325 505; x_wconf 87' lang='lat' dir='ltr'><strong>enim</strong></span> <span class='ocrx_word' id='word_1_445' title='bbox 1340 477 1397 512; x_wconf 89' lang='lat' dir='ltr'><strong>ipse</strong></span> <span class='ocrx_word' id='word_1_446' title='bbox 1412 477 1491 504; x_wconf 89' lang='lat' dir='ltr'><strong>rediit</strong></span> <span class='ocrx_word' id='word_1_447' title='bbox 1514 476 1593 508; x_wconf 89' lang='lat' dir='ltr'><strong>ﬁlius,</strong></span> <span class='ocrx_word' id='word_1_448' title='bbox 1614 475 1668 503; x_wconf 90' lang='lat' dir='ltr'><strong>illic</strong></span> <span class='ocrx_word' id='word_1_449' title='bbox 1681 480 1770 502; x_wconf 84' lang='lat' dir='ltr'><strong>autem</strong></span> <span class='ocrx_word' id='word_1_450' title='bbox 1787 475 1846 510; x_wconf 88' lang='lat' dir='ltr'><strong>ipse</strong></span> 
     </span>
    </p>
   </div>
   <div class='ocr_carea' id='block_1_59' title="bbox 1051 522 1847 559">
    <p class='ocr_par' dir='ltr' id='par_1_59' title="bbox 1051 522 1847 559">
     <span class='ocr_line' id='line_1_59' title="bbox 1051 522 1847 559; baseline -0.004 -8"><span class='ocrx_word' id='word_1_451' title='bbox 1051 525 1116 552; x_wconf 91' lang='lat' dir='ltr'><strong>abiit</strong></span> <span class='ocrx_word' id='word_1_452' title='bbox 1142 529 1247 559; x_wconf 88' lang='lat' dir='ltr'><strong>pastor,</strong></span> <span class='ocrx_word' id='word_1_453' title='bbox 1272 528 1299 552; x_wconf 90' lang='lat' dir='ltr'><strong>et</strong></span> <span class='ocrx_word' id='word_1_454' title='bbox 1321 524 1460 551; x_wconf 87' lang='lat' dir='ltr'><strong>inveniens</strong></span> <span class='ocrx_word' id='word_1_455' title='bbox 1483 522 1605 555; x_wconf 87' lang='lat' dir='ltr'><strong>reduxit,</strong></span> <span class='ocrx_word' id='word_1_456' title='bbox 1625 527 1653 549; x_wconf 89' lang='lat' dir='ltr'><strong>et</strong></span> <span class='ocrx_word' id='word_1_457' title='bbox 1676 522 1780 549; x_wconf 69' lang='lat' dir='ltr'><strong>lmtatus</strong></span> <span class='ocrx_word' id='word_1_458' title='bbox 1803 525 1847 548; x_wconf 84' lang='lat' dir='ltr'><strong>est</strong></span> 
     </span>
    </p>
   </div>
   <div class='ocr_carea' id='block_1_60' title="bbox 1051 563 1872 605">
    <p class='ocr_par' dir='ltr' id='par_1_60' title="bbox 1051 563 1872 605">
     <span class='ocr_line' id='line_1_60' title="bbox 1051 563 1872 605; baseline -0.005 -8"><span class='ocrx_word' id='word_1_459' title='bbox 1051 577 1132 604; x_wconf 84' lang='lat' dir='ltr'><strong>super</strong></span> <span class='ocrx_word' id='word_1_460' title='bbox 1154 577 1186 597; x_wconf 89' lang='lat' dir='ltr'><strong>ea</strong></span> <span class='ocrx_word' id='word_1_461' title='bbox 1209 570 1310 605; x_wconf 87' lang='lat' dir='ltr'><strong>magis,</strong></span> <span class='ocrx_word' id='word_1_462' title='bbox 1335 577 1415 605; x_wconf 88' lang='lat' dir='ltr'><strong>quam</strong></span> <span class='ocrx_word' id='word_1_463' title='bbox 1439 576 1520 604; x_wconf 88' lang='lat' dir='ltr'><strong>super</strong></span> <span class='ocrx_word' id='word_1_464' title='bbox 1543 568 1657 601; x_wconf 70' lang='lat' dir='ltr'><strong>caeteris,</strong></span> <span class='ocrx_word' id='word_1_465' title='bbox 1682 575 1741 603; x_wconf 72' lang='lat' dir='ltr'><strong>quae</strong></span> <span class='ocrx_word' id='word_1_466' title='bbox 1763 563 1872 594; x_wconf 59' lang='lat' dir='ltr'><strong>salvas.</strong></span> 
     </span>
    </p>
   </div>
   <div class='ocr_carea' id='block_1_61' title="bbox 1051 613 1846 651">
    <p class='ocr_par' dir='ltr' id='par_1_61' title="bbox 1051 613 1846 651">
     <span class='ocr_line' id='line_1_61' title="bbox 1051 613 1846 651; baseline -0.005 -8"><span class='ocrx_word' id='word_1_467' title='bbox 1051 620 1136 643; x_wconf 89' lang='lat' dir='ltr'><strong>erant.</strong></span> <span class='ocrx_word' id='word_1_468' title='bbox 1154 616 1222 644; x_wconf 86' lang='lat' dir='ltr'><strong>Vide</strong></span> <span class='ocrx_word' id='word_1_469' title='bbox 1232 620 1321 644; x_wconf 90' lang='lat' dir='ltr'><strong>atttem</strong></span> <span class='ocrx_word' id='word_1_470' title='bbox 1337 615 1470 651; x_wconf 89' lang='lat' dir='ltr'><strong>quomodo</strong></span> <span class='ocrx_word' id='word_1_471' title='bbox 1485 614 1608 642; x_wconf 88' lang='lat' dir='ltr'><strong>reduxit:</strong></span> <span class='ocrx_word' id='word_1_472' title='bbox 1624 621 1676 641; x_wconf 90' lang='lat' dir='ltr'><strong>non</strong></span> <span class='ocrx_word' id='word_1_473' title='bbox 1691 613 1846 648; x_wconf 82' lang='lat' dir='ltr'><strong>ﬂagellavit,</strong></span> 
     </span>
    </p>
   </div>
   <div class='ocr_carea' id='block_1_62' title="bbox 1051 658 1844 696">
    <p class='ocr_par' dir='ltr' id='par_1_62' title="bbox 1051 658 1844 696">
     <span class='ocr_line' id='line_1_62' title="bbox 1051 658 1844 696; baseline -0.005 -7"><span class='ocrx_word' id='word_1_474' title='bbox 1051 662 1098 689; x_wconf 88' lang='lat' dir='ltr'><strong>sed</strong></span> <span class='ocrx_word' id='word_1_475' title='bbox 1120 661 1210 689; x_wconf 85' lang='lat' dir='ltr'><strong>ferens</strong></span> <span class='ocrx_word' id='word_1_476' title='bbox 1234 662 1353 689; x_wconf 89' lang='lat' dir='ltr'><strong>humeris</strong></span> <span class='ocrx_word' id='word_1_477' title='bbox 1367 668 1460 688; x_wconf 86' lang='lat' dir='ltr'><strong>rursus</strong></span> <span class='ocrx_word' id='word_1_478' title='bbox 1479 661 1553 696; x_wconf 86' lang='lat' dir='ltr'><strong>gregi</strong></span> <span class='ocrx_word' id='word_1_479' title='bbox 1571 659 1687 688; x_wconf 89' lang='lat' dir='ltr'><strong>reddidit</strong></span> <span class='ocrx_word' id='word_1_480' title='bbox 1701 658 1776 694; x_wconf 87' lang='lat' dir='ltr'><strong>(Luc.</strong></span> <span class='ocrx_word' id='word_1_481' title='bbox 1797 659 1844 686; x_wconf 75' lang='lat' dir='ltr'><strong>t5.</strong></span> 
     </span>
    </p>
   </div>
   <div class='ocr_carea' id='block_1_63' title="bbox 1051 704 1847 743">
    <p class='ocr_par' dir='ltr' id='par_1_63' title="bbox 1051 704 1847 743">
     <span class='ocr_line' id='line_1_63' title="bbox 1051 704 1847 743; baseline -0.005 -8"><span class='ocrx_word' id='word_1_482' title='bbox 1051 708 1078 735; x_wconf 81' lang='grc'>4.</span> <span class='ocrx_word' id='word_1_483' title='bbox 1094 707 1132 743; x_wconf 87' lang='grc'><strong>6).</strong></span> <span class='ocrx_word' id='word_1_484' title='bbox 1146 707 1209 735; x_wconf 69' lang='lat' dir='ltr'><strong>Haec</strong></span> <span class='ocrx_word' id='word_1_485' title='bbox 1221 707 1300 743; x_wconf 83' lang='lat' dir='ltr'><strong>igitur</strong></span> <span class='ocrx_word' id='word_1_486' title='bbox 1315 707 1495 742; x_wconf 86' lang='lat' dir='ltr'><strong>intelligentes</strong></span> <span class='ocrx_word' id='word_1_487' title='bbox 1505 726 1513 739; x_wconf 92' lang='lat'><strong>,</strong></span> <span class='ocrx_word' id='word_1_488' title='bbox 1529 714 1583 734; x_wconf 87' lang='lat' dir='ltr'><strong>non</strong></span> <span class='ocrx_word' id='word_1_489' title='bbox 1604 705 1684 733; x_wconf 88' lang='lat' dir='ltr'><strong>modo</strong></span> <span class='ocrx_word' id='word_1_490' title='bbox 1701 713 1715 732; x_wconf 85' lang='lat' dir='ltr'><strong>a</strong></span> <span class='ocrx_word' id='word_1_491' title='bbox 1727 704 1847 732; x_wconf 86' lang='lat' dir='ltr'><strong>redeun-</strong></span> 
     </span>
    </p>
   </div>
   <div class='ocr_carea' id='block_1_64' title="bbox 1053 751 1849 786">
    <p class='ocr_par' dir='ltr' id='par_1_64' title="bbox 1053 751 1849 786">
     <span class='ocr_line' id='line_1_64' title="bbox 1053 751 1849 786; baseline -0.004 -5"><span class='ocrx_word' id='word_1_492' title='bbox 1053 753 1123 781; x_wconf 87' lang='lat' dir='ltr'><strong>tibus</strong></span> <span class='ocrx_word' id='word_1_493' title='bbox 1136 761 1190 781; x_wconf 92' lang='lat' dir='ltr'><strong>non</strong></span> <span class='ocrx_word' id='word_1_494' title='bbox 1208 754 1292 781; x_wconf 87' lang='lat' dir='ltr'><strong>averti</strong></span> <span class='ocrx_word' id='word_1_495' title='bbox 1310 753 1404 786; x_wconf 89' lang='lat' dir='ltr'><strong>Deum,</strong></span> <span class='ocrx_word' id='word_1_496' title='bbox 1420 753 1467 780; x_wconf 90' lang='lat' dir='ltr'><strong>sed</strong></span> <span class='ocrx_word' id='word_1_497' title='bbox 1486 753 1536 780; x_wconf 92' lang='lat' dir='ltr'><strong>hoc</strong></span> <span class='ocrx_word' id='word_1_498' title='bbox 1550 760 1602 779; x_wconf 92' lang='lat' dir='ltr'><strong>non</strong></span> <span class='ocrx_word' id='word_1_499' title='bbox 1619 751 1715 779; x_wconf 89' lang='lat' dir='ltr'><strong>minori</strong></span> <span class='ocrx_word' id='word_1_500' title='bbox 1728 759 1788 779; x_wconf 89' lang='lat' dir='ltr'><strong>cum</strong></span> <span class='ocrx_word' id='word_1_501' title='bbox 1802 751 1849 785; x_wconf 87' lang='lat' dir='ltr'><strong>ju-</strong></span> 
     </span>
    </p>
   </div>
   <div class='ocr_carea' id='block_1_65' title="bbox 1051 796 1844 834">
    <p class='ocr_par' dir='ltr' id='par_1_65' title="bbox 1051 796 1844 834">
     <span class='ocr_line' id='line_1_65' title="bbox 1051 796 1844 834; baseline -0.004 -8"><span class='ocrx_word' id='word_1_502' title='bbox 1051 799 1206 833; x_wconf 87' lang='lat' dir='ltr'><strong>cunditate,</strong></span> <span class='ocrx_word' id='word_1_503' title='bbox 1226 807 1305 834; x_wconf 89' lang='lat' dir='ltr'><strong>quam</strong></span> <span class='ocrx_word' id='word_1_504' title='bbox 1321 799 1393 834; x_wconf 90' lang='lat' dir='ltr'><strong>ipsos</strong></span> <span class='ocrx_word' id='word_1_505' title='bbox 1408 798 1452 833; x_wconf 89' lang='lat' dir='ltr'><strong>qui</strong></span> <span class='ocrx_word' id='word_1_506' title='bbox 1473 802 1547 825; x_wconf 83' lang='lat' dir='ltr'><strong>recte</strong></span> <span class='ocrx_word' id='word_1_507' title='bbox 1565 805 1595 825; x_wconf 88' lang='lat' dir='ltr'><strong>se</strong></span> <span class='ocrx_word' id='word_1_508' title='bbox 1613 797 1755 832; x_wconf 88' lang='lat' dir='ltr'><strong>gesserint,</strong></span> <span class='ocrx_word' id='word_1_509' title='bbox 1777 796 1844 824; x_wconf 87' lang='lat' dir='ltr'><strong>rcci-</strong></span> 
     </span>
    </p>
   </div>
   <div class='ocr_carea' id='block_1_66' title="bbox 1052 842 1847 881">
    <p class='ocr_par' dir='ltr' id='par_1_66' title="bbox 1052 842 1847 881">
     <span class='ocr_line' id='line_1_66' title="bbox 1052 842 1847 881; baseline -0.005 -8"><span class='ocrx_word' id='word_1_510' title='bbox 1052 853 1131 881; x_wconf 86' lang='lat' dir='ltr'><strong>pere:</strong></span> <span class='ocrx_word' id='word_1_511' title='bbox 1143 853 1192 873; x_wconf 90' lang='lat' dir='ltr'><strong>nec</strong></span> <span class='ocrx_word' id='word_1_512' title='bbox 1203 845 1282 874; x_wconf 92' lang='lat' dir='ltr'><strong>modo</strong></span> <span class='ocrx_word' id='word_1_513' title='bbox 1292 853 1385 880; x_wconf 65' lang='lat' dir='ltr'><strong>poenas</strong></span> <span class='ocrx_word' id='word_1_514' title='bbox 1399 852 1452 872; x_wconf 93' lang='lat' dir='ltr'><strong>non</strong></span> <span class='ocrx_word' id='word_1_515' title='bbox 1463 844 1581 879; x_wconf 83' lang='lat' dir='ltr'><strong>exigere,</strong></span> <span class='ocrx_word' id='word_1_516' title='bbox 1593 843 1640 871; x_wconf 89' lang='lat' dir='ltr'><strong>sed</strong></span> <span class='ocrx_word' id='word_1_517' title='bbox 1651 842 1683 870; x_wconf 89' lang='lat' dir='ltr'><strong>ad</strong></span> <span class='ocrx_word' id='word_1_518' title='bbox 1695 842 1847 870; x_wconf 85' lang='lat' dir='ltr'><strong>errantium</strong></span> 
     </span>
    </p>
   </div>
   <div class='ocr_carea' id='block_1_67' title="bbox 1052 888 1850 927">
    <p class='ocr_par' dir='ltr' id='par_1_67' title="bbox 1052 888 1850 927">
     <span class='ocr_line' id='line_1_67' title="bbox 1052 888 1850 927; baseline -0.005 -7"><span class='ocrx_word' id='word_1_519' title='bbox 1052 892 1250 927; x_wconf 88' lang='lat' dir='ltr'><strong>inquisitionem</strong></span> <span class='ocrx_word' id='word_1_520' title='bbox 1265 891 1397 927; x_wconf 83' lang='lat' dir='ltr'><strong>proficisci</strong></span> <span class='ocrx_word' id='word_1_521' title='bbox 1414 900 1421 918; x_wconf 87' lang='lat'><strong>:</strong></span> <span class='ocrx_word' id='word_1_522' title='bbox 1438 898 1469 918; x_wconf 91' lang='lat' dir='ltr'><strong>ac</strong></span> <span class='ocrx_word' id='word_1_523' title='bbox 1488 890 1523 918; x_wconf 92' lang='lat' dir='ltr'><strong>de</strong></span> <span class='ocrx_word' id='word_1_524' title='bbox 1537 890 1579 917; x_wconf 91' lang='lat' dir='ltr'><strong>his</strong></span> <span class='ocrx_word' id='word_1_525' title='bbox 1601 889 1715 925; x_wconf 88' lang='lat' dir='ltr'><strong>repertis</strong></span> <span class='ocrx_word' id='word_1_526' title='bbox 1730 888 1850 924; x_wconf 84' lang='lat' dir='ltr'><strong>amplius</strong></span> 
     </span>
    </p>
   </div>
   <div class='ocr_carea' id='block_1_68' title="bbox 1051 935 1848 974">
    <p class='ocr_par' dir='ltr' id='par_1_68' title="bbox 1051 935 1848 974">
     <span class='ocr_line' id='line_1_68' title="bbox 1051 935 1848 974; baseline -0.003 -10"><span class='ocrx_word' id='word_1_527' title='bbox 1051 938 1160 974; x_wconf 84' lang='lat' dir='ltr'><strong>gaudet,</strong></span> <span class='ocrx_word' id='word_1_528' title='bbox 1177 946 1256 973; x_wconf 89' lang='lat' dir='ltr'><strong>quam</strong></span> <span class='ocrx_word' id='word_1_529' title='bbox 1267 937 1301 966; x_wconf 89' lang='lat' dir='ltr'><strong>de</strong></span> <span class='ocrx_word' id='word_1_530' title='bbox 1311 938 1416 966; x_wconf 68' lang='lat' dir='ltr'><strong>caeteris</strong></span> <span class='ocrx_word' id='word_1_531' title='bbox 1427 943 1484 965; x_wconf 91' lang='lat' dir='ltr'><strong>tuto</strong></span> <span class='ocrx_word' id='word_1_532' title='bbox 1493 937 1519 964; x_wconf 92' lang='lat' dir='ltr'><strong>in</strong></span> <span class='ocrx_word' id='word_1_533' title='bbox 1530 937 1589 964; x_wconf 92' lang='lat' dir='ltr'><strong>loco</strong></span> <span class='ocrx_word' id='word_1_534' title='bbox 1598 935 1848 971; x_wconf 86' lang='lat' dir='ltr'><strong>perseverantibus;</strong></span> 
     </span>
    </p>
   </div>
   <div class='ocr_carea' id='block_1_69' title="bbox 1053 982 1851 1019">
    <p class='ocr_par' dir='ltr' id='par_1_69' title="bbox 1053 982 1851 1019">
     <span class='ocr_line' id='line_1_69' title="bbox 1053 982 1851 1019; baseline -0.004 -8"><span class='ocrx_word' id='word_1_535' title='bbox 1053 984 1102 1019; x_wconf 92' lang='lat' dir='ltr'><strong>ipsi</strong></span> <span class='ocrx_word' id='word_1_536' title='bbox 1125 992 1213 1019; x_wconf 88' lang='lat' dir='ltr'><strong>neque</strong></span> <span class='ocrx_word' id='word_1_537' title='bbox 1235 984 1312 1012; x_wconf 84' lang='lat' dir='ltr'><strong>malis</strong></span> <span class='ocrx_word' id='word_1_538' title='bbox 1336 983 1434 1016; x_wconf 84' lang='lat' dir='ltr'><strong>obruti,</strong></span> <span class='ocrx_word' id='word_1_539' title='bbox 1457 991 1532 1018; x_wconf 88' lang='lat' dir='ltr'><strong>spem</strong></span> <span class='ocrx_word' id='word_1_540' title='bbox 1556 982 1731 1018; x_wconf 87' lang='lat' dir='ltr'><strong>deponamus,</strong></span> <span class='ocrx_word' id='word_1_541' title='bbox 1759 989 1851 1016; x_wconf 80' lang='lat' dir='ltr'><strong>neque</strong></span> 
     </span>
    </p>
   </div>
   <div class='ocr_carea' id='block_1_70' title="bbox 1053 1029 1851 1063">
    <p class='ocr_par' dir='ltr' id='par_1_70' title="bbox 1053 1029 1851 1063">
     <span class='ocr_line' id='line_1_70' title="bbox 1053 1029 1851 1063; baseline -0.005 -5"><span class='ocrx_word' id='word_1_542' title='bbox 1053 1030 1130 1057; x_wconf 87' lang='lat' dir='ltr'><strong>bonis</strong></span> <span class='ocrx_word' id='word_1_543' title='bbox 1143 1031 1320 1062; x_wconf 85' lang='lat' dir='ltr'><strong>abundantes,</strong></span> <span class='ocrx_word' id='word_1_544' title='bbox 1333 1030 1515 1063; x_wconf 81' lang='lat' dir='ltr'><strong>conﬁdamus;</strong></span> <span class='ocrx_word' id='word_1_545' title='bbox 1532 1029 1581 1056; x_wconf 90' lang='lat' dir='ltr'><strong>sed</strong></span> <span class='ocrx_word' id='word_1_546' title='bbox 1593 1033 1621 1057; x_wconf 91' lang='lat' dir='ltr'><strong>et</strong></span> <span class='ocrx_word' id='word_1_547' title='bbox 1634 1036 1694 1056; x_wconf 92' lang='lat' dir='ltr'><strong>cum</strong></span> <span class='ocrx_word' id='word_1_548' title='bbox 1709 1033 1783 1056; x_wconf 90' lang='lat' dir='ltr'><strong>recte</strong></span> <span class='ocrx_word' id='word_1_549' title='bbox 1797 1035 1851 1055; x_wconf 87' lang='lat' dir='ltr'><strong>nos</strong></span> 
     </span>
    </p>
   </div>
   <div class='ocr_carea' id='block_1_71' title="bbox 1051 1073 1852 1111">
    <p class='ocr_par' dir='ltr' id='par_1_71' title="bbox 1051 1073 1852 1111">
     <span class='ocr_line' id='line_1_71' title="bbox 1051 1073 1852 1111; baseline -0.004 -8"><span class='ocrx_word' id='word_1_550' title='bbox 1051 1077 1217 1111; x_wconf 87' lang='lat' dir='ltr'><strong>gesserimus</strong></span> <span class='ocrx_word' id='word_1_551' title='bbox 1226 1097 1233 1110; x_wconf 87' lang='lat'><strong>,</strong></span> <span class='ocrx_word' id='word_1_552' title='bbox 1247 1076 1403 1109; x_wconf 86' lang='lat' dir='ltr'><strong>timeamus,</strong></span> <span class='ocrx_word' id='word_1_553' title='bbox 1418 1080 1448 1103; x_wconf 91' lang='lat' dir='ltr'><strong>ut</strong></span> <span class='ocrx_word' id='word_1_554' title='bbox 1460 1083 1495 1104; x_wconf 88' lang='lat' dir='ltr'><strong>ne</strong></span> <span class='ocrx_word' id='word_1_555' title='bbox 1509 1083 1558 1110; x_wconf 90' lang='lat' dir='ltr'><strong>per</strong></span> <span class='ocrx_word' id='word_1_556' title='bbox 1568 1074 1756 1102; x_wconf 85' lang='lat' dir='ltr'><strong>conﬁdentiam</strong></span> <span class='ocrx_word' id='word_1_557' title='bbox 1773 1073 1852 1100; x_wconf 80' lang='lat' dir='ltr'><strong>laba-</strong></span> 
     </span>
    </p>
   </div>
   <div class='ocr_carea' id='block_1_72' title="bbox 1053 1121 1851 1158">
    <p class='ocr_par' dir='ltr' id='par_1_72' title="bbox 1053 1121 1851 1158">
     <span class='ocr_line' id='line_1_72' title="bbox 1053 1121 1851 1158; baseline -0.005 -8"><span class='ocrx_word' id='word_1_558' title='bbox 1053 1131 1123 1155; x_wconf 87' lang='lat' dir='ltr'><strong>mur,</strong></span> <span class='ocrx_word' id='word_1_559' title='bbox 1140 1128 1168 1150; x_wconf 93' lang='lat' dir='ltr'><strong>et</strong></span> <span class='ocrx_word' id='word_1_560' title='bbox 1180 1128 1208 1150; x_wconf 92' lang='lat' dir='ltr'><strong>ut</strong></span> <span class='ocrx_word' id='word_1_561' title='bbox 1222 1123 1287 1158; x_wconf 92' lang='lat' dir='ltr'><strong>lapsi</strong></span> <span class='ocrx_word' id='word_1_562' title='bbox 1299 1123 1482 1158; x_wconf 66' lang='lat' dir='ltr'><strong>paenitentiam</strong></span> <span class='ocrx_word' id='word_1_563' title='bbox 1496 1129 1616 1157; x_wconf 87' lang='lat' dir='ltr'><strong>agamus.</strong></span> <span class='ocrx_word' id='word_1_564' title='bbox 1629 1121 1706 1155; x_wconf 89' lang='lat' dir='ltr'><strong>Quod</strong></span> <span class='ocrx_word' id='word_1_565' title='bbox 1721 1121 1792 1148; x_wconf 85' lang='lat' dir='ltr'><strong>enim</strong></span> <span class='ocrx_word' id='word_1_566' title='bbox 1804 1121 1851 1147; x_wconf 87' lang='lat' dir='ltr'><strong>itt-</strong></span> 
     </span>
    </p>
   </div>
   <div class='ocr_carea' id='block_1_73' title="bbox 1052 1167 1853 1204">
    <p class='ocr_par' dir='ltr' id='par_1_73' title="bbox 1052 1167 1853 1204">
     <span class='ocr_line' id='line_1_73' title="bbox 1052 1167 1853 1204; baseline -0.004 -8"><span class='ocrx_word' id='word_1_567' title='bbox 1052 1169 1156 1204; x_wconf 87' lang='lat' dir='ltr'><strong>cipiens</strong></span> <span class='ocrx_word' id='word_1_568' title='bbox 1170 1170 1233 1202; x_wconf 88' lang='lat' dir='ltr'><strong>dixi,</strong></span> <span class='ocrx_word' id='word_1_569' title='bbox 1249 1175 1277 1197; x_wconf 89' lang='lat' dir='ltr'><strong>et</strong></span> <span class='ocrx_word' id='word_1_570' title='bbox 1291 1178 1361 1197; x_wconf 88' lang='lat' dir='ltr'><strong>nunc</strong></span> <span class='ocrx_word' id='word_1_571' title='bbox 1372 1169 1435 1197; x_wconf 89' lang='lat' dir='ltr'><strong>dico</strong></span> <span class='ocrx_word' id='word_1_572' title='bbox 1445 1190 1453 1203; x_wconf 90' lang='lat'><strong>,</strong></span> <span class='ocrx_word' id='word_1_573' title='bbox 1471 1169 1524 1196; x_wconf 93' lang='lat' dir='ltr'><strong>duo</strong></span> <span class='ocrx_word' id='word_1_574' title='bbox 1538 1169 1595 1196; x_wconf 61' lang='lat' dir='ltr'><strong>ltaac</strong></span> <span class='ocrx_word' id='word_1_575' title='bbox 1610 1177 1617 1196; x_wconf 88' lang='lat'><strong>:</strong></span> <span class='ocrx_word' id='word_1_576' title='bbox 1634 1172 1748 1195; x_wconf 89' lang='lat' dir='ltr'><strong>stantem</strong></span> <span class='ocrx_word' id='word_1_577' title='bbox 1762 1167 1853 1194; x_wconf 85' lang='lat' dir='ltr'><strong>conﬁ-</strong></span> 
     </span>
    </p>
   </div>
   <div class='ocr_carea' id='block_1_74' title="bbox 1052 1213 1853 1251">
    <p class='ocr_par' dir='ltr' id='par_1_74' title="bbox 1052 1213 1853 1251">
     <span class='ocr_line' id='line_1_74' title="bbox 1052 1213 1853 1251; baseline -0.005 -8"><span class='ocrx_word' id='word_1_578' title='bbox 1052 1215 1135 1247; x_wconf 84' lang='lat' dir='ltr'><strong>dere,</strong></span> <span class='ocrx_word' id='word_1_579' title='bbox 1160 1221 1188 1244; x_wconf 90' lang='lat' dir='ltr'><strong>et</strong></span> <span class='ocrx_word' id='word_1_580' title='bbox 1215 1216 1359 1250; x_wconf 82' lang='lat' dir='ltr'><strong>desperare</strong></span> <span class='ocrx_word' id='word_1_581' title='bbox 1379 1216 1526 1251; x_wconf 89' lang='lat' dir='ltr'><strong>jacentem,</strong></span> <span class='ocrx_word' id='word_1_582' title='bbox 1549 1214 1727 1250; x_wconf 90' lang='lat' dir='ltr'><strong>proditionem</strong></span> <span class='ocrx_word' id='word_1_583' title='bbox 1753 1213 1853 1240; x_wconf 86' lang='lat' dir='ltr'><strong>salutis</strong></span> 
     </span>
    </p>
   </div>
   <div class='ocr_carea' id='block_1_75' title="bbox 1052 1261 1852 1297">
    <p class='ocr_par' dir='ltr' id='par_1_75' title="bbox 1052 1261 1852 1297">
     <span class='ocr_line' id='line_1_75' title="bbox 1052 1261 1852 1297; baseline -0.001 -8"><span class='ocrx_word' id='word_1_584' title='bbox 1052 1267 1150 1290; x_wconf 70' lang='lat' dir='ltr'><strong>nostra:</strong></span> <span class='ocrx_word' id='word_1_585' title='bbox 1165 1270 1235 1290; x_wconf 79' lang='lat' dir='ltr'><strong>esse.</strong></span> <span class='ocrx_word' id='word_1_586' title='bbox 1251 1262 1340 1297; x_wconf 90' lang='lat' dir='ltr'><strong>Quare</strong></span> <span class='ocrx_word' id='word_1_587' title='bbox 1354 1267 1456 1290; x_wconf 90' lang='lat' dir='ltr'><strong>stantes</strong></span> <span class='ocrx_word' id='word_1_588' title='bbox 1469 1262 1604 1289; x_wconf 90' lang='lat' dir='ltr'><strong>cautiores</strong></span> <span class='ocrx_word' id='word_1_589' title='bbox 1619 1261 1735 1289; x_wconf 85' lang='lat' dir='ltr'><strong>reddens</strong></span> <span class='ocrx_word' id='word_1_590' title='bbox 1748 1261 1852 1288; x_wconf 86' lang='lat' dir='ltr'><strong>Paulus</strong></span> 
     </span>
    </p>
   </div>
   <div class='ocr_carea' id='block_1_76' title="bbox 1051 1308 1850 1344">
    <p class='ocr_par' dir='ltr' id='par_1_76' title="bbox 1051 1308 1850 1344">
     <span class='ocr_line' id='line_1_76' title="bbox 1051 1308 1850 1344; baseline -0.003 -8"><span class='ocrx_word' id='word_1_591' title='bbox 1051 1309 1129 1342; x_wconf 89' lang='lat' dir='ltr'><strong>dicit,</strong></span> <span class='ocrx_word' id='word_1_592' title='bbox 1148 1308 1198 1341; x_wconf 81' lang='lat' dir='ltr'><strong>Qui</strong></span> <span class='ocrx_word' id='word_1_593' title='bbox 1213 1317 1240 1336; x_wconf 75' lang='lat' dir='ltr'><strong>se</strong></span> <span class='ocrx_word' id='word_1_594' title='bbox 1251 1313 1325 1344; x_wconf 77' lang='lat' dir='ltr'><strong>putat</strong></span> <span class='ocrx_word' id='word_1_595' title='bbox 1337 1314 1414 1342; x_wconf 78' lang='lat' dir='ltr'><strong>stare,</strong></span> <span class='ocrx_word' id='word_1_596' title='bbox 1429 1309 1512 1335; x_wconf 82' lang='lat' dir='ltr'><strong>videat</strong></span> <span class='ocrx_word' id='word_1_597' title='bbox 1528 1317 1560 1335; x_wconf 82' lang='lat' dir='ltr'><strong>ne</strong></span> <span class='ocrx_word' id='word_1_598' title='bbox 1580 1308 1663 1335; x_wconf 82' lang='lat' dir='ltr'><strong>cadat.</strong></span> <span class='ocrx_word' id='word_1_599' title='bbox 1684 1308 1722 1335; x_wconf 85' lang='lat' dir='ltr'><strong>Et.</strong></span> <span class='ocrx_word' id='word_1_600' title='bbox 1738 1308 1850 1334; x_wconf 90' lang='lat' dir='ltr'><strong>iterum.</strong></span> 
     </span>
    </p>
   </div>
   <div class='ocr_carea' id='block_1_77' title="bbox 1052 1354 1851 1391">
    <p class='ocr_par' dir='ltr' id='par_1_77' title="bbox 1052 1354 1851 1391">
     <span class='ocr_line' id='line_1_77' title="bbox 1052 1354 1851 1391; baseline -0.003 -9"><span class='ocrx_word' id='word_1_601' title='bbox 1052 1355 1140 1382; x_wconf 81' lang='lat' dir='ltr'><strong>Timeo</strong></span> <span class='ocrx_word' id='word_1_602' title='bbox 1164 1364 1195 1382; x_wconf 88' lang='lat' dir='ltr'><strong>ne</strong></span> <span class='ocrx_word' id='word_1_603' title='bbox 1219 1357 1285 1391; x_wconf 82' lang='lat' dir='ltr'><strong>forte</strong></span> <span class='ocrx_word' id='word_1_604' title='bbox 1310 1356 1368 1382; x_wconf 81' lang='lat' dir='ltr'><strong>aliis</strong></span> <span class='ocrx_word' id='word_1_605' title='bbox 1392 1356 1534 1391; x_wconf 72' lang='lat' dir='ltr'><strong>prwdicans</strong></span> <span class='ocrx_word' id='word_1_606' title='bbox 1561 1355 1615 1390; x_wconf 79' lang='lat' dir='ltr'><strong>ipse</strong></span> <span class='ocrx_word' id='word_1_607' title='bbox 1640 1354 1762 1389; x_wconf 77' lang='lat' dir='ltr'><strong>reprobus</strong></span> <span class='ocrx_word' id='word_1_608' title='bbox 1787 1354 1851 1388; x_wconf 79' lang='lat' dir='ltr'><strong>ﬁam</strong></span> 
     </span>
    </p>
   </div>
   <div class='ocr_carea' id='block_1_78' title="bbox 1054 1398 1851 1436">
    <p class='ocr_par' dir='ltr' id='par_1_78' title="bbox 1054 1398 1851 1436">
     <span class='ocr_line' id='line_1_78' title="bbox 1054 1398 1851 1436; baseline -0.001 -9"><span class='ocrx_word' id='word_1_609' title='bbox 1054 1398 1079 1435; x_wconf 83' lang='grc' dir='ltr'><strong>(Ι</strong></span> <span class='ocrx_word' id='word_1_610' title='bbox 1094 1398 1156 1426; x_wconf 88' lang='lat' dir='ltr'><strong>Cor.</strong></span> <span class='ocrx_word' id='word_1_611' title='bbox 1171 1398 1272 1432; x_wconf 70' lang='lat'><strong>10.12;</strong></span> <span class='ocrx_word' id='word_1_612' title='bbox 1286 1398 1312 1426; x_wconf 89' lang='lat'><strong>9.</strong></span> <span class='ocrx_word' id='word_1_613' title='bbox 1323 1399 1369 1434; x_wconf 73' lang='grc'><strong>27)</strong></span> <span class='ocrx_word' id='word_1_614' title='bbox 1383 1408 1389 1426; x_wconf 91' lang='lat'>:</span> <span class='ocrx_word' id='word_1_615' title='bbox 1409 1401 1529 1436; x_wconf 87' lang='lat' dir='ltr'><strong>jacentes</strong></span> <span class='ocrx_word' id='word_1_616' title='bbox 1543 1406 1631 1428; x_wconf 87' lang='lat' dir='ltr'><strong>autem</strong></span> <span class='ocrx_word' id='word_1_617' title='bbox 1647 1400 1765 1435; x_wconf 91' lang='lat' dir='ltr'><strong>erigens,</strong></span> <span class='ocrx_word' id='word_1_618' title='bbox 1776 1405 1804 1427; x_wconf 87' lang='lat' dir='ltr'><strong>et</strong></span> <span class='ocrx_word' id='word_1_619' title='bbox 1817 1399 1851 1426; x_wconf 90' lang='lat' dir='ltr'><strong>ad</strong></span> 
     </span>
    </p>
   </div>
   <div class='ocr_carea' id='block_1_79' title="bbox 1052 1444 1853 1476">
    <p class='ocr_par' dir='ltr' id='par_1_79' title="bbox 1052 1444 1853 1476">
     <span class='ocr_line' id='line_1_79' title="bbox 1052 1444 1853 1476; baseline 0 -4"><span class='ocrx_word' id='word_1_620' title='bbox 1052 1444 1164 1472; x_wconf 87' lang='lat' dir='ltr'><strong>ulterius</strong></span> <span class='ocrx_word' id='word_1_621' title='bbox 1185 1445 1306 1473; x_wconf 84' lang='lat' dir='ltr'><strong>excitans</strong></span> <span class='ocrx_word' id='word_1_622' title='bbox 1328 1445 1463 1476; x_wconf 84' lang='lat' dir='ltr'><strong>studium,</strong></span> <span class='ocrx_word' id='word_1_623' title='bbox 1487 1445 1680 1473; x_wconf 89' lang='lat' dir='ltr'><strong>testiﬁcabatur</strong></span> <span class='ocrx_word' id='word_1_624' title='bbox 1702 1444 1853 1472; x_wconf 81' lang='lat' dir='ltr'><strong>Corinthiis</strong></span> 
     </span>
    </p>
   </div>
   <div class='ocr_carea' id='block_1_80' title="bbox 1051 1490 1851 1527">
    <p class='ocr_par' dir='ltr' id='par_1_80' title="bbox 1051 1490 1851 1527">
     <span class='ocr_line' id='line_1_80' title="bbox 1051 1490 1851 1527; baseline 0 -9"><span class='ocrx_word' id='word_1_625' title='bbox 1051 1490 1090 1518; x_wconf 87' lang='lat' dir='ltr'><strong>sic</strong></span> <span class='ocrx_word' id='word_1_626' title='bbox 1104 1491 1237 1524; x_wconf 88' lang='lat' dir='ltr'><strong>scribens,</strong></span> <span class='ocrx_word' id='word_1_627' title='bbox 1253 1491 1294 1519; x_wconf 86' lang='lat' dir='ltr'><strong>Ne</strong></span> <span class='ocrx_word' id='word_1_628' title='bbox 1306 1494 1371 1527; x_wconf 78' lang='lat' dir='ltr'><strong>forte</strong></span> <span class='ocrx_word' id='word_1_629' title='bbox 1385 1492 1478 1519; x_wconf 81' lang='lat' dir='ltr'><strong>multos</strong></span> <span class='ocrx_word' id='word_1_630' title='bbox 1492 1492 1610 1527; x_wconf 80' lang='lat' dir='ltr'><strong>deﬂeam,</strong></span> <span class='ocrx_word' id='word_1_631' title='bbox 1626 1492 1669 1527; x_wconf 83' lang='lat' dir='ltr'><strong>qui</strong></span> <span class='ocrx_word' id='word_1_632' title='bbox 1683 1497 1743 1519; x_wconf 86' lang='lat' dir='ltr'><strong>ante</strong></span> <span class='ocrx_word' id='word_1_633' title='bbox 1756 1500 1851 1526; x_wconf 80' lang='lat' dir='ltr'><strong>pecca-</strong></span> 
     </span>
    </p>
   </div>
   <div class='ocr_carea' id='block_1_81' title="bbox 1051 1536 1850 1573">
    <p class='ocr_par' dir='ltr' id='par_1_81' title="bbox 1051 1536 1850 1573">
     <span class='ocr_line' id='line_1_81' title="bbox 1051 1536 1850 1573; baseline 0 -9"><span class='ocrx_word' id='word_1_634' title='bbox 1051 1542 1150 1570; x_wconf 80' lang='lat' dir='ltr'><strong>verunt,</strong></span> <span class='ocrx_word' id='word_1_635' title='bbox 1164 1543 1187 1564; x_wconf 88' lang='lat' dir='ltr'><strong>et</strong></span> <span class='ocrx_word' id='word_1_636' title='bbox 1205 1538 1377 1573; x_wconf 63' lang='lat' dir='ltr'><strong>paenitentiam</strong></span> <span class='ocrx_word' id='word_1_637' title='bbox 1390 1546 1442 1565; x_wconf 87' lang='lat' dir='ltr'><strong>non</strong></span> <span class='ocrx_word' id='word_1_638' title='bbox 1456 1542 1560 1573; x_wconf 81' lang='lat' dir='ltr'><strong>egerunt</strong></span> <span class='ocrx_word' id='word_1_639' title='bbox 1580 1538 1617 1572; x_wconf 76' lang='lat'><strong>(2.</strong></span> <span class='ocrx_word' id='word_1_640' title='bbox 1633 1536 1693 1565; x_wconf 86' lang='lat' dir='ltr'><strong>Cor.</strong></span> <span class='ocrx_word' id='word_1_641' title='bbox 1715 1537 1760 1565; x_wconf 71' lang='grc'><strong>12.</strong></span> <span class='ocrx_word' id='word_1_642' title='bbox 1775 1537 1825 1572; x_wconf 68' lang='grc'><strong>21)</strong></span> <span class='ocrx_word' id='word_1_643' title='bbox 1843 1547 1850 1564; x_wconf 87' lang='lat'>:</span> 
     </span>
    </p>
   </div>
   <div class='ocr_carea' id='block_1_82' title="bbox 1051 1584 1852 1620">
    <p class='ocr_par' dir='ltr' id='par_1_82' title="bbox 1051 1584 1852 1620">
     <span class='ocr_line' id='line_1_82' title="bbox 1051 1584 1852 1620; baseline 0 -9"><span class='ocrx_word' id='word_1_644' title='bbox 1051 1584 1196 1612; x_wconf 87' lang='lat' dir='ltr'><strong>ostendens</strong></span> <span class='ocrx_word' id='word_1_645' title='bbox 1211 1591 1264 1612; x_wconf 92' lang='lat' dir='ltr'><strong>non</strong></span> <span class='ocrx_word' id='word_1_646' title='bbox 1280 1588 1332 1612; x_wconf 87' lang='lat' dir='ltr'><strong>tam</strong></span> <span class='ocrx_word' id='word_1_647' title='bbox 1347 1589 1505 1620; x_wconf 87' lang='lat' dir='ltr'><strong>peccantes,</strong></span> <span class='ocrx_word' id='word_1_648' title='bbox 1521 1592 1600 1619; x_wconf 87' lang='lat' dir='ltr'><strong>quam</strong></span> <span class='ocrx_word' id='word_1_649' title='bbox 1615 1591 1668 1611; x_wconf 88' lang='lat' dir='ltr'><strong>non</strong></span> <span class='ocrx_word' id='word_1_650' title='bbox 1685 1584 1852 1619; x_wconf 70' lang='lat' dir='ltr'><strong>pmnitentes</strong></span> 
     </span>
    </p>
   </div>
   <div class='ocr_carea' id='block_1_83' title="bbox 1050 1630 1853 1666">
    <p class='ocr_par' dir='ltr' id='par_1_83' title="bbox 1050 1630 1853 1666">
     <span class='ocr_line' id='line_1_83' title="bbox 1050 1630 1853 1666; baseline 0 -8"><span class='ocrx_word' id='word_1_651' title='bbox 1050 1630 1145 1666; x_wconf 91' lang='lat' dir='ltr'><strong>dignos</strong></span> <span class='ocrx_word' id='word_1_652' title='bbox 1159 1631 1283 1666; x_wconf 86' lang='lat' dir='ltr'><strong>lacrymis</strong></span> <span class='ocrx_word' id='word_1_653' title='bbox 1297 1638 1366 1658; x_wconf 91' lang='lat' dir='ltr'><strong>esse.</strong></span> <span class='ocrx_word' id='word_1_654' title='bbox 1383 1631 1416 1658; x_wconf 83' lang='lat' dir='ltr'><strong>Et</strong></span> <span class='ocrx_word' id='word_1_655' title='bbox 1428 1631 1556 1666; x_wconf 85' lang='lat' dir='ltr'><strong>propheta</strong></span> <span class='ocrx_word' id='word_1_656' title='bbox 1568 1631 1601 1658; x_wconf 89' lang='lat' dir='ltr'><strong>ad</strong></span> <span class='ocrx_word' id='word_1_657' title='bbox 1615 1631 1724 1658; x_wconf 91' lang='lat' dir='ltr'><strong>eosdem</strong></span> <span class='ocrx_word' id='word_1_658' title='bbox 1739 1639 1746 1658; x_wconf 92' lang='lat'>:</span> <span class='ocrx_word' id='word_1_659' title='bbox 1764 1630 1853 1658; x_wconf 78' lang='lat' dir='ltr'><strong>Nunt-</strong></span> 
     </span>
    </p>
   </div>
   <div class='ocr_carea' id='block_1_84' title="bbox 1050 1677 1853 1713">
    <p class='ocr_par' dir='ltr' id='par_1_84' title="bbox 1050 1677 1853 1713">
     <span class='ocr_line' id='line_1_84' title="bbox 1050 1677 1853 1713; baseline -0.001 -9"><span class='ocrx_word' id='word_1_660' title='bbox 1050 1677 1112 1711; x_wconf 84' lang='lat' dir='ltr'><strong>quid</strong></span> <span class='ocrx_word' id='word_1_661' title='bbox 1125 1678 1168 1710; x_wconf 83' lang='lat' dir='ltr'><strong>qui</strong></span> <span class='ocrx_word' id='word_1_662' title='bbox 1181 1678 1259 1709; x_wconf 79' lang='lat' dir='ltr'><strong>cadit,</strong></span> <span class='ocrx_word' id='word_1_663' title='bbox 1274 1685 1324 1704; x_wconf 85' lang='lat' dir='ltr'><strong>non</strong></span> <span class='ocrx_word' id='word_1_664' title='bbox 1338 1677 1462 1713; x_wconf 71' lang='lat' dir='ltr'><strong>resurgit,</strong></span> <span class='ocrx_word' id='word_1_665' title='bbox 1475 1681 1520 1704; x_wconf 84' lang='lat' dir='ltr'><strong>aut</strong></span> <span class='ocrx_word' id='word_1_666' title='bbox 1534 1685 1636 1704; x_wconf 75' lang='lat' dir='ltr'><strong>aversus</strong></span> <span class='ocrx_word' id='word_1_667' title='bbox 1649 1685 1699 1703; x_wconf 82' lang='lat' dir='ltr'><strong>non</strong></span> <span class='ocrx_word' id='word_1_668' title='bbox 1714 1677 1853 1704; x_wconf 72' lang='lat' dir='ltr'><strong>revertitur</strong></span> 
     </span>
    </p>
   </div>
   <div class='ocr_carea' id='block_1_85' title="bbox 1051 1723 1851 1758">
    <p class='ocr_par' dir='ltr' id='par_1_85' title="bbox 1051 1723 1851 1758">
     <span class='ocr_line' id='line_1_85' title="bbox 1051 1723 1851 1758; baseline 0 -8"><span class='ocrx_word' id='word_1_669' title='bbox 1051 1723 1117 1758; x_wconf 83' lang='lat' dir='ltr'><strong>(Jer.</strong></span> <span class='ocrx_word' id='word_1_670' title='bbox 1131 1724 1157 1751; x_wconf 89' lang='lat'><strong>8.</strong></span> <span class='ocrx_word' id='word_1_671' title='bbox 1175 1724 1222 1758; x_wconf 66' lang='grc' dir='ltr'>ψ</span> <span class='ocrx_word' id='word_1_672' title='bbox 1234 1724 1322 1758; x_wconf 91' lang='lat' dir='ltr'><strong>Quare</strong></span> <span class='ocrx_word' id='word_1_673' title='bbox 1343 1728 1371 1751; x_wconf 82' lang='lat' dir='ltr'><strong>et</strong></span> <span class='ocrx_word' id='word_1_674' title='bbox 1384 1723 1492 1751; x_wconf 86' lang='lat' dir='ltr'><strong>eosdem</strong></span> <span class='ocrx_word' id='word_1_675' title='bbox 1508 1723 1653 1751; x_wconf 88' lang='lat' dir='ltr'><strong>exhortans</strong></span> <span class='ocrx_word' id='word_1_676' title='bbox 1672 1723 1756 1750; x_wconf 88' lang='lat' dir='ltr'><strong>David</strong></span> <span class='ocrx_word' id='word_1_677' title='bbox 1768 1723 1851 1756; x_wconf 82' lang='lat' dir='ltr'><strong>dicit,</strong></span> 
     </span>
    </p>
   </div>
   <div class='ocr_carea' id='block_1_86' title="bbox 1052 1769 1853 1803">
    <p class='ocr_par' dir='ltr' id='par_1_86' title="bbox 1052 1769 1853 1803">
     <span class='ocr_line' id='line_1_86' title="bbox 1052 1769 1853 1803; baseline -0.001 -7"><span class='ocrx_word' id='word_1_678' title='bbox 1052 1769 1136 1796; x_wconf 81' lang='lat' dir='ltr'><strong>Hodie</strong></span> <span class='ocrx_word' id='word_1_679' title='bbox 1153 1770 1175 1796; x_wconf 78' lang='lat' dir='ltr'><strong>si</strong></span> <span class='ocrx_word' id='word_1_680' title='bbox 1189 1778 1274 1797; x_wconf 82' lang='lat' dir='ltr'><strong>vocem</strong></span> <span class='ocrx_word' id='word_1_681' title='bbox 1287 1771 1342 1803; x_wconf 77' lang='lat' dir='ltr'><strong>eius</strong></span> <span class='ocrx_word' id='word_1_682' title='bbox 1364 1770 1496 1797; x_wconf 76' lang='lat' dir='ltr'><strong>audieritis</strong></span> <span class='ocrx_word' id='word_1_683' title='bbox 1506 1790 1514 1801; x_wconf 86' lang='lat'><strong>,</strong></span> <span class='ocrx_word' id='word_1_684' title='bbox 1534 1769 1612 1796; x_wconf 85' lang='lat' dir='ltr'><strong>nolite</strong></span> <span class='ocrx_word' id='word_1_685' title='bbox 1625 1769 1753 1796; x_wconf 80' lang='lat' dir='ltr'><strong>obdurare</strong></span> <span class='ocrx_word' id='word_1_686' title='bbox 1770 1769 1853 1796; x_wconf 85' lang='lat' dir='ltr'><strong>corda</strong></span> 
     </span>
    </p>
   </div>
   <div class='ocr_carea' id='block_1_87' title="bbox 1050 1813 1852 1849">
    <p class='ocr_par' dir='ltr' id='par_1_87' title="bbox 1050 1813 1852 1849">
     <span class='ocr_line' id='line_1_87' title="bbox 1050 1813 1852 1849; baseline 0 -8"><span class='ocrx_word' id='word_1_687' title='bbox 1050 1819 1131 1841; x_wconf 73' lang='lat' dir='ltr'><strong>vestra</strong></span> <span class='ocrx_word' id='word_1_688' title='bbox 1149 1815 1214 1842; x_wconf 78' lang='lat' dir='ltr'><strong>sicut</strong></span> <span class='ocrx_word' id='word_1_689' title='bbox 1235 1816 1262 1842; x_wconf 88' lang='lat' dir='ltr'><strong>in</strong></span> <span class='ocrx_word' id='word_1_690' title='bbox 1278 1815 1467 1842; x_wconf 69' lang='lat' dir='ltr'><strong>exacerbatione</strong></span> <span class='ocrx_word' id='word_1_691' title='bbox 1485 1813 1572 1849; x_wconf 72' lang='lat' dir='ltr'><strong>(Psal.</strong></span> <span class='ocrx_word' id='word_1_692' title='bbox 1593 1814 1637 1842; x_wconf 64' lang='lat' dir='ltr'><strong>9L.</strong></span> <span class='ocrx_word' id='word_1_693' title='bbox 1654 1815 1694 1849; x_wconf 82' lang='lat'><strong>8).</strong></span> <span class='ocrx_word' id='word_1_694' title='bbox 1714 1813 1852 1847; x_wconf 86' lang='lat' dir='ltr'><strong>Quamdiu</strong></span> 
     </span>
    </p>
   </div>
   <div class='ocr_carea' id='block_1_88' title="bbox 1051 1860 1853 1896">
    <p class='ocr_par' dir='ltr' id='par_1_88' title="bbox 1051 1860 1853 1896">
     <span class='ocr_line' id='line_1_88' title="bbox 1051 1860 1853 1896; baseline 0 -8"><span class='ocrx_word' id='word_1_695' title='bbox 1051 1861 1131 1896; x_wconf 87' lang='lat' dir='ltr'><strong>igitur</strong></span> <span class='ocrx_word' id='word_1_696' title='bbox 1145 1861 1221 1888; x_wconf 83' lang='lat' dir='ltr'><strong>hodie</strong></span> <span class='ocrx_word' id='word_1_697' title='bbox 1240 1861 1346 1891; x_wconf 87' lang='lat' dir='ltr'><strong>dicitur.</strong></span> <span class='ocrx_word' id='word_1_698' title='bbox 1365 1868 1399 1888; x_wconf 87' lang='lat' dir='ltr'><strong>ne</strong></span> <span class='ocrx_word' id='word_1_699' title='bbox 1415 1861 1533 1888; x_wconf 89' lang='lat' dir='ltr'><strong>animum</strong></span> <span class='ocrx_word' id='word_1_700' title='bbox 1552 1860 1787 1894; x_wconf 87' lang='lat' dir='ltr'><strong>despondeamus;</strong></span> <span class='ocrx_word' id='word_1_701' title='bbox 1802 1860 1853 1888; x_wconf 86' lang='lat' dir='ltr'><strong>sed</strong></span> 
     </span>
    </p>
   </div>
   <div class='ocr_carea' id='block_1_89' title="bbox 1049 1906 1853 1942">
    <p class='ocr_par' dir='ltr' id='par_1_89' title="bbox 1049 1906 1853 1942">
     <span class='ocr_line' id='line_1_89' title="bbox 1049 1906 1853 1942; baseline -0.001 -8"><span class='ocrx_word' id='word_1_702' title='bbox 1049 1907 1146 1934; x_wconf 90' lang='lat' dir='ltr'><strong>bonam</strong></span> <span class='ocrx_word' id='word_1_703' title='bbox 1159 1907 1186 1934; x_wconf 93' lang='lat' dir='ltr'><strong>in</strong></span> <span class='ocrx_word' id='word_1_704' title='bbox 1203 1907 1315 1934; x_wconf 90' lang='lat' dir='ltr'><strong>Domino</strong></span> <span class='ocrx_word' id='word_1_705' title='bbox 1326 1914 1400 1942; x_wconf 88' lang='lat' dir='ltr'><strong>spem</strong></span> <span class='ocrx_word' id='word_1_706' title='bbox 1412 1906 1551 1939; x_wconf 88' lang='lat' dir='ltr'><strong>habentes,</strong></span> <span class='ocrx_word' id='word_1_707' title='bbox 1564 1910 1591 1933; x_wconf 89' lang='lat' dir='ltr'><strong>et</strong></span> <span class='ocrx_word' id='word_1_708' title='bbox 1603 1906 1712 1942; x_wconf 84' lang='lat' dir='ltr'><strong>pelagus</strong></span> <span class='ocrx_word' id='word_1_709' title='bbox 1723 1906 1785 1941; x_wconf 66' lang='lat' dir='ltr'><strong>ejits</strong></span> <span class='ocrx_word' id='word_1_710' title='bbox 1796 1906 1853 1933; x_wconf 87' lang='lat' dir='ltr'><strong>cle-</strong></span> 
     </span>
    </p>
   </div>
   <div class='ocr_carea' id='block_1_90' title="bbox 1050 1952 1851 1988">
    <p class='ocr_par' dir='ltr' id='par_1_90' title="bbox 1050 1952 1851 1988">
     <span class='ocr_line' id='line_1_90' title="bbox 1050 1952 1851 1988; baseline -0.002 -8"><span class='ocrx_word' id='word_1_711' title='bbox 1050 1954 1156 1981; x_wconf 61' lang='lat' dir='ltr'><strong>mentia:</strong></span> <span class='ocrx_word' id='word_1_712' title='bbox 1169 1954 1345 1988; x_wconf 87' lang='lat' dir='ltr'><strong>recogitantes</strong></span> <span class='ocrx_word' id='word_1_713' title='bbox 1356 1973 1363 1986; x_wconf 92' lang='lat'><strong>,</strong></span> <span class='ocrx_word' id='word_1_714' title='bbox 1380 1960 1487 1979; x_wconf 88' lang='lat' dir='ltr'><strong>omnem</strong></span> <span class='ocrx_word' id='word_1_715' title='bbox 1502 1952 1694 1979; x_wconf 84' lang='lat' dir='ltr'><strong>conscientiam</strong></span> <span class='ocrx_word' id='word_1_716' title='bbox 1709 1952 1851 1979; x_wconf 85' lang='lat' dir='ltr'><strong>excutien-</strong></span> 
     </span>
    </p>
   </div>
   <div class='ocr_carea' id='block_1_91' title="bbox 1050 1997 1853 2034">
    <p class='ocr_par' dir='ltr' id='par_1_91' title="bbox 1050 1997 1853 2034">
     <span class='ocr_line' id='line_1_91' title="bbox 1050 1997 1853 2034; baseline -0.001 -8"><span class='ocrx_word' id='word_1_717' title='bbox 1050 2003 1090 2027; x_wconf 90' lang='lat' dir='ltr'><strong>tes</strong></span> <span class='ocrx_word' id='word_1_718' title='bbox 1104 1999 1199 2027; x_wconf 79' lang='lat' dir='ltr'><strong>malum</strong></span> <span class='ocrx_word' id='word_1_719' title='bbox 1213 1999 1294 2026; x_wconf 85' lang='lat' dir='ltr'><strong>multa</strong></span> <span class='ocrx_word' id='word_1_720' title='bbox 1315 2006 1376 2026; x_wconf 91' lang='lat' dir='ltr'><strong>cum</strong></span> <span class='ocrx_word' id='word_1_721' title='bbox 1390 2006 1438 2034; x_wconf 86' lang='lat' dir='ltr'><strong>spe</strong></span> <span class='ocrx_word' id='word_1_722' title='bbox 1452 1998 1642 2033; x_wconf 87' lang='lat' dir='ltr'><strong>propositoque</strong></span> <span class='ocrx_word' id='word_1_723' title='bbox 1662 1997 1853 2025; x_wconf 76' lang='lat' dir='ltr'><strong>adhzereamus</strong></span> 
     </span>
    </p>
   </div>
   <div class='ocr_carea' id='block_1_92' title="bbox 1050 2043 1852 2080">
    <p class='ocr_par' dir='ltr' id='par_1_92' title="bbox 1050 2043 1852 2080">
     <span class='ocr_line' id='line_1_92' title="bbox 1050 2043 1852 2080; baseline -0.002 -8"><span class='ocrx_word' id='word_1_724' title='bbox 1050 2045 1141 2072; x_wconf 90' lang='lat' dir='ltr'><strong>virtuti</strong></span> <span class='ocrx_word' id='word_1_725' title='bbox 1151 2065 1158 2077; x_wconf 84' lang='lat'><strong><em>.</em></strong></span> <span class='ocrx_word' id='word_1_726' title='bbox 1175 2050 1202 2072; x_wconf 90' lang='lat' dir='ltr'><strong>ct</strong></span> <span class='ocrx_word' id='word_1_727' title='bbox 1216 2045 1400 2080; x_wconf 73' lang='lat' dir='ltr'><strong>ptenitentiam</strong></span> <span class='ocrx_word' id='word_1_728' title='bbox 1415 2045 1544 2079; x_wconf 88' lang='lat' dir='ltr'><strong>majorem</strong></span> <span class='ocrx_word' id='word_1_729' title='bbox 1557 2044 1584 2071; x_wconf 91' lang='lat' dir='ltr'><strong>in</strong></span> <span class='ocrx_word' id='word_1_730' title='bbox 1599 2043 1707 2071; x_wconf 90' lang='lat' dir='ltr'><strong>modum</strong></span> <span class='ocrx_word' id='word_1_731' title='bbox 1719 2043 1852 2071; x_wconf 77' lang='lat' dir='ltr'><strong>ostenda-</strong></span> 
     </span>
    </p>
   </div>
   <div class='ocr_carea' id='block_1_93' title="bbox 1051 2089 1852 2125">
    <p class='ocr_par' dir='ltr' id='par_1_93' title="bbox 1051 2089 1852 2125">
     <span class='ocr_line' id='line_1_93' title="bbox 1051 2089 1852 2125; baseline -0.004 -7"><span class='ocrx_word' id='word_1_732' title='bbox 1051 2098 1121 2124; x_wconf 84' lang='lat' dir='ltr'><strong>mus,</strong></span> <span class='ocrx_word' id='word_1_733' title='bbox 1136 2095 1165 2118; x_wconf 89' lang='lat' dir='ltr'><strong>ut</strong></span> <span class='ocrx_word' id='word_1_734' title='bbox 1175 2091 1218 2118; x_wconf 91' lang='lat' dir='ltr'><strong>hic</strong></span> <span class='ocrx_word' id='word_1_735' title='bbox 1229 2091 1350 2118; x_wconf 85' lang='lat' dir='ltr'><strong>universa</strong></span> <span class='ocrx_word' id='word_1_736' title='bbox 1362 2091 1527 2125; x_wconf 86' lang='lat' dir='ltr'><strong>deponentes</strong></span> <span class='ocrx_word' id='word_1_737' title='bbox 1539 2093 1646 2124; x_wconf 86' lang='lat' dir='ltr'><strong>peccata</strong></span> <span class='ocrx_word' id='word_1_738' title='bbox 1658 2089 1742 2116; x_wconf 88' lang='lat' dir='ltr'><strong>multa</strong></span> <span class='ocrx_word' id='word_1_739' title='bbox 1755 2089 1852 2116; x_wconf 84' lang='lat' dir='ltr'><strong>ﬁducia</strong></span> 
     </span>
    </p>
   </div>
   <div class='ocr_carea' id='block_1_94' title="bbox 1048 2136 1853 2171">
    <p class='ocr_par' dir='ltr' id='par_1_94' title="bbox 1048 2136 1853 2171">
     <span class='ocr_line' id='line_1_94' title="bbox 1048 2136 1853 2171; baseline -0.002 -7"><span class='ocrx_word' id='word_1_740' title='bbox 1048 2145 1138 2165; x_wconf 87' lang='lat' dir='ltr'><strong>coram</strong></span> <span class='ocrx_word' id='word_1_741' title='bbox 1153 2137 1252 2165; x_wconf 90' lang='lat' dir='ltr'><strong>Christi</strong></span> <span class='ocrx_word' id='word_1_742' title='bbox 1275 2137 1399 2164; x_wconf 85' lang='lat' dir='ltr'><strong>tribunali</strong></span> <span class='ocrx_word' id='word_1_743' title='bbox 1416 2141 1487 2164; x_wconf 88' lang='lat' dir='ltr'><strong>stare</strong></span> <span class='ocrx_word' id='word_1_744' title='bbox 1507 2136 1658 2171; x_wconf 90' lang='lat' dir='ltr'><strong>possimus,</strong></span> <span class='ocrx_word' id='word_1_745' title='bbox 1680 2143 1853 2170; x_wconf 81' lang='lat' dir='ltr'><strong>regnumque</strong></span> 
     </span>
    </p>
   </div>
   <div class='ocr_carea' id='block_1_95' title="bbox 1048 2182 1852 2218">
    <p class='ocr_par' dir='ltr' id='par_1_95' title="bbox 1048 2182 1852 2218">
     <span class='ocr_line' id='line_1_95' title="bbox 1048 2182 1852 2218; baseline -0.002 -8"><span class='ocrx_word' id='word_1_746' title='bbox 1048 2183 1174 2210; x_wconf 72' lang='lat' dir='ltr'><strong>cmlorum</strong></span> <span class='ocrx_word' id='word_1_747' title='bbox 1193 2183 1331 2218; x_wconf 87' lang='lat' dir='ltr'><strong>consequi.</strong></span> <span class='ocrx_word' id='word_1_748' title='bbox 1349 2183 1432 2217; x_wconf 90' lang='lat' dir='ltr'><strong>Cujus</strong></span> <span class='ocrx_word' id='word_1_749' title='bbox 1446 2190 1540 2210; x_wconf 90' lang='lat' dir='ltr'><strong>omnes</strong></span> <span class='ocrx_word' id='word_1_750' title='bbox 1560 2189 1608 2209; x_wconf 92' lang='lat' dir='ltr'><strong>nos</strong></span> <span class='ocrx_word' id='word_1_751' title='bbox 1630 2182 1774 2216; x_wconf 85' lang='lat' dir='ltr'><strong>participes</strong></span> <span class='ocrx_word' id='word_1_752' title='bbox 1792 2182 1852 2208; x_wconf 88' lang='lat' dir='ltr'><strong>fieri</strong></span> 
     </span>
    </p>
   </div>
   <div class='ocr_carea' id='block_1_96' title="bbox 1047 2227 1853 2265">
    <p class='ocr_par' dir='ltr' id='par_1_96' title="bbox 1047 2227 1853 2265">
     <span class='ocr_line' id='line_1_96' title="bbox 1047 2227 1853 2265; baseline -0.004 -8"><span class='ocrx_word' id='word_1_753' title='bbox 1047 2230 1198 2265; x_wconf 89' lang='lat' dir='ltr'><strong>contingat,</strong></span> <span class='ocrx_word' id='word_1_754' title='bbox 1224 2230 1311 2264; x_wconf 88' lang='lat' dir='ltr'><strong>gratia</strong></span> <span class='ocrx_word' id='word_1_755' title='bbox 1332 2234 1359 2257; x_wconf 89' lang='lat' dir='ltr'><strong>et</strong></span> <span class='ocrx_word' id='word_1_756' title='bbox 1378 2228 1520 2256; x_wconf 86' lang='lat' dir='ltr'><strong>clementia</strong></span> <span class='ocrx_word' id='word_1_757' title='bbox 1546 2228 1651 2255; x_wconf 89' lang='lat' dir='ltr'><strong>Domini</strong></span> <span class='ocrx_word' id='word_1_758' title='bbox 1673 2227 1759 2254; x_wconf 88' lang='lat' dir='ltr'><strong>nostri</strong></span> <span class='ocrx_word' id='word_1_759' title='bbox 1785 2227 1853 2254; x_wconf 74' lang='lat' dir='ltr'><strong>Iesu</strong></span> 
     </span>
    </p>
   </div>
   <div class='ocr_carea' id='block_1_97' title="bbox 1047 2273 1852 2310">
    <p class='ocr_par' dir='ltr' id='par_1_97' title="bbox 1047 2273 1852 2310">
     <span class='ocr_line' id='line_1_97' title="bbox 1047 2273 1852 2310; baseline -0.004 -8"><span class='ocrx_word' id='word_1_760' title='bbox 1047 2274 1164 2308; x_wconf 89' lang='lat' dir='ltr'><strong>Christi,</strong></span> <span class='ocrx_word' id='word_1_761' title='bbox 1191 2275 1236 2310; x_wconf 92' lang='lat' dir='ltr'><strong>qui</strong></span> <span class='ocrx_word' id='word_1_762' title='bbox 1259 2282 1320 2302; x_wconf 90' lang='lat' dir='ltr'><strong>cum</strong></span> <span class='ocrx_word' id='word_1_763' title='bbox 1342 2274 1434 2307; x_wconf 86' lang='lat' dir='ltr'><strong>Patri,</strong></span> <span class='ocrx_word' id='word_1_764' title='bbox 1461 2274 1594 2308; x_wconf 88' lang='lat' dir='ltr'><strong>simulque</strong></span> <span class='ocrx_word' id='word_1_765' title='bbox 1616 2277 1710 2300; x_wconf 89' lang='lat' dir='ltr'><strong>sancto</strong></span> <span class='ocrx_word' id='word_1_766' title='bbox 1737 2273 1852 2307; x_wconf 89' lang='lat' dir='ltr'><strong>Spiritui</strong></span> 
     </span>
    </p>
   </div>
   <div class='ocr_carea' id='block_1_98' title="bbox 1047 2319 1853 2355">
    <p class='ocr_par' dir='ltr' id='par_1_98' title="bbox 1047 2319 1853 2355">
     <span class='ocr_line' id='line_1_98' title="bbox 1047 2319 1853 2355; baseline -0.002 -7"><span class='ocrx_word' id='word_1_767' title='bbox 1047 2320 1140 2355; x_wconf 86' lang='lat' dir='ltr'><strong>gloria,</strong></span> <span class='ocrx_word' id='word_1_768' title='bbox 1162 2321 1316 2355; x_wconf 88' lang='lat' dir='ltr'><strong>imperium,</strong></span> <span class='ocrx_word' id='word_1_769' title='bbox 1332 2325 1359 2348; x_wconf 90' lang='lat' dir='ltr'><strong>et</strong></span> <span class='ocrx_word' id='word_1_770' title='bbox 1381 2320 1478 2353; x_wconf 88' lang='lat' dir='ltr'><strong>honor,</strong></span> <span class='ocrx_word' id='word_1_771' title='bbox 1500 2326 1570 2347; x_wconf 94' lang='lat' dir='ltr'><strong>nunc</strong></span> <span class='ocrx_word' id='word_1_772' title='bbox 1583 2323 1612 2346; x_wconf 88' lang='lat' dir='ltr'><strong>et</strong></span> <span class='ocrx_word' id='word_1_773' title='bbox 1632 2326 1756 2354; x_wconf 86' lang='lat' dir='ltr'><strong>semper,</strong></span> <span class='ocrx_word' id='word_1_774' title='bbox 1777 2325 1806 2346; x_wconf 85' lang='lat' dir='ltr'><strong>et</strong></span> <span class='ocrx_word' id='word_1_775' title='bbox 1824 2319 1853 2346; x_wconf 91' lang='lat' dir='ltr'><strong>in</strong></span> 
     </span>
    </p>
   </div>
   <div class='ocr_carea' id='block_1_99' title="bbox 1047 2367 1439 2394">
    <p class='ocr_par' dir='ltr' id='par_1_99' title="bbox 1047 2367 1439 2394">
     <span class='ocr_line' id='line_1_99' title="bbox 1047 2367 1439 2394; baseline 0 -2"><span class='ocrx_word' id='word_1_776' title='bbox 1047 2367 1144 2394; x_wconf 62' lang='lat' dir='ltr'><strong>saecula</strong></span> <span class='ocrx_word' id='word_1_777' title='bbox 1157 2367 1326 2394; x_wconf 79' lang='lat' dir='ltr'><strong>szeculorum.</strong></span> <span class='ocrx_word' id='word_1_778' title='bbox 1342 2367 1439 2393; x_wconf 82' lang='lat' dir='ltr'><strong>Amen.</strong></span> 
     </span>
    </p>
   </div>
   <div class='ocr_carea' id='block_1_100' title="bbox 203 2411 1838 2427">
    <p class='ocr_par' dir='ltr' id='par_1_100' title="bbox 203 2411 1838 2427">
     <span class='ocr_line' id='line_1_100' title="bbox 203 2411 1838 2427; baseline 0 -10"><span class='ocrx_word' id='word_1_779' title='bbox 203 2411 1838 2427; x_wconf 39' lang='grc' dir='ltr'><strong>ᾓ-ξ-ῇ-ῇ--ᾁ</strong></span> 
     </span>
    </p>
   </div>
   <div class='ocr_carea' id='block_1_101' title="bbox 779 2457 1234 2501">
    <p class='ocr_par' dir='ltr' id='par_1_101' title="bbox 779 2457 1234 2501">
     <span class='ocr_line' id='line_1_101' title="bbox 779 2457 1234 2501; baseline 0.002 -11"><span class='ocrx_word' id='word_1_780' title='bbox 779 2457 848 2491; x_wconf 88' lang='lat' dir='ltr'><strong>DE</strong></span> <span class='ocrx_word' id='word_1_781' title='bbox 882 2457 1234 2501; x_wconf 80' lang='lat' dir='ltr'><strong>P(ENITENTIA,</strong></span> 
     </span>
    </p>
   </div>
   <div class='ocr_carea' id='block_1_102' title="bbox 498 2524 1524 2577">
    <p class='ocr_par' dir='ltr' id='par_1_102' title="bbox 498 2524 1524 2577">
     <span class='ocr_line' id='line_1_102' title="bbox 498 2524 1524 2577; baseline 0.005 -16"><span class='ocrx_word' id='word_1_782' title='bbox 498 2540 537 2561; x_wconf 84' lang='lat' dir='ltr'><strong>ET</strong></span> <span class='ocrx_word' id='word_1_783' title='bbox 553 2541 593 2562; x_wconf 82' lang='lat' dir='ltr'><strong>DE</strong></span> <span class='ocrx_word' id='word_1_784' title='bbox 609 2524 771 2563; x_wconf 76' lang='lat' dir='ltr'><strong>Moesrtru</strong></span> <span class='ocrx_word' id='word_1_785' title='bbox 796 2543 884 2565; x_wconf 76' lang='lat' dir='ltr'><strong>REGIS</strong></span> <span class='ocrx_word' id='word_1_786' title='bbox 906 2543 1041 2567; x_wconf 73' lang='lat' dir='ltr'><strong>ACEAAB.</strong></span> <span class='ocrx_word' id='word_1_787' title='bbox 1058 2544 1098 2564; x_wconf 73' lang='grc' dir='ltr'><strong>ετ</strong></span> <span class='ocrx_word' id='word_1_788' title='bbox 1118 2544 1160 2565; x_wconf 78' lang='lat' dir='ltr'><strong>na</strong></span> <span class='ocrx_word' id='word_1_789' title='bbox 1181 2544 1259 2566; x_wconf 77' lang='lat' dir='ltr'><strong>JONA</strong></span> <span class='ocrx_word' id='word_1_790' title='bbox 1282 2545 1446 2566; x_wconf 70' lang='lat' dir='ltr'><strong>nomen</strong></span> <span class='ocrx_word' id='word_1_791' title='bbox 1470 2537 1524 2577; x_wconf 91' lang='lat' dir='ltr'><strong>(a).</strong></span> 
     </span>
    </p>
   </div>
   <div class='ocr_carea' id='block_1_103' title="bbox 517 2654 672 2674">
    <p class='ocr_par' dir='ltr' id='par_1_103' title="bbox 517 2654 672 2674">
     <span class='ocr_line' id='line_1_103' title="bbox 517 2654 672 2674; baseline 0 0"><span class='ocrx_word' id='word_1_792' title='bbox 517 2654 622 2674; x_wconf 66' lang='lat' dir='ltr'><strong>NOIILIA</strong></span> <span class='ocrx_word' id='word_1_793' title='bbox 644 2655 672 2674; x_wconf 88' lang='lat' dir='ltr'><strong>ll.</strong></span> 
     </span>
    </p>
   </div>
   <div class='ocr_carea' id='block_1_104' title="bbox 235 2688 993 2730">
    <p class='ocr_par' dir='ltr' id='par_1_104' title="bbox 235 2688 993 2730">
     <span class='ocr_line' id='line_1_104' title="bbox 235 2688 993 2730; baseline 0.013 -15"><span class='ocrx_word' id='word_1_794' title='bbox 235 2689 262 2716; x_wconf 77' lang='lat' dir='ltr'><strong>l.</strong></span> <span class='ocrx_word' id='word_1_795' title='bbox 279 2688 388 2717; x_wconf 80' lang='lat' dir='ltr'><strong>Vidistis</strong></span> <span class='ocrx_word' id='word_1_796' title='bbox 409 2691 539 2726; x_wconf 79' lang='lat' dir='ltr'><strong>superiori</strong></span> <span class='ocrx_word' id='word_1_797' title='bbox 567 2693 703 2721; x_wconf 86' lang='lat' dir='ltr'><strong>Dominica</strong></span> <span class='ocrx_word' id='word_1_798' title='bbox 725 2702 839 2730; x_wconf 85' lang='lat' dir='ltr'><strong>pugnam</strong></span> <span class='ocrx_word' id='word_1_799' title='bbox 859 2697 993 2724; x_wconf 81' lang='lat' dir='ltr'><strong>et-victo-</strong></span> 
     </span>
    </p>
   </div>
   <div class='ocr_carea' id='block_1_105' title="bbox 200 2735 992 2773">
    <p class='ocr_par' dir='ltr' id='par_1_105' title="bbox 200 2735 992 2773">
     <span class='ocr_line' id='line_1_105' title="bbox 200 2735 992 2773; baseline 0.013 -12"><span class='ocrx_word' id='word_1_800' title='bbox 200 2735 282 2767; x_wconf 88' lang='lat' dir='ltr'><strong>riam,</strong></span> <span class='ocrx_word' id='word_1_801' title='bbox 307 2743 422 2771; x_wconf 87' lang='lat' dir='ltr'><strong>pugnam</strong></span> <span class='ocrx_word' id='word_1_802' title='bbox 453 2738 560 2772; x_wconf 89' lang='lat' dir='ltr'><strong>quidem</strong></span> <span class='ocrx_word' id='word_1_803' title='bbox 595 2739 712 2773; x_wconf 87' lang='lat' dir='ltr'><strong>diaboli,</strong></span> <span class='ocrx_word' id='word_1_804' title='bbox 739 2741 876 2770; x_wconf 90' lang='lat' dir='ltr'><strong>victoriam</strong></span> <span class='ocrx_word' id='word_1_805' title='bbox 903 2747 992 2770; x_wconf 89' lang='lat' dir='ltr'><strong>autem</strong></span> 
     </span>
    </p>
   </div>
   <div class='ocr_carea' id='block_1_106' title="bbox 198 2780 992 2822">
    <p class='ocr_par' dir='ltr' id='par_1_106' title="bbox 198 2780 992 2822">
     <span class='ocr_line' id='line_1_106' title="bbox 198 2780 992 2822; baseline 0.011 -14"><span class='ocrx_word' id='word_1_806' title='bbox 198 2780 315 2808; x_wconf 83' lang='lat' dir='ltr'><strong>Christi?</strong></span> <span class='ocrx_word' id='word_1_807' title='bbox 326 2782 439 2814; x_wconf 87' lang='lat' dir='ltr'><strong>vidistis.</strong></span> <span class='ocrx_word' id='word_1_808' title='bbox 453 2788 482 2810; x_wconf 93' lang='lat' dir='ltr'><strong>ut</strong></span> <span class='ocrx_word' id='word_1_809' title='bbox 491 2784 646 2818; x_wconf 63' lang='lat' dir='ltr'><strong>poenitentia</strong></span> <span class='ocrx_word' id='word_1_810' title='bbox 658 2785 819 2822; x_wconf 89' lang='lat' dir='ltr'><strong>laudaretur,</strong></span> <span class='ocrx_word' id='word_1_811' title='bbox 832 2793 859 2816; x_wconf 84' lang='lat' dir='ltr'><strong>et</strong></span> <span class='ocrx_word' id='word_1_812' title='bbox 869 2788 992 2817; x_wconf 89' lang='lat' dir='ltr'><strong>diabolus</strong></span> 
     </span>
    </p>
   </div>
   <div class='ocr_carea' id='block_1_107' title="bbox 227 2848 991 2889">
    <p class='ocr_par' dir='ltr' id='par_1_107' title="bbox 227 2848 991 2889">
     <span class='ocr_line' id='line_1_107' title="bbox 227 2848 991 2889; baseline 0 0"><span class='ocrx_word' id='word_1_813' title='bbox 227 2848 369 2889; x_wconf 49' lang='lat' dir='ltr'><strong>{usque}?</strong></span> <span class='ocrx_word' id='word_1_814' title='bbox 380 2857 435 2889; x_wconf 55' lang='lat' dir='ltr'><strong>et!“</strong></span> <span class='ocrx_word' id='word_1_815' title='bbox 447 2854 500 2889; x_wconf 58' lang='grc' dir='ltr'><strong>νεε-</strong></span> <span class='ocrx_word' id='word_1_816' title='bbox 515 2853 667 2889; x_wconf 46' lang='lat'><strong>319321828.</strong></span> <span class='ocrx_word' id='word_1_817' title='bbox 682 2853 750 2889; x_wconf 58' lang='lat'><strong>1929.</strong></span> <span class='ocrx_word' id='word_1_818' title='bbox 769 2856 839 2886; x_wconf 64' lang='lat'><strong>2032.</strong></span> <span class='ocrx_word' id='word_1_819' title='bbox 851 2856 921 2881; x_wconf 57' lang='grc' dir='ltr'>τίει.</span> <span class='ocrx_word' id='word_1_820' title='bbox 935 2860 991 2882; x_wconf 70' lang='lat' dir='ltr'><strong>Haec</strong></span> 
     </span>
    </p>
   </div>
   <div class='ocr_carea' id='block_1_108' title="bbox 197 2879 734 2910">
    <p class='ocr_par' dir='ltr' id='par_1_108' title="bbox 197 2879 734 2910">
     <span class='ocr_line' id='line_1_108' title="bbox 197 2879 734 2910; baseline 0.011 -6"><span class='ocrx_word' id='word_1_821' title='bbox 197 2879 293 2905; x_wconf 77' lang='lat' dir='ltr'><strong>homilia</strong></span> <span class='ocrx_word' id='word_1_822' title='bbox 305 2882 404 2906; x_wconf 82' lang='lat' dir='ltr'><strong>tertium</strong></span> <span class='ocrx_word' id='word_1_823' title='bbox 413 2881 491 2908; x_wconf 92' lang='lat' dir='ltr'><strong>locum</strong></span> <span class='ocrx_word' id='word_1_824' title='bbox 500 2879 595 2908; x_wconf 75' lang='lat' dir='ltr'><strong>obtinet</strong></span> <span class='ocrx_word' id='word_1_825' title='bbox 607 2886 630 2909; x_wconf 89' lang='lat' dir='ltr'><strong>iu</strong></span> <span class='ocrx_word' id='word_1_826' title='bbox 641 2879 734 2910; x_wconf 71' lang='lat' dir='ltr'><strong>savtltu.</strong></span> 
     </span>
    </p>
   </div>
   <div class='ocr_carea' id='block_1_109' title="bbox 1051 2652 1850 2688">
    <p class='ocr_par' dir='ltr' id='par_1_109' title="bbox 1051 2652 1850 2688">
     <span class='ocr_line' id='line_1_109' title="bbox 1051 2652 1850 2688; baseline 0.003 -9"><span class='ocrx_word' id='word_1_827' title='bbox 1051 2652 1154 2687; x_wconf 86' lang='lat' dir='ltr'><strong>plagam</strong></span> <span class='ocrx_word' id='word_1_828' title='bbox 1169 2660 1222 2679; x_wconf 88' lang='lat' dir='ltr'><strong>non</strong></span> <span class='ocrx_word' id='word_1_829' title='bbox 1237 2652 1333 2685; x_wconf 86' lang='lat' dir='ltr'><strong>ferret,</strong></span> <span class='ocrx_word' id='word_1_830' title='bbox 1347 2652 1395 2680; x_wconf 90' lang='lat' dir='ltr'><strong>sed</strong></span> <span class='ocrx_word' id='word_1_831' title='bbox 1412 2653 1557 2688; x_wconf 87' lang='lat' dir='ltr'><strong>trepidaret</strong></span> <span class='ocrx_word' id='word_1_832' title='bbox 1577 2657 1604 2680; x_wconf 91' lang='lat' dir='ltr'><strong>et</strong></span> <span class='ocrx_word' id='word_1_833' title='bbox 1624 2653 1767 2681; x_wconf 82' lang='lat' dir='ltr'><strong>horreret?</strong></span> <span class='ocrx_word' id='word_1_834' title='bbox 1780 2653 1850 2687; x_wconf 88' lang='lat' dir='ltr'><strong>Quid</strong></span> 
     </span>
    </p>
   </div>
   <div class='ocr_carea' id='block_1_110' title="bbox 1048 2698 1849 2736">
    <p class='ocr_par' dir='ltr' id='par_1_110' title="bbox 1048 2698 1849 2736">
     <span class='ocr_line' id='line_1_110' title="bbox 1048 2698 1849 2736; baseline 0.002 -11"><span class='ocrx_word' id='word_1_835' title='bbox 1048 2699 1136 2732; x_wconf 87' lang='lat' dir='ltr'><strong>times,</strong></span> <span class='ocrx_word' id='word_1_836' title='bbox 1151 2706 1168 2726; x_wconf 89' lang='grc' dir='ltr'><strong>ο</strong></span> <span class='ocrx_word' id='word_1_837' title='bbox 1180 2698 1300 2732; x_wconf 89' lang='lat' dir='ltr'><strong>diabole,</strong></span> <span class='ocrx_word' id='word_1_838' title='bbox 1316 2699 1379 2727; x_wconf 92' lang='lat' dir='ltr'><strong>dum</strong></span> <span class='ocrx_word' id='word_1_839' title='bbox 1394 2700 1548 2735; x_wconf 71' lang='lat' dir='ltr'><strong>pmnitentia</strong></span> <span class='ocrx_word' id='word_1_840' title='bbox 1565 2699 1706 2727; x_wconf 85' lang='lat' dir='ltr'><strong>laudatur?</strong></span> <span class='ocrx_word' id='word_1_841' title='bbox 1720 2700 1784 2734; x_wconf 87' lang='lat' dir='ltr'><strong>quid</strong></span> <span class='ocrx_word' id='word_1_842' title='bbox 1798 2708 1849 2736; x_wconf 81' lang='lat' dir='ltr'><strong>ge-</strong></span> 
     </span>
    </p>
   </div>
   <div class='ocr_carea' id='block_1_111' title="bbox 1045 2744 1850 2780">
    <p class='ocr_par' dir='ltr' id='par_1_111' title="bbox 1045 2744 1850 2780">
     <span class='ocr_line' id='line_1_111' title="bbox 1045 2744 1850 2780; baseline 0.001 -9"><span class='ocrx_word' id='word_1_843' title='bbox 1045 2744 1116 2772; x_wconf 89' lang='lat' dir='ltr'><strong>mis?</strong></span> <span class='ocrx_word' id='word_1_844' title='bbox 1130 2744 1193 2780; x_wconf 91' lang='lat' dir='ltr'><strong>quid</strong></span> <span class='ocrx_word' id='word_1_845' title='bbox 1207 2745 1320 2773; x_wconf 80' lang='lat' dir='ltr'><strong>horres?</strong></span> <span class='ocrx_word' id='word_1_846' title='bbox 1334 2745 1428 2773; x_wconf 84' lang='lat' dir='ltr'><strong>Merito</strong></span> <span class='ocrx_word' id='word_1_847' title='bbox 1442 2753 1517 2779; x_wconf 87' lang='lat' dir='ltr'><strong>sane,</strong></span> <span class='ocrx_word' id='word_1_848' title='bbox 1534 2745 1628 2780; x_wconf 90' lang='lat' dir='ltr'><strong>inquit,</strong></span> <span class='ocrx_word' id='word_1_849' title='bbox 1647 2753 1727 2780; x_wconf 91' lang='lat' dir='ltr'><strong>gemo</strong></span> <span class='ocrx_word' id='word_1_850' title='bbox 1740 2750 1768 2773; x_wconf 91' lang='lat' dir='ltr'><strong>et</strong></span> <span class='ocrx_word' id='word_1_851' title='bbox 1780 2745 1850 2773; x_wconf 84' lang='lat' dir='ltr'><strong>afﬂi-</strong></span> 
     </span>
    </p>
   </div>
   <div class='ocr_carea' id='block_1_112' title="bbox 1044 2791 1848 2828">
    <p class='ocr_par' dir='ltr' id='par_1_112' title="bbox 1044 2791 1848 2828">
     <span class='ocr_line' id='line_1_112' title="bbox 1044 2791 1848 2828; baseline 0.002 -10"><span class='ocrx_word' id='word_1_852' title='bbox 1044 2799 1092 2826; x_wconf 85' lang='lat' dir='ltr'><strong>gor</strong></span> <span class='ocrx_word' id='word_1_853' title='bbox 1103 2800 1110 2818; x_wconf 84' lang='lat'><strong>:</strong></span> <span class='ocrx_word' id='word_1_854' title='bbox 1123 2792 1290 2827; x_wconf 88' lang='lat' dir='ltr'><strong>magna-mihi</strong></span> <span class='ocrx_word' id='word_1_855' title='bbox 1300 2800 1362 2820; x_wconf 86' lang='lat' dir='ltr'><strong>vasa</strong></span> <span class='ocrx_word' id='word_1_856' title='bbox 1375 2793 1462 2828; x_wconf 87' lang='lat' dir='ltr'><strong>rapuit</strong></span> <span class='ocrx_word' id='word_1_857' title='bbox 1473 2793 1628 2828; x_wconf 73' lang='lat' dir='ltr'><strong>pmnitentia</strong></span> <span class='ocrx_word' id='word_1_858' title='bbox 1642 2792 1703 2819; x_wconf 88' lang='lat' dir='ltr'><strong>ista.</strong></span> <span class='ocrx_word' id='word_1_859' title='bbox 1715 2791 1848 2826; x_wconf 69' lang='lat' dir='ltr'><strong>Quaenam</strong></span> 
     </span>
    </p>
   </div>
   <div class='ocr_carea' id='block_1_113' title="bbox 1044 2837 1845 2874">
    <p class='ocr_par' dir='ltr' id='par_1_113' title="bbox 1044 2837 1845 2874">
     <span class='ocr_line' id='line_1_113' title="bbox 1044 2837 1845 2874; baseline 0.001 -10"><span class='ocrx_word' id='word_1_860' title='bbox 1044 2837 1090 2864; x_wconf 86' lang='lat' dir='ltr'><strong>illa</strong></span> <span class='ocrx_word' id='word_1_861' title='bbox 1115 2838 1244 2866; x_wconf 81' lang='lat' dir='ltr'><strong>tandem?</strong></span> <span class='ocrx_word' id='word_1_862' title='bbox 1267 2838 1448 2871; x_wconf 84' lang='lat' dir='ltr'><strong>Meretricem,</strong></span> <span class='ocrx_word' id='word_1_863' title='bbox 1479 2839 1666 2874; x_wconf 89' lang='lat' dir='ltr'><strong>publicanum,</strong></span> <span class='ocrx_word' id='word_1_864' title='bbox 1692 2838 1845 2874; x_wconf 76' lang='lat' dir='ltr'><strong>latronem,</strong></span> 
     </span>
    </p>
   </div>
   <div class='ocr_carea' id='block_1_114' title="bbox 1043 2883 1847 2919">
    <p class='ocr_par' dir='ltr' id='par_1_114' title="bbox 1043 2883 1847 2919">
     <span class='ocr_line' id='line_1_114' title="bbox 1043 2883 1847 2919; baseline 0 -8"><span class='ocrx_word' id='word_1_865' title='bbox 1043 2883 1237 2915; x_wconf 78' lang='lat' dir='ltr'><strong>blasuhemum.</strong></span> <span class='ocrx_word' id='word_1_866' title='bbox 1253 2884 1395 2913; x_wconf 88' lang='lat' dir='ltr'><strong>Enimvero</strong></span> <span class='ocrx_word' id='word_1_867' title='bbox 1413 2884 1495 2912; x_wconf 89' lang='lat' dir='ltr'><strong>tnttlta</strong></span> <span class='ocrx_word' id='word_1_868' title='bbox 1516 2891 1577 2912; x_wconf 87' lang='lat' dir='ltr'><strong>vasa</strong></span> <span class='ocrx_word' id='word_1_869' title='bbox 1601 2884 1660 2919; x_wconf 90' lang='lat' dir='ltr'><strong>ejus</strong></span> <span class='ocrx_word' id='word_1_870' title='bbox 1681 2883 1744 2912; x_wconf 79' lang='lat' dir='ltr'><strong>sine</strong></span> <span class='ocrx_word' id='word_1_871' title='bbox 1763 2883 1847 2912; x_wconf 78' lang='lat' dir='ltr'><strong>dubio</strong></span> 
     </span>
    </p>
   </div>
  </div>
