1978 3130
240 139 294 166 985

239 195 325 230 σκεύη
346 193 429 221 αοτοῦ
453 194 577 231 ἥρπασεν
592 194 609 229 ή
636 193 775 229 μετάνοια,
802 193 853 224 καὶ
875 192 958 228 αὐτὴν
978 191 1027 227 τὴν

237 240 386 276 ἀκρόπολιν
403 239 485 267 αὑτοῦ
499 239 618 272 καθεῖλε,
633 240 681 266 καὶ
700 239 812 275 καιρίαν
827 239 884 274 ἔχει
897 239 947 274 τὴν
957 237 1027 273 πλη-

237 287 289 323 γὴν
304 286 353 321 τῆς
371 285 525 321 μετανοίας.
546 286 625 323 Εῐσῃ,
647 285 783 320 άγαπητὲ,
800 285 848 319 ἀφ’
865 282 903 311 ὧν
916 285 932 320 ή
945 285 1028 320 πεῖρα

234 332 333 369 πρώην
351 332 444 366 Εδειξε.
457 332 535 363 Τίνος
546 329 594 358 οὖν
606 331 698 358 ἕνεκεν
713 330 822 366 ὁμιλίας
836 329 964 364 τοιαύτης
977 329 1028 355 οὐκ

237 379 421 415 ἀπολαύομεν,
437 379 484 406 καὶ
509 379 552 413 ἐφ’
577 378 696 413 ἑκάστης
726 378 767 409 είς
795 376 846 411 τὴν
878 374 1027 410 ἐκκλησίαν

237 425 412 461 ἀπαντῶμεν,
425 426 474 460 τὴν
488 425 632 460 μετάνοιαν
646 424 849 458 ἀσπαζόμενοι;
864 422 924 449 Κᾶν
937 422 1025 457 ἀμαρ-

236 472 319 503 τωλὸς
335 470 380 508 ᾖς,
397 471 501 498 εἴσελθε
519 472 559 502 εἰς
575 470 623 506 τὴν
641 469 799 505 ἐκκλησίαν,
818 469 862 496 ἵνα
880 469 963 504 λέγῃς
977 468 1027 499 τὰς

236 518 374 553 ἁμαρτίας
388 526 434 543 σου
444 526 451 532 ·
465 517 516 544 κᾶν
530 517 634 548 δίκαιος
646 514 689 553 ᾗς,
702 515 816 547 εἴσελθε,
833 515 877 541 ἵνα
892 514 929 549 μὴ
946 513 1026 541 ἐκπέ-

238 572 286 598 σης
305 563 354 597 τῆς
369 563 540 597 δικαιοσύνης
551 571 558 577 ·
572 561 655 598 λιμὴν
668 562 723 597 7&9
737 561 904 596 ἀμφοτέροις
918 560 991 587 ἐστὶν
1009 559 1025 595 ἡ

238 609 380 643 ἐκκλησία.

276 704 452 740 Ἀμαρτωλὺς
469 701 509 735 EI;
527 704 564 740 μή
581 704 719 739 ἀπογνῷς,
742 703 801 730 ἀλλ’
820 703 924 730 εἴσελθε
941 703 1024 738 μετά-

236 758 311 775 νοιαν
326 749 557 784 προϐαλλόμενος,
582 749 741 784 ”¹Ημαρτες;
764 748 825 774 είπὲ
845 748 884 783 τῷ
897 747 958 783 Θεῷ
973 748 1024 780 ὅτι,

242 795 414 830 Ἠμάρτηκα.
436 795 515 826 [Ιοῐος
541 795 662 830 κάματος
685 792 779 827 οὖτος;
805 794 868 820 ποια
885 793 1025 829 περίοδοςς

236 841 300 867 ποία
312 841 413 876 θλίψιςς
423 841 487 868 ποία
498 841 662 877 στενοχωρία
672 841 750 875 λόγον
761 842 848 868 εἰπεῖν
857 841 908 872 ὅτι,
922 841 1028 875 Ἥμαρ-

235 895 295 918 τον;
313 887 358 921 Μὴ
375 887 429 922 7&9
445 888 488 918 σὺ,
515 887 613 914 σαυτὸν
634 887 682 913 ἐὰν
700 886 736 922 μὴ
754 887 835 923 εἴπῃς
853 886 1024 922 ἁμαρτωλὸν,

234 933 284 959 ούκ
308 932 380 968 ἔχεις
401 934 554 969 κατήγορον
578 933 624 960 τὸν
649 933 789 965 διάϐολον;
817 933 951 967 Πρόλαϐε,
979 933 1026 959 καὶ

234 978 358 1014 ἅρπασον
380 978 462 1005 αὑτοῦ
487 979 517 1005 τὸ
541 978 665 1014 ἀξίωμα·
684 979 786 1005 ἐκείνου
804 978 858 1014 7&9
873 978 979 1013 ἀξίωμα
996 978 1026 1004 τὸ

234 1026 407 1060 κατηγορεῖν.
419 1025 451 1051 Τί
461 1022 507 1052 οὖν
519 1026 550 1052 οὑ
565 1025 768 1061 προλαμὸάνεις
779 1025 870 1058 αὑτὸν,
880 1025 927 1052 καὶ
937 1024 1025 1058 λέγεις

234 1070 283 1105 τὴν
301 1070 449 1106 ἁμαρτίαν,
477 1071 525 1098 καὶ
543 1071 694 1105 ἐξαλείφεις
715 1071 746 1098 τὸ
772 1071 933 1107 ἁμάρτημα,
948 1071 1025 1103 εἰδὼς

233 1113 274 1141 ὅτι
290 1115 410 1142 τοιοῦτον
427 1117 580 1152 κατήγορον
595 1116 666 1151 ἔχεις
683 1118 793 1153 σιγῆσαι
806 1117 843 1153 μὴ
859 1117 1024 1153 δυνάμενονς

235 1161 392 1197 Ἰίμαρτεςς
410 1162 513 1188 εἴσελθε
528 1162 568 1194 είς
591 1163 640 1198 τὴν
659 1162 816 1198 ἐκκλησίαν,
835 1163 895 1189 εἰπὲ
907 1163 946 1198 τῷ
966 1163 1025 1198 Θεῷ

232 1206 284 1238 ὅτι,
297 1207 449 1242 Ἥμαρτον.
466 1207 548 1234 Οὐδέν
559 1216 588 1234 σε
601 1208 666 1235 άλλο
680 1209 798 1240 ἀπαιτῶ,
812 1209 829 1244 ἢ
843 1209 921 1236 τοῦτο
933 1209 1023 1244 μόνον.

239 1251 271 1278 Ἡ
287 1253 340 1288 7&9
356 1253 416 1280 θεία
437 1254 533 1289 Γραφή
561 1262 643 1289 φησιν
662 1253 736 1289 Λέγε
753 1254 794 1281 σὺ
822 1255 875 1288 τὰς
900 1255 1026 1290 ἀνομίας

233 1307 292 1326 σου
308 1298 435 1333 πρῶτος,
452 1300 503 1326 ἵνα
523 1299 702 1335 δικαιωθῇς·
722 1301 782 1327 εἰπὲ
803 1302 853 1337 τὴν
877 1302 1024 1338 ἁμαρτίαν,

235 1343 277 1370 ἵνα
291 1344 375 1380 λύσῃς
388 1344 437 1379 τὴν
451 1345 597 1381 ἁμαρτίαν.
613 1347 670 1373 Οὐκ
688 1346 760 1374 ἔστιν
783 1349 812 1374 ὲν
827 1348 913 1384 τούτῳ
935 1349 1026 1385 κάμα-

190 1400 196 1405 ι
232 1401 287 1423 τος,
311 1390 372 1416 οὐδὲ
399 1390 523 1426 περίοδος
543 1391 641 1425 λόγων,
657 1391 717 1419 οὔτε
737 1393 887 1428 χρημάτων
906 1395 1023 1431 δαπάνη,

232 1434 294 1461 οὔτε
310 1435 374 1462 ἄλλο
388 1444 413 1462 τι
428 1435 550 1462 τοιοῦτον
569 1436 662 1463 οὐδέν·
688 1437 766 1471 λόγον
783 1439 859 1465 εἰπὸν
876 1445 900 1471 α,
923 1440 1026 1474 εὐγνω-

235 1480 350 1515 μόνησον
364 1481 409 1506 ἐπὶ
426 1481 457 1516 τῇ
480 1481 611 1516 ἁμαρτίᾳ,
626 1481 674 1508 καὶ
695 1482 755 1508 εἰπὲ
778 1483 828 1515 ὅτι,
851 1483 1023 1519 Ἠμάρτηκα.

233 1526 288 1552 Καὶ
301 1527 382 1553 πόθεν
395 1527 483 1559 τοῦτο,
505 1527 598 1561 φησὶν,
614 1528 655 1553 ὅτι
671 1528 719 1554 ὲὰν
732 1527 802 1554 εἴπω
822 1528 870 1564 τὴν
887 1530 1024 1565 ἁμαρτίαν

233 1571 351 1607 πρῶτος,
370 1573 428 1599 λύω
442 1573 492 1608 τὴν
507 1573 661 1608 ἁμαρτίαν;
681 1574 755 1608 Ἕχω
774 1575 803 1600 ὲν
817 1575 849 1609 τῇ
868 1575 961 1610 Γραφῇ
978 1575 1024 1602 καὶ

231 1618 276 1644 τὸν
293 1619 406 1645 εἰπόντα
429 1620 476 1645 καὶ
501 1618 631 1651 λύσαντα,
657 1619 705 1646 καὶ
719 1619 765 1646 τὸν
790 1620 827 1656 μὴ
853 1620 964 1648 εἰπόντα
979 1621 1024 1648 κα)⁵

232 1665 441 1705 κατακριθέντα.
468 1665 538 1692 Κάῐν
562 1666 706 1692 ἀπέκτεινε
732 1666 777 1693 τὸν
803 1667 917 1701 ἀδελφὴν
941 1668 1023 1695 αὑτοῦ

234 1710 317 1736 ’Λεελ
339 1710 377 1745 τῷ
394 1710 485 1746 φθόνῳ
510 1711 701 1747 κατεχόμενος,
725 1712 763 1744 ὡς
779 1713 817 1748 τῷ
839 1713 928 1749 φθόνῳ
944 1714 1024 1748 φόνον

215 1756 218 1761 “
232 1755 450 1791 ἐπακολουθῆσαι
461 1766 467 1772 ·
488 1758 535 1783 καὶ
549 1757 604 1792 γὰρ
617 1757 706 1784 λαϐὼν
727 1758 809 1784 αὐτὸν
827 1760 866 1790 είς
883 1759 913 1785 τὸ
933 1760 1024 1786 πεδίον

232 1801 332 1828 ἀνεῖλε.
350 1802 404 1828 Καὶ
423 1802 449 1829 τί
470 1811 537 1837 φησι
551 1803 620 1839 πρὸς
636 1803 717 1830 αὑτὸν
733 1804 747 1830 ό
760 1804 843 1837 Θεός;
859 1805 921 1832 Ποῦ
938 1806 1024 1833 Ἅϐελ

232 1849 249 1874 ό
261 1847 394 1882 ἀδελφός
411 1855 488 1879 σου;
512 1849 541 1874 ’0
557 1849 740 1884 ἐπιστάμενος
760 1849 795 1875 τά
817 1850 906 1877 πάντα
922 1852 1023 1886 ἐρωτᾷ,

231 1895 280 1921 οὐκ
306 1894 422 1928 ἀγνοῶν,
452 1894 509 1921 ἀλλ’
524 1895 564 1926 είς
593 1895 737 1930 μετάνοιαν
752 1895 839 1922 ἕλκων
859 1897 906 1924 τὸν
929 1898 1024 1931 φονεύ-

232 1947 325 1966 σαντα.
337 1940 398 1966 ’Ὁτι
406 1939 460 1975 γὰρ
471 1940 521 1966 οὐκ
531 1940 636 1974 ἀγνοῶν
647 1939 751 1976 ἠρώτα,
761 1941 854 1974 ἔδειξε
865 1941 925 1968 Ποῦ
934 1943 1024 1970 Ἀεελ

230 1986 247 2011 d
260 1984 392 2019 ἀδελφός
406 1993 484 2016 σου;
511 1985 586 2022 [288]
609 1986 637 2012 '0
652 1986 679 2013 δὲ
698 1985 784 2018 εἶπεν,
799 1988 859 2014 Οὐκ
879 1986 946 2015 οἶδα
958 1997 965 2003 ·
979 1989 1022 2024 μὴ

229 2030 332 2063 φύλαξ
349 2031 402 2057 τοῦ
417 2030 551 2065 ἀδελφοῦ
569 2040 629 2065 μου
646 2032 703 2066 ειμὶ
723 2031 799 2066 ἐγώ;
818 2033 918 2066 Ἔστω,
934 2033 984 2060 οὐκ
999 2031 1023 2060 εἴ

231 2075 318 2110 φύλαξ
328 2085 334 2091 ·
351 2076 395 2103 διὰ
408 2077 434 2103 τί
449 2077 495 2103 καὶ
506 2078 652 2112 άναιρετής
663 2085 670 2109 ;
683 2077 733 2103 οὐκ
750 2077 899 2112 ἐφύλαττες
910 2087 916 2093 “
933 2079 977 2106 διὰ
996 2079 1022 2105 τι

230 2122 277 2148 καὶ
297 2123 475 2155 ὰπέκτεινες;
494 2122 590 2157 Ὅμως
607 2122 750 2158 ὁμολογεῖς
764 2123 866 2157 ταῦτα;
890 2125 981 2157 Αἴτιος
999 2123 1025 2151 εἴ

230 2168 340 2204 καὶτῆς
358 2168 493 2203 φυλακῆς.
510 2169 542 2195 Τί
559 2167 605 2195 οὖν
622 2170 637 2196 6
657 2169 724 2200 Θεὸς
739 2170 806 2205 πρὸς
820 2171 917 2203 αὑτόν;
935 2172 1022 2205 Φωνὴ

229 2213 352 2246 αἵματος
367 2213 420 2239 τοῦ
437 2213 572 2247 ἀδελφοῦ
588 2221 646 2241 σου
667 2213 729 2248 ,Βοᾷ
755 2215 830 2249 πρὸς
852 2218 890 2250 μὲ
912 2217 946 2243 ἐκ
967 2216 1022 2250 τῆς

228 2258 294 2292 γῆς.
316 2258 449 2292 Ἠλεγεεν
468 2259 569 2291 εὐθέως
589 2259 636 2286 καὶ
650 2259 698 2295 τὴν
722 2261 857 2296 τιμωρίαν
881 2261 956 2297 αὐτῷ
973 2263 1021 2289 ὲπ-

229 2305 343 2338 ἢγαγεν,
356 2304 386 2330 οὺ
399 2304 525 2332 τοσοῦτον
539 2305 583 2332 διὰ
595 2305 641 2332 τὸν
654 2306 743 2341 φόνον,
752 2307 813 2333 ὅσον
830 2307 874 2334 διὰ
883 2308 932 2343 τὴν
946 2309 1021 2335 ἀναί-

228 2349 302 2375 δειαν
315 2358 322 2365 ο
341 2351 371 2376 οὺ
389 2349 443 2385 7&9
467 2350 594 2377 τοσοῦτον
613 2352 689 2385 μισεῖ
707 2353 720 2378 6
743 2351 809 2383 Θεὸς
831 2353 877 2380 τὸν
896 2354 1023 2389 ἁμαρτά-

229 2402 310 2421 νοντα
324 2395 348 2426 δ.
362 2395 423 2421 ὅσον
437 2395 482 2422 τὸν
498 2396 738 2431 άναισχυντοῦντα.
762 2398 871 2433 Ἀμέλει
889 2400 934 2427 τὸν
951 2401 1021 2428 Κάῑν

229 2439 270 2470 εις
291 2440 436 2474 μετάνοιαν
453 2441 563 2468 ὲλθόντα
579 2441 610 2468 οὐ
627 2442 746 2477 δέχεται,
769 2445 863 2480 ἐπειδὴ
889 2446 925 2481 μὴ
944 2447 1020 2482 πρῶ-

228 2494 274 2517 τος
299 2483 358 2512 εἶπε
384 2486 432 2522 τὴν
453 2487 600 2523 ἁμαρτίαν.
628 2487 660 2514 Τί
682 2490 736 2525 γάρ
759 2499 840 2525 φησι;
866 2493 978 2523 Μείζων
1000 2494 1019 2527 ἠ

228 2532 355 2566 ἁμαρτία
375 2542 435 2567 μου
461 2533 514 2560 τοῦ
531 2533 678 2568 ἀφεθῆναί
696 2543 753 2570 με’
780 2537 840 2564 ἀντὶ
854 2538 913 2570 τοῦ,
939 2540 1020 2574 Μέγα

228 2578 369 2613 ἥμαρτον·
384 2580 435 2605 οὐκ
457 2580 515 2615 είμὶ
531 2580 605 2613 ἄξιος
619 2582 709 2618 ζῆσαι.
728 2581 760 2611 Τί
778 2583 825 2611 οὖν
849 2586 917 2620 πρὸς
938 2586 1019 2613 αὐτὸν

228 2624 242 2649 ὀ
257 2623 339 2657 Θεός;
356 2624 473 2651 Στένων
488 2625 537 2652 καὶ
553 2626 666 2661 τρέμων
681 2629 738 2663 ἔσῃ
751 2629 799 2656 ἐπὶ
813 2629 868 2663 τῆς
883 2629 956 2665 γῆς’
972 2631 1019 2657 καὶ

228 2670 363 2704 τιμωρίαν
380 2670 454 2706 αὐτῷ
479 2672 601 2707 ἀπέφηνε
622 2673 712 2709 δεινὴν
737 2676 783 2701 καὶ
807 2675 938 2710 χαλεπήν.
963 2676 1019 2703 Οὐκ

228 2715 332 2751 ἀναιρῶ
353 2724 392 2750 σε,
414 2717 510 2753 φησὶν,
529 2718 572 2746 ῖνα
599 2720 636 2756 μὴ
661 2720 730 2758 λήθῃ
747 2721 885 2758 παραδοθῇ
911 2723 928 2758 ή
954 2722 1018 2759 ἀλή-

258 2818 271 2855 _‘
282 2818 590 2855 Si‘qpquspodex,mnlins
601 2828 672 2853 quam
684 2821 727 2846 am
739 2824 766 2847 el
775 2821 846 2854 editi,
857 2824 928 2855 λόγον
934 2825 1015 2849 εἰπών.

257 2848 271 2869 δ
282 2849 330 2874 Alii
343 2850 383 2874 τὸν
395 2851 574 2882 άμαρτήηαντα.

609 137 638 164 S.
664 135 808 165 JOANNIS
830 134 1075 164 CIIRYSOSTOMI
1091 134 1249 162 ARCHIEP.
1269 135 1540 164 CONSTANTINOP.

1811 134 1864 162 386

1078 192 1148 226 θεια,
1164 192 1233 220 ἀλλὰ
1249 192 1320 219 ποιῶ
1341 201 1371 219 σε
1387 192 1468 228 νόμον
1488 192 1541 218 ὑπὸ
1555 191 1664 219 πάντων
1677 191 1866 226 ἀναγινωσκό-

1078 248 1170 275 μενον,
1193 239 1237 265 ῐνα
1262 240 1279 274 ἡ
1304 238 1433 274 συμφορά
1449 238 1540 273 μήτηρ
1557 237 1715 272 φιλοσοφίας
1737 237 1864 272 γένηται.

1078 285 1130 312 Καὶ
1146 285 1254 320 περιῄει
1276 285 1290 311 6
1314 285 1393 317 Κάῖν,
1412 284 1493 319 νόμος
1511 283 1641 319 ἔμψυχος,
1665 283 1749 319 στήλη
1772 292 1866 310 κινου-

1078 330 1158 365 μένη,
1175 328 1314 361 σιωπῶσα,
1327 329 1374 355 καὶ
1387 328 1535 362 σάλπιγγος
1548 327 1740 362 λαμπροτέραν
1753 327 1868 361 ἀφιεῖσα

1076 375 1126 410 τὴν
1140 375 1241 409 φωνήν.
1258 375 1302 409 Μή
1323 383 1366 405 τις
1380 374 1491 409 ποιήσῃ,
1505 373 1582 409 φησὶ,
1597 373 1709 399 τοιαῦτα
1727 378 1751 406 ι,
1770 373 1814 400 ἵνα
1828 371 1867 407 μὴ

1078 420 1152 457 πάθῃ
1175 419 1297 447 τοιαῦτα.
1316 420 1415 446 Ἐλασε
1431 419 1480 454 τὴν
1499 419 1633 455 τιμωρίαν
1653 419 1697 445 διὰ
1717 418 1767 454 τὴν
1788 418 1868 444 ἀναι-

1077 465 1214 501 σχυντίαν,
1230 466 1277 492 καὶ
1292 465 1329 502 μὴ
1351 463 1480 501 εἰρηκὼς,
1503 464 1640 500 ἐλεγχθεὶς
1655 464 1694 495 δὲ,
1716 463 1867 499 κατεκρίθη

1076 515 1120 542 διὰ
1136 514 1184 549 τὴν
1209 514 1355 549 ἁμαρτίαν,
1381 514 1412 540 Ei
1434 513 1487 548 7&9
1512 511 1600 547 ἑαυτῷ
1616 511 1786 547 ὡμολόγησε,
1813 510 1867 537 κᾶν

1077 560 1220 594 ἐξαλείψας
1235 557 1269 596 ἦν
1284 559 1334 595 τὴν
1347 559 1484 595 ἁμαρτίαν
1500 558 1618 594 πρῶτος.

1113 663 1145 698 β’.
1164 663 1223 690 Ἴ-να
1233 662 1261 688 δὲ
1275 661 1375 698 μάθῃς,
1387 661 1427 688 ὃτι
1439 660 1524 687 ταῦτα
1535 658 1629 686 τοὶτον
1637 658 1745 694 ἔχειτὸν
1753 658 1867 693 τρόπον,

1078 709 1146 743 μάθε
1165 709 1224 740 πῶς
1238 709 1316 739 ἄλλος
1335 717 1376 740 τις
1393 707 1500 743 πρῶτος
1515 705 1600 732 εἰπὼν
1614 705 1692 732 ἔλυσε
1711 705 1762 739 τὴν
1776 705 1869 739 ἁμαρ-

1077 755 1145 782 τίαν.
1164 755 1304 790 Ἔλθωμεν
1317 755 1363 781 ἐπὶ
1377 754 1422 780 τὸν
1437 753 1527 786 Δαυῖδ,
1542 752 1588 779 τὸν
1601 753 1743 787 προφήτην
1754 751 1802 778 καὶ
1819 751 1869 786 βα-

1078 801 1172 828 σιλέα·
1195 801 1293 836 μᾶλλον
1313 801 1341 827 δὲ
1356 801 1437 827 αὐτὸν
1457 800 1541 835 ἡδέως
1563 799 1616 826 ἀπὸ
1631 799 1680 833 τῆς
1698 796 1869 833 προφητείας

1078 847 1169 874 καλῶ·
1191 848 1207 883 ἡ
1228 848 1276 883 μὲν
1298 847 1352 882 γάρ
1375 846 1499 881 βασιλεία
1521 847 1560 877 είς
1582 844 1776 879 Παλαιστίνην,
1795 845 1813 878 ἡ
1837 843 1867 869 δὲ

1077 893 1230 928 προφητεία
1244 894 1283 924 εἰς
1298 893 1332 919 τὰ
1346 892 1452 928 πέρατα
1463 892 1513 927 τῆς
1527 890 1688 926 οἰκουμένης
1697 899 1705 905 ·
1719 890 1794 924 καὶὴ
1816 889 1867 924 μὲν

1078 937 1199 972 βασιλεία
1215 937 1304 972 μικρῷ
1319 936 1454 972 κατελύθη
1469 935 1507 971 τῷ
1526 935 1624 971 χρόνῳ,
1638 937 1654 970 ὴ
1669 935 1696 961 δὲ
1712 934 1868 970 προφητεία

1077 983 1199 1010 ἀθάνατα
1224 983 1301 1018 φέρει
1325 982 1360 1009 τὰ
1384 983 1506 1018 ῥήματα.
1532 980 1716 1016 Δίρετώτερόν
1739 981 1797 1007 ἐστι
1820 979 1868 1006 τὸν

1075 1031 1150 1066 ¹ἦλιον
1166 1030 1322 1064 σϐεσθῆναι,
1337 1029 1354 1064 ἢ
1369 1028 1403 1055 τὰ
1417 1029 1526 1064 ῥήματα
1538 1027 1584 1054 τοῦ
1598 1026 1678 1054 Δαυῒδ
1691 1027 1761 1062 λήθῃ
1775 1034 1869 1056 παρα-

1075 1076 1194 1112 δοθῆναι.
1222 1072 1308 1106 Οὗτος
1332 1074 1477 1110 περιέπεσε
1500 1073 1607 1109 μοιχείᾳ
1629 1073 1675 1099 καὶ
1692 1073 1782 1107 φόνῳ·
1803 1069 1869 1098 Εἶδε

1075 1121 1140 1156 γὰρ,
1157 1120 1234 1156 φησὶ,
1254 1121 1371 1154 γυναῖκα
1394 1118 1478 1153 καλὴν
1501 1118 1660 1153 λουομένην,
1685 1117 1734 1144 καὶ
1756 1115 1869 1152 ἠράσθη

1076 1166 1160 1200 αὐτῆς
1170 1175 1176 1181 ·
1191 1164 1250 1191 εἶτα
1263 1165 1297 1191 τὰ
1309 1165 1422 1198 δόξαντα
1438 1163 1513 1199 αὐτῷ
1526 1165 1566 1195 είς
1578 1163 1657 1198 ἔργον
1669 1162 1798 1198 ἐξήγαγε.
1811 1161 1871 1189 Καὶ

1075 1209 1108 1247 ἢν
1120 1213 1133 1238 6
1147 1212 1287 1246 προφήτης
1302 1212 1330 1237 ἐν
1346 1211 1464 1246 μοιχείᾳ,
1476 1211 1491 1237 6
1505 1210 1678 1246 μαργαρίτης
1688 1210 1718 1236 ὲν
1731 1208 1870 1244 βορϐόρῳ.

1082 1256 1151 1282 Ἀλλ’
1162 1255 1237 1282 οὔπω
1252 1255 1310 1290 ᾔδει
1323 1255 1363 1282 ὃτι
1372 1255 1496 1291 ἥμαρτεν
1505 1263 1512 1270 ο
1528 1254 1614 1286 οὕτως
1627 1252 1661 1290 ἦν
1671 1253 1872 1288 κεκαρωμένος

1075 1301 1114 1337 τῷ
1128 1301 1220 1328 πάθει.
1245 1301 1298 1328 Τοῦ
1313 1301 1368 1336 γὰρ
1381 1301 1490 1336 ἡνιόχου
1508 1300 1652 1336 μεθύοντος
1670 1300 1718 1327 καὶ
1739 1299 1771 1326 τὸ
1789 1299 1871 1334 ἆρμα
1891 1301 1918 1322 ι’

1075 1348 1200 1380 ἀτάκτως
1220 1348 1349 1384 φέρεται⁸
1369 1348 1437 1383 ὅπερ
1451 1348 1480 1374 δὲ
1494 1347 1598 1382 ἡνίοχος
1618 1346 1666 1372 καὶ
1681 1346 1768 1381 άρμα,
1787 1345 1872 1371 τοῦτο

1074 1394 1148 1429 ψυχὴ
1161 1394 1208 1420 καὶ
1223 1393 1317 1429 σῶμα·
1336 1393 1383 1420 ἐὰν
1406 1393 1507 1428 ἡψυχὴ
1525 1393 1658 1427 σκοτωθῇ,
1671 1392 1719 1418 καὶ
1737 1391 1768 1417 τὸ
1786 1390 1872 1426 σῶμα

1076 1441 1104 1466 ἑν
1122 1439 1244 1476 βορῆόρῳ
1255 1439 1376 1466 κυλίεται
1386 1448 1392 1454 ·
1403 1439 1456 1471 ἕως
1469 1438 1523 1474 γὰρ
1535 1439 1649 1473 ἕστηκεν
1659 1439 1674 1464 6
1685 1437 1805 1473 ἡνίοχος,
1820 1437 1872 1463 καὶ

1074 1486 1104 1512 τὺ
1122 1486 1197 1522 ἅρμα
1213 1485 1302 1517 καλῶς
1319 1485 1475 1511 ἐλαύνεται·
1491 1485 1553 1511 ὅταν
1571 1485 1661 1519 μέντοι
1677 1483 1759 1515 αὐτὸς
1771 1484 1871 1518 ἁτονῇ,

1075 1533 1122 1559 καὶ
1136 1532 1167 1558 οὐ
1188 1531 1299 1558 δύναται
1322 1531 1491 1568 περικρατὴς
1505 1530 1695 1567 γενέσθαιητῶν
1708 1530 1806 1564 ἡνιῶν,
1822 1529 1871 1556 καὶ

1075 1577 1141 1604 αὐτὸ
1151 1577 1181 1603 τὸ
1192 1577 1268 1612 ἆρμα
1281 1578 1309 1603 ὲν
1319 1576 1478 1612 δεινοτέροις
1489 1576 1596 1611 ὁρᾶται.
1609 1574 1689 1602 Οὕτω
1700 1575 1748 1601 καὶ
1760 1575 1809 1601 ὲπὶ
1820 1572 1871 1601 τοῦ

1074 1622 1217 1658 ἀνθρώπου
1228 1631 1235 1638 θ
1252 1622 1303 1654 ἓως
1321 1622 1353 1649 ἃν
1376 1622 1426 1657 μὲν
1443 1622 1514 1657 νήφῃ
1534 1622 1550 1657 ή
1572 1620 1646 1657 ψυχὴ
1664 1621 1712 1648 καὶ
1729 1621 1870 1656 γρηγορῇ,

1075 1670 1123 1695 καὶ
1139 1669 1204 1695 αὐτὸ
1219 1668 1248 1695 τὺ
1263 1667 1342 1703 σῶμα
1357 1669 1385 1694 ὲν
1403 1667 1499 1703 ἁγνεία
1514 1667 1604 1694 ἐστίν’
1625 1666 1695 1693 ἐπὰν
1709 1666 1737 1692 δὲ
1756 1667 1773 1700 ἡ
1795 1665 1871 1701 ψυχὴ

1076 1714 1209 1749 σκοτωθῇ,
1232 1714 1280 1739 καὶ
1304 1713 1370 1740 αὐτὸ
1384 1713 1416 1739 τὸ
1431 1712 1509 1747 σῶμα
1533 1713 1562 1738 ὲν
1578 1711 1702 1747 βορϐόρῳ
1715 1711 1764 1737 καὶ
1786 1711 1871 1746 ἡδονῇ

1075 1760 1207 1787 κυλίεται.
1233 1759 1265 1786 Τί
1288 1758 1335 1786 οὖν
1358 1760 1372 1786 6
1392 1759 1491 1791 Δαυῖδ;
1523 1758 1714 1796 Ἐμοίχευεξν·
1738 1757 1798 1784 ἀλλ’
1818 1757 1871 1783 οὐκ

1074 1806 1143 1842 ᾔδει,
1167 1805 1229 1832 οὔτε
1248 1805 1379 1841 ἠλέγχετο
1392 1805 1444 1831 ὑπό
1459 1813 1541 1836 τινος,
1556 1803 1603 1830 καὶ
1623 1803 1702 1829 τοῦτο
1720 1803 1750 1829 ἐν
1765 1802 1871 1838 ἐσχάτῃ

1075 1851 1165 1886 πολιᾷ,
1181 1851 1224 1877 ἵνα
1241 1850 1329 1887 μάθῃς
1342 1851 1392 1882 ὅτι,
1415 1850 1461 1876 ἐὰν
1478 1847 1512 1885 ᾗς
1526 1849 1658 1884 ῥᾴθυμος,
1672 1847 1734 1875 οὒτε
1750 1848 1767 1883 ἡ
1787 1848 1871 1875 πολιά

1076 1906 1105 1924 σε
1126 1897 1235 1932 ὠφελεῖ,
1258 1897 1319 1923 οὔτε
1340 1897 1431 1928 πάλιν,
1447 1897 1494 1923 ἐὰν
1516 1896 1660 1928 σπουδαῖος
1673 1893 1718 1931 ᾖς,
1733 1895 1750 1929 ὴ
1773 1895 1870 1929 νεότης

1075 1943 1151 1979 [289]
1168 1943 1344 1979 παραὸλάψαι
1361 1951 1390 1969 σε
1406 1942 1527 1969 δύναται.
1543 1941 1580 1968 οὐ
1595 1941 1650 1977 7&9
1661 1941 1712 1976 τῆς
1728 1940 1841 1975 ἡλικίας
1856 1940 1870 1966 ό

1073 1989 1182 2025 τρόπος,
1198 1990 1265 2016 ἀλλὰ
1279 1990 1329 2024 τῆς
1340 1989 1453 2024 γνώμης
1466 1988 1497 2015 τὺ
1509 1987 1675 2023 κατόρθωμα
1685 1995 1693 2002 θ
1710 1986 1806 2021 ἐπειδὴ
1821 1986 1870 2013 καὶ

1073 2035 1171 2070 Δανιὴλ
1184 2034 1286 2061 δώδεκα
1300 2034 1369 2061 ἑτῶν
1384 2032 1429 2070 ἦν,
1444 2034 1491 2060 καὶ
1507 2033 1613 2069 ἔκρινεν
1625 2041 1631 2048 ’
1655 2033 1679 2058 οἱ
1694 2032 1723 2059 δὲ
1745 2031 1869 2068 1195666-

1073 2089 1165 2117 τεροι,
1192 2081 1302 2108 παλαιοὶ
1329 2081 1358 2107 ὲν
1391 2081 1519 2116 ήμέραις,
1550 2079 1597 2106 καὶ
1623 2079 1716 2114 δρᾶμα
1743 2078 1869 2114 μοιχείας

1074 2126 1203 2162 ἔπραξαν,
1222 2127 1268 2153 καὶ
1281 2125 1343 2152 οὕτε
1359 2126 1480 2158 ἐκείνους
1497 2127 1514 2161 ἡ
1530 2125 1611 2152 πολιὰ
1631 2125 1785 2160 ὠφέλησεν,
1804 2125 1868 2151 οὔτε

1072 2173 1166 2200 τοῦτον
1184 2174 1201 2208 ή
1214 2174 1308 2208 νεότης
1332 2171 1500 2209 παρέδλαψε.
1516 2172 1572 2198 Καὶ
1588 2172 1632 2198 ἴνα
1647 2171 1737 2207 μάθῃς
1750 2171 1793 2197 ὅτι
1817 2171 1868 2197 οὐκ

1073 2221 1101 2246 ὲν
1118 2221 1150 2255 τῇ
1173 2219 1277 2255 ἡλικίᾳ,
1302 2220 1359 2246 ἁλλ’
1375 2220 1403 2245 ὲν
1426 2219 1458 2254 τῇ
1473 2217 1570 2253 γνώμῃ
1591 2217 1627 2244 τὰ
1646 2217 1800 2254 πράγματα
1816 2217 1868 2251 τῆς

1074 2265 1250 2302 σωφροσύνης
1265 2265 1396 2300 κρίνεται,
1409 2265 1423 2291 ό
1443 2264 1525 2291 Δαυῒδ
1540 2264 1569 2290 ὲν
1583 2264 1653 2299 αὐτῇ
1670 2264 1704 2298 τῇ
1719 2263 1803 2298 πολιᾷ
1817 2262 1866 2295 ὢν,

1072 2313 1119 2338 καὶ
1131 2313 1192 2338 τότε
1204 2313 1243 2344 είς
1258 2311 1380 2347 μοιχείαν
1393 2311 1531 2347 ἐμπεσὼν,
1549 2311 1628 2345 φόνον
1643 2310 1804 2345 εἰργάσατο,
1819 2309 1867 2336 καὶ

1071 2358 1188 2384 διέκειτο
1200 2357 1285 2389 οὕτως
1300 2358 1369 2384 ὥστε
1386 2358 1424 2393 μὴ
1449 2357 1548 2384 εἰδέναι
1561 2357 1641 2384 αὑτὸν
1661 2357 1702 2384 ὅτι
1717 2357 1844 2393 ἥμαρτεν
1857 2365 1865 2374 α

1071 2403 1085 2429 6
1097 2403 1151 2439 γὰρ
1170 2404 1276 2439 ἡνίοχος
1297 2403 1359 2435 νοῦς
1372 2401 1406 2439 ἦν
1428 2404 1570 2439 μεθυσθεὶς
1589 2405 1643 2431 ἀπὸ
1662 2404 1813 2440 ἀκρασίας.
1832 2404 1866 2431 Τί

1071 2447 1117 2476 οὖν
1126 2451 1139 2477 6
1149 2450 1232 2483 Θεός;
1247 2450 1354 2485 Πέμπει
1365 2450 1433 2486 πρὸς
1445 2450 1525 2477 αὑτὸν
1537 2450 1630 2478 Νάθαν
1643 2451 1688 2478 τὸν
1699 2451 1847 2486 προφήτην
1857 2459 1865 2466 ·

1071 2496 1085 2522 ὁ
1102 2498 1245 2532 προφήτης
1258 2496 1367 2532 ἔρχεται
1385 2497 1451 2532 πρὸς
1467 2496 1511 2523 τὸν
1533 2499 1694 2532 προφήτην⁸
1715 2496 1789 2523 οὕτω
1809 2496 1864 2531 γὰρ

1071 2541 1118 2566 καὶ
1136 2541 1181 2566 ἐπὶ
1196 2541 1251 2566 τῶν
1274 2541 1373 2576 ίατρῶν
1389 2541 1509 2575 γίνεται·
1525 2542 1588 2568 ὅταν
1604 2541 1695 2577 ίατρὸς
1712 2541 1862 2578 ἀσθενήσῃ,

1071 2587 1150 2614 ἄλλου
1167 2585 1258 2621 ἰατροῦ
1273 2587 1302 2612 ὲν
1316 2587 1394 2622 χρείᾳ
1408 2587 1521 2621 γίνεται.
1539 2587 1575 2614 Τὸ
1588 2587 1653 2614 αὐτὸ
1667 2588 1715 2615 καὶ
1727 2588 1845 2615 ἐνταῦθα
1855 2597 1862 2603 ·

1071 2633 1214 2668 προφήτης
1230 2630 1264 2668 ἦν
1281 2633 1295 2659 ό
1317 2632 1494 2668 ἡμαρτηκὼς,
1517 2633 1564 2660 καὶ
1585 2634 1728 2669 προφήτης
1743 2632 1778 2670 ἦν
1800 2636 1814 2661 ὀ
1828 2635 1862 2661 τὰ

1071 2679 1204 2714 φάρμακα
1226 2679 1461 2714 ὲπικομιζόμενος.
1481 2678 1610 2714 Ἔρχεται
1631 2678 1677 2706 οὖν
1694 2680 1763 2716 πρὸς
1780 2681 1861 2708 αὑτὸν

1069 2725 1083 2751 6
1096 2724 1259 2753 Νάθανικαὶ
1272 2725 1322 2752 οὐκ
1335 2725 1416 2756 εὐθὺς
1427 2725 1480 2752 ἀπὸ
1491 2725 1581 2761 θυρῶν
1597 2725 1705 2762 ἐλέγχει
1719 2726 1801 2754 αὑτὸν
1813 2727 1860 2754 καὶ

1070 2825 1170 2882 Μζὲίῶ
1184 2833 1243 2853 mss.
1267 2827 1328 2853 Edd.
1353 2829 1435 2854 ταῦτα.
1448 2829 1526 2855 Paulo
1537 2832 1593 2862 post
1612 2830 1658 2855 κᾶν
1673 2830 1749 2856 deos!
1762 2832 1787 2856 in
1802 2831 1844 2863 qui
