1978 3130
105 143 153 172 235

107 203 190 239 rapuit
209 202 383 238 paenitentia,
405 207 433 230 et
457 203 540 237 ipsam
558 201 615 236 ejus
638 208 728 229 arcem
743 204 855 235 evertit,
877 210 909 230 ac

106 250 175 278 letali
198 250 310 277 vulnere
331 254 374 276 est
391 257 406 275 a
429 248 587 283 paenitentia
609 247 749 275 confossus
764 257 771 275 :
785 248 855 283 quod
875 256 909 275 ex

107 293 139 320 iis
161 292 303 327 intelliges,
325 291 514 323 dilectissime,
540 298 601 325 qua:
620 297 705 324 nuper
726 291 909 325 experimento

106 343 243 374 comperta
265 341 339 365 sunt.
355 337 411 365 Cur
431 337 512 372 igitur
534 336 665 370 ejusmodi
687 343 833 371 congreSSu
855 343 906 363 non

106 384 230 416 fruimur,
244 391 295 411 nec
303 383 417 418 singulis
427 382 521 410 diebus
534 381 567 409 ad
581 381 723 409 ecclesiam
734 381 904 414 ventitamus,

106 435 135 457 ut
158 429 343 465 pmnitentiam
363 427 593 463 complectamur?
608 427 670 454 Sive
692 427 762 454 enim
784 431 907 462 peccator

107 477 153 507 sis,
166 475 306 510 ingredere
321 475 348 501 in
359 473 513 506 ecclesiam,
526 477 555 500 ut
570 477 676 508 peccata
689 477 732 499 tua
741 471 814 500 dicas
826 482 832 500 :
847 473 906 500 sive

105 522 193 556 justus
213 521 261 553 sis,
283 520 440 555 ingredere,
456 527 490 546 ne
503 527 518 546 a
537 518 639 554 justitia
659 518 790 546 excid-as:
814 523 905 554 portus

107 568 177 594 enim
193 571 236 594 est
248 566 356 602 utrique
370 565 495 594 ecclesia.

142 673 235 700 Prima
253 673 410 709 panitentite
424 673 465 700 via
484 673 607 709 confessio
632 673 737 707 peccati.
753 671 906 708 Exemplum

106 720 246 754 peccatoris
257 724 391 754 peccatum
402 728 453 746 non
475 719 583 754 confessi
593 723 616 746 et
631 719 722 754 puniti.
733 734 769 738 —
778 719 906 747 Peccator

105 772 134 792 es
143 765 156 791 ?
169 765 209 792 Ne
224 765 395 800 despondeas
408 765 525 792 animum
534 785 541 797 ,
559 764 605 792 sed
626 765 767 799 ingredere
776 785 783 797 ,
796 773 827 792 ac
845 772 904 799 pte-

106 811 246 838 uitentiam
258 810 386 838 obtende.
402 810 540 838 Peccasti'!
555 810 602 837 Dic
614 810 686 837 Deo:
704 810 827 837 Peccavi.
840 810 905 844 Quis

105 857 147 883 hic
162 856 241 883 labor
254 856 314 884 est?
328 856 388 891 quis
402 856 548 884 circuitus?
559 864 619 891 qua:
633 856 771 891 fatigatio?
783 864 842 891 qua:
854 863 905 883 an-

102 904 198 938 gustia:
217 903 332 930 verbum
354 903 407 930 hoc
429 902 570 938 proferre:
593 902 724 930 Peccavi?
743 902 810 929 Num
832 903 904 929 enim

102 955 142 982 tu,
156 950 207 976 nisi
221 954 248 976 te
262 950 351 984 ipsum
369 949 470 976 dixeris
491 953 657 984 peccatorem
668 969 675 981 ,
691 956 707 975 a
726 948 833 976 diabolo
850 955 904 975 non

101 995 293 1022 accusaberis?
308 995 488 1029 Prteoccupa,
502 999 529 1022 et
547 994 621 1029 eripe
642 994 678 1021 illi
695 1001 769 1020 suam
792 994 905 1029 dignita-

102 1046 155 1068 tem
166 1049 174 1072 ',
186 1041 246 1075 ejus
257 1041 330 1068 enim
339 1041 454 1076 dignitas
464 1045 505 1068 est
512 1040 665 1068 accusare‘.
677 1039 729 1067 Cur
739 1040 819 1075 igitur
829 1040 903 1068 illum

102 1095 154 1113 non
168 1087 316 1122 praevenis.
332 1091 360 1115 et
378 1093 516 1122 peccatum
532 1087 616 1120 dicis,
633 1091 661 1114 et
673 1087 775 1114 crimen
790 1094 903 1122 purgas,

101 1141 162 1160 cum
179 1133 264 1168 probe
287 1134 358 1161 scias
373 1134 453 1160 talem
477 1137 660 1160 accusatorem
677 1132 734 1164 tibi,
748 1133 792 1167 qui
816 1138 903 1160 tacere

101 1182 229 1214 nequeat,
239 1179 401 1206 imminere?
411 1178 548 1205 Peccasti?
559 1177 588 1205 ln
602 1178 741 1205 ecclesiam
753 1177 902 1212 ingredere,

100 1223 142 1251 dic
158 1224 214 1251 Deo
227 1232 233 1250 :
251 1223 378 1251 Peccavi.
392 1223 463 1250 Nihil
477 1222 548 1250 aliud
565 1223 613 1250 abs
628 1227 654 1249 te
669 1223 719 1249 nisi
732 1223 819 1249 solunt
833 1223 904 1250 istud

103 1270 193 1304 exigo.
211 1270 256 1296 Ait
273 1269 345 1296 enim
364 1268 501 1304 Scriptura
521 1276 596 1296 sacra
613 1277 620 1295 :
635 1267 682 1294 Dic
695 1272 722 1294 lu
737 1268 833 1304 primus
853 1269 903 1295 ini-

101 1316 212 1351 quitates
223 1321 292 1348 luas,
304 1315 484 1351 ttijustiﬁceris
494 1314 569 1351 (irai.
579 1316 624 1342 45.
633 1315 691 1350 26);
701 1314 742 1341 dic
753 1319 901 1349 peccatum,

105 1368 134 1389 ut
143 1362 237 1389 solvas
245 1367 398 1397 peccatum.
408 1361 466 1388 Non
476 1362 501 1388 in
509 1361 560 1388 hoc
570 1361 644 1388 labor
652 1365 703 1393 est,
714 1368 768 1389 non
776 1361 904 1388 circuitus

100 1408 256 1440 verborum,
275 1415 363 1442 neque
377 1407 549 1441 pecuniarum
560 1413 700 1442 expensas,
720 1413 808 1441 neque
828 1406 902 1433 aliud

100 1454 247 1489 quidquam
269 1454 421 1489 ejusmodi;
437 1454 480 1481 dic
504 1453 631 1485 verbum,
663 1453 741 1480 bona;
759 1453 821 1480 ﬁdei
844 1458 903 1481 esto

98 1502 170 1529 circa
180 1506 333 1536 peccatum,
341 1506 368 1528 et
376 1501 430 1533 die,
442 1501 563 1529 Peccavi.
571 1501 647 1529 Unde
654 1509 718 1529 vero
724 1501 753 1528 fit
762 1501 822 1534 hoc,
832 1501 903 1530 dicet

99 1549 196 1584 aliquis
206 1570 214 1581 ,
231 1553 261 1575 ut
274 1549 296 1576 si
312 1549 414 1583 primus
425 1553 562 1583 peccatum
576 1548 686 1581 dixero,
699 1553 838 1583 peccatum
854 1548 902 1576 de-

100 1594 186 1621 leam?
197 1594 290 1621 llabeo
306 1594 331 1621 in
341 1594 478 1628 Scriptura
491 1594 637 1625 hominem,
649 1594 695 1629 qui
709 1598 846 1628 peccatum
861 1594 903 1621 di-

99 1641 148 1673 xit,
158 1645 184 1667 et
194 1639 298 1667 delevit
311 1649 317 1667 :
330 1644 357 1667 et
368 1640 414 1675 qui
428 1647 479 1666 non
491 1640 567 1672 dixit,
580 1645 608 1666 et
619 1640 760 1666 damnatus
771 1644 820 1667 est.
835 1639 900 1667 Cain

99 1687 196 1713 occidit
206 1685 319 1713 fratrem
326 1693 404 1713 suum
413 1685 491 1719 Abel,
502 1686 600 1713 invidia
609 1690 757 1721 correptus,
767 1686 805 1714 sic
814 1691 901 1725 nicte-

99 1732 147 1759 des
161 1732 291 1759 invidiam
308 1737 484 1767 sequeretur:
499 1732 632 1767 siquidem
645 1741 705 1760 eum
720 1732 859 1760 Seductum
874 1734 900 1761 in

99 1786 221 1812 campum
245 1777 391 1805 interfecit.
405 1778 473 1812 Quid
489 1782 577 1805 autem
590 1779 627 1805 ait
642 1778 679 1805 illi
700 1779 789 1806 Deus?
804 1779 852 1806 Ubi
864 1784 901 1807 eu

100 1824 160 1850 Abel
168 1826 252 1860 [ratei-
261 1829 319 1851 tum
329 1823 406 1860 (Gen.
418 1825 445 1852 4.
459 1824 507 1860 9)?
518 1824 568 1858 Qui
577 1824 758 1858 novitomnia,
768 1833 821 1852 non
829 1825 900 1860 quod

101 1870 213 1905 ignoret,
223 1871 385 1906 interrogat,
396 1870 444 1898 sed
457 1876 484 1898 ut
496 1870 655 1898 homicidam
664 1871 764 1898 alliciat
772 1871 804 1899 ad
816 1873 902 1907 poeni-

100 1915 219 1943 tentiam.
243 1916 317 1943 Satis
342 1916 414 1943 enim
429 1917 555 1944 indicavit
571 1924 601 1944 se
614 1917 821 1952 interrogantem
845 1925 899 1945 non

99 1961 240 1995 ignorare:
256 1960 308 1988 Ubi
317 1965 354 1988 est
361 1961 424 1988 Abel
430 1961 509 1997 frater
519 1966 577 1988 tuus
587 1961 680 1998 (Ibid.)
689 1962 701 1989 ’ἐ
711 1962 746 1989 At
759 1963 804 1990 ille
810 1962 878 1990 dixit
891 1972 897 1990 :

99 2007 125 2033 Ν
126 2007 207 2040 eicio;
217 2008 344 2040 numquid
353 2012 438 2035 custos
453 2009 540 2044 fratris
550 2009 600 2035 mei
613 2017 670 2035 sum
684 2009 750 2045 ego?
760 2010 835 2043 Esto,
846 2018 898 2038 non

97 2060 126 2080 es
136 2058 240 2085 custos,
253 2060 303 2080 cur
313 2053 394 2081 etiam
405 2053 579 2089 interemptor
589 2061 618 2081 es
627 2054 639 2081 ’ἰ
649 2062 702 2081 non
711 2055 880 2083 custodiebas
891 2065 897 2083 :

97 2106 144 2126 cur
162 2099 246 2126 etiatu
266 2098 446 2126 interfecisti?
459 2099 559 2126 Tamen
578 2099 629 2127 ista
648 2099 806 2128 confiteris?
827 2101 900 2129 Reus

97 2153 125 2172 es
139 2153 250 2181 quoque
271 2150 353 2181 atque
375 2145 507 2173 obnoxius
519 2146 657 2173 custodiae.
681 2146 750 2180 Quid
764 2147 845 2182 igitur
865 2148 898 2175 ad

98 2191 172 2219 illum
190 2192 283 2220 Deus?
301 2192 357 2219 Vox
373 2193 504 2227 sanguinis
517 2192 606 2227 fratris
628 2192 664 2219 tui
679 2192 741 2220 Abel
756 2193 851 2220 clamat
865 2194 899 2220 ad

96 2246 136 2265 me
147 2239 180 2265 de
193 2237 324 2273 terran.
341 2246 363 2265 υ.
379 2237 436 2275 10).
446 2238 540 2273 Arguit
554 2238 627 2265 illum
641 2238 742 2272 statim,
754 2243 781 2266 et
790 2246 897 2274 poenam

97 2285 189 2312 intulit
211 2293 267 2312 non
292 2289 345 2312 tam
361 2285 395 2312 ob
415 2283 516 2312 caedem
531 2292 610 2320 quam
631 2284 666 2312 ob
684 2285 896 2320 impudentiam:

96 2339 151 2358 non
167 2332 242 2359 enim
258 2332 296 2359 ita
320 2332 392 2359 Deus
404 2331 461 2359 odit
477 2339 538 2359 eum
551 2332 596 2367 qui
619 2337 722 2367 peccat,
736 2337 764 2360 ut
776 2340 837 2360 eum
851 2333 897 2369 qui

97 2378 270 2413 impudenter
286 2385 315 2405 se
328 2378 406 2413 gerit.
428 2377 506 2406 Certe
526 2378 591 2406 Cain
605 2379 638 2406 ad
653 2380 837 2414 ptenitentiam
852 2388 898 2408 ac-

96 2425 240 2452 cedentem
259 2431 313 2451 non
329 2424 455 2457 admittit,
474 2424 534 2459 quia
559 2429 696 2459 peccatum
721 2425 821 2460 primus
842 2433 895 2454 non

95 2471 174 2498 dixit.
190 2471 259 2505 Quid
274 2470 345 2498 enim
357 2470 412 2497 ait?
427 2471 512 2506 Maju:
523 2475 559 2498 est
572 2476 702 2506 peccatum
715 2481 807 2505 meum,
822 2481 897 2508 quam

96 2522 124 2542 et
137 2516 283 2543 remittatur
293 2516 355 2543 mihi
369 2515 422 2552 (ib.
438 2525 462 2544 υ.
479 2516 524 2551 15)
538 2525 544 2543 :
561 2517 636 2551 quasi
647 2517 749 2544 diceret
764 2527 770 2544 :
785 2518 895 2546 Multum

96 2562 219 2597 peccari,
240 2571 294 2590 non
314 2571 375 2590 sum
398 2563 494 2598 dignus
515 2568 545 2590 ut
564 2564 662 2591 vivam.
686 2564 754 2597 Quid
771 2573 835 2600 ergo
860 2565 895 2592 ad

98 2609 172 2635 illum
197 2608 288 2635 Deus?
312 2607 421 2635 Gemens
442 2616 473 2635 ac
498 2613 606 2636 tremem
631 2609 679 2636 eris
702 2618 778 2644 super
803 2615 895 2638 terram

98 2655 150 2688 (Ib.
175 2663 198 2681 υ.
225 2654 270 2690 l2)
285 2663 292 2681 :
307 2659 336 2682 et
360 2662 468 2690 gravem
495 2655 532 2682 illi
561 2655 754 2691 molestamquc
787 2664 894 2691 poenam

99 2701 233 2734 imposuit.
260 2700 319 2728 Non
334 2700 467 2727 interiicio
486 2704 529 2733 te,
553 2700 646 2736 inquit,
662 2709 696 2728 ne
713 2702 811 2729 veritas
825 2702 894 2730 obli-

99 2746 168 2773 vioni
182 2746 313 2779 tradatur,
325 2745 374 2773 sed
387 2745 485 2778 efﬁcio,
498 2751 527 2773 ut
541 2746 578 2774 sis
587 2746 641 2780 lex,
650 2755 710 2782 qua:
722 2747 756 2774 ab
769 2748 895 2776 omnibus

100 2793 208 2827 legatur,
221 2797 250 2820 ut
271 2792 415 2820 calamitas
437 2791 610 2827 philosophia:
629 2798 715 2820 mater
728 2793 781 2821 fiat.
797 2793 830 2821 Et
842 2793 894 2822 cir-

129 2873 137 2888 ¹
154 2872 188 2897 sic
200 2876 250 2897 Mss.
271 2875 329 2896 Haec
341 2870 464 2896 Morellius
476 2877 557 2896 manca
570 2872 690 2898 ediderat.

257 2919 400 2949 PATROL.
422 2918 479 2948 Gn.
500 2920 612 2953 XLIX.

683 143 727 172 DE
747 144 981 173 PleTENTlA.
1002 146 1115 175 IIOMIL.
1137 147 1168 179 Il.

1698 159 1752 189 9.88

962 204 1050 232 cuibat
1061 205 1139 239 Cain,
1154 207 1196 234 lex
1211 208 1336 244 animata,
1351 212 1476 242 columna
1487 215 1602 242 notoria
1614 238 1620 248 ,
1634 225 1694 252 quae
1708 222 1751 246 ta-

960 251 1053 284 cebat,
1079 257 1106 280 et
1130 257 1218 281 tamen
1241 263 1334 284 vocem
1358 258 1419 286 tuba
1439 260 1579 290 clariorem
1601 263 1751 292 emittebat.

960 295 1054 346 liemo,
1072 298 1168 333 inquit,
1181 300 1244 328 talia
1258 302 1354 337 faciat,
1370 312 1405 332 ne
1419 306 1481 334 talia
1497 308 1623 342 patiatur.
1639 309 1752 346 Propter

960 342 1150 377 impudentiam
1164 347 1295 382 supplicio
1305 355 1346 377 est
1359 350 1480 385 allectus,
1494 359 1590 382 etcum
1605 364 1657 384 non
1670 342 1752 384 dixis-

959 393 1000 415 sct
1013 394 1149 423 peccatum
1161 412 1169 425 ,
1184 393 1231 420 sed
1242 395 1381 423 convictus
1393 402 1482 431 esset,
1496 399 1531 427 ob
1544 400 1609 428 illud
1620 403 1751 430 commis-

958 442 1017 462 sum
1040 436 1182 466 damnatus
1205 443 1256 466 est.
1280 440 1308 468 Si
1335 442 1407 469 enim
1428 450 1476 472 sua
1496 452 1591 480 sponte
1610 447 1751 476 confessus

958 485 1039 513 esset,
1056 487 1193 516 peccatum
1205 492 1220 512 a
1234 493 1264 513 se
1278 486 1364 521 primo
1375 487 1510 518 detectum
1526 492 1677 523 delevisset.

992 527 1020 553 2.
1036 525 1104 554 Laus
1117 527 1221 557 Davidis
1235 535 1258 557 et
1266 532 1430 565 psalmorum.
1445 534 1580 571 Con/ertur
1592 540 1678 566 anima
1694 550 1751 569 cum

957 579 1049 604 curru;
1071 573 1256 602 demonstratur
1275 578 1360 612 quod,
1381 580 1450 607 circa
1470 582 1586 610 virtutem
1607 590 1631 611 et
1653 587 1750 620 vitium,

956 618 1040 646 minus
1057 621 1138 647 aetatis
1153 630 1228 656 quam
1243 624 1378 653 voluntatis
1395 628 1460 654 ratio
1478 628 1593 658 habenda
1612 637 1657 659 est.
1668 646 1704 653 —-
1718 618 1750 661 Ut

955 668 1043 691 autem
1064 664 1120 692 haec
1142 666 1177 694 ita
1197 675 1227 695 se
1246 668 1344 697 habere
1363 668 1682 711 intelligas,'cogttosce,
1697 687 1750 713 quo

955 713 1033 757 pacto
1047 710 1114 738 alius
1132 712 1262 748 quispiam
1275 722 1335 742 cum
1355 717 1464 746 dixisset
1479 710 1598 755 primus,
1613 710 1749 757 peccaturi]

954 753 1092 783 deieverit.
1117 758 1260 788 Veniamus
1273 762 1306 789 ad
1328 762 1455 792 Davidem
1466 753 1647 802 {prophetam
1663 775 1690 797 ct
1704 779 1748 798 rc-

953 801 1088 851 gemised
1099 802 1231 832 lubentius
1242 813 1301 834 eum
1313 815 1345 835 ex
1357 810 1464 838 nomine
1474 801 1619 847 prophetia:
1627 816 1748 851 appello:

954 845 1084 894 siquidem
1099 856 1209 884 regnum
1223 851 1281 887 ejus
1296 853 1322 880 in
1335 845 1672 894 PalmstinampprOphetia
1686 871 1749 891 vero

954 890 980 918 in
1005 891 1072 943 fines
1094 895 1167 923 orbis
1189 901 1319 926 terrarum
1345 890 1561 934 extendebaturc
1584 890 1611 934 et
1636 915 1748 943 regnum

953 936 1060 989 quidem
1080 940 1185 969 tuodico
1210 947 1329 978 tempore
1345 948 1514 976 terminatum
1536 956 1595 985 est,
1610 936 1748 989 prophetia

953 989 1017 1010 vero
1030 983 1189 1014 immortalia
1203 989 1284 1017 verba
1299 994 1462 1025 pronuntiat.
1475 994 1564 1023 Satius
1578 983 1749 1027 essetsolem

952 1030 1103 1065 exstingui,
1119 1040 1198 1067 quam
1213 1035 1292 1063 verba
1306 1037 1412 1066 Davidis
1427 1040 1553 1070 oblivioni
1569 1044 1646 1071 tradi.
1659 1045 1708 1073 Hic
1721 1046 1747 1073 in

952 1075 1110 1105 adulterium
1124 1083 1152 1106 et
1166 1079 1337 1115 homicidium
1352 1084 1440 1118 lapsus
1454 1091 1513 1114 est:
1529 1088 1595 1116 vidit
1606 1090 1688 1125 enim,
1705 1093 1747 1120 in-

953 1122 1010 1171 quit
1024 1123 1175 1171 Scriptura,
1192 1129 1332 1157 mulierem
1347 1132 1484 1165 pulchram
1503 1141 1533 1162 se
1548 1122 1697 1171 lavantem,
1720 1143 1747 1166 et

952 1168 1085 1197 adamavit
1098 1178 1157 1198 eam
1172 1181 1178 1199 :
1191 1173 1288 1202 deinde
1300 1176 1370 1210 quod
1384 1178 1453 1212 apud
1469 1186 1498 1207 se
1512 1168 1651 1215 statuerat,
1667 1168 1744 1218 pere-

1003 1216 1045 1266 e-
1056 1205 1914 1266 ,e'msitquesisattziasav~
1930 1234 1934 1242 ι

952 1262 1041 1290 medio
1054 1262 1109 1292 ltﬁo
1117 1262 1276 1302 mgnus.
1290 1262 1479 1299 Verumtamen
1493 1280 1522 1300 se
1537 1262 1663 1308 peccatise
1677 1283 1744 1303 non-

952 1309 1014 1337 dum
1029 1317 1157 1340 noverat:
1173 1314 1240 1341 adeo
1254 1316 1453 1350 perturbatione
1465 1320 1545 1347 animi
1561 1322 1664 1356 sopitus
1678 1328 1745 1351 erat.

952 1356 1018 1383 Cum
1032 1358 1102 1385 enim
1117 1359 1206 1387 ebrius
1220 1366 1260 1388 est
1272 1363 1363 1398 auriga
1376 1384 1383 1397 ,
1400 1364 1575 1401 incomposite
1590 1367 1673 1396 fertur
1684 1376 1744 1397 cur-

952 1409 1016 1429 rus:
1034 1411 1115 1438 porro
1127 1405 1197 1439 quod
1212 1407 1302 1442 auriga
1315 1413 1343 1436 et
1357 1417 1461 1443 currus,
1478 1411 1528 1439 hoc
1541 1412 1630 1440 anima
1644 1419 1707 1442 sunt
1720 1421 1747 1442 et
1780 1407 1783 1409 ’

952 1454 1059 1482 corpus.
1071 1449 1097 1476 Si
1110 1449 1180 1478 forte
1189 1451 1363 1481 obtenebrata
1374 1454 1409 1481 sit
1420 1450 1508 1483 anima
1517 1477 1525 1490 ,
1541 1461 1596 1485 tum
1608 1461 1635 1486 et
1650 1466 1748 1494 corpus

952 1493 978 1520 in
991 1494 1047 1522 luto
1058 1496 1198 1524 volutatur.
1211 1497 1341 1532 Quamdiu
1352 1508 1466 1536 namque
1475 1506 1529 1530 stat
1540 1504 1642 1539 auriga,
1653 1493 1748 1533 currus

951 1548 1056 1576 quoque
1072 1547 1144 1570 recte
1159 1543 1297 1579 dirigitur;
1320 1553 1381 1574 cum
1396 1554 1460 1576 vero
1481 1548 1634 1578 destituitur
1647 1551 1748 1580 viribus

951 1586 1006 1619 ille,
1030 1595 1116 1623 neque
1138 1594 1226 1623 potest
1244 1590 1362 1620 habenas
1385 1598 1485 1627 tenere,
1501 1599 1556 1622 tum
1579 1603 1643 1624 vero
1666 1597 1748 1625 etiam

951 1640 1044 1677 currus
1059 1635 1130 1662 malo
1144 1643 1204 1663 esse
1224 1637 1250 1664 in
1269 1641 1339 1665 statu
1354 1639 1484 1667 cernitur.
1504 1640 1541 1668 lta
1557 1649 1663 1677 quoque
1677 1643 1707 1670 iit
1719 1643 1746 1671 in

952 1676 1078 1705 immitte:
1094 1679 1219 1712 quamdiu
1233 1680 1323 1708 sobria
1338 1687 1380 1709 est
1392 1686 1418 1709 et
1432 1683 1522 1718 vigilat
1535 1676 1634 1717 anima,
1649 1692 1747 1720 corpus

951 1722 1037 1757 ipsum
1050 1724 1131 1751 etiam
1143 1733 1239 1760 pnrutn
1255 1732 1413 1762 permanet;
1428 1729 1472 1756 ubi
1489 1737 1554 1757 vero
1573 1730 1760 1766 obtenebratav

951 1771 1032 1800 fuerit
1045 1774 1145 1807 anima,
1161 1782 1259 1809 corpus
1273 1776 1351 1804 etiam
1367 1777 1452 1811 ipsum
1467 1777 1495 1804 in
1510 1778 1566 1806 luto
1580 1786 1611 1806 ac
1625 1779 1748 1814 volupta-

952 1818 1021 1845 tibus
1033 1819 1175 1846 volutatur.
1193 1819 1262 1854 Quid
1277 1821 1356 1856 igitur
1371 1822 1474 1849 David?
1488 1821 1627 1851 Commisit
1642 1825 1748 1852 adulte-

951 1865 1018 1891 rium
1030 1872 1038 1896 ς
1052 1865 1098 1892 sed
1115 1866 1260 1899 nesciebat,
1273 1875 1359 1902 neque
1369 1868 1403 1896 ab
1418 1869 1471 1896 ttllo
1483 1870 1653 1905 arguebatur,
1667 1871 1748 1906 idque

950 1917 1010 1936 cum
1024 1918 1105 1938 senex
1119 1911 1262 1939 admodum
1277 1918 1346 1941 eSSet
1358 1922 1366 1941 :
1380 1918 1410 1941 ut
1424 1915 1574 1951 intelligas,
1589 1917 1611 1943 si
1627 1916 1695 1944 forte
1709 1917 1748 1945 sis

951 1957 1105 1993 negligens,
1138 1966 1226 1993 neque
1255 1960 1300 1987 tibi
1326 1961 1450 1989 canitiem
1482 1963 1628 1997 prodesse,
1659 1971 1747 1998 neque

951 2011 1053 2037 rursus,
1069 2004 1092 2031 si
1107 2004 1242 2033 studiosus
1254 2007 1291 2034 sis
1304 2014 1336 2034 ac
1348 2007 1472 2042 diligens,
1484 2008 1653 2044 juventutem
1667 2017 1747 2045 posse

952 2054 977 2076 tc
990 2049 1096 2078 laedere.
1112 2050 1202 2086 Neque
1214 2052 1285 2079 enim
1298 2053 1333 2080 ab
1345 2058 1423 2080 (etate
1438 2062 1542 2086 mores,
1558 2055 1605 2083 scd
1618 2055 1652 2082 ab
1664 2056 1745 2083 animi

950 2096 1083 2123 sententia
1109 2101 1184 2125 recte
1209 2097 1276 2125 facta
1303 2103 1484 2133 promanant:
1510 2107 1571 2127 nam
1598 2105 1626 2128 et
1652 2101 1745 2129 Daniel

950 2141 1089 2170 duodecim
1104 2150 1234 2170 annorum
1246 2144 1255 2160 ¹
1267 2148 1335 2176 erat,
1352 2149 1379 2172 et
1390 2145 1542 2179 judicabat;
1558 2146 1678 2174 seniores
1694 2154 1743 2173 au-

951 2192 1018 2220 tem,
1033 2189 1173 2216 inveterati
1183 2190 1209 2217 in
1222 2189 1328 2223 diebus,
1342 2190 1468 2218 adulterii
1481 2191 1597 2219 fabulam
1605 2193 1743 2221 confinxe-

950 2239 1026 2267 runt,
1041 2239 1067 2262 et
1090 2242 1140 2262 nec
1152 2235 1204 2263 illis
1218 2236 1328 2263 canities
1350 2236 1466 2271 profuit,
1487 2244 1538 2265 nec
1557 2237 1681 2272 juventus
1700 2239 1745 2267 isti

950 2282 1041 2309 nocuit
1063 2281 1143 2317 (Dan.
1164 2282 1214 2315 15,
1231 2283 1265 2310 45
1278 2283 1370 2318 seq/1.).
1394 2283 1429 2310 Et
1443 2288 1471 2311 ut
1492 2284 1621 2320 intelligas
1637 2293 1689 2312 non
1711 2293 1745 2313 ex

950 2331 1037 2360 aetate,
1049 2327 1095 2354 sed
1108 2335 1139 2354 ex
1154 2328 1235 2354 animi
1249 2328 1387 2363 proposito
1394 2328 1428 2356 de
1437 2329 1586 2357 actionibus
1594 2334 1746 2366 temperan-

951 2374 993 2400 tia:
1008 2373 1138 2408 judicium
1157 2374 1234 2407 ferri.
1244 2373 1326 2402 David
1338 2383 1399 2404 cum
1407 2375 1436 2403 in
1449 2377 1508 2412 ipsa
1520 2383 1586 2404 cana
1607 2382 1745 2405 senectute

949 2424 1110 2453 versaretur,
1124 2423 1187 2447 tunc
1194 2420 1221 2447 in
1231 2420 1389 2448 adulterium
1404 2421 1495 2456 lapsus
1504 2423 1659 2456 est,c:edem
1669 2431 1744 2451 cont-

950 2467 1021 2494 misit
1031 2487 1038 2498 .
1050 2471 1077 2494 et
1089 2467 1127 2494 sic
1141 2467 1252 2494 allectus
1267 2473 1341 2501 erat;
1355 2472 1384 2495 ut
1396 2475 1426 2496 se
1438 2476 1565 2504 peccasse
1583 2469 1640 2504 ipse
1653 2472 1744 2498 nesci-

950 2517 1006 2540 ret:
1021 2512 1153 2548 siquidem
1175 2513 1264 2548 auriga
1287 2521 1364 2541 mens
1385 2514 1443 2549 ejus
1464 2519 1522 2542 erat
1545 2515 1744 2545 incontinentis:

949 2558 1079 2586 ebrietate
1105 2563 1236 2593 correpta.
1274 2559 1365 2593 itaque
1390 2560 1471 2587 mittit
1492 2560 1525 2588 ad
1552 2569 1614 2589 eum
1639 2562 1743 2591 Nathan

949 2604 1105 2639 prophetam
1120 2604 1192 2632 Deus
1207 2613 1213 2631 :
1230 2606 1358 2640 propheta
1372 2606 1443 2633 venit
1458 2606 1490 2633 ad
1508 2606 1677 2643 prophetam.
1698 2609 1743 2636 Sic

948 2650 1019 2678 enim
1029 2657 1089 2677 cum
1102 2650 1212 2677 medicis
1224 2650 1311 2686 agitur
1324 2659 1332 2678 :
1347 2651 1368 2678 si
1379 2651 1484 2687 quando
1491 2652 1570 2680 fuerit
1578 2661 1648 2687 a-ger
1660 2654 1744 2681 ntedi~

948 2705 1012 2730 cus,
1028 2702 1083 2725 tum
1099 2698 1182 2725 altero
1195 2698 1295 2734 indiget
1310 2699 1354 2726 ille
1366 2700 1480 2726 medico.
1494 2699 1566 2727 idem
1580 2699 1623 2726 hic
1636 2707 1742 2735 quoque

948 2744 1045 2772 accidit
1058 2753 1064 2771 ε
1079 2745 1251 2772 commiserat
1261 2751 1398 2781 peccatum
1414 2745 1542 2780 propheta
1553 2766 1560 2780 ,
1574 2752 1599 2773 et
1610 2746 1740 2781 protiiieta

948 2796 1018 2824 erat,
1036 2792 1080 2826 qui
1100 2791 1248 2820 remedium
1269 2791 1406 2819 afferebat.
1424 2791 1502 2819 Venit
1517 2792 1596 2828 igitur
1617 2791 1651 2819 ad
1665 2791 1741 2819 illum

985 2875 993 2889 ί
1006 2874 1030 2896 tn
1041 2869 1134 2900 savilio.
1152 2869 1234 2896 decem
1247 2876 1371 2896 animum.

1520 2921 1558 2950 18
