  <div class='ocr_page' id='page_1' title='image "/cluster/home/n/w/nwhite01/storage/ocr_20150623/49-50/njp.32101077772620/287.png"; bbox 0 0 1978 3130; ppageno 0'>
   <div class='ocr_carea' id='block_1_1' title="bbox 205 155 256 182">
    <p class='ocr_par' dir='ltr' id='par_1_1' title="bbox 205 155 256 182">
     <span class='ocr_line' id='line_1_1' title="bbox 205 155 256 182; baseline 0 0"><span class='ocrx_word' id='word_1_1' title='bbox 205 155 256 182; x_wconf 75' lang='grc'><strong>287</strong></span> 
     </span>
    </p>
   </div>
   <div class='ocr_carea' id='block_1_2' title="bbox 204 206 997 245">
    <p class='ocr_par' dir='ltr' id='par_1_2' title="bbox 204 206 997 245">
     <span class='ocr_line' id='line_1_2' title="bbox 204 206 997 245; baseline -0.01 -5"><span class='ocrx_word' id='word_1_2' title='bbox 204 212 325 243; x_wconf 82' lang='lat' dir='ltr'><strong>Nathan,</strong></span> <span class='ocrx_word' id='word_1_3' title='bbox 340 217 426 245; x_wconf 89' lang='lat' dir='ltr'><strong>neque</strong></span> <span class='ocrx_word' id='word_1_4' title='bbox 448 209 538 237; x_wconf 89' lang='lat' dir='ltr'><strong>statim</strong></span> <span class='ocrx_word' id='word_1_5' title='bbox 560 208 594 236; x_wconf 90' lang='lat' dir='ltr'><strong>ab</strong></span> <span class='ocrx_word' id='word_1_6' title='bbox 616 208 674 243; x_wconf 87' lang='lat' dir='ltr'><strong>ipso</strong></span> <span class='ocrx_word' id='word_1_7' title='bbox 695 207 785 234; x_wconf 90' lang='lat' dir='ltr'><strong>limine</strong></span> <span class='ocrx_word' id='word_1_8' title='bbox 803 207 875 234; x_wconf 88' lang='lat' dir='ltr'><strong>illum</strong></span> <span class='ocrx_word' id='word_1_9' title='bbox 895 206 997 241; x_wconf 88' lang='lat' dir='ltr'><strong>arguit,</strong></span> 
     </span>
    </p>
   </div>
   <div class='ocr_carea' id='block_1_3' title="bbox 205 251 1000 286">
    <p class='ocr_par' dir='ltr' id='par_1_3' title="bbox 205 251 1000 286">
     <span class='ocr_line' id='line_1_3' title="bbox 205 251 1000 286; baseline -0.009 -2"><span class='ocrx_word' id='word_1_10' title='bbox 205 263 251 286; x_wconf 83' lang='lat' dir='ltr'><strong>aut</strong></span> <span class='ocrx_word' id='word_1_11' title='bbox 262 258 347 285; x_wconf 78' lang='lat' dir='ltr'><strong>dicit:</strong></span> <span class='ocrx_word' id='word_1_12' title='bbox 361 256 481 285; x_wconf 87' lang='lat' dir='ltr'><strong>Sceleste</strong></span> <span class='ocrx_word' id='word_1_13' title='bbox 494 263 525 282; x_wconf 92' lang='lat' dir='ltr'><strong>ac</strong></span> <span class='ocrx_word' id='word_1_14' title='bbox 540 253 706 286; x_wconf 87' lang='lat' dir='ltr'><strong>detestande,</strong></span> <span class='ocrx_word' id='word_1_15' title='bbox 720 253 824 280; x_wconf 77' lang='lat' dir='ltr'><strong>adulter</strong></span> <span class='ocrx_word' id='word_1_16' title='bbox 839 256 866 279; x_wconf 90' lang='lat' dir='ltr'><strong>et</strong></span> <span class='ocrx_word' id='word_1_17' title='bbox 887 251 1000 279; x_wconf 89' lang='lat' dir='ltr'><strong>homici-</strong></span> 
     </span>
    </p>
   </div>
   <div class='ocr_carea' id='block_1_4' title="bbox 206 298 999 333">
    <p class='ocr_par' dir='ltr' id='par_1_4' title="bbox 206 298 999 333">
     <span class='ocr_line' id='line_1_4' title="bbox 206 298 999 333; baseline -0.01 0"><span class='ocrx_word' id='word_1_18' title='bbox 206 305 240 333; x_wconf 97' lang='lat' dir='ltr'><strong>da</strong></span> <span class='ocrx_word' id='word_1_19' title='bbox 256 315 262 332; x_wconf 95' lang='lat'><strong>:</strong></span> <span class='ocrx_word' id='word_1_20' title='bbox 279 309 318 332; x_wconf 86' lang='lat' dir='ltr'><strong>tot</strong></span> <span class='ocrx_word' id='word_1_21' title='bbox 332 303 479 331; x_wconf 85' lang='lat' dir='ltr'><strong>honoribus</strong></span> <span class='ocrx_word' id='word_1_22' title='bbox 493 310 507 329; x_wconf 89' lang='lat' dir='ltr'><strong>a</strong></span> <span class='ocrx_word' id='word_1_23' title='bbox 524 302 579 329; x_wconf 90' lang='lat' dir='ltr'><strong>Deo</strong></span> <span class='ocrx_word' id='word_1_24' title='bbox 599 301 748 329; x_wconf 89' lang='lat' dir='ltr'><strong>cumulatus</strong></span> <span class='ocrx_word' id='word_1_25' title='bbox 761 308 790 327; x_wconf 88' lang='lat' dir='ltr'><strong>es</strong></span> <span class='ocrx_word' id='word_1_26' title='bbox 801 320 809 332; x_wconf 86' lang='lat'><strong>,</strong></span> <span class='ocrx_word' id='word_1_27' title='bbox 824 305 851 326; x_wconf 91' lang='lat' dir='ltr'><strong>et</strong></span> <span class='ocrx_word' id='word_1_28' title='bbox 866 303 894 326; x_wconf 91' lang='lat' dir='ltr'><strong>tu</strong></span> <span class='ocrx_word' id='word_1_29' title='bbox 916 298 999 333; x_wconf 86' lang='lat' dir='ltr'><strong>ipsius</strong></span> 
     </span>
    </p>
   </div>
   <div class='ocr_carea' id='block_1_5' title="bbox 204 345 999 379">
    <p class='ocr_par' dir='ltr' id='par_1_5' title="bbox 204 345 999 379">
     <span class='ocr_line' id='line_1_5' title="bbox 204 345 999 379; baseline -0.009 -1"><span class='ocrx_word' id='word_1_30' title='bbox 204 350 329 379; x_wconf 85' lang='lat' dir='ltr'><strong>mandata</strong></span> <span class='ocrx_word' id='word_1_31' title='bbox 351 348 475 377; x_wconf 85' lang='lat' dir='ltr'><strong>violasti?</strong></span> <span class='ocrx_word' id='word_1_32' title='bbox 494 347 565 376; x_wconf 82' lang='lat' dir='ltr'><strong>Nihil</strong></span> <span class='ocrx_word' id='word_1_33' title='bbox 593 347 645 375; x_wconf 82' lang='lat' dir='ltr'><strong>tale</strong></span> <span class='ocrx_word' id='word_1_34' title='bbox 659 346 725 374; x_wconf 82' lang='lat' dir='ltr'><strong>dixit</strong></span> <span class='ocrx_word' id='word_1_35' title='bbox 745 345 867 378; x_wconf 87' lang='lat' dir='ltr'><strong>Nathan,</strong></span> <span class='ocrx_word' id='word_1_36' title='bbox 891 353 925 372; x_wconf 90' lang='lat' dir='ltr'><strong>ne</strong></span> <span class='ocrx_word' id='word_1_37' title='bbox 947 345 999 372; x_wconf 89' lang='lat' dir='ltr'><strong>im-</strong></span> 
     </span>
    </p>
   </div>
   <div class='ocr_carea' id='block_1_6' title="bbox 203 391 998 434">
    <p class='ocr_par' dir='ltr' id='par_1_6' title="bbox 203 391 998 434">
     <span class='ocr_line' id='line_1_6' title="bbox 203 391 998 434; baseline -0.009 -9"><span class='ocrx_word' id='word_1_38' title='bbox 203 396 391 434; x_wconf 85' lang='lat' dir='ltr'><strong>pudentiorem</strong></span> <span class='ocrx_word' id='word_1_39' title='bbox 410 395 484 423; x_wconf 91' lang='lat' dir='ltr'><strong>illum</strong></span> <span class='ocrx_word' id='word_1_40' title='bbox 505 394 647 426; x_wconf 86' lang='lat' dir='ltr'><strong>redderet;</strong></span> <span class='ocrx_word' id='word_1_41' title='bbox 661 400 722 433; x_wconf 90' lang='lat' dir='ltr'><strong>cum</strong></span> <span class='ocrx_word' id='word_1_42' title='bbox 744 393 815 420; x_wconf 92' lang='lat' dir='ltr'><strong>enim</strong></span> <span class='ocrx_word' id='word_1_43' title='bbox 834 396 940 426; x_wconf 84' lang='lat' dir='ltr'><strong>peccata</strong></span> <span class='ocrx_word' id='word_1_44' title='bbox 960 391 998 418; x_wconf 91' lang='lat' dir='ltr'><strong>di-</strong></span> 
     </span>
    </p>
   </div>
   <div class='ocr_carea' id='block_1_7' title="bbox 205 437 998 478">
    <p class='ocr_par' dir='ltr' id='par_1_7' title="bbox 205 437 998 478">
     <span class='ocr_line' id='line_1_7' title="bbox 205 437 998 478; baseline -0.009 -8"><span class='ocrx_word' id='word_1_45' title='bbox 205 442 357 478; x_wconf 86' lang='lat' dir='ltr'><strong>vulgantur,</strong></span> <span class='ocrx_word' id='word_1_46' title='bbox 383 447 438 469; x_wconf 90' lang='lat' dir='ltr'><strong>tum</strong></span> <span class='ocrx_word' id='word_1_47' title='bbox 461 440 494 468; x_wconf 88' lang='lat' dir='ltr'><strong>ad</strong></span> <span class='ocrx_word' id='word_1_48' title='bbox 521 440 650 474; x_wconf 83' lang='lat' dir='ltr'><strong>majorem</strong></span> <span class='ocrx_word' id='word_1_49' title='bbox 674 437 867 473; x_wconf 87' lang='lat' dir='ltr'><strong>impudentiam</strong></span> <span class='ocrx_word' id='word_1_50' title='bbox 891 437 923 469; x_wconf 93' lang='lat' dir='ltr'><strong>is,</strong></span> <span class='ocrx_word' id='word_1_51' title='bbox 953 437 998 472; x_wconf 88' lang='lat' dir='ltr'><strong>qui</strong></span> 
     </span>
    </p>
   </div>
   <div class='ocr_carea' id='block_1_8' title="bbox 205 483 998 523">
    <p class='ocr_par' dir='ltr' id='par_1_8' title="bbox 205 483 998 523">
     <span class='ocr_line' id='line_1_8' title="bbox 205 483 998 523; baseline -0.01 -7"><span class='ocrx_word' id='word_1_52' title='bbox 205 493 380 523; x_wconf 86' lang='lat' dir='ltr'><strong>peccaverat,</strong></span> <span class='ocrx_word' id='word_1_53' title='bbox 390 490 559 522; x_wconf 81' lang='lat' dir='ltr'><strong>provocatur.</strong></span> <span class='ocrx_word' id='word_1_54' title='bbox 574 485 652 512; x_wconf 89' lang='lat' dir='ltr'><strong>Venit</strong></span> <span class='ocrx_word' id='word_1_55' title='bbox 664 484 743 519; x_wconf 89' lang='lat' dir='ltr'><strong>igitur</strong></span> <span class='ocrx_word' id='word_1_56' title='bbox 755 483 788 510; x_wconf 90' lang='lat' dir='ltr'><strong>ad</strong></span> <span class='ocrx_word' id='word_1_57' title='bbox 802 483 886 516; x_wconf 89' lang='lat' dir='ltr'><strong>illum,</strong></span> <span class='ocrx_word' id='word_1_58' title='bbox 898 487 925 510; x_wconf 91' lang='lat' dir='ltr'><strong>et</strong></span> <span class='ocrx_word' id='word_1_59' title='bbox 937 489 998 509; x_wconf 91' lang='lat' dir='ltr'><strong>con-</strong></span> 
     </span>
    </p>
   </div>
   <div class='ocr_carea' id='block_1_9' title="bbox 205 528 1000 565">
    <p class='ocr_par' dir='ltr' id='par_1_9' title="bbox 205 528 1000 565">
     <span class='ocr_line' id='line_1_9' title="bbox 205 528 1000 565; baseline -0.01 -3"><span class='ocrx_word' id='word_1_60' title='bbox 205 534 293 562; x_wconf 79' lang='lat' dir='ltr'><strong>ﬁctam</strong></span> <span class='ocrx_word' id='word_1_61' title='bbox 309 534 362 561; x_wconf 84' lang='lat' dir='ltr'><strong>litis</strong></span> <span class='ocrx_word' id='word_1_62' title='bbox 375 532 490 560; x_wconf 84' lang='lat' dir='ltr'><strong>fabulam</strong></span> <span class='ocrx_word' id='word_1_63' title='bbox 503 531 585 564; x_wconf 82' lang='lat' dir='ltr'><strong>texit,</strong></span> <span class='ocrx_word' id='word_1_64' title='bbox 604 531 693 565; x_wconf 82' lang='lat' dir='ltr'><strong>aitque</strong></span> <span class='ocrx_word' id='word_1_65' title='bbox 706 538 712 556; x_wconf 88' lang='lat'>:</span> <span class='ocrx_word' id='word_1_66' title='bbox 729 529 816 556; x_wconf 87' lang='lat' dir='ltr'><strong>Litcm</strong></span> <span class='ocrx_word' id='word_1_67' title='bbox 830 528 917 556; x_wconf 88' lang='lat' dir='ltr'><strong>habeo</strong></span> <span class='ocrx_word' id='word_1_68' title='bbox 930 528 1000 562; x_wconf 89' lang='lat' dir='ltr'><strong>apud</strong></span> 
     </span>
    </p>
   </div>
   <div class='ocr_carea' id='block_1_10' title="bbox 206 574 998 614">
    <p class='ocr_par' dir='ltr' id='par_1_10' title="bbox 206 574 998 614">
     <span class='ocr_line' id='line_1_10' title="bbox 206 574 998 614; baseline -0.01 -6"><span class='ocrx_word' id='word_1_69' title='bbox 206 587 233 608; x_wconf 89' lang='lat' dir='ltr'><strong>te</strong></span> <span class='ocrx_word' id='word_1_70' title='bbox 242 601 250 614; x_wconf 89' lang='lat'><strong>,</strong></span> <span class='ocrx_word' id='word_1_71' title='bbox 261 587 333 608; x_wconf 86' lang='lat' dir='ltr'><strong>orex</strong></span> <span class='ocrx_word' id='word_1_72' title='bbox 344 579 350 606; x_wconf 87' lang='lat'>!</span> <span class='ocrx_word' id='word_1_73' title='bbox 362 579 440 606; x_wconf 87' lang='lat' dir='ltr'><strong>Dives</strong></span> <span class='ocrx_word' id='word_1_74' title='bbox 455 582 512 604; x_wconf 88' lang='lat' dir='ltr'><strong>erat</strong></span> <span class='ocrx_word' id='word_1_75' title='bbox 521 576 638 612; x_wconf 90' lang='lat' dir='ltr'><strong>quidam,</strong></span> <span class='ocrx_word' id='word_1_76' title='bbox 653 580 678 603; x_wconf 87' lang='lat' dir='ltr'><strong>et</strong></span> <span class='ocrx_word' id='word_1_77' title='bbox 689 583 790 610; x_wconf 89' lang='lat' dir='ltr'><strong>pauper</strong></span> <span class='ocrx_word' id='word_1_78' title='bbox 802 574 908 609; x_wconf 87' lang='lat' dir='ltr'><strong>quidam</strong></span> <span class='ocrx_word' id='word_1_79' title='bbox 924 579 998 601; x_wconf 86' lang='lat' dir='ltr'><strong>erat:</strong></span> 
     </span>
    </p>
   </div>
   <div class='ocr_carea' id='block_1_11' title="bbox 205 620 1000 660">
    <p class='ocr_par' dir='ltr' id='par_1_11' title="bbox 205 620 1000 660">
     <span class='ocr_line' id='line_1_11' title="bbox 205 620 1000 660; baseline -0.01 -7"><span class='ocrx_word' id='word_1_80' title='bbox 205 625 321 653; x_wconf 80' lang='lat' dir='ltr'><strong>habebat</strong></span> <span class='ocrx_word' id='word_1_81' title='bbox 332 630 420 652; x_wconf 88' lang='lat' dir='ltr'><strong>autem</strong></span> <span class='ocrx_word' id='word_1_82' title='bbox 435 623 509 660; x_wconf 78' lang='lat' dir='ltr'><strong>dives</strong></span> <span class='ocrx_word' id='word_1_83' title='bbox 523 627 643 650; x_wconf 89' lang='lat' dir='ltr'><strong>armenta</strong></span> <span class='ocrx_word' id='word_1_84' title='bbox 656 625 682 648; x_wconf 85' lang='lat' dir='ltr'><strong>et</strong></span> <span class='ocrx_word' id='word_1_85' title='bbox 701 628 794 656; x_wconf 77' lang='lat' dir='ltr'><strong>greges</strong></span> <span class='ocrx_word' id='word_1_86' title='bbox 810 620 916 652; x_wconf 89' lang='lat' dir='ltr'><strong>multos,</strong></span> <span class='ocrx_word' id='word_1_87' title='bbox 934 627 1000 654; x_wconf 88' lang='lat' dir='ltr'><strong>pau-</strong></span> 
     </span>
    </p>
   </div>
   <div class='ocr_carea' id='block_1_12' title="bbox 205 665 1000 706">
    <p class='ocr_par' dir='ltr' id='par_1_12' title="bbox 205 665 1000 706">
     <span class='ocr_line' id='line_1_12' title="bbox 205 665 1000 706; baseline -0.008 -7"><span class='ocrx_word' id='word_1_88' title='bbox 205 679 253 706; x_wconf 92' lang='lat' dir='ltr'><strong>per</strong></span> <span class='ocrx_word' id='word_1_89' title='bbox 267 677 332 698; x_wconf 87' lang='lat' dir='ltr'><strong>vero</strong></span> <span class='ocrx_word' id='word_1_90' title='bbox 354 677 435 697; x_wconf 88' lang='lat' dir='ltr'><strong>unam</strong></span> <span class='ocrx_word' id='word_1_91' title='bbox 456 668 570 696; x_wconf 84' lang='lat' dir='ltr'><strong>habebat</strong></span> <span class='ocrx_word' id='word_1_92' title='bbox 592 675 668 694; x_wconf 91' lang='lat' dir='ltr'><strong>ovem</strong></span> <span class='ocrx_word' id='word_1_93' title='bbox 679 687 686 699; x_wconf 91' lang='lat'><strong>,</strong></span> <span class='ocrx_word' id='word_1_94' title='bbox 702 673 762 701; x_wconf 66' lang='lat' dir='ltr'><strong>quae</strong></span> <span class='ocrx_word' id='word_1_95' title='bbox 776 666 809 693; x_wconf 92' lang='lat' dir='ltr'><strong>de</strong></span> <span class='ocrx_word' id='word_1_96' title='bbox 821 665 903 693; x_wconf 87' lang='lat' dir='ltr'><strong>calice</strong></span> <span class='ocrx_word' id='word_1_97' title='bbox 919 666 1000 700; x_wconf 84' lang='lat' dir='ltr'><strong>ipsius</strong></span> 
     </span>
    </p>
   </div>
   <div class='ocr_carea' id='block_1_13' title="bbox 204 711 1000 749">
    <p class='ocr_par' dir='ltr' id='par_1_13' title="bbox 204 711 1000 749">
     <span class='ocr_line' id='line_1_13' title="bbox 204 711 1000 749; baseline -0.01 -4"><span class='ocrx_word' id='word_1_98' title='bbox 204 717 327 749; x_wconf 82' lang='lat' dir='ltr'><strong>bibebat,</strong></span> <span class='ocrx_word' id='word_1_99' title='bbox 340 721 367 744; x_wconf 90' lang='lat' dir='ltr'><strong>et</strong></span> <span class='ocrx_word' id='word_1_100' title='bbox 377 716 411 743; x_wconf 92' lang='lat' dir='ltr'><strong>dc</strong></span> <span class='ocrx_word' id='word_1_101' title='bbox 424 723 514 742; x_wconf 86' lang='lat' dir='ltr'><strong>mensa</strong></span> <span class='ocrx_word' id='word_1_102' title='bbox 525 714 584 749; x_wconf 84' lang='lat' dir='ltr'><strong>ejus</strong></span> <span class='ocrx_word' id='word_1_103' title='bbox 594 713 699 746; x_wconf 79' lang='lat' dir='ltr'><strong>edebat,</strong></span> <span class='ocrx_word' id='word_1_104' title='bbox 716 717 741 740; x_wconf 92' lang='lat' dir='ltr'><strong>et</strong></span> <span class='ocrx_word' id='word_1_105' title='bbox 751 712 777 739; x_wconf 92' lang='lat' dir='ltr'><strong>in</strong></span> <span class='ocrx_word' id='word_1_106' title='bbox 792 712 851 739; x_wconf 87' lang='lat' dir='ltr'><strong>sinu</strong></span> <span class='ocrx_word' id='word_1_107' title='bbox 865 712 922 747; x_wconf 84' lang='lat' dir='ltr'><strong>ejus</strong></span> <span class='ocrx_word' id='word_1_108' title='bbox 936 711 1000 738; x_wconf 91' lang='lat' dir='ltr'><strong>dor-</strong></span> 
     </span>
    </p>
   </div>
   <div class='ocr_carea' id='block_1_14' title="bbox 207 759 998 795">
    <p class='ocr_par' dir='ltr' id='par_1_14' title="bbox 207 759 998 795">
     <span class='ocr_line' id='line_1_14' title="bbox 207 759 998 795; baseline -0.008 -5"><span class='ocrx_word' id='word_1_109' title='bbox 207 763 316 790; x_wconf 88' lang='lat' dir='ltr'><strong>miebat.</strong></span> <span class='ocrx_word' id='word_1_110' title='bbox 331 762 387 789; x_wconf 85' lang='lat' dir='ltr'><strong>Hoc</strong></span> <span class='ocrx_word' id='word_1_111' title='bbox 400 761 460 789; x_wconf 87' lang='lat' dir='ltr'><strong>loco</strong></span> <span class='ocrx_word' id='word_1_112' title='bbox 471 761 520 787; x_wconf 91' lang='lat' dir='ltr'><strong>viri</strong></span> <span class='ocrx_word' id='word_1_113' title='bbox 531 767 592 795; x_wconf 82' lang='lat' dir='ltr'><strong>erga</strong></span> <span class='ocrx_word' id='word_1_114' title='bbox 605 767 714 786; x_wconf 91' lang='lat' dir='ltr'><strong>uxorem</strong></span> <span class='ocrx_word' id='word_1_115' title='bbox 728 766 846 786; x_wconf 83' lang='lat' dir='ltr'><strong>amorem</strong></span> <span class='ocrx_word' id='word_1_116' title='bbox 857 759 998 794; x_wconf 77' lang='lat' dir='ltr'><strong>signiﬁcat.</strong></span> 
     </span>
    </p>
   </div>
   <div class='ocr_carea' id='block_1_15' title="bbox 205 805 999 842">
    <p class='ocr_par' dir='ltr' id='par_1_15' title="bbox 205 805 999 842">
     <span class='ocr_line' id='line_1_15' title="bbox 205 805 999 842; baseline -0.006 -6"><span class='ocrx_word' id='word_1_117' title='bbox 205 808 272 836; x_wconf 89' lang='lat' dir='ltr'><strong>Cum</strong></span> <span class='ocrx_word' id='word_1_118' title='bbox 287 812 375 835; x_wconf 86' lang='lat' dir='ltr'><strong>autem</strong></span> <span class='ocrx_word' id='word_1_119' title='bbox 391 807 548 842; x_wconf 84' lang='lat' dir='ltr'><strong>peregrinus</strong></span> <span class='ocrx_word' id='word_1_120' title='bbox 558 806 688 841; x_wconf 80' lang='lat' dir='ltr'><strong>quispiam</strong></span> <span class='ocrx_word' id='word_1_121' title='bbox 711 806 844 838; x_wconf 83' lang='lat' dir='ltr'><strong>venisset,</strong></span> <span class='ocrx_word' id='word_1_122' title='bbox 868 805 924 832; x_wconf 88' lang='lat' dir='ltr'><strong>suis</strong></span> <span class='ocrx_word' id='word_1_123' title='bbox 937 812 999 838; x_wconf 89' lang='lat' dir='ltr'><strong>par-</strong></span> 
     </span>
    </p>
   </div>
   <div class='ocr_carea' id='block_1_16' title="bbox 208 850 999 891">
    <p class='ocr_par' dir='ltr' id='par_1_16' title="bbox 208 850 999 891">
     <span class='ocr_line' id='line_1_16' title="bbox 208 850 999 891; baseline -0.006 -9"><span class='ocrx_word' id='word_1_124' title='bbox 208 862 272 882; x_wconf 86' lang='lat' dir='ltr'><strong>eeus</strong></span> <span class='ocrx_word' id='word_1_125' title='bbox 287 854 361 891; x_wconf 80' lang='lat' dir='ltr'><strong>dives</strong></span> <span class='ocrx_word' id='word_1_126' title='bbox 377 857 512 887; x_wconf 87' lang='lat' dir='ltr'><strong>acceptam</strong></span> <span class='ocrx_word' id='word_1_127' title='bbox 527 853 650 887; x_wconf 81' lang='lat' dir='ltr'><strong>pauperis</strong></span> <span class='ocrx_word' id='word_1_128' title='bbox 663 859 739 878; x_wconf 90' lang='lat' dir='ltr'><strong>ovem</strong></span> <span class='ocrx_word' id='word_1_129' title='bbox 752 850 882 886; x_wconf 85' lang='lat' dir='ltr'><strong>jugulavit</strong></span> <span class='ocrx_word' id='word_1_130' title='bbox 897 850 925 886; x_wconf 69' lang='grc' dir='ltr'>(Ξ</span> <span class='ocrx_word' id='word_1_131' title='bbox 935 850 999 886; x_wconf 70' lang='lat' dir='ltr'><strong>Reg.</strong></span> 
     </span>
    </p>
   </div>
   <div class='ocr_carea' id='block_1_17' title="bbox 206 897 999 933">
    <p class='ocr_par' dir='ltr' id='par_1_17' title="bbox 206 897 999 933">
     <span class='ocr_line' id='line_1_17' title="bbox 206 897 999 933; baseline -0.006 -7"><span class='ocrx_word' id='word_1_132' title='bbox 206 899 251 927; x_wconf 76' lang='lat' dir='ltr'><strong>l2.</strong></span> <span class='ocrx_word' id='word_1_133' title='bbox 269 899 340 933; x_wconf 81' lang='grc'><strong>1-5).</strong></span> <span class='ocrx_word' id='word_1_134' title='bbox 353 899 434 926; x_wconf 84' lang='lat' dir='ltr'><strong>Vides</strong></span> <span class='ocrx_word' id='word_1_135' title='bbox 447 902 474 925; x_wconf 89' lang='lat' dir='ltr'><strong>ut</strong></span> <span class='ocrx_word' id='word_1_136' title='bbox 486 898 536 925; x_wconf 92' lang='lat' dir='ltr'><strong>hoc</strong></span> <span class='ocrx_word' id='word_1_137' title='bbox 552 898 609 924; x_wconf 89' lang='lat' dir='ltr'><strong>loco</strong></span> <span class='ocrx_word' id='word_1_138' title='bbox 620 897 736 924; x_wconf 83' lang='lat' dir='ltr'><strong>fabulam</strong></span> <span class='ocrx_word' id='word_1_139' title='bbox 753 901 824 924; x_wconf 85' lang='lat' dir='ltr'><strong>texat</strong></span> <span class='ocrx_word' id='word_1_140' title='bbox 834 917 841 928; x_wconf 89' lang='lat'><strong>,</strong></span> <span class='ocrx_word' id='word_1_141' title='bbox 853 901 881 923; x_wconf 88' lang='lat' dir='ltr'><strong>et</strong></span> <span class='ocrx_word' id='word_1_142' title='bbox 890 897 999 931; x_wconf 79' lang='lat' dir='ltr'><strong>spongia</strong></span> 
     </span>
    </p>
   </div>
   <div class='ocr_carea' id='block_1_18' title="bbox 206 942 1001 978">
    <p class='ocr_par' dir='ltr' id='par_1_18' title="bbox 206 942 1001 978">
     <span class='ocr_line' id='line_1_18' title="bbox 206 942 1001 978; baseline -0.004 -7"><span class='ocrx_word' id='word_1_143' title='bbox 206 945 340 972; x_wconf 87' lang='lat' dir='ltr'><strong>obtectum</strong></span> <span class='ocrx_word' id='word_1_144' title='bbox 356 944 453 971; x_wconf 83' lang='lat' dir='ltr'><strong>ferrum</strong></span> <span class='ocrx_word' id='word_1_145' title='bbox 473 948 559 978; x_wconf 66' lang='lat' dir='ltr'><strong>gestet</strong></span> <span class='ocrx_word' id='word_1_146' title='bbox 569 942 581 969; x_wconf 75' lang='lat' dir='ltr'><strong>i</strong></span> <span class='ocrx_word' id='word_1_147' title='bbox 593 943 662 976; x_wconf 84' lang='lat' dir='ltr'><strong>Quid</strong></span> <span class='ocrx_word' id='word_1_148' title='bbox 674 950 737 977; x_wconf 84' lang='lat' dir='ltr'><strong>ergo</strong></span> <span class='ocrx_word' id='word_1_149' title='bbox 752 943 818 970; x_wconf 87' lang='lat' dir='ltr'><strong>rex?</strong></span> <span class='ocrx_word' id='word_1_150' title='bbox 838 942 1001 970; x_wconf 88' lang='lat' dir='ltr'><strong>Existimans</strong></span> 
     </span>
    </p>
   </div>
   <div class='ocr_carea' id='block_1_19' title="bbox 206 987 1001 1022">
    <p class='ocr_par' dir='ltr' id='par_1_19' title="bbox 206 987 1001 1022">
     <span class='ocr_line' id='line_1_19' title="bbox 206 987 1001 1022; baseline -0.001 -6"><span class='ocrx_word' id='word_1_151' title='bbox 206 997 236 1017; x_wconf 85' lang='lat' dir='ltr'><strong>se</strong></span> <span class='ocrx_word' id='word_1_152' title='bbox 250 989 377 1016; x_wconf 89' lang='lat' dir='ltr'><strong>adversus</strong></span> <span class='ocrx_word' id='word_1_153' title='bbox 389 988 501 1015; x_wconf 86' lang='lat' dir='ltr'><strong>alterum</strong></span> <span class='ocrx_word' id='word_1_154' title='bbox 513 987 670 1015; x_wconf 83' lang='lat' dir='ltr'><strong>sententiam</strong></span> <span class='ocrx_word' id='word_1_155' title='bbox 683 988 847 1022; x_wconf 82' lang='lat' dir='ltr'><strong>ierre,quam</strong></span> <span class='ocrx_word' id='word_1_156' title='bbox 861 987 1001 1015; x_wconf 90' lang='lat' dir='ltr'><strong>celerrime</strong></span> 
     </span>
    </p>
   </div>
   <div class='ocr_carea' id='block_1_20' title="bbox 206 1032 998 1068">
    <p class='ocr_par' dir='ltr' id='par_1_20' title="bbox 206 1032 998 1068">
     <span class='ocr_line' id='line_1_20' title="bbox 206 1032 998 1068; baseline -0.004 -6"><span class='ocrx_word' id='word_1_157' title='bbox 206 1034 364 1062; x_wconf 88' lang='lat' dir='ltr'><strong>sententiam</strong></span> <span class='ocrx_word' id='word_1_158' title='bbox 379 1033 508 1068; x_wconf 85' lang='lat' dir='ltr'><strong>adjunxit.</strong></span> <span class='ocrx_word' id='word_1_159' title='bbox 524 1032 567 1060; x_wconf 89' lang='lat' dir='ltr'><strong>Sic</strong></span> <span class='ocrx_word' id='word_1_160' title='bbox 580 1034 650 1060; x_wconf 92' lang='lat' dir='ltr'><strong>enim</strong></span> <span class='ocrx_word' id='word_1_161' title='bbox 661 1032 748 1060; x_wconf 75' lang='lat' dir='ltr'><strong>facere</strong></span> <span class='ocrx_word' id='word_1_162' title='bbox 760 1033 847 1060; x_wconf 86' lang='lat' dir='ltr'><strong>solent</strong></span> <span class='ocrx_word' id='word_1_163' title='bbox 857 1032 979 1060; x_wconf 84' lang='lat' dir='ltr'><strong>homines</strong></span> <span class='ocrx_word' id='word_1_164' title='bbox 991 1041 998 1060; x_wconf 86' lang='lat'><strong>:</strong></span> 
     </span>
    </p>
   </div>
   <div class='ocr_carea' id='block_1_21' title="bbox 206 1078 1001 1107">
    <p class='ocr_par' dir='ltr' id='par_1_21' title="bbox 206 1078 1001 1107">
     <span class='ocr_line' id='line_1_21' title="bbox 206 1078 1001 1107; baseline 0 -1"><span class='ocrx_word' id='word_1_165' title='bbox 206 1080 334 1107; x_wconf 85' lang='lat' dir='ltr'><strong>adversus</strong></span> <span class='ocrx_word' id='word_1_166' title='bbox 347 1079 413 1106; x_wconf 88' lang='lat' dir='ltr'><strong>alios</strong></span> <span class='ocrx_word' id='word_1_167' title='bbox 427 1079 541 1106; x_wconf 88' lang='lat' dir='ltr'><strong>libenter</strong></span> <span class='ocrx_word' id='word_1_168' title='bbox 558 1084 584 1106; x_wconf 92' lang='lat' dir='ltr'><strong>et</strong></span> <span class='ocrx_word' id='word_1_169' title='bbox 597 1086 691 1106; x_wconf 85' lang='lat' dir='ltr'><strong>severe</strong></span> <span class='ocrx_word' id='word_1_170' title='bbox 709 1079 854 1106; x_wconf 86' lang='lat' dir='ltr'><strong>sententias</strong></span> <span class='ocrx_word' id='word_1_171' title='bbox 868 1078 957 1105; x_wconf 78' lang='lat' dir='ltr'><strong>ferunt</strong></span> <span class='ocrx_word' id='word_1_172' title='bbox 974 1083 1001 1106; x_wconf 86' lang='lat' dir='ltr'><strong>et</strong></span> 
     </span>
    </p>
   </div>
   <div class='ocr_carea' id='block_1_22' title="bbox 207 1123 1000 1159">
    <p class='ocr_par' dir='ltr' id='par_1_22' title="bbox 207 1123 1000 1159">
     <span class='ocr_line' id='line_1_22' title="bbox 207 1123 1000 1159; baseline -0.001 -8"><span class='ocrx_word' id='word_1_173' title='bbox 207 1125 388 1159; x_wconf 87' lang='lat' dir='ltr'><strong>pronuntiant.</strong></span> <span class='ocrx_word' id='word_1_174' title='bbox 405 1123 440 1151; x_wconf 84' lang='lat' dir='ltr'><strong>Et</strong></span> <span class='ocrx_word' id='word_1_175' title='bbox 459 1124 523 1159; x_wconf 91' lang='lat' dir='ltr'><strong>quid</strong></span> <span class='ocrx_word' id='word_1_176' title='bbox 538 1125 575 1151; x_wconf 89' lang='lat' dir='ltr'><strong>ait</strong></span> <span class='ocrx_word' id='word_1_177' title='bbox 597 1123 696 1151; x_wconf 85' lang='lat' dir='ltr'><strong>David?</strong></span> <span class='ocrx_word' id='word_1_178' title='bbox 715 1123 779 1150; x_wconf 83' lang='lat' dir='ltr'><strong>Vivit</strong></span> <span class='ocrx_word' id='word_1_179' title='bbox 793 1123 936 1157; x_wconf 83' lang='lat' dir='ltr'><strong>Dominus,</strong></span> <span class='ocrx_word' id='word_1_180' title='bbox 958 1124 1000 1150; x_wconf 86' lang='lat' dir='ltr'><strong>di-</strong></span> 
     </span>
    </p>
   </div>
   <div class='ocr_carea' id='block_1_23' title="bbox 206 1170 998 1206">
    <p class='ocr_par' dir='ltr' id='par_1_23' title="bbox 206 1170 998 1206">
     <span class='ocr_line' id='line_1_23' title="bbox 206 1170 998 1206; baseline 0.001 -9"><span class='ocrx_word' id='word_1_181' title='bbox 206 1179 272 1206; x_wconf 82' lang='lat' dir='ltr'><strong>gnus</strong></span> <span class='ocrx_word' id='word_1_182' title='bbox 287 1175 366 1197; x_wconf 77' lang='lat' dir='ltr'><strong>morte</strong></span> <span class='ocrx_word' id='word_1_183' title='bbox 383 1175 419 1197; x_wconf 81' lang='lat' dir='ltr'><strong>est</strong></span> <span class='ocrx_word' id='word_1_184' title='bbox 435 1171 507 1202; x_wconf 81' lang='lat' dir='ltr'><strong>talis,</strong></span> <span class='ocrx_word' id='word_1_185' title='bbox 520 1175 593 1205; x_wconf 82' lang='lat' dir='ltr'><strong>atque</strong></span> <span class='ocrx_word' id='word_1_186' title='bbox 606 1178 675 1196; x_wconf 77' lang='lat' dir='ltr'><strong>ovem</strong></span> <span class='ocrx_word' id='word_1_187' title='bbox 685 1170 710 1196; x_wconf 81' lang='lat' dir='ltr'><strong>in</strong></span> <span class='ocrx_word' id='word_1_188' title='bbox 731 1170 900 1205; x_wconf 79' lang='lat' dir='ltr'><strong>quadruplum</strong></span> <span class='ocrx_word' id='word_1_189' title='bbox 913 1171 998 1198; x_wconf 78' lang='lat' dir='ltr'><strong>reddet</strong></span> 
     </span>
    </p>
   </div>
   <div class='ocr_carea' id='block_1_24' title="bbox 208 1215 1000 1251">
    <p class='ocr_par' dir='ltr' id='par_1_24' title="bbox 208 1215 1000 1251">
     <span class='ocr_line' id='line_1_24' title="bbox 208 1215 1000 1251; baseline 0.001 -9"><span class='ocrx_word' id='word_1_190' title='bbox 208 1215 263 1251; x_wconf 95' lang='lat' dir='ltr'><strong>(Ib.</strong></span> <span class='ocrx_word' id='word_1_191' title='bbox 277 1224 300 1243; x_wconf 79' lang='grc' dir='ltr'><strong>ν.</strong></span> <span class='ocrx_word' id='word_1_192' title='bbox 322 1216 349 1243; x_wconf 85' lang='grc'><strong>5.</strong></span> <span class='ocrx_word' id='word_1_193' title='bbox 369 1215 409 1250; x_wconf 85' lang='lat'><strong>6).</strong></span> <span class='ocrx_word' id='word_1_194' title='bbox 430 1215 499 1250; x_wconf 86' lang='lat' dir='ltr'><strong>Quid</strong></span> <span class='ocrx_word' id='word_1_195' title='bbox 528 1216 606 1250; x_wconf 82' lang='lat' dir='ltr'><strong>igitur</strong></span> <span class='ocrx_word' id='word_1_196' title='bbox 629 1215 751 1243; x_wconf 87' lang='lat' dir='ltr'><strong>Nathan?</strong></span> <span class='ocrx_word' id='word_1_197' title='bbox 777 1215 834 1243; x_wconf 80' lang='lat' dir='ltr'><strong>Non</strong></span> <span class='ocrx_word' id='word_1_198' title='bbox 861 1216 1000 1251; x_wconf 85' lang='lat' dir='ltr'><strong>interjecto</strong></span> 
     </span>
    </p>
   </div>
   <div class='ocr_carea' id='block_1_25' title="bbox 207 1261 1000 1296">
    <p class='ocr_par' dir='ltr' id='par_1_25' title="bbox 207 1261 1000 1296">
     <span class='ocr_line' id='line_1_25' title="bbox 207 1261 1000 1296; baseline 0 -8"><span class='ocrx_word' id='word_1_199' title='bbox 207 1261 349 1288; x_wconf 87' lang='lat' dir='ltr'><strong>multarum</strong></span> <span class='ocrx_word' id='word_1_200' title='bbox 366 1261 490 1288; x_wconf 80' lang='lat' dir='ltr'><strong>horarum</strong></span> <span class='ocrx_word' id='word_1_201' title='bbox 505 1261 591 1296; x_wconf 89' lang='lat' dir='ltr'><strong>spatio</strong></span> <span class='ocrx_word' id='word_1_202' title='bbox 606 1261 708 1296; x_wconf 82' lang='lat' dir='ltr'><strong>plagam</strong></span> <span class='ocrx_word' id='word_1_203' title='bbox 724 1261 852 1294; x_wconf 87' lang='lat' dir='ltr'><strong>emolliit,</strong></span> <span class='ocrx_word' id='word_1_204' title='bbox 876 1261 923 1288; x_wconf 90' lang='lat' dir='ltr'><strong>sed</strong></span> <span class='ocrx_word' id='word_1_205' title='bbox 944 1267 1000 1289; x_wconf 85' lang='lat' dir='ltr'><strong>sta-</strong></span> 
     </span>
    </p>
   </div>
   <div class='ocr_carea' id='block_1_26' title="bbox 206 1307 1000 1342">
    <p class='ocr_par' dir='ltr' id='par_1_26' title="bbox 206 1307 1000 1342">
     <span class='ocr_line' id='line_1_26' title="bbox 206 1307 1000 1342; baseline 0.001 -8"><span class='ocrx_word' id='word_1_206' title='bbox 206 1308 253 1335; x_wconf 87' lang='lat' dir='ltr'><strong>tim</strong></span> <span class='ocrx_word' id='word_1_207' title='bbox 269 1308 402 1339; x_wconf 84' lang='lat' dir='ltr'><strong>exseruil,</strong></span> <span class='ocrx_word' id='word_1_208' title='bbox 422 1311 449 1334; x_wconf 89' lang='lat' dir='ltr'><strong>et</strong></span> <span class='ocrx_word' id='word_1_209' title='bbox 470 1308 635 1342; x_wconf 86' lang='lat' dir='ltr'><strong>repentinam</strong></span> <span class='ocrx_word' id='word_1_210' title='bbox 650 1307 794 1334; x_wconf 84' lang='lat' dir='ltr'><strong>sectionem</strong></span> <span class='ocrx_word' id='word_1_211' title='bbox 809 1307 941 1339; x_wconf 81' lang='lat' dir='ltr'><strong>admovit,</strong></span> <span class='ocrx_word' id='word_1_212' title='bbox 966 1315 1000 1335; x_wconf 90' lang='lat' dir='ltr'><strong>ne</strong></span> 
     </span>
    </p>
   </div>
   <div class='ocr_carea' id='block_1_27' title="bbox 207 1352 998 1389">
    <p class='ocr_par' dir='ltr' id='par_1_27' title="bbox 207 1352 998 1389">
     <span class='ocr_line' id='line_1_27' title="bbox 207 1352 998 1389; baseline 0 -9"><span class='ocrx_word' id='word_1_213' title='bbox 207 1354 307 1381; x_wconf 84' lang='lat' dir='ltr'><strong>doloris</strong></span> <span class='ocrx_word' id='word_1_214' title='bbox 329 1354 453 1382; x_wconf 72' lang='lat' dir='ltr'><strong>sensum‘</strong></span> <span class='ocrx_word' id='word_1_215' title='bbox 477 1354 616 1380; x_wconf 82' lang='lat' dir='ltr'><strong>eximeret.</strong></span> <span class='ocrx_word' id='word_1_216' title='bbox 641 1352 681 1380; x_wconf 88' lang='lat' dir='ltr'><strong>Tu</strong></span> <span class='ocrx_word' id='word_1_217' title='bbox 695 1361 731 1385; x_wconf 85' lang='lat' dir='ltr'><strong>es,</strong></span> <span class='ocrx_word' id='word_1_218' title='bbox 746 1360 763 1380; x_wconf 97' lang='lat' dir='ltr'><strong>o</strong></span> <span class='ocrx_word' id='word_1_219' title='bbox 784 1361 829 1380; x_wconf 85' lang='lat' dir='ltr'><strong>rex</strong></span> <span class='ocrx_word' id='word_1_220' title='bbox 847 1353 897 1389; x_wconf 88' lang='lat' dir='ltr'><strong>(Ib.</strong></span> <span class='ocrx_word' id='word_1_221' title='bbox 913 1361 936 1380; x_wconf 86' lang='lat' dir='ltr'><strong>v.</strong></span> <span class='ocrx_word' id='word_1_222' title='bbox 961 1355 998 1387; x_wconf 85' lang='lat'><strong>&#39;7).</strong></span> 
     </span>
    </p>
   </div>
   <div class='ocr_carea' id='block_1_28' title="bbox 209 1397 1000 1434">
    <p class='ocr_par' dir='ltr' id='par_1_28' title="bbox 209 1397 1000 1434">
     <span class='ocr_line' id='line_1_28' title="bbox 209 1397 1000 1434; baseline 0.003 -10"><span class='ocrx_word' id='word_1_223' title='bbox 209 1397 276 1433; x_wconf 84' lang='lat' dir='ltr'><strong>Quid</strong></span> <span class='ocrx_word' id='word_1_224' title='bbox 301 1407 365 1434; x_wconf 81' lang='lat' dir='ltr'><strong>ergo</strong></span> <span class='ocrx_word' id='word_1_225' title='bbox 378 1406 424 1426; x_wconf 84' lang='lat' dir='ltr'><strong>rex</strong></span> <span class='ocrx_word' id='word_1_226' title='bbox 437 1398 495 1426; x_wconf 87' lang='lat' dir='ltr'><strong>ait?</strong></span> <span class='ocrx_word' id='word_1_227' title='bbox 520 1397 627 1425; x_wconf 76' lang='lat' dir='ltr'><strong>Peccavi</strong></span> <span class='ocrx_word' id='word_1_228' title='bbox 648 1398 757 1425; x_wconf 86' lang='lat' dir='ltr'><strong>Domino</strong></span> <span class='ocrx_word' id='word_1_229' title='bbox 770 1397 822 1433; x_wconf 91' lang='lat' dir='ltr'><strong>(Ib.</strong></span> <span class='ocrx_word' id='word_1_230' title='bbox 838 1407 861 1425; x_wconf 88' lang='grc' dir='ltr'><strong>υ.</strong></span> <span class='ocrx_word' id='word_1_231' title='bbox 879 1398 923 1434; x_wconf 77' lang='lat' dir='ltr'><strong>i3)</strong></span> <span class='ocrx_word' id='word_1_232' title='bbox 937 1420 943 1432; x_wconf 90' lang='lat'><strong>,</strong></span> <span class='ocrx_word' id='word_1_233' title='bbox 961 1399 1000 1426; x_wconf 90' lang='lat' dir='ltr'><strong>in-</strong></span> 
     </span>
    </p>
   </div>
   <div class='ocr_carea' id='block_1_29' title="bbox 205 1444 999 1479">
    <p class='ocr_par' dir='ltr' id='par_1_29' title="bbox 205 1444 999 1479">
     <span class='ocr_line' id='line_1_29' title="bbox 205 1444 999 1479; baseline 0.001 -8"><span class='ocrx_word' id='word_1_234' title='bbox 205 1445 272 1479; x_wconf 89' lang='lat' dir='ltr'><strong>quit.</strong></span> <span class='ocrx_word' id='word_1_235' title='bbox 286 1445 343 1472; x_wconf 80' lang='lat' dir='ltr'><strong>Non</strong></span> <span class='ocrx_word' id='word_1_236' title='bbox 358 1444 425 1472; x_wconf 86' lang='lat' dir='ltr'><strong>dixit</strong></span> <span class='ocrx_word' id='word_1_237' title='bbox 441 1453 447 1471; x_wconf 92' lang='lat'>:</span> <span class='ocrx_word' id='word_1_238' title='bbox 462 1444 529 1478; x_wconf 86' lang='lat' dir='ltr'><strong>Quis</strong></span> <span class='ocrx_word' id='word_1_239' title='bbox 548 1445 618 1471; x_wconf 92' lang='lat' dir='ltr'><strong>enim</strong></span> <span class='ocrx_word' id='word_1_240' title='bbox 630 1451 660 1471; x_wconf 86' lang='lat' dir='ltr'><strong>es</strong></span> <span class='ocrx_word' id='word_1_241' title='bbox 672 1449 698 1471; x_wconf 92' lang='lat' dir='ltr'><strong>tu</strong></span> <span class='ocrx_word' id='word_1_242' title='bbox 708 1465 716 1478; x_wconf 96' lang='lat'><strong>,</strong></span> <span class='ocrx_word' id='word_1_243' title='bbox 732 1445 775 1479; x_wconf 91' lang='lat' dir='ltr'><strong>qui</strong></span> <span class='ocrx_word' id='word_1_244' title='bbox 791 1452 834 1471; x_wconf 89' lang='lat' dir='ltr'><strong>me</strong></span> <span class='ocrx_word' id='word_1_245' title='bbox 854 1444 999 1479; x_wconf 88' lang='lat' dir='ltr'><strong>reprehen-</strong></span> 
     </span>
    </p>
   </div>
   <div class='ocr_carea' id='block_1_30' title="bbox 206 1490 1000 1526">
    <p class='ocr_par' dir='ltr' id='par_1_30' title="bbox 206 1490 1000 1526">
     <span class='ocr_line' id='line_1_30' title="bbox 206 1490 1000 1526; baseline -0.003 -8"><span class='ocrx_word' id='word_1_246' title='bbox 206 1491 266 1518; x_wconf 85' lang='lat' dir='ltr'><strong>dis?</strong></span> <span class='ocrx_word' id='word_1_247' title='bbox 280 1492 339 1526; x_wconf 90' lang='lat' dir='ltr'><strong>quis</strong></span> <span class='ocrx_word' id='word_1_248' title='bbox 354 1496 378 1518; x_wconf 90' lang='lat' dir='ltr'><strong>te</strong></span> <span class='ocrx_word' id='word_1_249' title='bbox 388 1491 474 1524; x_wconf 88' lang='lat' dir='ltr'><strong>misit,</strong></span> <span class='ocrx_word' id='word_1_250' title='bbox 489 1495 517 1518; x_wconf 88' lang='lat' dir='ltr'><strong>ut</strong></span> <span class='ocrx_word' id='word_1_251' title='bbox 531 1496 585 1518; x_wconf 89' lang='lat' dir='ltr'><strong>tam</strong></span> <span class='ocrx_word' id='word_1_252' title='bbox 597 1491 680 1518; x_wconf 86' lang='lat' dir='ltr'><strong>libere</strong></span> <span class='ocrx_word' id='word_1_253' title='bbox 691 1490 855 1525; x_wconf 85' lang='lat' dir='ltr'><strong>loquereris?</strong></span> <span class='ocrx_word' id='word_1_254' title='bbox 870 1499 921 1526; x_wconf 90' lang='lat' dir='ltr'><strong>qua</strong></span> <span class='ocrx_word' id='word_1_255' title='bbox 935 1499 1000 1518; x_wconf 84' lang='lat' dir='ltr'><strong>vero</strong></span> 
     </span>
    </p>
   </div>
   <div class='ocr_carea' id='block_1_31' title="bbox 204 1535 998 1571">
    <p class='ocr_par' dir='ltr' id='par_1_31' title="bbox 204 1535 998 1571">
     <span class='ocr_line' id='line_1_31' title="bbox 204 1535 998 1571; baseline -0.001 -7"><span class='ocrx_word' id='word_1_256' title='bbox 204 1537 314 1564; x_wconf 80' lang='lat' dir='ltr'><strong>audacia</strong></span> <span class='ocrx_word' id='word_1_257' title='bbox 339 1537 467 1571; x_wconf 88' lang='lat' dir='ltr'><strong>impulsus</strong></span> <span class='ocrx_word' id='word_1_258' title='bbox 484 1536 535 1564; x_wconf 88' lang='lat' dir='ltr'><strong>hoc</strong></span> <span class='ocrx_word' id='word_1_259' title='bbox 548 1535 651 1563; x_wconf 81' lang='lat' dir='ltr'><strong>fecisti?</strong></span> <span class='ocrx_word' id='word_1_260' title='bbox 675 1535 746 1563; x_wconf 88' lang='lat' dir='ltr'><strong>Nihil</strong></span> <span class='ocrx_word' id='word_1_261' title='bbox 772 1536 824 1563; x_wconf 86' lang='lat' dir='ltr'><strong>tale</strong></span> <span class='ocrx_word' id='word_1_262' title='bbox 848 1535 931 1569; x_wconf 83' lang='lat' dir='ltr'><strong>dixit,</strong></span> <span class='ocrx_word' id='word_1_263' title='bbox 951 1537 998 1563; x_wconf 87' lang='lat' dir='ltr'><strong>sed</strong></span> 
     </span>
    </p>
   </div>
   <div class='ocr_carea' id='block_1_32' title="bbox 206 1581 997 1617">
    <p class='ocr_par' dir='ltr' id='par_1_32' title="bbox 206 1581 997 1617">
     <span class='ocr_line' id='line_1_32' title="bbox 206 1581 997 1617; baseline 0 -7"><span class='ocrx_word' id='word_1_264' title='bbox 206 1586 342 1617; x_wconf 83' lang='lat' dir='ltr'><strong>peccatum</strong></span> <span class='ocrx_word' id='word_1_265' title='bbox 362 1582 486 1617; x_wconf 81' lang='lat' dir='ltr'><strong>agnovit,</strong></span> <span class='ocrx_word' id='word_1_266' title='bbox 501 1587 529 1609; x_wconf 88' lang='lat' dir='ltr'><strong>et</strong></span> <span class='ocrx_word' id='word_1_267' title='bbox 542 1581 604 1617; x_wconf 90' lang='lat' dir='ltr'><strong>quid</strong></span> <span class='ocrx_word' id='word_1_268' title='bbox 617 1582 655 1608; x_wconf 87' lang='lat' dir='ltr'><strong>ait</strong></span> <span class='ocrx_word' id='word_1_269' title='bbox 671 1591 677 1608; x_wconf 87' lang='lat'><strong>:</strong></span> <span class='ocrx_word' id='word_1_270' title='bbox 699 1581 808 1608; x_wconf 79' lang='lat' dir='ltr'><strong>Peccavi</strong></span> <span class='ocrx_word' id='word_1_271' title='bbox 821 1581 931 1608; x_wconf 89' lang='lat' dir='ltr'><strong>Domino</strong></span> <span class='ocrx_word' id='word_1_272' title='bbox 945 1582 997 1614; x_wconf 90' lang='lat' dir='ltr'><strong>(Ib.</strong></span> 
     </span>
    </p>
   </div>
   <div class='ocr_carea' id='block_1_33' title="bbox 205 1627 1000 1663">
    <p class='ocr_par' dir='ltr' id='par_1_33' title="bbox 205 1627 1000 1663">
     <span class='ocr_line' id='line_1_33' title="bbox 205 1627 1000 1663; baseline -0.001 -7"><span class='ocrx_word' id='word_1_273' title='bbox 205 1637 230 1656; x_wconf 81' lang='grc' dir='ltr'><strong>ν.</strong></span> <span class='ocrx_word' id='word_1_274' title='bbox 253 1628 309 1663; x_wconf 78' lang='grc'><strong>15).</strong></span> <span class='ocrx_word' id='word_1_275' title='bbox 325 1628 394 1662; x_wconf 90' lang='lat' dir='ltr'><strong>Quid</strong></span> <span class='ocrx_word' id='word_1_276' title='bbox 416 1628 496 1663; x_wconf 87' lang='lat' dir='ltr'><strong>igitur</strong></span> <span class='ocrx_word' id='word_1_277' title='bbox 510 1627 544 1655; x_wconf 88' lang='lat' dir='ltr'><strong>ad</strong></span> <span class='ocrx_word' id='word_1_278' title='bbox 558 1635 619 1655; x_wconf 88' lang='lat' dir='ltr'><strong>eum</strong></span> <span class='ocrx_word' id='word_1_279' title='bbox 635 1627 756 1654; x_wconf 74' lang='lat' dir='ltr'><strong>Nathan?</strong></span> <span class='ocrx_word' id='word_1_280' title='bbox 772 1627 857 1654; x_wconf 66' lang='lat' dir='ltr'><strong>litium</strong></span> <span class='ocrx_word' id='word_1_281' title='bbox 877 1627 1000 1655; x_wconf 76' lang='lat' dir='ltr'><strong>Dominus</strong></span> 
     </span>
    </p>
   </div>
   <div class='ocr_carea' id='block_1_34' title="bbox 206 1673 999 1709">
    <p class='ocr_par' dir='ltr' id='par_1_34' title="bbox 206 1673 999 1709">
     <span class='ocr_line' id='line_1_34' title="bbox 206 1673 999 1709; baseline 0.001 -9"><span class='ocrx_word' id='word_1_282' title='bbox 206 1674 300 1701; x_wconf 64' lang='lat' dir='ltr'><strong>dimisit</strong></span> <span class='ocrx_word' id='word_1_283' title='bbox 319 1679 448 1709; x_wconf 83' lang='lat' dir='ltr'><strong>peccatum</strong></span> <span class='ocrx_word' id='word_1_284' title='bbox 469 1678 549 1700; x_wconf 86' lang='lat' dir='ltr'><strong>tuum.</strong></span> <span class='ocrx_word' id='word_1_285' title='bbox 575 1674 701 1708; x_wconf 89' lang='lat' dir='ltr'><strong>&#39;l‘cipsum</strong></span> <span class='ocrx_word' id='word_1_286' title='bbox 721 1673 903 1700; x_wconf 90' lang='lat' dir='ltr'><strong>condemnasti</strong></span> <span class='ocrx_word' id='word_1_287' title='bbox 916 1694 923 1706; x_wconf 95' lang='lat'><strong>,</strong></span> <span class='ocrx_word' id='word_1_288' title='bbox 953 1675 999 1701; x_wconf 87' lang='lat' dir='ltr'><strong>tibi</strong></span> 
     </span>
    </p>
   </div>
   <div class='ocr_carea' id='block_1_35' title="bbox 204 1719 999 1756">
    <p class='ocr_par' dir='ltr' id='par_1_35' title="bbox 204 1719 999 1756">
     <span class='ocr_line' id='line_1_35' title="bbox 204 1719 999 1756; baseline 0 -10"><span class='ocrx_word' id='word_1_289' title='bbox 204 1727 253 1755; x_wconf 88' lang='lat' dir='ltr'><strong>ego</strong></span> <span class='ocrx_word' id='word_1_290' title='bbox 266 1727 371 1756; x_wconf 68' lang='lat' dir='ltr'><strong>pinnam</strong></span> <span class='ocrx_word' id='word_1_291' title='bbox 385 1719 506 1747; x_wconf 89' lang='lat' dir='ltr'><strong>condono</strong></span> <span class='ocrx_word' id='word_1_292' title='bbox 522 1729 528 1746; x_wconf 92' lang='lat'><strong>:</strong></span> <span class='ocrx_word' id='word_1_293' title='bbox 543 1719 610 1746; x_wconf 82' lang='lat' dir='ltr'><strong>bona</strong></span> <span class='ocrx_word' id='word_1_294' title='bbox 627 1719 678 1746; x_wconf 83' lang='lat' dir='ltr'><strong>[ide</strong></span> <span class='ocrx_word' id='word_1_295' title='bbox 700 1724 836 1752; x_wconf 86' lang='lat' dir='ltr'><strong>peccatum</strong></span> <span class='ocrx_word' id='word_1_296' title='bbox 863 1719 999 1746; x_wconf 81' lang='lat' dir='ltr'><strong>confessus</strong></span> 
     </span>
    </p>
   </div>
   <div class='ocr_carea' id='block_1_36' title="bbox 205 1764 1000 1800">
    <p class='ocr_par' dir='ltr' id='par_1_36' title="bbox 205 1764 1000 1800">
     <span class='ocr_line' id='line_1_36' title="bbox 205 1764 1000 1800; baseline -0.001 -8"><span class='ocrx_word' id='word_1_297' title='bbox 205 1773 250 1798; x_wconf 84' lang='lat' dir='ltr'><strong>es,</strong></span> <span class='ocrx_word' id='word_1_298' title='bbox 265 1770 402 1800; x_wconf 87' lang='lat' dir='ltr'><strong>peccatum</strong></span> <span class='ocrx_word' id='word_1_299' title='bbox 421 1765 555 1792; x_wconf 88' lang='lat' dir='ltr'><strong>delevisti.</strong></span> <span class='ocrx_word' id='word_1_300' title='bbox 580 1764 638 1791; x_wconf 87' lang='lat' dir='ltr'><strong>Tibi</strong></span> <span class='ocrx_word' id='word_1_301' title='bbox 661 1765 710 1799; x_wconf 88' lang='lat' dir='ltr'><strong>ipsi</strong></span> <span class='ocrx_word' id='word_1_302' title='bbox 732 1765 857 1792; x_wconf 88' lang='lat' dir='ltr'><strong>mulctam</strong></span> <span class='ocrx_word' id='word_1_303' title='bbox 885 1765 1000 1792; x_wconf 84' lang='lat' dir='ltr'><strong>accersi-</strong></span> 
     </span>
    </p>
   </div>
   <div class='ocr_carea' id='block_1_37' title="bbox 205 1810 999 1846">
    <p class='ocr_par' dir='ltr' id='par_1_37' title="bbox 205 1810 999 1846">
     <span class='ocr_line' id='line_1_37' title="bbox 205 1810 999 1846; baseline 0 -8"><span class='ocrx_word' id='word_1_304' title='bbox 205 1811 266 1838; x_wconf 85' lang='lat' dir='ltr'><strong>visti</strong></span> <span class='ocrx_word' id='word_1_305' title='bbox 277 1831 285 1843; x_wconf 93' lang='lat'><strong>,</strong></span> <span class='ocrx_word' id='word_1_306' title='bbox 300 1818 350 1846; x_wconf 89' lang='lat' dir='ltr'><strong>ego</strong></span> <span class='ocrx_word' id='word_1_307' title='bbox 369 1812 526 1838; x_wconf 85' lang='lat' dir='ltr'><strong>sententiam</strong></span> <span class='ocrx_word' id='word_1_308' title='bbox 544 1818 629 1838; x_wconf 86' lang='lat' dir='ltr'><strong>meam</strong></span> <span class='ocrx_word' id='word_1_309' title='bbox 645 1810 751 1838; x_wconf 88' lang='lat' dir='ltr'><strong>rescidi.</strong></span> <span class='ocrx_word' id='word_1_310' title='bbox 770 1810 850 1837; x_wconf 86' lang='lat' dir='ltr'><strong>Vides</strong></span> <span class='ocrx_word' id='word_1_311' title='bbox 864 1816 891 1837; x_wconf 94' lang='lat' dir='ltr'><strong>ut</strong></span> <span class='ocrx_word' id='word_1_312' title='bbox 905 1811 999 1845; x_wconf 89' lang='lat' dir='ltr'><strong>imple-</strong></span> 
     </span>
    </p>
   </div>
   <div class='ocr_carea' id='block_1_38' title="bbox 206 1855 1000 1890">
    <p class='ocr_par' dir='ltr' id='par_1_38' title="bbox 206 1855 1000 1890">
     <span class='ocr_line' id='line_1_38' title="bbox 206 1855 1000 1890; baseline 0 -8"><span class='ocrx_word' id='word_1_313' title='bbox 206 1860 262 1882; x_wconf 85' lang='lat' dir='ltr'><strong>tum</strong></span> <span class='ocrx_word' id='word_1_314' title='bbox 282 1855 361 1883; x_wconf 83' lang='lat' dir='ltr'><strong>i‘uerit</strong></span> <span class='ocrx_word' id='word_1_315' title='bbox 383 1855 452 1890; x_wconf 88' lang='lat' dir='ltr'><strong>quod</strong></span> <span class='ocrx_word' id='word_1_316' title='bbox 467 1855 594 1890; x_wconf 84' lang='lat' dir='ltr'><strong>scriptum</strong></span> <span class='ocrx_word' id='word_1_317' title='bbox 610 1860 669 1883; x_wconf 86' lang='lat' dir='ltr'><strong>est:</strong></span> <span class='ocrx_word' id='word_1_318' title='bbox 691 1855 738 1882; x_wconf 82' lang='lat' dir='ltr'><strong>Dic</strong></span> <span class='ocrx_word' id='word_1_319' title='bbox 753 1860 780 1882; x_wconf 83' lang='lat' dir='ltr'><strong>tu</strong></span> <span class='ocrx_word' id='word_1_320' title='bbox 798 1856 893 1890; x_wconf 80' lang='lat' dir='ltr'><strong>primus</strong></span> <span class='ocrx_word' id='word_1_321' title='bbox 909 1857 1000 1890; x_wconf 84' lang='lat' dir='ltr'><strong>iniqui-</strong></span> 
     </span>
    </p>
   </div>
   <div class='ocr_carea' id='block_1_39' title="bbox 205 1900 999 1936">
    <p class='ocr_par' dir='ltr' id='par_1_39' title="bbox 205 1900 999 1936">
     <span class='ocr_line' id='line_1_39' title="bbox 205 1900 999 1936; baseline 0.001 -9"><span class='ocrx_word' id='word_1_322' title='bbox 205 1905 268 1928; x_wconf 77' lang='lat' dir='ltr'><strong>tates</strong></span> <span class='ocrx_word' id='word_1_323' title='bbox 286 1906 360 1934; x_wconf 74' lang='lat' dir='ltr'><strong>tuas,</strong></span> <span class='ocrx_word' id='word_1_324' title='bbox 388 1906 416 1927; x_wconf 85' lang='lat' dir='ltr'><strong>ut</strong></span> <span class='ocrx_word' id='word_1_325' title='bbox 432 1901 580 1935; x_wconf 74' lang='lat' dir='ltr'><strong>iustiﬁceris</strong></span> <span class='ocrx_word' id='word_1_326' title='bbox 601 1900 667 1935; x_wconf 79' lang='lat' dir='ltr'><strong>(Isai</strong></span> <span class='ocrx_word' id='word_1_327' title='bbox 688 1901 732 1928; x_wconf 68' lang='lat'><strong>43.</strong></span> <span class='ocrx_word' id='word_1_328' title='bbox 753 1900 816 1936; x_wconf 69' lang='lat'><strong>96)?</strong></span> <span class='ocrx_word' id='word_1_329' title='bbox 839 1901 905 1934; x_wconf 85' lang='lat' dir='ltr'><strong>Quis</strong></span> <span class='ocrx_word' id='word_1_330' title='bbox 924 1902 999 1928; x_wconf 85' lang='lat' dir='ltr'><strong>labor</strong></span> 
     </span>
    </p>
   </div>
   <div class='ocr_carea' id='block_1_40' title="bbox 207 1947 581 1982">
    <p class='ocr_par' dir='ltr' id='par_1_40' title="bbox 207 1947 581 1982">
     <span class='ocr_line' id='line_1_40' title="bbox 207 1947 581 1982; baseline -0.003 -8"><span class='ocrx_word' id='word_1_331' title='bbox 207 1947 321 1982; x_wconf 81' lang='lat' dir='ltr'><strong>primum</strong></span> <span class='ocrx_word' id='word_1_332' title='bbox 342 1952 449 1982; x_wconf 82' lang='lat' dir='ltr'><strong>peccata</strong></span> <span class='ocrx_word' id='word_1_333' title='bbox 471 1947 581 1974; x_wconf 85' lang='lat' dir='ltr'><strong>dicere?</strong></span> 
     </span>
    </p>
   </div>
   <div class='ocr_carea' id='block_1_41' title="bbox 241 1992 998 2027">
    <p class='ocr_par' dir='ltr' id='par_1_41' title="bbox 241 1992 998 2027">
     <span class='ocr_line' id='line_1_41' title="bbox 241 1992 998 2027; baseline -0.001 -8"><span class='ocrx_word' id='word_1_334' title='bbox 241 1993 267 2020; x_wconf 81' lang='grc'><strong>5.</strong></span> <span class='ocrx_word' id='word_1_335' title='bbox 282 1992 369 2019; x_wconf 83' lang='lat' dir='ltr'><strong>Altera</strong></span> <span class='ocrx_word' id='word_1_336' title='bbox 383 1992 534 2027; x_wconf 66' lang='lat' dir='ltr'><strong>paenitentia</strong></span> <span class='ocrx_word' id='word_1_337' title='bbox 543 1992 583 2019; x_wconf 77' lang='lat' dir='ltr'><strong>via</strong></span> <span class='ocrx_word' id='word_1_338' title='bbox 593 1992 712 2027; x_wconf 76' lang='lat' dir='ltr'><strong>luergmte</strong></span> <span class='ocrx_word' id='word_1_339' title='bbox 721 2000 730 2018; x_wconf 91' lang='lat'><em>:</em></span> <span class='ocrx_word' id='word_1_340' title='bbox 740 1992 766 2018; x_wconf 85' lang='lat' dir='ltr'><strong>in</strong></span> <span class='ocrx_word' id='word_1_341' title='bbox 781 1992 924 2027; x_wconf 64' lang='lat' dir='ltr'><strong>exemplum</strong></span> <span class='ocrx_word' id='word_1_342' title='bbox 938 2001 998 2027; x_wconf 82' lang='lat' dir='ltr'><strong>pro-</strong></span> 
     </span>
    </p>
   </div>
   <div class='ocr_carea' id='block_1_42' title="bbox 203 2038 998 2074">
    <p class='ocr_par' dir='ltr' id='par_1_42' title="bbox 203 2038 998 2074">
     <span class='ocr_line' id='line_1_42' title="bbox 203 2038 998 2074; baseline 0 -8"><span class='ocrx_word' id='word_1_343' title='bbox 203 2039 283 2073; x_wconf 75' lang='lat' dir='ltr'><strong>fertur</strong></span> <span class='ocrx_word' id='word_1_344' title='bbox 296 2039 409 2066; x_wconf 83' lang='lat' dir='ltr'><strong>Aclmab.</strong></span> <span class='ocrx_word' id='word_1_345' title='bbox 418 2053 453 2059; x_wconf 95' lang='lat'><strong>—</strong></span> <span class='ocrx_word' id='word_1_346' title='bbox 468 2038 555 2066; x_wconf 81' lang='lat' dir='ltr'><strong>Habes</strong></span> <span class='ocrx_word' id='word_1_347' title='bbox 569 2043 657 2066; x_wconf 86' lang='lat' dir='ltr'><strong>autem</strong></span> <span class='ocrx_word' id='word_1_348' title='bbox 672 2043 699 2066; x_wconf 90' lang='lat' dir='ltr'><strong>et</strong></span> <span class='ocrx_word' id='word_1_349' title='bbox 709 2038 820 2066; x_wconf 87' lang='lat' dir='ltr'><strong>alteram</strong></span> <span class='ocrx_word' id='word_1_350' title='bbox 836 2039 998 2074; x_wconf 69' lang='lat' dir='ltr'><strong>paenitentiae</strong></span> 
     </span>
    </p>
   </div>
   <div class='ocr_carea' id='block_1_43' title="bbox 203 2084 998 2119">
    <p class='ocr_par' dir='ltr' id='par_1_43' title="bbox 203 2084 998 2119">
     <span class='ocr_line' id='line_1_43' title="bbox 203 2084 998 2119; baseline -0.001 -8"><span class='ocrx_word' id='word_1_351' title='bbox 203 2085 273 2112; x_wconf 90' lang='lat' dir='ltr'><strong>viam</strong></span> <span class='ocrx_word' id='word_1_352' title='bbox 289 2093 296 2112; x_wconf 89' lang='lat'><strong>:</strong></span> <span class='ocrx_word' id='word_1_353' title='bbox 310 2092 389 2119; x_wconf 88' lang='lat' dir='ltr'><strong>quam</strong></span> <span class='ocrx_word' id='word_1_354' title='bbox 417 2084 524 2111; x_wconf 87' lang='lat' dir='ltr'><strong>tandem</strong></span> <span class='ocrx_word' id='word_1_355' title='bbox 539 2084 629 2111; x_wconf 82' lang='lat' dir='ltr'><strong>illaut?</strong></span> <span class='ocrx_word' id='word_1_356' title='bbox 656 2084 795 2111; x_wconf 83' lang='lat' dir='ltr'><strong>Peccatum</strong></span> <span class='ocrx_word' id='word_1_357' title='bbox 811 2084 884 2112; x_wconf 84' lang='lat' dir='ltr'><strong>ﬂere.</strong></span> <span class='ocrx_word' id='word_1_358' title='bbox 899 2084 998 2111; x_wconf 85' lang='lat' dir='ltr'><strong>Pecca-</strong></span> 
     </span>
    </p>
   </div>
   <div class='ocr_carea' id='block_1_44' title="bbox 203 2130 997 2166">
    <p class='ocr_par' dir='ltr' id='par_1_44' title="bbox 203 2130 997 2166">
     <span class='ocr_line' id='line_1_44' title="bbox 203 2130 997 2166; baseline 0.001 -9"><span class='ocrx_word' id='word_1_359' title='bbox 203 2131 256 2158; x_wconf 84' lang='lat' dir='ltr'><strong>sti?</strong></span> <span class='ocrx_word' id='word_1_360' title='bbox 267 2131 340 2164; x_wconf 87' lang='lat' dir='ltr'><strong>Ileto,</strong></span> <span class='ocrx_word' id='word_1_361' title='bbox 352 2135 380 2158; x_wconf 91' lang='lat' dir='ltr'><strong>et</strong></span> <span class='ocrx_word' id='word_1_362' title='bbox 390 2135 527 2166; x_wconf 84' lang='lat' dir='ltr'><strong>peccatum</strong></span> <span class='ocrx_word' id='word_1_363' title='bbox 536 2131 627 2158; x_wconf 88' lang='lat' dir='ltr'><strong>solvis.</strong></span> <span class='ocrx_word' id='word_1_364' title='bbox 637 2130 763 2164; x_wconf 86' lang='lat' dir='ltr'><strong>Quisnam</strong></span> <span class='ocrx_word' id='word_1_365' title='bbox 774 2130 818 2157; x_wconf 88' lang='lat' dir='ltr'><strong>hic</strong></span> <span class='ocrx_word' id='word_1_366' title='bbox 828 2131 920 2158; x_wconf 85' lang='lat' dir='ltr'><strong>labor?</strong></span> <span class='ocrx_word' id='word_1_367' title='bbox 933 2132 997 2158; x_wconf 85' lang='lat' dir='ltr'><strong>nihil</strong></span> 
     </span>
    </p>
   </div>
   <div class='ocr_carea' id='block_1_45' title="bbox 203 2176 996 2212">
    <p class='ocr_par' dir='ltr' id='par_1_45' title="bbox 203 2176 996 2212">
     <span class='ocr_line' id='line_1_45' title="bbox 203 2176 996 2212; baseline 0 -9"><span class='ocrx_word' id='word_1_368' title='bbox 203 2185 218 2203; x_wconf 85' lang='lat' dir='ltr'><strong>a</strong></span> <span class='ocrx_word' id='word_1_369' title='bbox 235 2181 260 2204; x_wconf 88' lang='lat' dir='ltr'><strong>te</strong></span> <span class='ocrx_word' id='word_1_370' title='bbox 271 2177 385 2211; x_wconf 89' lang='lat' dir='ltr'><strong>amplius</strong></span> <span class='ocrx_word' id='word_1_371' title='bbox 404 2177 526 2211; x_wconf 89' lang='lat' dir='ltr'><strong>requiro,</strong></span> <span class='ocrx_word' id='word_1_372' title='bbox 541 2184 620 2212; x_wconf 86' lang='lat' dir='ltr'><strong>quam</strong></span> <span class='ocrx_word' id='word_1_373' title='bbox 645 2180 673 2203; x_wconf 87' lang='lat' dir='ltr'><strong>ut</strong></span> <span class='ocrx_word' id='word_1_374' title='bbox 686 2176 749 2203; x_wconf 81' lang='lat' dir='ltr'><strong>ﬂeas</strong></span> <span class='ocrx_word' id='word_1_375' title='bbox 768 2182 906 2212; x_wconf 87' lang='lat' dir='ltr'><strong>peceatum</strong></span> <span class='ocrx_word' id='word_1_376' title='bbox 922 2185 927 2202; x_wconf 93' lang='lat'>:</span> <span class='ocrx_word' id='word_1_377' title='bbox 944 2184 996 2203; x_wconf 92' lang='lat' dir='ltr'><strong>non</strong></span> 
     </span>
    </p>
   </div>
   <div class='ocr_carea' id='block_1_46' title="bbox 204 2222 997 2257">
    <p class='ocr_par' dir='ltr' id='par_1_46' title="bbox 204 2222 997 2257">
     <span class='ocr_line' id='line_1_46' title="bbox 204 2222 997 2257; baseline -0.001 -8"><span class='ocrx_word' id='word_1_378' title='bbox 204 2222 264 2250; x_wconf 90' lang='lat' dir='ltr'><strong>dico</strong></span> <span class='ocrx_word' id='word_1_379' title='bbox 278 2222 342 2255; x_wconf 85' lang='lat' dir='ltr'><strong>tibi,</strong></span> <span class='ocrx_word' id='word_1_380' title='bbox 359 2227 388 2250; x_wconf 91' lang='lat' dir='ltr'><strong>ut</strong></span> <span class='ocrx_word' id='word_1_381' title='bbox 405 2222 542 2250; x_wconf 81' lang='lat' dir='ltr'><strong>emetiaris</strong></span> <span class='ocrx_word' id='word_1_382' title='bbox 563 2222 645 2249; x_wconf 85' lang='lat' dir='ltr'><strong>maria</strong></span> <span class='ocrx_word' id='word_1_383' title='bbox 657 2242 665 2254; x_wconf 86' lang='lat'><strong>,</strong></span> <span class='ocrx_word' id='word_1_384' title='bbox 691 2227 720 2249; x_wconf 93' lang='lat' dir='ltr'><strong>ut</strong></span> <span class='ocrx_word' id='word_1_385' title='bbox 733 2223 759 2248; x_wconf 90' lang='lat' dir='ltr'><strong>in</strong></span> <span class='ocrx_word' id='word_1_386' title='bbox 782 2226 876 2257; x_wconf 82' lang='lat' dir='ltr'><strong>portus</strong></span> <span class='ocrx_word' id='word_1_387' title='bbox 891 2226 917 2249; x_wconf 91' lang='lat' dir='ltr'><strong>te</strong></span> <span class='ocrx_word' id='word_1_388' title='bbox 931 2222 997 2250; x_wconf 89' lang='lat' dir='ltr'><strong>reci-</strong></span> 
     </span>
    </p>
   </div>
   <div class='ocr_carea' id='block_1_47' title="bbox 204 2267 994 2303">
    <p class='ocr_par' dir='ltr' id='par_1_47' title="bbox 204 2267 994 2303">
     <span class='ocr_line' id='line_1_47' title="bbox 204 2267 994 2303; baseline 0.003 -10"><span class='ocrx_word' id='word_1_389' title='bbox 204 2267 260 2302; x_wconf 83' lang='lat' dir='ltr'><strong>pias</strong></span> <span class='ocrx_word' id='word_1_390' title='bbox 271 2287 278 2299; x_wconf 93' lang='lat'><strong>,</strong></span> <span class='ocrx_word' id='word_1_391' title='bbox 294 2275 381 2302; x_wconf 87' lang='lat' dir='ltr'><strong>neque</strong></span> <span class='ocrx_word' id='word_1_392' title='bbox 395 2271 423 2294; x_wconf 89' lang='lat' dir='ltr'><strong>ut</strong></span> <span class='ocrx_word' id='word_1_393' title='bbox 443 2268 494 2295; x_wconf 86' lang='lat' dir='ltr'><strong>iter</strong></span> <span class='ocrx_word' id='word_1_394' title='bbox 505 2267 642 2299; x_wconf 81' lang='lat' dir='ltr'><strong>coniicias,</strong></span> <span class='ocrx_word' id='word_1_395' title='bbox 657 2275 743 2302; x_wconf 88' lang='lat' dir='ltr'><strong>neque</strong></span> <span class='ocrx_word' id='word_1_396' title='bbox 764 2272 793 2294; x_wconf 91' lang='lat' dir='ltr'><strong>ut</strong></span> <span class='ocrx_word' id='word_1_397' title='bbox 814 2267 994 2303; x_wconf 78' lang='lat' dir='ltr'><strong>longissimam</strong></span> 
     </span>
    </p>
   </div>
   <div class='ocr_carea' id='block_1_48' title="bbox 205 2312 996 2347">
    <p class='ocr_par' dir='ltr' id='par_1_48' title="bbox 205 2312 996 2347">
     <span class='ocr_line' id='line_1_48' title="bbox 205 2312 996 2347; baseline 0.004 -9"><span class='ocrx_word' id='word_1_398' title='bbox 205 2312 445 2346; x_wconf 77' lang='lat' dir='ltr'><strong>peregrinationem</strong></span> <span class='ocrx_word' id='word_1_399' title='bbox 459 2313 601 2347; x_wconf 85' lang='lat' dir='ltr'><strong>suscipias,</strong></span> <span class='ocrx_word' id='word_1_400' title='bbox 616 2320 703 2347; x_wconf 89' lang='lat' dir='ltr'><strong>neque</strong></span> <span class='ocrx_word' id='word_1_401' title='bbox 718 2317 746 2339; x_wconf 90' lang='lat' dir='ltr'><strong>ut</strong></span> <span class='ocrx_word' id='word_1_402' title='bbox 761 2313 886 2347; x_wconf 89' lang='lat' dir='ltr'><strong>pecunias</strong></span> <span class='ocrx_word' id='word_1_403' title='bbox 902 2322 996 2341; x_wconf 84' lang='lat' dir='ltr'><strong>nume-</strong></span> 
     </span>
    </p>
   </div>
   <div class='ocr_carea' id='block_1_49' title="bbox 205 2357 996 2394">
    <p class='ocr_par' dir='ltr' id='par_1_49' title="bbox 205 2357 996 2394">
     <span class='ocr_line' id='line_1_49' title="bbox 205 2357 996 2394; baseline 0.004 -11"><span class='ocrx_word' id='word_1_404' title='bbox 205 2365 258 2390; x_wconf 85' lang='lat' dir='ltr'><strong>res,</strong></span> <span class='ocrx_word' id='word_1_405' title='bbox 271 2362 315 2383; x_wconf 92' lang='lat' dir='ltr'><strong>aut</strong></span> <span class='ocrx_word' id='word_1_406' title='bbox 325 2357 403 2385; x_wconf 64' lang='lat' dir='ltr'><strong>suavis</strong></span> <span class='ocrx_word' id='word_1_407' title='bbox 418 2357 542 2386; x_wconf 83' lang='lat' dir='ltr'><strong>ﬂuctibus</strong></span> <span class='ocrx_word' id='word_1_408' title='bbox 557 2363 583 2385; x_wconf 85' lang='lat' dir='ltr'><strong>te</strong></span> <span class='ocrx_word' id='word_1_409' title='bbox 595 2358 762 2390; x_wconf 85' lang='lat' dir='ltr'><strong>committas;</strong></span> <span class='ocrx_word' id='word_1_410' title='bbox 776 2358 823 2386; x_wconf 88' lang='lat' dir='ltr'><strong>sed</strong></span> <span class='ocrx_word' id='word_1_411' title='bbox 836 2359 918 2394; x_wconf 77' lang='lat' dir='ltr'><strong>quid?</strong></span> <span class='ocrx_word' id='word_1_412' title='bbox 932 2359 996 2386; x_wconf 76' lang='lat' dir='ltr'><strong>Pro-</strong></span> 
     </span>
    </p>
   </div>
   <div class='ocr_carea' id='block_1_50' title="bbox 205 2402 994 2437">
    <p class='ocr_par' dir='ltr' id='par_1_50' title="bbox 205 2402 994 2437">
     <span class='ocr_line' id='line_1_50' title="bbox 205 2402 994 2437; baseline 0.005 -10"><span class='ocrx_word' id='word_1_413' title='bbox 205 2406 264 2436; x_wconf 89' lang='lat' dir='ltr'><strong>pter</strong></span> <span class='ocrx_word' id='word_1_414' title='bbox 278 2402 422 2430; x_wconf 84' lang='lat' dir='ltr'><strong>admissum</strong></span> <span class='ocrx_word' id='word_1_415' title='bbox 433 2408 570 2437; x_wconf 80' lang='lat' dir='ltr'><strong>peceatum</strong></span> <span class='ocrx_word' id='word_1_416' title='bbox 585 2403 668 2437; x_wconf 88' lang='lat' dir='ltr'><strong>plora.</strong></span> <span class='ocrx_word' id='word_1_417' title='bbox 690 2403 767 2431; x_wconf 87' lang='lat' dir='ltr'><strong>Unde</strong></span> <span class='ocrx_word' id='word_1_418' title='bbox 792 2411 856 2431; x_wconf 90' lang='lat' dir='ltr'><strong>vero</strong></span> <span class='ocrx_word' id='word_1_419' title='bbox 882 2403 934 2431; x_wconf 87' lang='lat' dir='ltr'><strong>hoc</strong></span> <span class='ocrx_word' id='word_1_420' title='bbox 955 2405 994 2437; x_wconf 88' lang='lat' dir='ltr'><strong>lit,</strong></span> 
     </span>
    </p>
   </div>
   <div class='ocr_carea' id='block_1_51' title="bbox 205 2446 997 2484">
    <p class='ocr_par' dir='ltr' id='par_1_51' title="bbox 205 2446 997 2484">
     <span class='ocr_line' id='line_1_51' title="bbox 205 2446 997 2484; baseline 0.006 -12"><span class='ocrx_word' id='word_1_421' title='bbox 205 2446 300 2481; x_wconf 90' lang='lat' dir='ltr'><strong>inquit,</strong></span> <span class='ocrx_word' id='word_1_422' title='bbox 311 2452 340 2474; x_wconf 88' lang='lat' dir='ltr'><strong>ut</strong></span> <span class='ocrx_word' id='word_1_423' title='bbox 352 2447 375 2474; x_wconf 93' lang='lat' dir='ltr'><strong>si</strong></span> <span class='ocrx_word' id='word_1_424' title='bbox 388 2448 500 2482; x_wconf 85' lang='lat' dir='ltr'><strong>plorem,</strong></span> <span class='ocrx_word' id='word_1_425' title='bbox 515 2453 652 2483; x_wconf 88' lang='lat' dir='ltr'><strong>peccatum</strong></span> <span class='ocrx_word' id='word_1_426' title='bbox 667 2448 786 2476; x_wconf 88' lang='lat' dir='ltr'><strong>solvam?</strong></span> <span class='ocrx_word' id='word_1_427' title='bbox 799 2449 882 2484; x_wconf 87' lang='lat' dir='ltr'><strong>Hujus</strong></span> <span class='ocrx_word' id='word_1_428' title='bbox 899 2450 936 2476; x_wconf 90' lang='lat' dir='ltr'><strong>rei</strong></span> <span class='ocrx_word' id='word_1_429' title='bbox 950 2450 997 2477; x_wconf 90' lang='lat' dir='ltr'><strong>de-</strong></span> 
     </span>
    </p>
   </div>
   <div class='ocr_carea' id='block_1_52' title="bbox 205 2488 1006 2530">
    <p class='ocr_par' dir='ltr' id='par_1_52' title="bbox 205 2488 1006 2530">
     <span class='ocr_line' id='line_1_52' title="bbox 205 2488 1006 2530; baseline 0.006 -12"><span class='ocrx_word' id='word_1_430' title='bbox 205 2493 425 2520; x_wconf 89' lang='lat' dir='ltr'><strong>monstrationem</strong></span> <span class='ocrx_word' id='word_1_431' title='bbox 447 2493 528 2521; x_wconf 84' lang='lat' dir='ltr'><strong>habes</strong></span> <span class='ocrx_word' id='word_1_432' title='bbox 542 2495 620 2521; x_wconf 90' lang='lat' dir='ltr'><strong>etiam</strong></span> <span class='ocrx_word' id='word_1_433' title='bbox 645 2502 677 2522; x_wconf 89' lang='lat' dir='ltr'><strong>ex</strong></span> <span class='ocrx_word' id='word_1_434' title='bbox 706 2494 852 2530; x_wconf 86' lang='lat' dir='ltr'><strong>Scriptura.</strong></span> <span class='ocrx_word' id='word_1_435' title='bbox 868 2495 928 2523; x_wconf 86' lang='lat' dir='ltr'><strong>Fuit</strong></span> <span class='ocrx_word' id='word_1_436' title='bbox 948 2488 1006 2524; x_wconf 39' lang='lat' dir='ltr'><strong>rex.</strong></span> 
     </span>
    </p>
   </div>
   <div class='ocr_carea' id='block_1_53' title="bbox 204 2537 996 2575">
    <p class='ocr_par' dir='ltr' id='par_1_53' title="bbox 204 2537 996 2575">
     <span class='ocr_line' id='line_1_53' title="bbox 204 2537 996 2575; baseline 0.006 -11"><span class='ocrx_word' id='word_1_437' title='bbox 204 2537 313 2572; x_wconf 83' lang='lat' dir='ltr'><strong>quidam</strong></span> <span class='ocrx_word' id='word_1_438' title='bbox 329 2538 357 2573; x_wconf 73' lang='lat'><strong>(3</strong></span> <span class='ocrx_word' id='word_1_439' title='bbox 370 2538 434 2573; x_wconf 81' lang='lat' dir='ltr'><strong>Reg.</strong></span> <span class='ocrx_word' id='word_1_440' title='bbox 450 2538 496 2573; x_wconf 74' lang='lat' dir='ltr'><strong>2i)</strong></span> <span class='ocrx_word' id='word_1_441' title='bbox 522 2539 647 2566; x_wconf 83' lang='lat' dir='ltr'><strong>Achaab:</strong></span> <span class='ocrx_word' id='word_1_442' title='bbox 672 2539 715 2567; x_wconf 91' lang='lat' dir='ltr'><strong>hic</strong></span> <span class='ocrx_word' id='word_1_443' title='bbox 731 2548 795 2568; x_wconf 89' lang='lat' dir='ltr'><strong>vero</strong></span> <span class='ocrx_word' id='word_1_444' title='bbox 814 2540 901 2575; x_wconf 91' lang='lat' dir='ltr'><strong>justus</strong></span> <span class='ocrx_word' id='word_1_445' title='bbox 914 2541 996 2569; x_wconf 81' lang='lat' dir='ltr'><strong>fuisse</strong></span> 
     </span>
    </p>
   </div>
   <div class='ocr_carea' id='block_1_54' title="bbox 206 2584 994 2620">
    <p class='ocr_par' dir='ltr' id='par_1_54' title="bbox 206 2584 994 2620">
     <span class='ocr_line' id='line_1_54' title="bbox 206 2584 994 2620; baseline 0.004 -9"><span class='ocrx_word' id='word_1_446' title='bbox 206 2584 370 2619; x_wconf 86' lang='lat' dir='ltr'><strong>perhibetur.</strong></span> <span class='ocrx_word' id='word_1_447' title='bbox 392 2584 524 2612; x_wconf 70' lang='lat' dir='ltr'><strong>Cmterum</strong></span> <span class='ocrx_word' id='word_1_448' title='bbox 539 2590 646 2620; x_wconf 86' lang='lat' dir='ltr'><strong>propter</strong></span> <span class='ocrx_word' id='word_1_449' title='bbox 659 2585 765 2613; x_wconf 77' lang='lat' dir='ltr'><strong>Jezahel</strong></span> <span class='ocrx_word' id='word_1_450' title='bbox 791 2594 901 2614; x_wconf 83' lang='lat' dir='ltr'><strong>uxorem</strong></span> <span class='ocrx_word' id='word_1_451' title='bbox 919 2594 994 2614; x_wconf 90' lang='lat' dir='ltr'><strong>suam</strong></span> 
     </span>
    </p>
   </div>
   <div class='ocr_carea' id='block_1_55' title="bbox 204 2629 995 2666">
    <p class='ocr_par' dir='ltr' id='par_1_55' title="bbox 204 2629 995 2666">
     <span class='ocr_line' id='line_1_55' title="bbox 204 2629 995 2666; baseline 0.004 -10"><span class='ocrx_word' id='word_1_452' title='bbox 204 2629 301 2664; x_wconf 74' lang='lat' dir='ltr'><strong>injuste</strong></span> <span class='ocrx_word' id='word_1_453' title='bbox 323 2630 458 2665; x_wconf 80' lang='lat' dir='ltr'><strong>regnabat.</strong></span> <span class='ocrx_word' id='word_1_454' title='bbox 475 2629 523 2658; x_wconf 83' lang='lat' dir='ltr'><strong>Hie</strong></span> <span class='ocrx_word' id='word_1_455' title='bbox 545 2630 666 2659; x_wconf 90' lang='lat' dir='ltr'><strong>Nabuthe</strong></span> <span class='ocrx_word' id='word_1_456' title='bbox 685 2631 823 2666; x_wconf 87' lang='lat' dir='ltr'><strong>cujusdam</strong></span> <span class='ocrx_word' id='word_1_457' title='bbox 847 2631 995 2660; x_wconf 68' lang='lat' dir='ltr'><strong>Jesraelitaz</strong></span> 
     </span>
    </p>
   </div>
   <div class='ocr_carea' id='block_1_56' title="bbox 205 2676 993 2711">
    <p class='ocr_par' dir='ltr' id='par_1_56' title="bbox 205 2676 993 2711">
     <span class='ocr_line' id='line_1_56' title="bbox 205 2676 993 2711; baseline 0.005 -10"><span class='ocrx_word' id='word_1_458' title='bbox 205 2676 310 2702; x_wconf 89' lang='lat' dir='ltr'><strong>vineam</strong></span> <span class='ocrx_word' id='word_1_459' title='bbox 324 2676 484 2711; x_wconf 86' lang='lat' dir='ltr'><strong>concupivit,</strong></span> <span class='ocrx_word' id='word_1_460' title='bbox 499 2681 526 2704; x_wconf 91' lang='lat' dir='ltr'><strong>et</strong></span> <span class='ocrx_word' id='word_1_461' title='bbox 537 2677 609 2703; x_wconf 78' lang='lat' dir='ltr'><strong>misit</strong></span> <span class='ocrx_word' id='word_1_462' title='bbox 623 2677 655 2704; x_wconf 87' lang='lat' dir='ltr'><strong>ad</strong></span> <span class='ocrx_word' id='word_1_463' title='bbox 672 2685 732 2704; x_wconf 80' lang='lat' dir='ltr'><strong>eum</strong></span> <span class='ocrx_word' id='word_1_464' title='bbox 746 2677 838 2705; x_wconf 85' lang='lat' dir='ltr'><strong>dicens</strong></span> <span class='ocrx_word' id='word_1_465' title='bbox 853 2687 859 2704; x_wconf 91' lang='lat'>:</span> <span class='ocrx_word' id='word_1_466' title='bbox 875 2678 912 2705; x_wconf 89' lang='lat' dir='ltr'><strong>Da</strong></span> <span class='ocrx_word' id='word_1_467' title='bbox 926 2677 993 2705; x_wconf 91' lang='lat' dir='ltr'><strong>mihi</strong></span> 
     </span>
    </p>
   </div>
   <div class='ocr_carea' id='block_1_57' title="bbox 202 2721 995 2758">
    <p class='ocr_par' dir='ltr' id='par_1_57' title="bbox 202 2721 995 2758">
     <span class='ocr_line' id='line_1_57' title="bbox 202 2721 995 2758; baseline 0.005 -12"><span class='ocrx_word' id='word_1_468' title='bbox 202 2721 308 2748; x_wconf 67' lang='lat' dir='ltr'><strong>vineam</strong></span> <span class='ocrx_word' id='word_1_469' title='bbox 324 2725 405 2752; x_wconf 87' lang='lat' dir='ltr'><strong>tuam,</strong></span> <span class='ocrx_word' id='word_1_470' title='bbox 415 2729 492 2756; x_wconf 88' lang='lat' dir='ltr'><strong>quam</strong></span> <span class='ocrx_word' id='word_1_471' title='bbox 508 2722 656 2756; x_wconf 84' lang='lat' dir='ltr'><strong>concupivi,</strong></span> <span class='ocrx_word' id='word_1_472' title='bbox 672 2727 698 2750; x_wconf 89' lang='lat' dir='ltr'><strong>et</strong></span> <span class='ocrx_word' id='word_1_473' title='bbox 713 2723 755 2750; x_wconf 85' lang='lat' dir='ltr'><strong>vel</strong></span> <span class='ocrx_word' id='word_1_474' title='bbox 771 2723 909 2758; x_wconf 84' lang='lat' dir='ltr'><strong>pecuniam</strong></span> <span class='ocrx_word' id='word_1_475' title='bbox 923 2731 937 2749; x_wconf 86' lang='lat' dir='ltr'><strong>a</strong></span> <span class='ocrx_word' id='word_1_476' title='bbox 952 2731 995 2751; x_wconf 92' lang='lat' dir='ltr'><strong>me</strong></span> 
     </span>
    </p>
   </div>
   <div class='ocr_carea' id='block_1_58' title="bbox 203 2767 993 2801">
    <p class='ocr_par' dir='ltr' id='par_1_58' title="bbox 203 2767 993 2801">
     <span class='ocr_line' id='line_1_58' title="bbox 203 2767 993 2801; baseline 0.004 -8"><span class='ocrx_word' id='word_1_477' title='bbox 203 2768 304 2801; x_wconf 74' lang='lat' dir='ltr'><strong>accipe,</strong></span> <span class='ocrx_word' id='word_1_478' title='bbox 318 2767 359 2794; x_wconf 88' lang='lat' dir='ltr'><strong>vel</strong></span> <span class='ocrx_word' id='word_1_479' title='bbox 380 2775 440 2794; x_wconf 91' lang='lat' dir='ltr'><strong>cum</strong></span> <span class='ocrx_word' id='word_1_480' title='bbox 463 2768 545 2794; x_wconf 83' lang='lat' dir='ltr'><strong>altero</strong></span> <span class='ocrx_word' id='word_1_481' title='bbox 558 2774 691 2794; x_wconf 79' lang='lat' dir='ltr'><strong>commuta</strong></span> <span class='ocrx_word' id='word_1_482' title='bbox 707 2768 776 2795; x_wconf 87' lang='lat' dir='ltr'><strong>loco.</strong></span> <span class='ocrx_word' id='word_1_483' title='bbox 799 2770 835 2795; x_wconf 81' lang='lat' dir='ltr'><strong>At</strong></span> <span class='ocrx_word' id='word_1_484' title='bbox 848 2769 893 2796; x_wconf 91' lang='lat' dir='ltr'><strong>ille</strong></span> <span class='ocrx_word' id='word_1_485' title='bbox 906 2768 972 2796; x_wconf 84' lang='lat' dir='ltr'><strong>dixit</strong></span> <span class='ocrx_word' id='word_1_486' title='bbox 986 2777 993 2796; x_wconf 89' lang='lat'><strong>:</strong></span> 
     </span>
    </p>
   </div>
   <div class='ocr_carea' id='block_1_59' title="bbox 203 2813 991 2848">
    <p class='ocr_par' dir='ltr' id='par_1_59' title="bbox 203 2813 991 2848">
     <span class='ocr_line' id='line_1_59' title="bbox 203 2813 991 2848; baseline 0.004 -8"><span class='ocrx_word' id='word_1_487' title='bbox 203 2815 289 2844; x_wconf 79' lang='lat' dir='ltr'><strong>Absit,</strong></span> <span class='ocrx_word' id='word_1_488' title='bbox 305 2817 332 2839; x_wconf 92' lang='lat' dir='ltr'><strong>ut</strong></span> <span class='ocrx_word' id='word_1_489' title='bbox 343 2813 516 2840; x_wconf 87' lang='lat' dir='ltr'><strong>hereditatem</strong></span> <span class='ocrx_word' id='word_1_490' title='bbox 531 2818 636 2848; x_wconf 82' lang='lat' dir='ltr'><strong>patrum</strong></span> <span class='ocrx_word' id='word_1_491' title='bbox 659 2822 779 2842; x_wconf 87' lang='lat' dir='ltr'><strong>meorunt</strong></span> <span class='ocrx_word' id='word_1_492' title='bbox 795 2815 907 2843; x_wconf 79' lang='lat' dir='ltr'><strong>vendam</strong></span> <span class='ocrx_word' id='word_1_493' title='bbox 923 2815 968 2843; x_wconf 84' lang='lat' dir='ltr'><strong>tibi</strong></span> <span class='ocrx_word' id='word_1_494' title='bbox 984 2815 991 2842; x_wconf 82' lang='lat' dir='ltr'><strong>l</strong></span> 
     </span>
    </p>
   </div>
   <div class='ocr_carea' id='block_1_60' title="bbox 235 2888 571 2920">
    <p class='ocr_par' dir='ltr' id='par_1_60' title="bbox 235 2888 571 2920">
     <span class='ocr_line' id='line_1_60' title="bbox 235 2888 571 2920; baseline 0.006 -7"><span class='ocrx_word' id='word_1_495' title='bbox 235 2888 244 2906; x_wconf 85' lang='grc'><strong><em>⁸</em></strong></span> <span class='ocrx_word' id='word_1_496' title='bbox 261 2892 325 2920; x_wconf 65' lang='lat' dir='ltr'><strong>Mss,</strong></span> <span class='ocrx_word' id='word_1_497' title='bbox 335 2888 458 2916; x_wconf 79' lang='lat' dir='ltr'><strong>homicidii</strong></span> <span class='ocrx_word' id='word_1_498' title='bbox 469 2895 571 2915; x_wconf 81' lang='lat' dir='ltr'><strong>sensum.</strong></span> 
     </span>
    </p>
   </div>
   <div class='ocr_carea' id='block_1_61' title="bbox 562 147 1471 178">
    <p class='ocr_par' dir='ltr' id='par_1_61' title="bbox 562 147 1471 178">
     <span class='ocr_line' id='line_1_61' title="bbox 562 147 1471 178; baseline -0.004 0"><span class='ocrx_word' id='word_1_499' title='bbox 562 150 590 178; x_wconf 90' lang='lat' dir='ltr'><strong>S.</strong></span> <span class='ocrx_word' id='word_1_500' title='bbox 611 147 751 178; x_wconf 79' lang='lat' dir='ltr'><strong>JO.\NNiS</strong></span> <span class='ocrx_word' id='word_1_501' title='bbox 769 148 1007 177; x_wconf 75' lang='lat' dir='ltr'><strong>CHRYSOSTOMI</strong></span> <span class='ocrx_word' id='word_1_502' title='bbox 1026 147 1184 176; x_wconf 81' lang='lat' dir='ltr'><strong>ARCIIIEP.</strong></span> <span class='ocrx_word' id='word_1_503' title='bbox 1205 147 1471 177; x_wconf 73' lang='lat' dir='ltr'><strong>CONSTANTINOP.</strong></span> 
     </span>
    </p>
   </div>
   <div class='ocr_carea' id='block_1_62' title="bbox 1793 149 1849 177">
    <p class='ocr_par' dir='ltr' id='par_1_62' title="bbox 1793 149 1849 177">
     <span class='ocr_line' id='line_1_62' title="bbox 1793 149 1849 177; baseline -0.018 0"><span class='ocrx_word' id='word_1_504' title='bbox 1793 149 1849 177; x_wconf 70' lang='grc'><strong>288</strong></span> 
     </span>
    </p>
   </div>
   <div class='ocr_carea' id='block_1_63' title="bbox 1053 205 1850 241">
    <p class='ocr_par' dir='ltr' id='par_1_63' title="bbox 1053 205 1850 241">
     <span class='ocr_line' id='line_1_63' title="bbox 1053 205 1850 241; baseline 0.001 -9"><span class='ocrx_word' id='word_1_505' title='bbox 1053 205 1162 233; x_wconf 77' lang='lat' dir='ltr'><strong>Achaab</strong></span> <span class='ocrx_word' id='word_1_506' title='bbox 1177 211 1264 233; x_wconf 90' lang='lat' dir='ltr'><strong>autem</strong></span> <span class='ocrx_word' id='word_1_507' title='bbox 1280 206 1403 241; x_wconf 86' lang='lat' dir='ltr'><strong>cupiebat</strong></span> <span class='ocrx_word' id='word_1_508' title='bbox 1415 205 1522 241; x_wconf 57' lang='lat' dir='ltr'><strong>quidem</strong></span> <span class='ocrx_word' id='word_1_509' title='bbox 1545 206 1660 240; x_wconf 84' lang='lat' dir='ltr'><strong>vineam,</strong></span> <span class='ocrx_word' id='word_1_510' title='bbox 1682 206 1730 234; x_wconf 79' lang='lat' dir='ltr'><strong>sed</strong></span> <span class='ocrx_word' id='word_1_511' title='bbox 1747 206 1785 234; x_wconf 91' lang='lat' dir='ltr'><strong>illi</strong></span> <span class='ocrx_word' id='word_1_512' title='bbox 1796 208 1850 233; x_wconf 88' lang='lat' dir='ltr'><strong>vim</strong></span> 
     </span>
    </p>
   </div>
   <div class='ocr_carea' id='block_1_64' title="bbox 1053 251 1849 285">
    <p class='ocr_par' dir='ltr' id='par_1_64' title="bbox 1053 251 1849 285">
     <span class='ocr_line' id='line_1_64' title="bbox 1053 251 1849 285; baseline 0 -6"><span class='ocrx_word' id='word_1_513' title='bbox 1053 251 1142 279; x_wconf 84' lang='lat' dir='ltr'><strong>facere</strong></span> <span class='ocrx_word' id='word_1_514' title='bbox 1162 252 1278 285; x_wconf 88' lang='lat' dir='ltr'><strong>nolebat,</strong></span> <span class='ocrx_word' id='word_1_515' title='bbox 1292 251 1330 280; x_wconf 88' lang='lat' dir='ltr'><strong>sic</strong></span> <span class='ocrx_word' id='word_1_516' title='bbox 1348 257 1377 279; x_wconf 95' lang='lat' dir='ltr'><strong>ut</strong></span> <span class='ocrx_word' id='word_1_517' title='bbox 1396 252 1423 280; x_wconf 90' lang='lat' dir='ltr'><strong>in</strong></span> <span class='ocrx_word' id='word_1_518' title='bbox 1436 252 1558 280; x_wconf 90' lang='lat' dir='ltr'><strong>morbum</strong></span> <span class='ocrx_word' id='word_1_519' title='bbox 1584 253 1684 280; x_wconf 87' lang='lat' dir='ltr'><strong>idcirco</strong></span> <span class='ocrx_word' id='word_1_520' title='bbox 1706 252 1849 280; x_wconf 81' lang='lat' dir='ltr'><strong>incideret.</strong></span> 
     </span>
    </p>
   </div>
   <div class='ocr_carea' id='block_1_65' title="bbox 1053 299 1850 334">
    <p class='ocr_par' dir='ltr' id='par_1_65' title="bbox 1053 299 1850 334">
     <span class='ocr_line' id='line_1_65' title="bbox 1053 299 1850 334; baseline -0.003 -7"><span class='ocrx_word' id='word_1_521' title='bbox 1053 299 1175 334; x_wconf 88' lang='lat' dir='ltr'><strong>lngressa</strong></span> <span class='ocrx_word' id='word_1_522' title='bbox 1191 304 1281 328; x_wconf 89' lang='lat' dir='ltr'><strong>autem</strong></span> <span class='ocrx_word' id='word_1_523' title='bbox 1303 299 1335 327; x_wconf 85' lang='lat' dir='ltr'><strong>ad</strong></span> <span class='ocrx_word' id='word_1_524' title='bbox 1359 299 1433 326; x_wconf 93' lang='lat' dir='ltr'><strong>illum</strong></span> <span class='ocrx_word' id='word_1_525' title='bbox 1451 299 1575 332; x_wconf 72' lang='lat' dir='ltr'><strong>Iezabel,</strong></span> <span class='ocrx_word' id='word_1_526' title='bbox 1591 299 1747 326; x_wconf 86' lang='lat' dir='ltr'><strong>muliercula</strong></span> <span class='ocrx_word' id='word_1_527' title='bbox 1761 299 1850 333; x_wconf 88' lang='lat' dir='ltr'><strong>impu-</strong></span> 
     </span>
    </p>
   </div>
   <div class='ocr_carea' id='block_1_66' title="bbox 1053 344 1851 381">
    <p class='ocr_par' dir='ltr' id='par_1_66' title="bbox 1053 344 1851 381">
     <span class='ocr_line' id='line_1_66' title="bbox 1053 344 1851 381; baseline -0.003 -7"><span class='ocrx_word' id='word_1_528' title='bbox 1053 346 1130 378; x_wconf 89' lang='lat' dir='ltr'><strong>dens,</strong></span> <span class='ocrx_word' id='word_1_529' title='bbox 1145 346 1296 381; x_wconf 86' lang='lat' dir='ltr'><strong>desperata,</strong></span> <span class='ocrx_word' id='word_1_530' title='bbox 1313 346 1458 378; x_wconf 89' lang='lat' dir='ltr'><strong>immunda,</strong></span> <span class='ocrx_word' id='word_1_531' title='bbox 1475 345 1640 378; x_wconf 85' lang='lat' dir='ltr'><strong>detestanda,</strong></span> <span class='ocrx_word' id='word_1_532' title='bbox 1655 345 1741 381; x_wconf 90' lang='lat' dir='ltr'><strong>inquit</strong></span> <span class='ocrx_word' id='word_1_533' title='bbox 1755 355 1761 372; x_wconf 92' lang='lat'>:</span> <span class='ocrx_word' id='word_1_534' title='bbox 1778 344 1851 379; x_wconf 87' lang='lat' dir='ltr'><strong>Quid</strong></span> 
     </span>
    </p>
   </div>
   <div class='ocr_carea' id='block_1_67' title="bbox 1052 391 1849 426">
    <p class='ocr_par' dir='ltr' id='par_1_67' title="bbox 1052 391 1849 426">
     <span class='ocr_line' id='line_1_67' title="bbox 1052 391 1849 426; baseline -0.004 -6"><span class='ocrx_word' id='word_1_535' title='bbox 1052 393 1236 426; x_wconf 89' lang='lat' dir='ltr'><strong>contristaris,</strong></span> <span class='ocrx_word' id='word_1_536' title='bbox 1262 397 1356 420; x_wconf 91' lang='lat' dir='ltr'><strong>etnon</strong></span> <span class='ocrx_word' id='word_1_537' title='bbox 1376 392 1515 419; x_wconf 84' lang='lat' dir='ltr'><strong>comedis?</strong></span> <span class='ocrx_word' id='word_1_538' title='bbox 1539 399 1619 426; x_wconf 80' lang='lat' dir='ltr'><strong>surge</strong></span> <span class='ocrx_word' id='word_1_539' title='bbox 1642 397 1669 419; x_wconf 92' lang='lat' dir='ltr'><strong>et</strong></span> <span class='ocrx_word' id='word_1_540' title='bbox 1694 391 1849 418; x_wconf 86' lang='lat' dir='ltr'><strong>manduca:</strong></span> 
     </span>
    </p>
   </div>
   <div class='ocr_carea' id='block_1_68' title="bbox 1053 437 1849 474">
    <p class='ocr_par' dir='ltr' id='par_1_68' title="bbox 1053 437 1849 474">
     <span class='ocr_line' id='line_1_68' title="bbox 1053 437 1849 474; baseline -0.003 -9"><span class='ocrx_word' id='word_1_541' title='bbox 1053 446 1102 474; x_wconf 84' lang='lat' dir='ltr'><strong>ego</strong></span> <span class='ocrx_word' id='word_1_542' title='bbox 1116 438 1240 471; x_wconf 82' lang='lat' dir='ltr'><strong>efﬁciam,</strong></span> <span class='ocrx_word' id='word_1_543' title='bbox 1253 443 1282 465; x_wconf 90' lang='lat' dir='ltr'><strong>ut</strong></span> <span class='ocrx_word' id='word_1_544' title='bbox 1293 438 1429 473; x_wconf 89' lang='lat' dir='ltr'><strong>possideas</strong></span> <span class='ocrx_word' id='word_1_545' title='bbox 1441 437 1545 465; x_wconf 89' lang='lat' dir='ltr'><strong>vineam</strong></span> <span class='ocrx_word' id='word_1_546' title='bbox 1558 437 1680 465; x_wconf 89' lang='lat' dir='ltr'><strong>Nabuthe</strong></span> <span class='ocrx_word' id='word_1_547' title='bbox 1687 437 1849 465; x_wconf 72' lang='lat' dir='ltr'><strong>Jesraeiitze.</strong></span> 
     </span>
    </p>
   </div>
   <div class='ocr_carea' id='block_1_69' title="bbox 1054 482 1851 520">
    <p class='ocr_par' dir='ltr' id='par_1_69' title="bbox 1054 482 1851 520">
     <span class='ocr_line' id='line_1_69' title="bbox 1054 482 1851 520; baseline -0.003 -9"><span class='ocrx_word' id='word_1_548' title='bbox 1054 484 1086 511; x_wconf 86' lang='lat' dir='ltr'><strong>Et</strong></span> <span class='ocrx_word' id='word_1_549' title='bbox 1101 485 1233 520; x_wconf 88' lang='lat' dir='ltr'><strong>accipiens</strong></span> <span class='ocrx_word' id='word_1_550' title='bbox 1252 485 1360 520; x_wconf 88' lang='lat' dir='ltr'><strong>scripsit</strong></span> <span class='ocrx_word' id='word_1_551' title='bbox 1371 483 1513 518; x_wconf 88' lang='lat' dir='ltr'><strong>epistolam</strong></span> <span class='ocrx_word' id='word_1_552' title='bbox 1535 491 1568 511; x_wconf 88' lang='lat' dir='ltr'><strong>ex</strong></span> <span class='ocrx_word' id='word_1_553' title='bbox 1583 490 1698 518; x_wconf 84' lang='lat' dir='ltr'><strong>persona</strong></span> <span class='ocrx_word' id='word_1_554' title='bbox 1724 483 1794 518; x_wconf 87' lang='lat' dir='ltr'><strong>regis</strong></span> <span class='ocrx_word' id='word_1_555' title='bbox 1815 482 1851 510; x_wconf 86' lang='lat' dir='ltr'><strong>ad</strong></span> 
     </span>
    </p>
   </div>
   <div class='ocr_carea' id='block_1_70' title="bbox 1053 525 1851 560">
    <p class='ocr_par' dir='ltr' id='par_1_70' title="bbox 1053 525 1851 560">
     <span class='ocr_line' id='line_1_70' title="bbox 1053 525 1851 560; baseline -0.003 -7"><span class='ocrx_word' id='word_1_556' title='bbox 1053 527 1173 554; x_wconf 85' lang='lat' dir='ltr'><strong>seniores</strong></span> <span class='ocrx_word' id='word_1_557' title='bbox 1192 526 1284 553; x_wconf 91' lang='lat' dir='ltr'><strong>dicens</strong></span> <span class='ocrx_word' id='word_1_558' title='bbox 1299 535 1304 551; x_wconf 95' lang='lat'>:</span> <span class='ocrx_word' id='word_1_559' title='bbox 1323 526 1468 553; x_wconf 68' lang='lat' dir='ltr'><strong>P‘rmdicate</strong></span> <span class='ocrx_word' id='word_1_560' title='bbox 1481 525 1624 560; x_wconf 84' lang='lat' dir='ltr'><strong>jejunium,</strong></span> <span class='ocrx_word' id='word_1_561' title='bbox 1640 529 1668 552; x_wconf 91' lang='lat' dir='ltr'><strong>et</strong></span> <span class='ocrx_word' id='word_1_562' title='bbox 1687 525 1795 552; x_wconf 91' lang='lat' dir='ltr'><strong>statuite</strong></span> <span class='ocrx_word' id='word_1_563' title='bbox 1810 525 1851 551; x_wconf 89' lang='lat' dir='ltr'><strong>vi-</strong></span> 
     </span>
    </p>
   </div>
   <div class='ocr_carea' id='block_1_71' title="bbox 1053 569 1849 605">
    <p class='ocr_par' dir='ltr' id='par_1_71' title="bbox 1053 569 1849 605">
     <span class='ocr_line' id='line_1_71' title="bbox 1053 569 1849 605; baseline -0.004 -5"><span class='ocrx_word' id='word_1_564' title='bbox 1053 580 1098 600; x_wconf 86' lang='lat' dir='ltr'><strong>ros</strong></span> <span class='ocrx_word' id='word_1_565' title='bbox 1111 572 1252 600; x_wconf 88' lang='lat' dir='ltr'><strong>mendaces</strong></span> <span class='ocrx_word' id='word_1_566' title='bbox 1263 572 1389 599; x_wconf 85' lang='lat' dir='ltr'><strong>adversus</strong></span> <span class='ocrx_word' id='word_1_567' title='bbox 1397 571 1529 604; x_wconf 84' lang='lat' dir='ltr'><strong>Nabuthe,</strong></span> <span class='ocrx_word' id='word_1_568' title='bbox 1543 571 1605 605; x_wconf 90' lang='lat' dir='ltr'><strong>quia</strong></span> <span class='ocrx_word' id='word_1_569' title='bbox 1616 569 1750 598; x_wconf 83' lang='lat' dir='ltr'><strong>benedixit</strong></span> <span class='ocrx_word' id='word_1_570' title='bbox 1762 570 1849 598; x_wconf 89' lang='lat' dir='ltr'><strong>Deum</strong></span> 
     </span>
    </p>
   </div>
   <div class='ocr_carea' id='block_1_72' title="bbox 1053 615 1851 653">
    <p class='ocr_par' dir='ltr' id='par_1_72' title="bbox 1053 615 1851 653">
     <span class='ocr_line' id='line_1_72' title="bbox 1053 615 1851 653; baseline -0.005 -7"><span class='ocrx_word' id='word_1_571' title='bbox 1053 623 1082 646; x_wconf 90' lang='lat' dir='ltr'><strong>et</strong></span> <span class='ocrx_word' id='word_1_572' title='bbox 1100 625 1200 653; x_wconf 84' lang='lat' dir='ltr'><strong>regem,</strong></span> <span class='ocrx_word' id='word_1_573' title='bbox 1216 618 1267 645; x_wconf 90' lang='lat' dir='ltr'><strong>hoc</strong></span> <span class='ocrx_word' id='word_1_574' title='bbox 1280 622 1321 645; x_wconf 89' lang='lat' dir='ltr'><strong>est</strong></span> <span class='ocrx_word' id='word_1_575' title='bbox 1335 617 1537 652; x_wconf 87' lang='lat' dir='ltr'><strong>blasphemavit.</strong></span> <span class='ocrx_word' id='word_1_576' title='bbox 1556 615 1577 643; x_wconf 95' lang='grc' dir='ltr'><strong>Ο</strong></span> <span class='ocrx_word' id='word_1_577' title='bbox 1589 615 1718 650; x_wconf 87' lang='lat' dir='ltr'><strong>jejunium</strong></span> <span class='ocrx_word' id='word_1_578' title='bbox 1743 623 1851 642; x_wconf 88' lang='lat' dir='ltr'><strong>summa</strong></span> 
     </span>
    </p>
   </div>
   <div class='ocr_carea' id='block_1_73' title="bbox 1053 661 1851 700">
    <p class='ocr_par' dir='ltr' id='par_1_73' title="bbox 1053 661 1851 700">
     <span class='ocr_line' id='line_1_73' title="bbox 1053 661 1851 700; baseline -0.005 -8"><span class='ocrx_word' id='word_1_579' title='bbox 1053 665 1192 700; x_wconf 87' lang='lat' dir='ltr'><strong>iniquitate</strong></span> <span class='ocrx_word' id='word_1_580' title='bbox 1215 663 1343 699; x_wconf 77' lang='lat' dir='ltr'><strong>plenum!</strong></span> <span class='ocrx_word' id='word_1_581' title='bbox 1358 663 1538 691; x_wconf 66' lang='lat' dir='ltr'><strong>Praedicarunt</strong></span> <span class='ocrx_word' id='word_1_582' title='bbox 1550 662 1689 697; x_wconf 86' lang='lat' dir='ltr'><strong>jejunium,</strong></span> <span class='ocrx_word' id='word_1_583' title='bbox 1706 666 1735 689; x_wconf 95' lang='lat' dir='ltr'><strong>ut</strong></span> <span class='ocrx_word' id='word_1_584' title='bbox 1746 661 1851 688; x_wconf 63' lang='lat' dir='ltr'><strong>caedem</strong></span> 
     </span>
    </p>
   </div>
   <div class='ocr_carea' id='block_1_74' title="bbox 1054 707 1849 746">
    <p class='ocr_par' dir='ltr' id='par_1_74' title="bbox 1054 707 1849 746">
     <span class='ocr_line' id='line_1_74' title="bbox 1054 707 1849 746; baseline -0.005 -9"><span class='ocrx_word' id='word_1_585' title='bbox 1054 713 1199 746; x_wconf 88' lang='lat' dir='ltr'><strong>patrarent.</strong></span> <span class='ocrx_word' id='word_1_586' title='bbox 1213 709 1281 742; x_wconf 92' lang='lat' dir='ltr'><strong>Quid</strong></span> <span class='ocrx_word' id='word_1_587' title='bbox 1292 716 1356 744; x_wconf 85' lang='lat' dir='ltr'><strong>ergo</strong></span> <span class='ocrx_word' id='word_1_588' title='bbox 1367 707 1482 736; x_wconf 84' lang='lat' dir='ltr'><strong>accidit?</strong></span> <span class='ocrx_word' id='word_1_589' title='bbox 1498 707 1642 742; x_wconf 89' lang='lat' dir='ltr'><strong>Lapidatus</strong></span> <span class='ocrx_word' id='word_1_590' title='bbox 1652 713 1693 734; x_wconf 87' lang='lat' dir='ltr'><strong>est</strong></span> <span class='ocrx_word' id='word_1_591' title='bbox 1707 707 1830 734; x_wconf 88' lang='lat' dir='ltr'><strong>Nabuthe</strong></span> <span class='ocrx_word' id='word_1_592' title='bbox 1841 727 1849 739; x_wconf 89' lang='lat'><strong>,</strong></span> 
     </span>
    </p>
   </div>
   <div class='ocr_carea' id='block_1_75' title="bbox 1053 752 1848 786">
    <p class='ocr_par' dir='ltr' id='par_1_75' title="bbox 1053 752 1848 786">
     <span class='ocr_line' id='line_1_75' title="bbox 1053 752 1848 786; baseline -0.006 -3"><span class='ocrx_word' id='word_1_593' title='bbox 1053 763 1085 783; x_wconf 92' lang='lat' dir='ltr'><strong>ac</strong></span> <span class='ocrx_word' id='word_1_594' title='bbox 1097 760 1217 783; x_wconf 89' lang='lat' dir='ltr'><strong>mortuus</strong></span> <span class='ocrx_word' id='word_1_595' title='bbox 1229 759 1279 782; x_wconf 88' lang='lat' dir='ltr'><strong>est.</strong></span> <span class='ocrx_word' id='word_1_596' title='bbox 1293 754 1349 782; x_wconf 82' lang='lat' dir='ltr'><strong>Hoc</strong></span> <span class='ocrx_word' id='word_1_597' title='bbox 1362 754 1407 782; x_wconf 90' lang='lat' dir='ltr'><strong>ubi</strong></span> <span class='ocrx_word' id='word_1_598' title='bbox 1419 753 1512 781; x_wconf 87' lang='lat' dir='ltr'><strong>didicit</strong></span> <span class='ocrx_word' id='word_1_599' title='bbox 1520 753 1636 786; x_wconf 82' lang='lat' dir='ltr'><strong>Jezabel,</strong></span> <span class='ocrx_word' id='word_1_600' title='bbox 1648 753 1714 780; x_wconf 81' lang='lat' dir='ltr'><strong>dixit</strong></span> <span class='ocrx_word' id='word_1_601' title='bbox 1722 752 1848 780; x_wconf 80' lang='lat' dir='ltr'><strong>Achaab:</strong></span> 
     </span>
    </p>
   </div>
   <div class='ocr_carea' id='block_1_76' title="bbox 1052 797 1850 836">
    <p class='ocr_par' dir='ltr' id='par_1_76' title="bbox 1052 797 1850 836">
     <span class='ocr_line' id='line_1_76' title="bbox 1052 797 1850 836; baseline -0.006 -7"><span class='ocrx_word' id='word_1_602' title='bbox 1052 801 1136 836; x_wconf 83' lang='lat' dir='ltr'><strong>Surge</strong></span> <span class='ocrx_word' id='word_1_603' title='bbox 1145 821 1153 834; x_wconf 93' lang='lat'><strong>,</strong></span> <span class='ocrx_word' id='word_1_604' title='bbox 1167 800 1352 836; x_wconf 86' lang='lat' dir='ltr'><strong>possideamns</strong></span> <span class='ocrx_word' id='word_1_605' title='bbox 1363 799 1487 833; x_wconf 87' lang='lat' dir='ltr'><strong>vineam;</strong></span> <span class='ocrx_word' id='word_1_606' title='bbox 1500 799 1560 834; x_wconf 88' lang='lat' dir='ltr'><strong>quia</strong></span> <span class='ocrx_word' id='word_1_607' title='bbox 1575 803 1694 825; x_wconf 87' lang='lat' dir='ltr'><strong>mortuus</strong></span> <span class='ocrx_word' id='word_1_608' title='bbox 1708 803 1749 825; x_wconf 89' lang='lat' dir='ltr'><strong>est</strong></span> <span class='ocrx_word' id='word_1_609' title='bbox 1759 797 1850 825; x_wconf 86' lang='lat' dir='ltr'><strong>Nabu-</strong></span> 
     </span>
    </p>
   </div>
   <div class='ocr_carea' id='block_1_77' title="bbox 1053 844 1851 881">
    <p class='ocr_par' dir='ltr' id='par_1_77' title="bbox 1053 844 1851 881">
     <span class='ocr_line' id='line_1_77' title="bbox 1053 844 1851 881; baseline -0.008 -6"><span class='ocrx_word' id='word_1_610' title='bbox 1053 848 1110 874; x_wconf 88' lang='lat' dir='ltr'><strong>the.</strong></span> <span class='ocrx_word' id='word_1_611' title='bbox 1121 847 1211 875; x_wconf 83' lang='lat' dir='ltr'><strong>Atille</strong></span> <span class='ocrx_word' id='word_1_612' title='bbox 1224 851 1281 874; x_wconf 90' lang='lat' dir='ltr'><strong>tum</strong></span> <span class='ocrx_word' id='word_1_613' title='bbox 1295 846 1422 881; x_wconf 84' lang='lat' dir='ltr'><strong>temporis</strong></span> <span class='ocrx_word' id='word_1_614' title='bbox 1445 845 1618 872; x_wconf 89' lang='lat' dir='ltr'><strong>contristatus</strong></span> <span class='ocrx_word' id='word_1_615' title='bbox 1631 864 1639 876; x_wconf 87' lang='lat'><strong>,</strong></span> <span class='ocrx_word' id='word_1_616' title='bbox 1651 844 1786 878; x_wconf 86' lang='lat' dir='ltr'><strong>ingressus</strong></span> <span class='ocrx_word' id='word_1_617' title='bbox 1808 847 1851 870; x_wconf 90' lang='lat' dir='ltr'><strong>est</strong></span> 
     </span>
    </p>
   </div>
   <div class='ocr_carea' id='block_1_78' title="bbox 1054 891 1850 928">
    <p class='ocr_par' dir='ltr' id='par_1_78' title="bbox 1054 891 1850 928">
     <span class='ocr_line' id='line_1_78' title="bbox 1054 891 1850 928; baseline -0.005 -8"><span class='ocrx_word' id='word_1_618' title='bbox 1054 898 1141 920; x_wconf 88' lang='lat' dir='ltr'><strong>tamen</strong></span> <span class='ocrx_word' id='word_1_619' title='bbox 1152 914 1159 926; x_wconf 90' lang='lat'><strong>,</strong></span> <span class='ocrx_word' id='word_1_620' title='bbox 1171 898 1198 921; x_wconf 93' lang='lat' dir='ltr'><strong>et</strong></span> <span class='ocrx_word' id='word_1_621' title='bbox 1209 894 1314 921; x_wconf 90' lang='lat' dir='ltr'><strong>vineam</strong></span> <span class='ocrx_word' id='word_1_622' title='bbox 1327 892 1455 928; x_wconf 87' lang='lat' dir='ltr'><strong>possedit.</strong></span> <span class='ocrx_word' id='word_1_623' title='bbox 1470 892 1549 918; x_wconf 80' lang='lat' dir='ltr'><strong>Mittit</strong></span> <span class='ocrx_word' id='word_1_624' title='bbox 1562 891 1595 918; x_wconf 89' lang='lat' dir='ltr'><strong>ad</strong></span> <span class='ocrx_word' id='word_1_625' title='bbox 1611 898 1671 918; x_wconf 91' lang='lat' dir='ltr'><strong>eum</strong></span> <span class='ocrx_word' id='word_1_626' title='bbox 1688 891 1771 917; x_wconf 89' lang='lat' dir='ltr'><strong>Eliam</strong></span> <span class='ocrx_word' id='word_1_627' title='bbox 1785 897 1850 925; x_wconf 90' lang='lat' dir='ltr'><strong>pro—</strong></span> 
     </span>
    </p>
   </div>
   <div class='ocr_carea' id='block_1_79' title="bbox 1053 937 1851 975">
    <p class='ocr_par' dir='ltr' id='par_1_79' title="bbox 1053 937 1851 975">
     <span class='ocr_line' id='line_1_79' title="bbox 1053 937 1851 975; baseline -0.005 -8"><span class='ocrx_word' id='word_1_628' title='bbox 1053 940 1161 975; x_wconf 88' lang='lat' dir='ltr'><strong>phetam</strong></span> <span class='ocrx_word' id='word_1_629' title='bbox 1181 940 1262 968; x_wconf 91' lang='lat' dir='ltr'><strong>Deus.</strong></span> <span class='ocrx_word' id='word_1_630' title='bbox 1278 939 1362 972; x_wconf 86' lang='lat' dir='ltr'><strong>Vade,</strong></span> <span class='ocrx_word' id='word_1_631' title='bbox 1387 939 1486 974; x_wconf 89' lang='lat' dir='ltr'><strong>inquit,</strong></span> <span class='ocrx_word' id='word_1_632' title='bbox 1506 938 1550 965; x_wconf 89' lang='lat' dir='ltr'><strong>dic</strong></span> <span class='ocrx_word' id='word_1_633' title='bbox 1564 937 1672 965; x_wconf 78' lang='lat' dir='ltr'><strong>Achaab</strong></span> <span class='ocrx_word' id='word_1_634' title='bbox 1688 946 1693 964; x_wconf 91' lang='lat'>:</span> <span class='ocrx_word' id='word_1_635' title='bbox 1716 937 1851 972; x_wconf 90' lang='lat' dir='ltr'><strong>Quoniam</strong></span> 
     </span>
    </p>
   </div>
   <div class='ocr_carea' id='block_1_80' title="bbox 1055 984 1850 1021">
    <p class='ocr_par' dir='ltr' id='par_1_80' title="bbox 1055 984 1850 1021">
     <span class='ocr_line' id='line_1_80' title="bbox 1055 984 1850 1021; baseline -0.005 -8"><span class='ocrx_word' id='word_1_636' title='bbox 1055 986 1194 1019; x_wconf 86' lang='lat' dir='ltr'><strong>occidisti,</strong></span> <span class='ocrx_word' id='word_1_637' title='bbox 1214 990 1242 1013; x_wconf 86' lang='lat' dir='ltr'><strong>et</strong></span> <span class='ocrx_word' id='word_1_638' title='bbox 1256 985 1416 1021; x_wconf 89' lang='lat' dir='ltr'><strong>possedisti,</strong></span> <span class='ocrx_word' id='word_1_639' title='bbox 1436 985 1474 1012; x_wconf 87' lang='lat' dir='ltr'><strong>sic</strong></span> <span class='ocrx_word' id='word_1_640' title='bbox 1487 984 1637 1012; x_wconf 84' lang='lat' dir='ltr'><strong>eii‘undetur</strong></span> <span class='ocrx_word' id='word_1_641' title='bbox 1647 984 1753 1018; x_wconf 83' lang='lat' dir='ltr'><strong>sanguis</strong></span> <span class='ocrx_word' id='word_1_642' title='bbox 1769 988 1832 1010; x_wconf 91' lang='lat' dir='ltr'><strong>tuus</strong></span> <span class='ocrx_word' id='word_1_643' title='bbox 1843 1004 1850 1015; x_wconf 84' lang='lat'><strong>,</strong></span> 
     </span>
    </p>
   </div>
   <div class='ocr_carea' id='block_1_81' title="bbox 1053 1029 1850 1067">
    <p class='ocr_par' dir='ltr' id='par_1_81' title="bbox 1053 1029 1850 1067">
     <span class='ocr_line' id='line_1_81' title="bbox 1053 1029 1850 1067; baseline -0.005 -8"><span class='ocrx_word' id='word_1_644' title='bbox 1053 1037 1081 1059; x_wconf 93' lang='lat' dir='ltr'><strong>et</strong></span> <span class='ocrx_word' id='word_1_645' title='bbox 1090 1040 1171 1060; x_wconf 88' lang='lat' dir='ltr'><strong>canes</strong></span> <span class='ocrx_word' id='word_1_646' title='bbox 1185 1032 1342 1067; x_wconf 89' lang='lat' dir='ltr'><strong>sanguinem</strong></span> <span class='ocrx_word' id='word_1_647' title='bbox 1357 1035 1432 1058; x_wconf 88' lang='lat' dir='ltr'><strong>tuum</strong></span> <span class='ocrx_word' id='word_1_648' title='bbox 1457 1030 1574 1065; x_wconf 80' lang='lat' dir='ltr'><strong>litigent,</strong></span> <span class='ocrx_word' id='word_1_649' title='bbox 1597 1034 1625 1057; x_wconf 91' lang='lat' dir='ltr'><strong>et</strong></span> <span class='ocrx_word' id='word_1_650' title='bbox 1638 1029 1793 1057; x_wconf 80' lang='lat' dir='ltr'><strong>meretrices</strong></span> <span class='ocrx_word' id='word_1_651' title='bbox 1809 1029 1850 1056; x_wconf 88' lang='lat' dir='ltr'><strong>la-</strong></span> 
     </span>
    </p>
   </div>
   <div class='ocr_carea' id='block_1_82' title="bbox 1053 1074 1852 1112">
    <p class='ocr_par' dir='ltr' id='par_1_82' title="bbox 1053 1074 1852 1112">
     <span class='ocr_line' id='line_1_82' title="bbox 1053 1074 1852 1112; baseline -0.003 -8"><span class='ocrx_word' id='word_1_652' title='bbox 1053 1078 1190 1106; x_wconf 89' lang='lat' dir='ltr'><strong>vabuntin</strong></span> <span class='ocrx_word' id='word_1_653' title='bbox 1214 1077 1343 1112; x_wconf 88' lang='lat' dir='ltr'><strong>sanguine</strong></span> <span class='ocrx_word' id='word_1_654' title='bbox 1363 1081 1408 1104; x_wconf 93' lang='lat' dir='ltr'><strong>tuo</strong></span> <span class='ocrx_word' id='word_1_655' title='bbox 1435 1076 1474 1111; x_wconf 76' lang='lat'><strong>(5.</strong></span> <span class='ocrx_word' id='word_1_656' title='bbox 1491 1075 1555 1111; x_wconf 85' lang='lat' dir='ltr'><strong>Reg.</strong></span> <span class='ocrx_word' id='word_1_657' title='bbox 1579 1074 1638 1111; x_wconf 74' lang='lat' dir='ltr'><strong>2i).</strong></span> <span class='ocrx_word' id='word_1_658' title='bbox 1661 1075 1702 1102; x_wconf 89' lang='lat' dir='ltr'><strong>ira</strong></span> <span class='ocrx_word' id='word_1_659' title='bbox 1720 1075 1852 1102; x_wconf 87' lang='lat' dir='ltr'><strong>divinitus</strong></span> 
     </span>
    </p>
   </div>
   <div class='ocr_carea' id='block_1_83' title="bbox 1052 1122 1849 1157">
    <p class='ocr_par' dir='ltr' id='par_1_83' title="bbox 1052 1122 1849 1157">
     <span class='ocr_line' id='line_1_83' title="bbox 1052 1122 1849 1157; baseline -0.004 -6"><span class='ocrx_word' id='word_1_660' title='bbox 1052 1125 1167 1156; x_wconf 84' lang='lat' dir='ltr'><strong>emissa,</strong></span> <span class='ocrx_word' id='word_1_661' title='bbox 1181 1123 1300 1151; x_wconf 89' lang='lat' dir='ltr'><strong>absoluta</strong></span> <span class='ocrx_word' id='word_1_662' title='bbox 1317 1123 1457 1155; x_wconf 85' lang='lat' dir='ltr'><strong>sententia,</strong></span> <span class='ocrx_word' id='word_1_663' title='bbox 1479 1122 1639 1157; x_wconf 90' lang='lat' dir='ltr'><strong>supplicium</strong></span> <span class='ocrx_word' id='word_1_664' title='bbox 1660 1127 1701 1149; x_wconf 91' lang='lat' dir='ltr'><strong>est</strong></span> <span class='ocrx_word' id='word_1_665' title='bbox 1715 1122 1849 1157; x_wconf 88' lang='lat' dir='ltr'><strong>adimple-</strong></span> 
     </span>
    </p>
   </div>
   <div class='ocr_carea' id='block_1_84' title="bbox 1053 1168 1851 1204">
    <p class='ocr_par' dir='ltr' id='par_1_84' title="bbox 1053 1168 1851 1204">
     <span class='ocr_line' id='line_1_84' title="bbox 1053 1168 1851 1204; baseline -0.003 -7"><span class='ocrx_word' id='word_1_666' title='bbox 1053 1174 1119 1197; x_wconf 91' lang='lat' dir='ltr'><strong>tum.</strong></span> <span class='ocrx_word' id='word_1_667' title='bbox 1134 1171 1172 1198; x_wconf 80' lang='lat' dir='ltr'><strong>Ac</strong></span> <span class='ocrx_word' id='word_1_668' title='bbox 1184 1169 1254 1203; x_wconf 85' lang='lat' dir='ltr'><strong>vide,</strong></span> <span class='ocrx_word' id='word_1_669' title='bbox 1272 1177 1323 1204; x_wconf 89' lang='lat' dir='ltr'><strong>quo</strong></span> <span class='ocrx_word' id='word_1_670' title='bbox 1336 1170 1409 1196; x_wconf 92' lang='lat' dir='ltr'><strong>illum</strong></span> <span class='ocrx_word' id='word_1_671' title='bbox 1423 1169 1512 1196; x_wconf 85' lang='lat' dir='ltr'><strong>mittat</strong></span> <span class='ocrx_word' id='word_1_672' title='bbox 1527 1177 1534 1196; x_wconf 93' lang='lat'>:</span> <span class='ocrx_word' id='word_1_673' title='bbox 1552 1169 1577 1196; x_wconf 93' lang='lat' dir='ltr'><strong>in</strong></span> <span class='ocrx_word' id='word_1_674' title='bbox 1593 1169 1710 1196; x_wconf 89' lang='lat' dir='ltr'><strong>vineam.</strong></span> <span class='ocrx_word' id='word_1_675' title='bbox 1728 1168 1780 1196; x_wconf 91' lang='lat' dir='ltr'><strong>Ubi</strong></span> <span class='ocrx_word' id='word_1_676' title='bbox 1796 1168 1851 1195; x_wconf 89' lang='lat' dir='ltr'><strong>ini-</strong></span> 
     </span>
    </p>
   </div>
   <div class='ocr_carea' id='block_1_85' title="bbox 1051 1213 1852 1251">
    <p class='ocr_par' dir='ltr' id='par_1_85' title="bbox 1051 1213 1852 1251">
     <span class='ocr_line' id='line_1_85' title="bbox 1051 1213 1852 1251; baseline -0.002 -8"><span class='ocrx_word' id='word_1_677' title='bbox 1051 1216 1153 1251; x_wconf 85' lang='lat' dir='ltr'><strong>quitas,</strong></span> <span class='ocrx_word' id='word_1_678' title='bbox 1175 1216 1211 1243; x_wconf 89' lang='lat' dir='ltr'><strong>ihi</strong></span> <span class='ocrx_word' id='word_1_679' title='bbox 1230 1223 1336 1251; x_wconf 89' lang='lat' dir='ltr'><strong>quoque</strong></span> <span class='ocrx_word' id='word_1_680' title='bbox 1351 1215 1521 1250; x_wconf 71' lang='lat' dir='ltr'><strong>supplicium,</strong></span> <span class='ocrx_word' id='word_1_681' title='bbox 1537 1214 1571 1242; x_wconf 89' lang='lat' dir='ltr'><strong>Et</strong></span> <span class='ocrx_word' id='word_1_682' title='bbox 1582 1214 1644 1250; x_wconf 92' lang='lat' dir='ltr'><strong>quid</strong></span> <span class='ocrx_word' id='word_1_683' title='bbox 1659 1214 1714 1241; x_wconf 86' lang='lat' dir='ltr'><strong>ait?</strong></span> <span class='ocrx_word' id='word_1_684' title='bbox 1727 1213 1795 1241; x_wconf 88' lang='lat' dir='ltr'><strong>Cum</strong></span> <span class='ocrx_word' id='word_1_685' title='bbox 1810 1215 1852 1241; x_wconf 92' lang='lat' dir='ltr'><strong>in-</strong></span> 
     </span>
    </p>
   </div>
   <div class='ocr_carea' id='block_1_86' title="bbox 1052 1259 1852 1296">
    <p class='ocr_par' dir='ltr' id='par_1_86' title="bbox 1052 1259 1852 1296">
     <span class='ocr_line' id='line_1_86' title="bbox 1052 1259 1852 1296; baseline -0.004 -8"><span class='ocrx_word' id='word_1_686' title='bbox 1052 1262 1135 1289; x_wconf 87' lang='lat' dir='ltr'><strong>tuitus</strong></span> <span class='ocrx_word' id='word_1_687' title='bbox 1148 1266 1189 1289; x_wconf 90' lang='lat' dir='ltr'><strong>est</strong></span> <span class='ocrx_word' id='word_1_688' title='bbox 1203 1262 1301 1296; x_wconf 87' lang='lat' dir='ltr'><strong>ipsum,</strong></span> <span class='ocrx_word' id='word_1_689' title='bbox 1317 1260 1425 1288; x_wconf 81' lang='lat' dir='ltr'><strong>Achaab</strong></span> <span class='ocrx_word' id='word_1_690' title='bbox 1439 1260 1507 1287; x_wconf 91' lang='lat' dir='ltr'><strong>dixit</strong></span> <span class='ocrx_word' id='word_1_691' title='bbox 1521 1269 1528 1287; x_wconf 84' lang='lat'><strong>:</strong></span> <span class='ocrx_word' id='word_1_692' title='bbox 1543 1259 1665 1287; x_wconf 70' lang='lat' dir='ltr'><strong>Invenisti</strong></span> <span class='ocrx_word' id='word_1_693' title='bbox 1679 1268 1718 1286; x_wconf 82' lang='lat' dir='ltr'><strong>me</strong></span> <span class='ocrx_word' id='word_1_694' title='bbox 1730 1260 1852 1286; x_wconf 81' lang='lat' dir='ltr'><strong>inimicus</strong></span> 
     </span>
    </p>
   </div>
   <div class='ocr_carea' id='block_1_87' title="bbox 1052 1305 1852 1343">
    <p class='ocr_par' dir='ltr' id='par_1_87' title="bbox 1052 1305 1852 1343">
     <span class='ocr_line' id='line_1_87' title="bbox 1052 1305 1852 1343; baseline -0.004 -9"><span class='ocrx_word' id='word_1_695' title='bbox 1052 1316 1138 1340; x_wconf 83' lang='lat' dir='ltr'><strong>meus;</strong></span> <span class='ocrx_word' id='word_1_696' title='bbox 1153 1307 1227 1343; x_wconf 88' lang='lat' dir='ltr'><strong>quasi</strong></span> <span class='ocrx_word' id='word_1_697' title='bbox 1241 1307 1343 1334; x_wconf 84' lang='lat' dir='ltr'><strong>diceret</strong></span> <span class='ocrx_word' id='word_1_698' title='bbox 1358 1316 1364 1332; x_wconf 89' lang='lat'><strong><em>:</em></strong></span> <span class='ocrx_word' id='word_1_699' title='bbox 1382 1306 1466 1334; x_wconf 76' lang='lat' dir='ltr'><strong>Reum</strong></span> <span class='ocrx_word' id='word_1_700' title='bbox 1487 1314 1530 1334; x_wconf 90' lang='lat' dir='ltr'><strong>me</strong></span> <span class='ocrx_word' id='word_1_701' title='bbox 1548 1305 1766 1341; x_wconf 83' lang='lat' dir='ltr'><strong>deprehendisti,</strong></span> <span class='ocrx_word' id='word_1_702' title='bbox 1787 1306 1852 1340; x_wconf 89' lang='lat' dir='ltr'><strong>quia</strong></span> 
     </span>
    </p>
   </div>
   <div class='ocr_carea' id='block_1_88' title="bbox 1053 1353 1848 1389">
    <p class='ocr_par' dir='ltr' id='par_1_88' title="bbox 1053 1353 1848 1389">
     <span class='ocr_line' id='line_1_88' title="bbox 1053 1353 1848 1389; baseline -0.004 -8"><span class='ocrx_word' id='word_1_703' title='bbox 1053 1354 1177 1389; x_wconf 85' lang='lat' dir='ltr'><strong>peccavi:</strong></span> <span class='ocrx_word' id='word_1_704' title='bbox 1203 1361 1273 1380; x_wconf 88' lang='lat' dir='ltr'><strong>nune</strong></span> <span class='ocrx_word' id='word_1_705' title='bbox 1288 1354 1334 1380; x_wconf 85' lang='lat' dir='ltr'><strong>tibi</strong></span> <span class='ocrx_word' id='word_1_706' title='bbox 1349 1353 1410 1381; x_wconf 86' lang='lat' dir='ltr'><strong>data</strong></span> <span class='ocrx_word' id='word_1_707' title='bbox 1424 1358 1465 1381; x_wconf 67' lang='lat' dir='ltr'><strong>est</strong></span> <span class='ocrx_word' id='word_1_708' title='bbox 1477 1353 1583 1380; x_wconf 82' lang='lat' dir='ltr'><strong>occasio</strong></span> <span class='ocrx_word' id='word_1_709' title='bbox 1603 1353 1668 1380; x_wconf 89' lang='lat' dir='ltr'><strong>mihi</strong></span> <span class='ocrx_word' id='word_1_710' title='bbox 1688 1353 1848 1379; x_wconf 85' lang='lat' dir='ltr'><strong>insnltamli.</strong></span> 
     </span>
    </p>
   </div>
   <div class='ocr_carea' id='block_1_89' title="bbox 1052 1399 1851 1434">
    <p class='ocr_par' dir='ltr' id='par_1_89' title="bbox 1052 1399 1851 1434">
     <span class='ocr_line' id='line_1_89' title="bbox 1052 1399 1851 1434; baseline -0.001 -7"><span class='ocrx_word' id='word_1_711' title='bbox 1052 1400 1175 1427; x_wconf 81' lang='lat' dir='ltr'><strong>Invenisti</strong></span> <span class='ocrx_word' id='word_1_712' title='bbox 1189 1408 1229 1427; x_wconf 88' lang='lat' dir='ltr'><strong>me</strong></span> <span class='ocrx_word' id='word_1_713' title='bbox 1236 1401 1351 1427; x_wconf 76' lang='lat' dir='ltr'><strong>inimicus</strong></span> <span class='ocrx_word' id='word_1_714' title='bbox 1365 1409 1445 1427; x_wconf 80' lang='lat' dir='ltr'><strong>nteus.</strong></span> <span class='ocrx_word' id='word_1_715' title='bbox 1463 1399 1531 1434; x_wconf 82' lang='lat' dir='ltr'><strong>Quia</strong></span> <span class='ocrx_word' id='word_1_716' title='bbox 1544 1406 1650 1434; x_wconf 87' lang='lat' dir='ltr'><strong>semper</strong></span> <span class='ocrx_word' id='word_1_717' title='bbox 1665 1399 1738 1426; x_wconf 81' lang='lat' dir='ltr'><strong>Elias</strong></span> <span class='ocrx_word' id='word_1_718' title='bbox 1753 1406 1851 1434; x_wconf 83' lang='lat' dir='ltr'><strong>repre-</strong></span> 
     </span>
    </p>
   </div>
   <div class='ocr_carea' id='block_1_90' title="bbox 1052 1444 1851 1479">
    <p class='ocr_par' dir='ltr' id='par_1_90' title="bbox 1052 1444 1851 1479">
     <span class='ocr_line' id='line_1_90' title="bbox 1052 1444 1851 1479; baseline 0 -7"><span class='ocrx_word' id='word_1_719' title='bbox 1052 1445 1185 1473; x_wconf 87' lang='lat' dir='ltr'><strong>hendebat</strong></span> <span class='ocrx_word' id='word_1_720' title='bbox 1200 1445 1324 1478; x_wconf 84' lang='lat' dir='ltr'><strong>Achaab,</strong></span> <span class='ocrx_word' id='word_1_721' title='bbox 1352 1446 1440 1473; x_wconf 89' lang='lat' dir='ltr'><strong>sciens</strong></span> <span class='ocrx_word' id='word_1_722' title='bbox 1463 1445 1572 1473; x_wconf 85' lang='lat' dir='ltr'><strong>Achaab</strong></span> <span class='ocrx_word' id='word_1_723' title='bbox 1587 1452 1616 1472; x_wconf 92' lang='lat' dir='ltr'><strong>se</strong></span> <span class='ocrx_word' id='word_1_724' title='bbox 1638 1452 1783 1479; x_wconf 88' lang='lat' dir='ltr'><strong>peccasse,</strong></span> <span class='ocrx_word' id='word_1_725' title='bbox 1809 1444 1851 1472; x_wconf 87' lang='lat' dir='ltr'><strong>Tu</strong></span> 
     </span>
    </p>
   </div>
   <div class='ocr_carea' id='block_1_91' title="bbox 1051 1491 1851 1527">
    <p class='ocr_par' dir='ltr' id='par_1_91' title="bbox 1051 1491 1851 1527">
     <span class='ocr_line' id='line_1_91' title="bbox 1051 1491 1851 1527; baseline -0.003 -8"><span class='ocrx_word' id='word_1_726' title='bbox 1051 1492 1159 1527; x_wconf 83' lang='lat' dir='ltr'><strong>quidem</strong></span> <span class='ocrx_word' id='word_1_727' title='bbox 1172 1499 1288 1527; x_wconf 91' lang='lat' dir='ltr'><strong>semper,</strong></span> <span class='ocrx_word' id='word_1_728' title='bbox 1303 1492 1397 1527; x_wconf 89' lang='lat' dir='ltr'><strong>inquit,</strong></span> <span class='ocrx_word' id='word_1_729' title='bbox 1409 1499 1453 1519; x_wconf 91' lang='lat' dir='ltr'><strong>me</strong></span> <span class='ocrx_word' id='word_1_730' title='bbox 1468 1491 1684 1527; x_wconf 88' lang='lat' dir='ltr'><strong>reprehendebas</strong></span> <span class='ocrx_word' id='word_1_731' title='bbox 1699 1501 1706 1518; x_wconf 86' lang='lat'>:</span> <span class='ocrx_word' id='word_1_732' title='bbox 1719 1498 1792 1518; x_wconf 89' lang='lat' dir='ltr'><strong>nunc</strong></span> <span class='ocrx_word' id='word_1_733' title='bbox 1803 1499 1851 1517; x_wconf 78' lang='lat' dir='ltr'><strong>au-</strong></span> 
     </span>
    </p>
   </div>
   <div class='ocr_carea' id='block_1_92' title="bbox 1052 1538 1850 1573">
    <p class='ocr_par' dir='ltr' id='par_1_92' title="bbox 1052 1538 1850 1573">
     <span class='ocr_line' id='line_1_92' title="bbox 1052 1538 1850 1573; baseline -0.001 -8"><span class='ocrx_word' id='word_1_734' title='bbox 1052 1543 1106 1565; x_wconf 91' lang='lat' dir='ltr'><strong>tem</strong></span> <span class='ocrx_word' id='word_1_735' title='bbox 1129 1543 1277 1573; x_wconf 87' lang='lat' dir='ltr'><strong>opportune</strong></span> <span class='ocrx_word' id='word_1_736' title='bbox 1292 1538 1357 1565; x_wconf 89' lang='lat' dir='ltr'><strong>mihi</strong></span> <span class='ocrx_word' id='word_1_737' title='bbox 1373 1538 1494 1566; x_wconf 89' lang='lat' dir='ltr'><strong>insultas.</strong></span> <span class='ocrx_word' id='word_1_738' title='bbox 1513 1538 1620 1565; x_wconf 85' lang='lat' dir='ltr'><strong>Sciebat</strong></span> <span class='ocrx_word' id='word_1_739' title='bbox 1634 1538 1705 1565; x_wconf 91' lang='lat' dir='ltr'><strong>enim</strong></span> <span class='ocrx_word' id='word_1_740' title='bbox 1729 1545 1760 1565; x_wconf 88' lang='lat' dir='ltr'><strong>se</strong></span> <span class='ocrx_word' id='word_1_741' title='bbox 1783 1545 1850 1573; x_wconf 83' lang='lat' dir='ltr'><strong>pec-</strong></span> 
     </span>
    </p>
   </div>
   <div class='ocr_carea' id='block_1_93' title="bbox 1051 1582 1851 1612">
    <p class='ocr_par' dir='ltr' id='par_1_93' title="bbox 1051 1582 1851 1612">
     <span class='ocr_line' id='line_1_93' title="bbox 1051 1582 1851 1612; baseline -0.003 -1"><span class='ocrx_word' id='word_1_742' title='bbox 1051 1591 1137 1612; x_wconf 87' lang='lat' dir='ltr'><strong>casse.</strong></span> <span class='ocrx_word' id='word_1_743' title='bbox 1153 1584 1192 1611; x_wconf 76' lang='lat' dir='ltr'><strong>Ex</strong></span> <span class='ocrx_word' id='word_1_744' title='bbox 1215 1583 1327 1611; x_wconf 87' lang='lat' dir='ltr'><strong>adverso</strong></span> <span class='ocrx_word' id='word_1_745' title='bbox 1342 1584 1436 1611; x_wconf 84' lang='lat' dir='ltr'><strong>recitat</strong></span> <span class='ocrx_word' id='word_1_746' title='bbox 1450 1584 1486 1610; x_wconf 93' lang='lat' dir='ltr'><strong>illi</strong></span> <span class='ocrx_word' id='word_1_747' title='bbox 1501 1584 1661 1611; x_wconf 87' lang='lat' dir='ltr'><strong>sententiam</strong></span> <span class='ocrx_word' id='word_1_748' title='bbox 1680 1592 1686 1609; x_wconf 89' lang='lat'>:</span> <span class='ocrx_word' id='word_1_749' title='bbox 1708 1582 1771 1610; x_wconf 71' lang='lat' dir='ltr'><strong>licet:</strong></span> <span class='ocrx_word' id='word_1_750' title='bbox 1787 1583 1851 1609; x_wconf 84' lang='lat' dir='ltr'><strong>dicit</strong></span> 
     </span>
    </p>
   </div>
   <div class='ocr_carea' id='block_1_94' title="bbox 1051 1629 1851 1664">
    <p class='ocr_par' dir='ltr' id='par_1_94' title="bbox 1051 1629 1851 1664">
     <span class='ocr_line' id='line_1_94' title="bbox 1051 1629 1851 1664; baseline -0.001 -8"><span class='ocrx_word' id='word_1_751' title='bbox 1051 1629 1176 1657; x_wconf 82' lang='lat' dir='ltr'><strong>Dominus</strong></span> <span class='ocrx_word' id='word_1_752' title='bbox 1185 1638 1194 1656; x_wconf 92' lang='lat'><em>:</em></span> <span class='ocrx_word' id='word_1_753' title='bbox 1205 1630 1331 1662; x_wconf 77' lang='lat' dir='ltr'><strong>Quoniam</strong></span> <span class='ocrx_word' id='word_1_754' title='bbox 1346 1630 1468 1662; x_wconf 82' lang='lat' dir='ltr'><strong>occidisti,</strong></span> <span class='ocrx_word' id='word_1_755' title='bbox 1477 1634 1498 1656; x_wconf 89' lang='lat' dir='ltr'><strong>et</strong></span> <span class='ocrx_word' id='word_1_756' title='bbox 1508 1629 1650 1664; x_wconf 82' lang='lat' dir='ltr'><strong>possedisti,</strong></span> <span class='ocrx_word' id='word_1_757' title='bbox 1661 1634 1684 1656; x_wconf 86' lang='lat' dir='ltr'><strong>et</strong></span> <span class='ocrx_word' id='word_1_758' title='bbox 1698 1629 1851 1664; x_wconf 83' lang='lat' dir='ltr'><strong>sanguinem</strong></span> 
     </span>
    </p>
   </div>
   <div class='ocr_carea' id='block_1_95' title="bbox 1051 1675 1851 1711">
    <p class='ocr_par' dir='ltr' id='par_1_95' title="bbox 1051 1675 1851 1711">
     <span class='ocr_line' id='line_1_95' title="bbox 1051 1675 1851 1711; baseline 0 -9"><span class='ocrx_word' id='word_1_759' title='bbox 1051 1676 1098 1702; x_wconf 80' lang='lat' dir='ltr'><strong>viri</strong></span> <span class='ocrx_word' id='word_1_760' title='bbox 1104 1676 1170 1711; x_wconf 79' lang='lat' dir='ltr'><strong>justi</strong></span> <span class='ocrx_word' id='word_1_761' title='bbox 1184 1675 1304 1709; x_wconf 73' lang='lat' dir='ltr'><strong>e/fudisti,</strong></span> <span class='ocrx_word' id='word_1_762' title='bbox 1324 1676 1359 1702; x_wconf 82' lang='lat' dir='ltr'><strong>sic</strong></span> <span class='ocrx_word' id='word_1_763' title='bbox 1372 1675 1514 1709; x_wconf 79' lang='lat' dir='ltr'><strong>elfundelur</strong></span> <span class='ocrx_word' id='word_1_764' title='bbox 1533 1675 1636 1711; x_wconf 84' lang='lat' dir='ltr'><strong>sanguis</strong></span> <span class='ocrx_word' id='word_1_765' title='bbox 1652 1680 1719 1705; x_wconf 84' lang='lat' dir='ltr'><strong>tuus,</strong></span> <span class='ocrx_word' id='word_1_766' title='bbox 1734 1679 1758 1702; x_wconf 78' lang='lat' dir='ltr'><strong>et</strong></span> <span class='ocrx_word' id='word_1_767' title='bbox 1772 1683 1851 1702; x_wconf 75' lang='lat' dir='ltr'><strong>canes</strong></span> 
     </span>
    </p>
   </div>
   <div class='ocr_carea' id='block_1_96' title="bbox 1051 1720 1848 1757">
    <p class='ocr_par' dir='ltr' id='par_1_96' title="bbox 1051 1720 1848 1757">
     <span class='ocr_line' id='line_1_96' title="bbox 1051 1720 1848 1757; baseline -0.003 -9"><span class='ocrx_word' id='word_1_768' title='bbox 1051 1721 1223 1757; x_wconf 78' lang='lat' dir='ltr'><strong>lingenteum,</strong></span> <span class='ocrx_word' id='word_1_769' title='bbox 1247 1726 1270 1748; x_wconf 83' lang='lat' dir='ltr'><strong>et</strong></span> <span class='ocrx_word' id='word_1_770' title='bbox 1292 1721 1431 1748; x_wconf 81' lang='lat' dir='ltr'><strong>meretrices</strong></span> <span class='ocrx_word' id='word_1_771' title='bbox 1451 1720 1569 1748; x_wconf 80' lang='lat' dir='ltr'><strong>lavabunt</strong></span> <span class='ocrx_word' id='word_1_772' title='bbox 1598 1721 1624 1747; x_wconf 80' lang='lat' dir='ltr'><strong>in</strong></span> <span class='ocrx_word' id='word_1_773' title='bbox 1647 1720 1769 1756; x_wconf 79' lang='lat' dir='ltr'><strong>sanguine</strong></span> <span class='ocrx_word' id='word_1_774' title='bbox 1794 1725 1848 1746; x_wconf 88' lang='lat' dir='ltr'><strong>tuo.</strong></span> 
     </span>
    </p>
   </div>
   <div class='ocr_carea' id='block_1_97' title="bbox 1051 1766 1850 1801">
    <p class='ocr_par' dir='ltr' id='par_1_97' title="bbox 1051 1766 1850 1801">
     <span class='ocr_line' id='line_1_97' title="bbox 1051 1766 1850 1801; baseline 0 -7"><span class='ocrx_word' id='word_1_775' title='bbox 1051 1766 1114 1794; x_wconf 72' lang='lat' dir='ltr'><strong>Haec</strong></span> <span class='ocrx_word' id='word_1_776' title='bbox 1129 1774 1188 1794; x_wconf 91' lang='lat' dir='ltr'><strong>cum</strong></span> <span class='ocrx_word' id='word_1_777' title='bbox 1200 1767 1328 1794; x_wconf 89' lang='lat' dir='ltr'><strong>audiisset</strong></span> <span class='ocrx_word' id='word_1_778' title='bbox 1341 1767 1459 1800; x_wconf 82' lang='lat' dir='ltr'><strong>Achaab,</strong></span> <span class='ocrx_word' id='word_1_779' title='bbox 1472 1767 1644 1794; x_wconf 88' lang='lat' dir='ltr'><strong>contristatus</strong></span> <span class='ocrx_word' id='word_1_780' title='bbox 1657 1771 1712 1799; x_wconf 90' lang='lat' dir='ltr'><strong>est,</strong></span> <span class='ocrx_word' id='word_1_781' title='bbox 1736 1771 1763 1794; x_wconf 88' lang='lat' dir='ltr'><strong>et</strong></span> <span class='ocrx_word' id='word_1_782' title='bbox 1784 1774 1850 1801; x_wconf 87' lang='lat' dir='ltr'><strong>pro-</strong></span> 
     </span>
    </p>
   </div>
   <div class='ocr_carea' id='block_1_98' title="bbox 1051 1812 1852 1848">
    <p class='ocr_par' dir='ltr' id='par_1_98' title="bbox 1051 1812 1852 1848">
     <span class='ocr_line' id='line_1_98' title="bbox 1051 1812 1852 1848; baseline -0.001 -9"><span class='ocrx_word' id='word_1_783' title='bbox 1051 1817 1111 1847; x_wconf 87' lang='lat' dir='ltr'><strong>pter</strong></span> <span class='ocrx_word' id='word_1_784' title='bbox 1122 1818 1259 1846; x_wconf 90' lang='lat' dir='ltr'><strong>peccatum</strong></span> <span class='ocrx_word' id='word_1_785' title='bbox 1273 1821 1349 1840; x_wconf 91' lang='lat' dir='ltr'><strong>suum</strong></span> <span class='ocrx_word' id='word_1_786' title='bbox 1364 1813 1494 1848; x_wconf 87' lang='lat' dir='ltr'><strong>plorabat.</strong></span> <span class='ocrx_word' id='word_1_787' title='bbox 1504 1813 1617 1847; x_wconf 79' lang='lat' dir='ltr'><strong>AgnOvit</strong></span> <span class='ocrx_word' id='word_1_788' title='bbox 1626 1812 1804 1847; x_wconf 85' lang='lat' dir='ltr'><strong>iniquitatem,</strong></span> <span class='ocrx_word' id='word_1_789' title='bbox 1821 1816 1852 1839; x_wconf 90' lang='lat' dir='ltr'><strong>et.</strong></span> 
     </span>
    </p>
   </div>
   <div class='ocr_carea' id='block_1_99' title="bbox 1051 1857 1850 1892">
    <p class='ocr_par' dir='ltr' id='par_1_99' title="bbox 1051 1857 1850 1892">
     <span class='ocr_line' id='line_1_99' title="bbox 1051 1857 1850 1892; baseline 0 -8"><span class='ocrx_word' id='word_1_790' title='bbox 1051 1858 1131 1884; x_wconf 84' lang='lat' dir='ltr'><strong>latam</strong></span> <span class='ocrx_word' id='word_1_791' title='bbox 1150 1858 1176 1884; x_wconf 92' lang='lat' dir='ltr'><strong>in</strong></span> <span class='ocrx_word' id='word_1_792' title='bbox 1198 1865 1259 1885; x_wconf 89' lang='lat' dir='ltr'><strong>eum</strong></span> <span class='ocrx_word' id='word_1_793' title='bbox 1273 1858 1433 1885; x_wconf 87' lang='lat' dir='ltr'><strong>sententiam</strong></span> <span class='ocrx_word' id='word_1_794' title='bbox 1449 1858 1586 1885; x_wconf 86' lang='lat' dir='ltr'><strong>revocavit</strong></span> <span class='ocrx_word' id='word_1_795' title='bbox 1609 1858 1689 1885; x_wconf 88' lang='lat' dir='ltr'><strong>Deus.</strong></span> <span class='ocrx_word' id='word_1_796' title='bbox 1704 1857 1757 1885; x_wconf 86' lang='lat' dir='ltr'><strong>Sed</strong></span> <span class='ocrx_word' id='word_1_797' title='bbox 1773 1858 1850 1892; x_wconf 91' lang='lat' dir='ltr'><strong>prius</strong></span> 
     </span>
    </p>
   </div>
   <div class='ocr_carea' id='block_1_100' title="bbox 1051 1902 1848 1936">
    <p class='ocr_par' dir='ltr' id='par_1_100' title="bbox 1051 1902 1848 1936">
     <span class='ocr_line' id='line_1_100' title="bbox 1051 1902 1848 1936; baseline -0.003 -6"><span class='ocrx_word' id='word_1_798' title='bbox 1051 1903 1118 1932; x_wconf 79' lang='lat' dir='ltr'><strong>Elia:</strong></span> <span class='ocrx_word' id='word_1_799' title='bbox 1132 1911 1161 1930; x_wconf 87' lang='lat' dir='ltr'><strong>se</strong></span> <span class='ocrx_word' id='word_1_800' title='bbox 1175 1904 1312 1931; x_wconf 86' lang='lat' dir='ltr'><strong>excusavit</strong></span> <span class='ocrx_word' id='word_1_801' title='bbox 1337 1904 1417 1936; x_wconf 88' lang='lat' dir='ltr'><strong>Deus,</strong></span> <span class='ocrx_word' id='word_1_802' title='bbox 1434 1911 1467 1931; x_wconf 90' lang='lat' dir='ltr'><strong>ne</strong></span> <span class='ocrx_word' id='word_1_803' title='bbox 1480 1903 1547 1930; x_wconf 85' lang='lat' dir='ltr'><strong>forte</strong></span> <span class='ocrx_word' id='word_1_804' title='bbox 1561 1903 1676 1930; x_wconf 81' lang='lat' dir='ltr'><strong>mendax</strong></span> <span class='ocrx_word' id='word_1_805' title='bbox 1700 1902 1848 1935; x_wconf 85' lang='lat' dir='ltr'><strong>videretur,</strong></span> 
     </span>
    </p>
   </div>
   <div class='ocr_carea' id='block_1_101' title="bbox 1051 1947 1848 1985">
    <p class='ocr_par' dir='ltr' id='par_1_101' title="bbox 1051 1947 1848 1985">
     <span class='ocr_line' id='line_1_101' title="bbox 1051 1947 1848 1985; baseline -0.004 -8"><span class='ocrx_word' id='word_1_806' title='bbox 1051 1950 1128 1985; x_wconf 84' lang='lat' dir='ltr'><strong>eique</strong></span> <span class='ocrx_word' id='word_1_807' title='bbox 1143 1948 1286 1981; x_wconf 87' lang='lat' dir='ltr'><strong>accideret,</strong></span> <span class='ocrx_word' id='word_1_808' title='bbox 1301 1948 1371 1982; x_wconf 90' lang='lat' dir='ltr'><strong>quod</strong></span> <span class='ocrx_word' id='word_1_809' title='bbox 1384 1948 1458 1976; x_wconf 67' lang='lat' dir='ltr'><strong>Jonm</strong></span> <span class='ocrx_word' id='word_1_810' title='bbox 1474 1948 1589 1975; x_wconf 80' lang='lat' dir='ltr'><strong>accidit‘</strong></span> <span class='ocrx_word' id='word_1_811' title='bbox 1608 1957 1614 1974; x_wconf 88' lang='lat'>:</span> <span class='ocrx_word' id='word_1_812' title='bbox 1631 1949 1684 1974; x_wconf 90' lang='lat' dir='ltr'><strong>tale</strong></span> <span class='ocrx_word' id='word_1_813' title='bbox 1696 1947 1759 1982; x_wconf 87' lang='lat' dir='ltr'><strong>quid</strong></span> <span class='ocrx_word' id='word_1_814' title='bbox 1773 1947 1848 1975; x_wconf 87' lang='lat' dir='ltr'><strong>enim</strong></span> 
     </span>
    </p>
   </div>
   <div class='ocr_carea' id='block_1_102' title="bbox 1052 1993 1849 2030">
    <p class='ocr_par' dir='ltr' id='par_1_102' title="bbox 1052 1993 1849 2030">
     <span class='ocr_line' id='line_1_102' title="bbox 1052 1993 1849 2030; baseline -0.004 -8"><span class='ocrx_word' id='word_1_815' title='bbox 1052 2002 1145 2030; x_wconf 86' lang='lat' dir='ltr'><strong>passus</strong></span> <span class='ocrx_word' id='word_1_816' title='bbox 1159 1999 1202 2022; x_wconf 89' lang='lat' dir='ltr'><strong>est</strong></span> <span class='ocrx_word' id='word_1_817' title='bbox 1214 1999 1242 2021; x_wconf 93' lang='lat' dir='ltr'><strong>et</strong></span> <span class='ocrx_word' id='word_1_818' title='bbox 1254 1993 1345 2021; x_wconf 82' lang='lat' dir='ltr'><strong>Jonas.</strong></span> <span class='ocrx_word' id='word_1_819' title='bbox 1361 1994 1432 2020; x_wconf 89' lang='lat' dir='ltr'><strong>Dixit</strong></span> <span class='ocrx_word' id='word_1_820' title='bbox 1445 1993 1482 2021; x_wconf 91' lang='lat' dir='ltr'><strong>illi</strong></span> <span class='ocrx_word' id='word_1_821' title='bbox 1505 1994 1574 2020; x_wconf 88' lang='lat' dir='ltr'><strong>Deus</strong></span> <span class='ocrx_word' id='word_1_822' title='bbox 1591 2002 1598 2020; x_wconf 90' lang='lat'>:</span> <span class='ocrx_word' id='word_1_823' title='bbox 1612 1993 1702 2026; x_wconf 89' lang='lat' dir='ltr'><strong>Vade,</strong></span> <span class='ocrx_word' id='word_1_824' title='bbox 1729 1993 1849 2027; x_wconf 68' lang='lat' dir='ltr'><strong>praedica</strong></span> 
     </span>
    </p>
   </div>
   <div class='ocr_carea' id='block_1_103' title="bbox 1051 2039 1849 2075">
    <p class='ocr_par' dir='ltr' id='par_1_103' title="bbox 1051 2039 1849 2075">
     <span class='ocr_line' id='line_1_103' title="bbox 1051 2039 1849 2075; baseline -0.001 -8"><span class='ocrx_word' id='word_1_825' title='bbox 1051 2041 1076 2068; x_wconf 91' lang='lat' dir='ltr'><strong>in</strong></span> <span class='ocrx_word' id='word_1_826' title='bbox 1090 2040 1184 2068; x_wconf 87' lang='lat' dir='ltr'><strong>Ninive</strong></span> <span class='ocrx_word' id='word_1_827' title='bbox 1198 2040 1314 2071; x_wconf 80' lang='lat' dir='ltr'><strong>civitate,</strong></span> <span class='ocrx_word' id='word_1_828' title='bbox 1334 2040 1360 2067; x_wconf 92' lang='lat' dir='ltr'><strong>in</strong></span> <span class='ocrx_word' id='word_1_829' title='bbox 1381 2048 1435 2075; x_wconf 90' lang='lat' dir='ltr'><strong>qua</strong></span> <span class='ocrx_word' id='word_1_830' title='bbox 1450 2039 1571 2067; x_wconf 86' lang='lat' dir='ltr'><strong>habitant</strong></span> <span class='ocrx_word' id='word_1_831' title='bbox 1586 2045 1694 2067; x_wconf 87' lang='lat' dir='ltr'><strong>centum</strong></span> <span class='ocrx_word' id='word_1_832' title='bbox 1708 2043 1736 2067; x_wconf 89' lang='lat' dir='ltr'><strong>et</strong></span> <span class='ocrx_word' id='word_1_833' title='bbox 1751 2039 1849 2074; x_wconf 87' lang='lat' dir='ltr'><strong>viginti</strong></span> 
     </span>
    </p>
   </div>
   <div class='ocr_carea' id='block_1_104' title="bbox 1050 2085 1850 2120">
    <p class='ocr_par' dir='ltr' id='par_1_104' title="bbox 1050 2085 1850 2120">
     <span class='ocr_line' id='line_1_104' title="bbox 1050 2085 1850 2120; baseline -0.001 -8"><span class='ocrx_word' id='word_1_834' title='bbox 1050 2086 1131 2113; x_wconf 90' lang='lat' dir='ltr'><strong>millia</strong></span> <span class='ocrx_word' id='word_1_835' title='bbox 1146 2085 1282 2112; x_wconf 89' lang='lat' dir='ltr'><strong>hominum</strong></span> <span class='ocrx_word' id='word_1_836' title='bbox 1293 2085 1392 2120; x_wconf 85' lang='lat' dir='ltr'><strong>absque</strong></span> <span class='ocrx_word' id='word_1_837' title='bbox 1403 2085 1558 2112; x_wconf 90' lang='lat' dir='ltr'><strong>mulieribus</strong></span> <span class='ocrx_word' id='word_1_838' title='bbox 1568 2090 1595 2112; x_wconf 87' lang='lat' dir='ltr'><strong>et</strong></span> <span class='ocrx_word' id='word_1_839' title='bbox 1608 2085 1743 2120; x_wconf 82' lang='lat' dir='ltr'><strong>parvulis:</strong></span> <span class='ocrx_word' id='word_1_840' title='bbox 1756 2085 1850 2111; x_wconf 78' lang='lat' dir='ltr'><strong>Adhuc</strong></span> 
     </span>
    </p>
   </div>
   <div class='ocr_carea' id='block_1_105' title="bbox 1050 2130 1850 2166">
    <p class='ocr_par' dir='ltr' id='par_1_105' title="bbox 1050 2130 1850 2166">
     <span class='ocr_line' id='line_1_105' title="bbox 1050 2130 1850 2166; baseline 0 -8"><span class='ocrx_word' id='word_1_841' title='bbox 1050 2136 1098 2159; x_wconf 80' lang='lat' dir='ltr'><strong>tres</strong></span> <span class='ocrx_word' id='word_1_842' title='bbox 1109 2131 1181 2163; x_wconf 76' lang='lat' dir='ltr'><strong>dies,</strong></span> <span class='ocrx_word' id='word_1_843' title='bbox 1205 2135 1229 2158; x_wconf 85' lang='lat' dir='ltr'><strong>et</strong></span> <span class='ocrx_word' id='word_1_844' title='bbox 1253 2130 1345 2158; x_wconf 84' lang='lat' dir='ltr'><strong>Ninive</strong></span> <span class='ocrx_word' id='word_1_845' title='bbox 1364 2131 1520 2158; x_wconf 82' lang='lat' dir='ltr'><strong>subvertetur</strong></span> <span class='ocrx_word' id='word_1_846' title='bbox 1543 2130 1616 2166; x_wconf 86' lang='lat' dir='ltr'><strong>(Jan.</strong></span> <span class='ocrx_word' id='word_1_847' title='bbox 1632 2132 1657 2157; x_wconf 83' lang='lat' dir='ltr'><strong>i.</strong></span> <span class='ocrx_word' id='word_1_848' title='bbox 1673 2131 1712 2165; x_wconf 72' lang='grc'><strong>2).</strong></span> <span class='ocrx_word' id='word_1_849' title='bbox 1733 2130 1850 2158; x_wconf 84' lang='lat' dir='ltr'><strong>Nolebat</strong></span> 
     </span>
    </p>
   </div>
   <div class='ocr_carea' id='block_1_106' title="bbox 1049 2176 1847 2211">
    <p class='ocr_par' dir='ltr' id='par_1_106' title="bbox 1049 2176 1847 2211">
     <span class='ocr_line' id='line_1_106' title="bbox 1049 2176 1847 2211; baseline -0.003 -7"><span class='ocrx_word' id='word_1_850' title='bbox 1049 2177 1124 2204; x_wconf 88' lang='lat' dir='ltr'><strong>abire</strong></span> <span class='ocrx_word' id='word_1_851' title='bbox 1137 2177 1232 2209; x_wconf 83' lang='lat' dir='ltr'><strong>Jonas,</strong></span> <span class='ocrx_word' id='word_1_852' title='bbox 1257 2181 1349 2211; x_wconf 87' lang='lat' dir='ltr'><strong>utpote</strong></span> <span class='ocrx_word' id='word_1_853' title='bbox 1363 2177 1406 2203; x_wconf 91' lang='lat' dir='ltr'><strong>cui</strong></span> <span class='ocrx_word' id='word_1_854' title='bbox 1421 2181 1483 2203; x_wconf 88' lang='lat' dir='ltr'><strong>nota</strong></span> <span class='ocrx_word' id='word_1_855' title='bbox 1497 2181 1567 2204; x_wconf 86' lang='lat' dir='ltr'><strong>esset</strong></span> <span class='ocrx_word' id='word_1_856' title='bbox 1582 2177 1628 2204; x_wconf 91' lang='lat' dir='ltr'><strong>Dei</strong></span> <span class='ocrx_word' id='word_1_857' title='bbox 1643 2176 1847 2208; x_wconf 82' lang='lat' dir='ltr'><strong>misericordia;</strong></span> 
     </span>
    </p>
   </div>
   <div class='ocr_carea' id='block_1_107' title="bbox 1049 2222 1848 2258">
    <p class='ocr_par' dir='ltr' id='par_1_107' title="bbox 1049 2222 1848 2258">
     <span class='ocr_line' id='line_1_107' title="bbox 1049 2222 1848 2258; baseline -0.001 -8"><span class='ocrx_word' id='word_1_858' title='bbox 1049 2223 1096 2250; x_wconf 89' lang='lat' dir='ltr'><strong>sed</strong></span> <span class='ocrx_word' id='word_1_859' title='bbox 1110 2223 1173 2258; x_wconf 88' lang='lat' dir='ltr'><strong>quid</strong></span> <span class='ocrx_word' id='word_1_860' title='bbox 1187 2223 1267 2250; x_wconf 74' lang='lat' dir='ltr'><strong>facit?</strong></span> <span class='ocrx_word' id='word_1_861' title='bbox 1281 2222 1309 2250; x_wconf 92' lang='lat' dir='ltr'><strong>in</strong></span> <span class='ocrx_word' id='word_1_862' title='bbox 1332 2222 1419 2258; x_wconf 82' lang='lat' dir='ltr'><strong>fugam</strong></span> <span class='ocrx_word' id='word_1_863' title='bbox 1435 2224 1600 2250; x_wconf 87' lang='lat' dir='ltr'><strong>convertitur</strong></span> <span class='ocrx_word' id='word_1_864' title='bbox 1614 2231 1621 2250; x_wconf 87' lang='lat'><strong>:</strong></span> <span class='ocrx_word' id='word_1_865' title='bbox 1638 2223 1675 2250; x_wconf 88' lang='lat' dir='ltr'><strong>ait</strong></span> <span class='ocrx_word' id='word_1_866' title='bbox 1687 2223 1770 2254; x_wconf 88' lang='lat' dir='ltr'><strong>enim,</strong></span> <span class='ocrx_word' id='word_1_867' title='bbox 1789 2222 1848 2257; x_wconf 83' lang='lat' dir='ltr'><strong>Ego</strong></span> 
     </span>
    </p>
   </div>
   <div class='ocr_carea' id='block_1_108' title="bbox 1049 2269 1849 2304">
    <p class='ocr_par' dir='ltr' id='par_1_108' title="bbox 1049 2269 1849 2304">
     <span class='ocr_line' id='line_1_108' title="bbox 1049 2269 1849 2304; baseline -0.003 -8"><span class='ocrx_word' id='word_1_868' title='bbox 1049 2270 1242 2304; x_wconf 72' lang='lat' dir='ltr'><strong>prmdicatnrus</strong></span> <span class='ocrx_word' id='word_1_869' title='bbox 1262 2269 1341 2296; x_wconf 88' lang='lat' dir='ltr'><strong>abibo</strong></span> <span class='ocrx_word' id='word_1_870' title='bbox 1356 2275 1402 2296; x_wconf 84' lang='lat' dir='ltr'><strong>:tu</strong></span> <span class='ocrx_word' id='word_1_871' title='bbox 1416 2276 1476 2296; x_wconf 92' lang='lat' dir='ltr'><strong>cum</strong></span> <span class='ocrx_word' id='word_1_872' title='bbox 1499 2269 1651 2296; x_wconf 90' lang='lat' dir='ltr'><strong>misericors</strong></span> <span class='ocrx_word' id='word_1_873' title='bbox 1667 2269 1703 2296; x_wconf 92' lang='lat' dir='ltr'><strong>sis</strong></span> <span class='ocrx_word' id='word_1_874' title='bbox 1713 2289 1721 2301; x_wconf 95' lang='lat'><strong>,</strong></span> <span class='ocrx_word' id='word_1_875' title='bbox 1735 2273 1849 2295; x_wconf 85' lang='lat' dir='ltr'><strong>senten-</strong></span> 
     </span>
    </p>
   </div>
   <div class='ocr_carea' id='block_1_109' title="bbox 1049 2314 1848 2350">
    <p class='ocr_par' dir='ltr' id='par_1_109' title="bbox 1049 2314 1848 2350">
     <span class='ocr_line' id='line_1_109' title="bbox 1049 2314 1848 2350; baseline -0.001 -9"><span class='ocrx_word' id='word_1_876' title='bbox 1049 2314 1111 2342; x_wconf 86' lang='lat' dir='ltr'><strong>tiam</strong></span> <span class='ocrx_word' id='word_1_877' title='bbox 1125 2315 1256 2347; x_wconf 86' lang='lat' dir='ltr'><strong>mutabis;</strong></span> <span class='ocrx_word' id='word_1_878' title='bbox 1277 2319 1304 2342; x_wconf 93' lang='lat' dir='ltr'><strong>at</strong></span> <span class='ocrx_word' id='word_1_879' title='bbox 1317 2322 1368 2349; x_wconf 73' lang='lat' dir='ltr'><strong>ego</strong></span> <span class='ocrx_word' id='word_1_880' title='bbox 1387 2319 1520 2349; x_wconf 89' lang='lat' dir='ltr'><strong>tamquam</strong></span> <span class='ocrx_word' id='word_1_881' title='bbox 1538 2315 1622 2343; x_wconf 81' lang='lat' dir='ltr'><strong>falsus</strong></span> <span class='ocrx_word' id='word_1_882' title='bbox 1635 2314 1766 2350; x_wconf 80' lang='lat' dir='ltr'><strong>propheta</strong></span> <span class='ocrx_word' id='word_1_883' title='bbox 1790 2319 1848 2341; x_wconf 90' lang='lat' dir='ltr'><strong>trn-</strong></span> 
     </span>
    </p>
   </div>
   <div class='ocr_carea' id='block_1_110' title="bbox 1048 2360 1847 2394">
    <p class='ocr_par' dir='ltr' id='par_1_110' title="bbox 1048 2360 1847 2394">
     <span class='ocr_line' id='line_1_110' title="bbox 1048 2360 1847 2394; baseline 0 -7"><span class='ocrx_word' id='word_1_884' title='bbox 1048 2360 1168 2387; x_wconf 88' lang='lat' dir='ltr'><strong>cidabor.</strong></span> <span class='ocrx_word' id='word_1_885' title='bbox 1186 2360 1371 2387; x_wconf 76' lang='lat' dir='ltr'><strong>Verumtamen</strong></span> <span class='ocrx_word' id='word_1_886' title='bbox 1386 2365 1527 2394; x_wconf 88' lang='lat' dir='ltr'><strong>exceptum</strong></span> <span class='ocrx_word' id='word_1_887' title='bbox 1542 2360 1617 2387; x_wconf 91' lang='lat' dir='ltr'><strong>illum</strong></span> <span class='ocrx_word' id='word_1_888' title='bbox 1629 2368 1702 2387; x_wconf 90' lang='lat' dir='ltr'><strong>mare</strong></span> <span class='ocrx_word' id='word_1_889' title='bbox 1716 2367 1769 2387; x_wconf 93' lang='lat' dir='ltr'><strong>non</strong></span> <span class='ocrx_word' id='word_1_890' title='bbox 1781 2361 1847 2387; x_wconf 83' lang='lat' dir='ltr'><strong>abs-</strong></span> 
     </span>
    </p>
   </div>
   <div class='ocr_carea' id='block_1_111' title="bbox 1048 2406 1846 2440">
    <p class='ocr_par' dir='ltr' id='par_1_111' title="bbox 1048 2406 1846 2440">
     <span class='ocr_line' id='line_1_111' title="bbox 1048 2406 1846 2440; baseline -0.001 -6"><span class='ocrx_word' id='word_1_891' title='bbox 1048 2407 1157 2440; x_wconf 89' lang='lat' dir='ltr'><strong>condit,</strong></span> <span class='ocrx_word' id='word_1_892' title='bbox 1183 2407 1232 2434; x_wconf 85' lang='lat' dir='ltr'><strong>sed</strong></span> <span class='ocrx_word' id='word_1_893' title='bbox 1251 2410 1330 2434; x_wconf 73' lang='lat' dir='ltr'><strong>terrae</strong></span> <span class='ocrx_word' id='word_1_894' title='bbox 1352 2406 1428 2433; x_wconf 92' lang='lat' dir='ltr'><strong>illum</strong></span> <span class='ocrx_word' id='word_1_895' title='bbox 1452 2406 1586 2439; x_wconf 92' lang='lat' dir='ltr'><strong>reddidit,</strong></span> <span class='ocrx_word' id='word_1_896' title='bbox 1602 2410 1629 2434; x_wconf 88' lang='lat' dir='ltr'><strong>et</strong></span> <span class='ocrx_word' id='word_1_897' title='bbox 1643 2407 1745 2433; x_wconf 90' lang='lat' dir='ltr'><strong>salvum</strong></span> <span class='ocrx_word' id='word_1_898' title='bbox 1769 2406 1846 2433; x_wconf 91' lang='lat' dir='ltr'><strong>illum</strong></span> 
     </span>
    </p>
   </div>
   <div class='ocr_carea' id='block_1_112' title="bbox 1048 2451 1846 2486">
    <p class='ocr_par' dir='ltr' id='par_1_112' title="bbox 1048 2451 1846 2486">
     <span class='ocr_line' id='line_1_112' title="bbox 1048 2451 1846 2486; baseline -0.001 -7"><span class='ocrx_word' id='word_1_899' title='bbox 1048 2451 1142 2479; x_wconf 86' lang='lat' dir='ltr'><strong>Ninive</strong></span> <span class='ocrx_word' id='word_1_900' title='bbox 1167 2452 1380 2486; x_wconf 88' lang='lat' dir='ltr'><strong>incolumemque</strong></span> <span class='ocrx_word' id='word_1_901' title='bbox 1400 2452 1532 2484; x_wconf 76' lang='lat' dir='ltr'><strong>servavit,</strong></span> <span class='ocrx_word' id='word_1_902' title='bbox 1556 2456 1583 2479; x_wconf 91' lang='lat' dir='ltr'><strong>ct</strong></span> <span class='ocrx_word' id='word_1_903' title='bbox 1597 2456 1723 2486; x_wconf 87' lang='lat' dir='ltr'><strong>tanquam</strong></span> <span class='ocrx_word' id='word_1_904' title='bbox 1743 2452 1846 2486; x_wconf 81' lang='lat' dir='ltr'><strong>optima</strong></span> 
     </span>
    </p>
   </div>
   <div class='ocr_carea' id='block_1_113' title="bbox 1048 2496 1845 2528">
    <p class='ocr_par' dir='ltr' id='par_1_113' title="bbox 1048 2496 1845 2528">
     <span class='ocr_line' id='line_1_113' title="bbox 1048 2496 1845 2528; baseline -0.001 -4"><span class='ocrx_word' id='word_1_905' title='bbox 1048 2505 1177 2525; x_wconf 88' lang='lat' dir='ltr'><strong>conserva</strong></span> <span class='ocrx_word' id='word_1_906' title='bbox 1190 2505 1266 2525; x_wconf 90' lang='lat' dir='ltr'><strong>suum</strong></span> <span class='ocrx_word' id='word_1_907' title='bbox 1274 2504 1431 2524; x_wconf 88' lang='lat' dir='ltr'><strong>conservum</strong></span> <span class='ocrx_word' id='word_1_908' title='bbox 1440 2497 1593 2524; x_wconf 89' lang='lat' dir='ltr'><strong>custodivit.</strong></span> <span class='ocrx_word' id='word_1_909' title='bbox 1611 2496 1747 2523; x_wconf 77' lang='lat' dir='ltr'><strong>Descendit</strong></span> <span class='ocrx_word' id='word_1_910' title='bbox 1759 2497 1845 2528; x_wconf 85' lang='lat' dir='ltr'><strong>enim,</strong></span> 
     </span>
    </p>
   </div>
   <div class='ocr_carea' id='block_1_114' title="bbox 1049 2541 1847 2578">
    <p class='ocr_par' dir='ltr' id='par_1_114' title="bbox 1049 2541 1847 2578">
     <span class='ocr_line' id='line_1_114' title="bbox 1049 2541 1847 2578; baseline -0.001 -9"><span class='ocrx_word' id='word_1_911' title='bbox 1049 2542 1144 2578; x_wconf 90' lang='lat' dir='ltr'><strong>inquit,</strong></span> <span class='ocrx_word' id='word_1_912' title='bbox 1166 2541 1247 2569; x_wconf 78' lang='lat' dir='ltr'><strong>Jonas</strong></span> <span class='ocrx_word' id='word_1_913' title='bbox 1269 2546 1297 2569; x_wconf 79' lang='lat' dir='ltr'><strong>ut</strong></span> <span class='ocrx_word' id='word_1_914' title='bbox 1320 2543 1426 2578; x_wconf 63' lang='lat' dir='ltr'><strong>fugeret,</strong></span> <span class='ocrx_word' id='word_1_915' title='bbox 1439 2547 1462 2569; x_wconf 87' lang='lat' dir='ltr'><strong>et</strong></span> <span class='ocrx_word' id='word_1_916' title='bbox 1475 2543 1568 2569; x_wconf 83' lang='lat' dir='ltr'><strong>invenit</strong></span> <span class='ocrx_word' id='word_1_917' title='bbox 1588 2542 1672 2569; x_wconf 79' lang='lat' dir='ltr'><strong>nat-im</strong></span> <span class='ocrx_word' id='word_1_918' title='bbox 1695 2548 1795 2569; x_wconf 79' lang='lat' dir='ltr'><strong>euntem</strong></span> <span class='ocrx_word' id='word_1_919' title='bbox 1820 2543 1847 2568; x_wconf 85' lang='lat' dir='ltr'><strong>in</strong></span> 
     </span>
    </p>
   </div>
   <div class='ocr_carea' id='block_1_115' title="bbox 1052 2586 1847 2623">
    <p class='ocr_par' dir='ltr' id='par_1_115' title="bbox 1052 2586 1847 2623">
     <span class='ocr_line' id='line_1_115' title="bbox 1052 2586 1847 2623; baseline -0.001 -9"><span class='ocrx_word' id='word_1_920' title='bbox 1052 2587 1204 2621; x_wconf 81' lang='lat' dir='ltr'><strong>Tharsis,et</strong></span> <span class='ocrx_word' id='word_1_921' title='bbox 1213 2586 1284 2614; x_wconf 81' lang='lat' dir='ltr'><strong>dedit</strong></span> <span class='ocrx_word' id='word_1_922' title='bbox 1299 2587 1472 2621; x_wconf 77' lang='lat' dir='ltr'><strong>naulumejus</strong></span> <span class='ocrx_word' id='word_1_923' title='bbox 1483 2592 1507 2613; x_wconf 84' lang='lat' dir='ltr'><strong>et</strong></span> <span class='ocrx_word' id='word_1_924' title='bbox 1519 2588 1637 2614; x_wconf 81' lang='lat' dir='ltr'><strong>ascendit</strong></span> <span class='ocrx_word' id='word_1_925' title='bbox 1648 2588 1675 2614; x_wconf 88' lang='lat' dir='ltr'><strong>in</strong></span> <span class='ocrx_word' id='word_1_926' title='bbox 1690 2596 1748 2614; x_wconf 89' lang='lat' dir='ltr'><strong>eam</strong></span> <span class='ocrx_word' id='word_1_927' title='bbox 1763 2587 1830 2623; x_wconf 83' lang='lat' dir='ltr'><strong>(Jan</strong></span> <span class='ocrx_word' id='word_1_928' title='bbox 1841 2607 1847 2613; x_wconf 92' lang='lat'><strong>.</strong></span> 
     </span>
    </p>
   </div>
   <div class='ocr_carea' id='block_1_116' title="bbox 1052 2632 1847 2668">
    <p class='ocr_par' dir='ltr' id='par_1_116' title="bbox 1052 2632 1847 2668">
     <span class='ocr_line' id='line_1_116' title="bbox 1052 2632 1847 2668; baseline -0.001 -7"><span class='ocrx_word' id='word_1_929' title='bbox 1052 2633 1077 2661; x_wconf 82' lang='grc'><strong>1.</strong></span> <span class='ocrx_word' id='word_1_930' title='bbox 1092 2634 1119 2666; x_wconf 76' lang='lat'><strong>5)</strong></span> <span class='ocrx_word' id='word_1_931' title='bbox 1133 2634 1181 2668; x_wconf 81' lang='grc' dir='ltr'><strong>(α).</strong></span> <span class='ocrx_word' id='word_1_932' title='bbox 1202 2632 1262 2667; x_wconf 86' lang='lat' dir='ltr'><strong>Quo</strong></span> <span class='ocrx_word' id='word_1_933' title='bbox 1281 2633 1361 2668; x_wconf 79' lang='lat' dir='ltr'><strong>fugis,</strong></span> <span class='ocrx_word' id='word_1_934' title='bbox 1378 2632 1492 2660; x_wconf 84' lang='lat' dir='ltr'><strong>oJona?</strong></span> <span class='ocrx_word' id='word_1_935' title='bbox 1507 2641 1573 2660; x_wconf 91' lang='lat' dir='ltr'><strong>num</strong></span> <span class='ocrx_word' id='word_1_936' title='bbox 1589 2633 1670 2660; x_wconf 74' lang='lat' dir='ltr'><strong>aliain</strong></span> <span class='ocrx_word' id='word_1_937' title='bbox 1691 2634 1718 2660; x_wconf 92' lang='lat' dir='ltr'><strong>in</strong></span> <span class='ocrx_word' id='word_1_938' title='bbox 1742 2640 1847 2660; x_wconf 65' lang='lat' dir='ltr'><strong>terram</strong></span> 
     </span>
    </p>
   </div>
   <div class='ocr_carea' id='block_1_117' title="bbox 1083 2720 1510 2748">
    <p class='ocr_par' dir='ltr' id='par_1_117' title="bbox 1083 2720 1510 2748">
     <span class='ocr_line' id='line_1_117' title="bbox 1083 2720 1510 2748; baseline -0.005 -1"><span class='ocrx_word' id='word_1_939' title='bbox 1083 2724 1091 2739; x_wconf 77' lang='grc' dir='ltr'>ι</span> <span class='ocrx_word' id='word_1_940' title='bbox 1109 2726 1175 2748; x_wconf 86' lang='lat' dir='ltr'><strong>Hunc</strong></span> <span class='ocrx_word' id='word_1_941' title='bbox 1195 2721 1274 2746; x_wconf 85' lang='lat' dir='ltr'><strong>locum</strong></span> <span class='ocrx_word' id='word_1_942' title='bbox 1286 2722 1311 2746; x_wconf 90' lang='lat' dir='ltr'><strong>in</strong></span> <span class='ocrx_word' id='word_1_943' title='bbox 1323 2720 1392 2746; x_wconf 80' lang='lat' dir='ltr'><strong>savii.</strong></span> <span class='ocrx_word' id='word_1_944' title='bbox 1413 2724 1438 2746; x_wconf 88' lang='lat' dir='ltr'><strong>et</strong></span> <span class='ocrx_word' id='word_1_945' title='bbox 1457 2720 1510 2745; x_wconf 84' lang='lat' dir='ltr'><strong>aliis</strong></span> 
     </span>
    </p>
   </div>
   <div class='ocr_carea' id='block_1_118' title="bbox 1048 2750 1847 2787">
    <p class='ocr_par' dir='ltr' id='par_1_118' title="bbox 1048 2750 1847 2787">
     <span class='ocr_line' id='line_1_118' title="bbox 1048 2750 1847 2787; baseline -0.006 -8"><span class='ocrx_word' id='word_1_946' title='bbox 1048 2758 1118 2779; x_wconf 90' lang='lat' dir='ltr'><strong>recte</strong></span> <span class='ocrx_word' id='word_1_947' title='bbox 1130 2753 1285 2787; x_wconf 78' lang='lat' dir='ltr'><strong>interpretari</strong></span> <span class='ocrx_word' id='word_1_948' title='bbox 1307 2752 1402 2787; x_wconf 83' lang='lat' dir='ltr'><strong>videtur</strong></span> <span class='ocrx_word' id='word_1_949' title='bbox 1409 2751 1479 2787; x_wconf 30' lang='lat' dir='ltr'><strong>&#39;:_sed</strong></span> <span class='ocrx_word' id='word_1_950' title='bbox 1498 2750 1566 2787; x_wconf 62' lang='lat' dir='ltr'><strong>prius</strong></span> <span class='ocrx_word' id='word_1_951' title='bbox 1578 2756 1632 2785; x_wconf 60' lang='lat' dir='ltr'><strong>quin</strong></span> <span class='ocrx_word' id='word_1_952' title='bbox 1649 2752 1682 2775; x_wconf 82' lang='lat' dir='ltr'><strong>ad</strong></span> <span class='ocrx_word' id='word_1_953' title='bbox 1792 2756 1847 2787; x_wconf 50' lang='lat' dir='ltr'><strong>spe:</strong></span> 
     </span>
    </p>
   </div>
   <div class='ocr_carea' id='block_1_119' title="bbox 1048 2780 1846 2840">
    <p class='ocr_par' dir='ltr' id='par_1_119' title="bbox 1048 2780 1846 2840">
     <span class='ocr_line' id='line_1_119' title="bbox 1048 2780 1846 2839; baseline -0.005 -30"><span class='ocrx_word' id='word_1_954' title='bbox 1048 2789 1112 2839; x_wconf 69' lang='lat' dir='ltr'><strong>Jaant</strong></span> <span class='ocrx_word' id='word_1_955' title='bbox 1123 2780 1227 2839; x_wconf 51' lang='lat'><strong>00883-3,</strong></span> <span class='ocrx_word' id='word_1_956' title='bbox 1240 2790 1269 2808; x_wconf 83' lang='lat' dir='ltr'><strong>ne</strong></span> <span class='ocrx_word' id='word_1_957' title='bbox 1277 2783 1382 2808; x_wconf 68' lang='lat' dir='ltr'><strong>mendae;</strong></span> <span class='ocrx_word' id='word_1_958' title='bbox 1392 2780 1502 2808; x_wconf 69' lang='lat' dir='ltr'><strong>videatur</strong></span> <span class='ocrx_word' id='word_1_959' title='bbox 1507 2780 1662 2814; x_wconf 56' lang='lat' dir='ltr'><strong>Elias,&#39;eique</strong></span> <span class='ocrx_word' id='word_1_960' title='bbox 1674 2782 1771 2806; x_wconf 82' lang='lat' dir='ltr'><strong>accidat</strong></span> <span class='ocrx_word' id='word_1_961' title='bbox 1782 2780 1846 2812; x_wconf 84' lang='lat' dir='ltr'><strong>quod</strong></span> 
     </span>
     <span class='ocr_line' id='line_1_120' title="bbox 1064 2822 1226 2840; baseline -0.019 0"><span class='ocrx_word' id='word_1_962' title='bbox 1064 2822 1116 2840; x_wconf 77' lang='grc' dir='ltr'><strong>οιιιε</strong></span> <span class='ocrx_word' id='word_1_963' title='bbox 1127 2822 1178 2839; x_wconf 79' lang='lat' dir='ltr'><strong>um</strong></span> <span class='ocrx_word' id='word_1_964' title='bbox 1220 2831 1226 2837; x_wconf 93' lang='lat'><strong>.</strong></span> 
     </span>
    </p>
   </div>
   <div class='ocr_carea' id='block_1_120' title="bbox 1082 2852 1847 2892">
    <p class='ocr_par' dir='ltr' id='par_1_120' title="bbox 1082 2852 1847 2892">
     <span class='ocr_line' id='line_1_121' title="bbox 1082 2852 1847 2892; baseline -0.004 -12"><span class='ocrx_word' id='word_1_965' title='bbox 1082 2855 1118 2892; x_wconf 80' lang='grc' dir='ltr'><strong>(α)</strong></span> <span class='ocrx_word' id='word_1_966' title='bbox 1135 2859 1191 2892; x_wconf 82' lang='lat' dir='ltr'><strong>Cum</strong></span> <span class='ocrx_word' id='word_1_967' title='bbox 1214 2855 1252 2879; x_wconf 89' lang='lat' dir='ltr'><strong>his</strong></span> <span class='ocrx_word' id='word_1_968' title='bbox 1269 2853 1352 2892; x_wconf 75' lang='lat' dir='ltr'><strong>co_nfer</strong></span> <span class='ocrx_word' id='word_1_969' title='bbox 1369 2860 1398 2880; x_wconf 82' lang='lat' dir='ltr'><strong>ea</strong></span> <span class='ocrx_word' id='word_1_970' title='bbox 1410 2860 1464 2886; x_wconf 68' lang='lat' dir='ltr'><strong>qute</strong></span> <span class='ocrx_word' id='word_1_971' title='bbox 1475 2853 1588 2880; x_wconf 89' lang='lat' dir='ltr'><strong>dicuntur</strong></span> <span class='ocrx_word' id='word_1_972' title='bbox 1599 2859 1674 2885; x_wconf 84' lang='lat' dir='ltr'><strong>supra</strong></span> <span class='ocrx_word' id='word_1_973' title='bbox 1684 2852 1794 2878; x_wconf 82' lang='lat' dir='ltr'><strong>ttomil.t</strong></span> <span class='ocrx_word' id='word_1_974' title='bbox 1815 2853 1847 2878; x_wconf 83' lang='lat' dir='ltr'><strong>de</strong></span> 
     </span>
    </p>
   </div>
   <div class='ocr_carea' id='block_1_121' title="bbox 1052 2886 1314 2916">
    <p class='ocr_par' dir='ltr' id='par_1_121' title="bbox 1052 2886 1314 2916">
     <span class='ocr_line' id='line_1_122' title="bbox 1052 2886 1314 2916; baseline -0.011 -4"><span class='ocrx_word' id='word_1_975' title='bbox 1052 2886 1202 2916; x_wconf 69' lang='lat' dir='ltr'><strong>mlitentia,</strong></span> <span class='ocrx_word' id='word_1_976' title='bbox 1212 2891 1278 2910; x_wconf 80' lang='lat' dir='ltr'><strong>nutu.</strong></span> <span class='ocrx_word' id='word_1_977' title='bbox 1290 2886 1314 2909; x_wconf 84' lang='lat'><strong>5.</strong></span> 
     </span>
    </p>
   </div>
   <div class='ocr_carea' id='block_1_122' title="bbox 1531 2718 1848 2755">
    <p class='ocr_par' dir='ltr' id='par_1_122' title="bbox 1531 2718 1848 2755">
     <span class='ocr_line' id='line_1_123' title="bbox 1531 2718 1848 2755; baseline -0.003 -11"><span class='ocrx_word' id='word_1_978' title='bbox 1531 2720 1619 2755; x_wconf 81' lang='lat' dir='ltr'><strong>partim</strong></span> <span class='ocrx_word' id='word_1_979' title='bbox 1635 2718 1792 2755; x_wconf 56' lang='lat' dir='ltr'><strong>diderentem</strong></span> <span class='ocrx_word' id='word_1_980' title='bbox 1812 2720 1848 2744; x_wconf 80' lang='lat' dir='ltr'><strong>sic</strong></span> 
     </span>
    </p>
   </div>
  </div>
