1978 3130
191 176 242 204 980

191 231 363 268 proﬁcisceris
373 231 384 258 ?
396 231 475 265 Atqui
494 229 596 257 Domini
608 235 643 257 est
655 234 720 256 terra
732 233 754 256 et
773 227 901 264 plenitudo
914 228 978 263 ejus.

190 281 252 308 Nutu
269 279 295 305 iu
312 278 402 305 mare?
415 277 509 305 Nescis
523 275 604 312 quod,
620 275 707 310 Ipsius
720 279 755 302 est
774 282 859 307 mare,
882 279 905 301 et
926 274 981 308 ipse

189 325 243 360 {erit
254 324 320 351 illud
330 323 416 358 (Prol.
431 324 476 351 25.
489 324 501 350 ‘l
515 327 542 350 et
555 322 599 350 94.
613 322 662 355 5)?
676 321 742 348 Ντιιιι
754 322 779 348 in
788 320 904 348 (mlum?
919 319 977 348 Non

186 369 290 396 audiisti
311 369 437 396 Davidem
453 368 602 395 dicentem:
623 366 716 394 Videbo
731 366 806 394 caelos
827 371 884 393 tuos
902 373 980 401 opera

185 415 321 450 digitorum
334 419 437 441 tuorum
460 413 545 448 (Psal.
563 414 589 441 8.
613 412 660 448 t)?
675 412 863 441 Verumtamen
879 411 924 438 ille
943 410 977 438 ti-

186 467 258 487 more
272 464 415 494 correptus
435 459 528 495 fugere
556 466 585 486 se
604 458 713 493 putabat
730 467 736 484 :
757 458 840 485 Deum
863 465 979 492 namque

186 514 246 534 rere
256 506 352 542 iugere
366 514 445 533 nemo
459 509 555 541 potest.
572 505 622 533 Ubi
638 509 727 532 tamen
741 512 801 531 eum
814 511 888 531 mare
901 503 979 530 resti-

185 553 231 580 tuit
240 573 248 586 ,
264 558 294 581 et
307 553 382 581 venit
393 552 504 580 Niniven
515 574 523 586 ,
538 552 691 587 praedicavit
702 551 794 578 dicens
807 559 814 577 :
828 550 917 577 Adhuc
930 555 979 577 tres

184 598 246 631 dies,
260 602 285 625 et
300 598 395 626 Ninive
409 598 563 625 subvertetur
578 596 649 632 (Jan.
666 597 692 624 5.
708 596 745 632 ι).
771 596 806 624 Ut
826 600 913 623 autem
934 595 978 622 in-

184 643 287 678 telligas
304 643 358 671 hoc
375 643 450 671 illum
476 643 565 670 animo
580 642 731 669 volventem
753 649 814 669 sese
838 641 864 668 itt
888 640 978 676 fugam

183 690 366 722 convertisse,
394 689 478 716 Deutn
502 688 645 721 nimirum,
671 695 732 714 cum
747 688 782 714 sit
807 687 977 719 misericors,

186 736 372 771 paenitentiam
396 740 516 762 acturum
544 741 624 769 super
646 733 757 766 malitia,
773 740 852 768 quam
874 733 908 760 de
927 733 979 760 illis

184 787 240 809 erat
253 782 382 817 laquutus
394 802 402 814 ,
414 781 583 815 futurumque
601 780 687 815 ipsum
702 778 798 806 l‘alsum
811 779 978 814 prophetam,

184 828 240 862 ipse
253 835 304 862 per
317 835 347 855 se
366 827 474 855 indicat.
487 827 630 862 Postquam
649 826 719 853 enim
736 825 763 852 itt
776 825 871 852 Ninive
881 825 976 860 praedi-

183 873 270 904 cavit.
287 878 365 901 extra
375 873 509 900 civitatem
524 879 648 907 egressus
661 876 710 904 est,
726 876 753 899 et
765 871 829 906 quid
846 871 979 899 accideret

183 918 353 946 observabat.
370 918 436 946 Cum
450 922 540 946 autem
555 918 715 953 prmteriisse
730 922 785 944 tres
809 916 868 944 dies
893 916 977 948 vidit,

184 972 270 999 neque
281 963 427 999 quidquam
441 971 544 996 corum,
561 971 621 998 qua:
635 963 811 991 comminatus
824 961 922 994 fuerat,
934 971 979 990 us-

185 1010 252 1043 piam
268 1010 391 1043 evenire,
419 1014 474 1036 tum
500 1009 615 1044 priorem
636 1016 711 1036 suam
736 1008 924 1043 cogitationem
950 1008 978 1035 in

183 1059 302 1082 mentem
316 1059 440 1087 revocat,
455 1058 482 1081 et
492 1054 547 1081 ait:
562 1052 656 1080 Nonne
668 1053 710 1080 isti
722 1058 781 1080 sunt
793 1061 919 1081 sermones
931 1053 978 1080 mei

183 1108 243 1134 quos
261 1100 376 1126 dicebam
391 1107 401 1126 :
415 1099 534 1134 quoniam
552 1097 622 1125 Deus
634 1099 774 1125 misericors
788 1104 835 1131 est,
851 1103 874 1125 et
886 1099 978 1134 longa-

185 1146 271 1179 nimis,
298 1150 322 1172 et
337 1153 415 1180 agens
433 1145 608 1178 paenitentiam
633 1152 708 1179 super
732 1144 836 1171 malitiis
849 1144 979 1171 hominum

182 1190 258 1226 (Ion.
274 1191 302 1218 4.
318 1191 368 1226 2)?
383 1190 422 1218 Ne
432 1191 510 1225 igitur
520 1190 574 1217 tale
588 1189 651 1225 quid
663 1189 795 1217 accideret
810 1190 886 1222 Elite,
899 1190 979 1224 quale

182 1236 269 1269 Jona‘,
292 1243 401 1263 causam
415 1236 525 1270 exponit
544 1235 632 1268 Deus,
649 1240 757 1270 propter
776 1243 856 1269 quam
871 1235 979 1263 Acltaab

182 1281 358 1309 condonavit.
370 1281 404 1308 Et
415 1281 480 1316 quid
494 1281 532 1308 ait
550 1281 614 1308 Elia:
630 1281 718 1307 Deus?
739 1280 837 1313 Vidisti,
853 1281 977 1316 quemad-

186 1329 287 1354 nodum
301 1328 429 1354 incesserit
443 1328 547 1362 plorans
560 1331 584 1353 et
599 1326 677 1353 tristis
690 1325 792 1352 Ac/tartb
807 1334 892 1352 coram
918 1334 956 1352 me
967 1327 980 1353 ?

188 1372 249 1400 Non
265 1373 360 1409 faciam
372 1373 509 1400 secundum
523 1371 645 1399 malitiam
655 1372 709 1408 ejus
728 1372 767 1407 (ὅ.
780 1371 843 1408 Reg.
860 1372 905 1400 21.
919 1372 977 1408 ‘29).

183 1419 279 1454 Papae!
298 1419 428 1446 Dominus
447 1418 518 1446 servi
539 1418 569 1445 iit
581 1418 743 1450 advocatus,
763 1422 793 1446 et
806 1418 875 1453 apud
892 1418 979 1446 homi-

183 1472 245 1491 nem
259 1464 331 1491 Deus
346 1464 447 1491 homini
471 1464 663 1499 patrocinatur.
684 1463 743 1490 Noli
757 1463 920 1496 existimare,
937 1464 980 1492 in-

183 1510 252 1545 quit,
268 1510 328 1538 sine
342 1517 421 1538 causa
436 1517 480 1537 me
501 1509 538 1536 illi
553 1509 703 1544 pepercisse
718 1518 724 1536 :
741 1509 854 1537 mutavit
873 1517 978 1542 mores,

182 1561 209 1583 et
224 1556 292 1583 iram
308 1563 396 1584 meam
416 1555 516 1583 mutavi
527 1559 606 1590 atque
619 1555 747 1590 mitigavi.
767 1554 807 1583 Ne
819 1562 884 1582 vero
898 1556 980 1583 falsus

183 1602 314 1638 propheta
327 1603 474 1635 censearis,
495 1601 627 1638 siquidem
649 1609 712 1629 vera
725 1601 916 1637 pronuntiasti;
929 1602 980 1630 nisi

184 1656 273 1676 mores
283 1652 424 1681 mutasset,
440 1656 470 1676 ea
486 1656 610 1684 passurus
627 1651 695 1681 erat,
711 1655 771 1683 quae
784 1649 915 1676 sententia
928 1649 979 1676 mi-

187 1694 317 1726 nabatur;
342 1702 435 1721 verum
449 1694 500 1721 iste
516 1701 604 1721 ntores
626 1693 746 1725 mulavit,
762 1697 788 1721 et
811 1695 876 1720 iratn
892 1702 979 1721 meam

187 1747 235 1775 ego
249 1740 377 1775 mitigavi.
398 1740 431 1767 Et
444 1740 482 1767 ait
492 1739 561 1766 Deus
571 1739 604 1766 ad
619 1738 705 1766 Eliam
719 1747 726 1766 :
741 1738 833 1766 Vidisti
854 1739 983 1774 quemad-

187 1784 292 1812 modum
307 1785 449 1812 incesserit
463 1784 571 1812 Acbaab
592 1785 700 1820 plorans
713 1790 740 1812 et
753 1785 855 1812 tristis?
868 1785 927 1812 Non
938 1785 979 1812 fa-

187 1837 253 1857 ctam
276 1830 422 1857 secundum
448 1829 514 1858 iram
535 1837 633 1858 meam.
649 1829 729 1858 Vides
743 1829 849 1865 ploratu
871 1836 980 1866 peccata

186 1875 267 1903 deleri
279 1876 291 1903 ‘.’

220 1922 247 1950 4.
275 1921 363 1949 Tertia
384 1922 536 1957 pauitentiw
563 1922 603 1948 uia
628 1921 769 1948 humilitas.
793 1935 828 1941 —
842 1921 931 1949 Habes
953 1928 982 1951 et

188 1969 291 1996 tertiam
313 1969 478 2004 poenitentia:
504 1969 584 1996 viam.
610 1968 693 1996 Porro
707 1967 804 1994 multas
818 1969 981 2003 paenitentia:

188 2015 241 2041 vias
255 2014 321 2046 dixi,
336 2020 365 2042 ut
387 2014 541 2042 diversitate
568 2015 670 2041 viarum
692 2014 795 2041 facilem
809 2014 855 2042 tibi
869 2015 981 2043 salutem

187 2059 306 2086 reddata.
324 2060 451 2093 Quaenam
466 2064 507 2087 est
530 2060 635 2087 tandem
652 2060 709 2087 haec
722 2060 799 2087 tertia
813 2059 873 2088 via?
888 2060 982 2088 Humi-

188 2105 246 2132 litas
262 2115 269 2132 :
284 2105 394 2133 humilis
419 2111 488 2139 esto,
509 2110 538 2133 et
560 2111 729 2141 peccatorum
743 2106 850 2134 vincula
869 2107 980 2135 solvisti.

188 2152 270 2187 Hujus
287 2159 395 2187 quoque
409 2152 664 2180 demonstrationem
675 2153 785 2180 exhibet
799 2152 944 2188 Scriptura,
957 2158 984 2181 et

188 2199 266 2226 lectio
280 2199 442 2226 narrationis
454 2199 488 2226 de
502 2194 643 2233 publicano
657 2204 685 2226 et
700 2199 836 2227 Pharisaao
851 2198 925 2233 (Luc.
939 2200 980 2227 18.

189 2245 229 2272 10.
240 2245 320 2280 sqq.).
333 2244 531 2276 Ascendebant,
546 2245 640 2280 inquit,
649 2246 676 2272 in
690 2246 818 2280 templum
831 2246 983 2274 Pharisazus

188 2297 213 2318 et
228 2291 398 2326 publicanus,
415 2296 444 2318 ut
466 2297 585 2325 orarent,
599 2296 626 2319 et
641 2293 722 2327 coepit
744 2293 896 2321 Pharisatus
920 2301 984 2322 suos

187 2344 348 2364 enumerare
358 2337 471 2364 virtutes
491 2346 497 2364 :
521 2337 578 2365 Non
602 2345 661 2365 sum
674 2346 734 2374 ego,
750 2339 845 2374 inquit,
860 2345 984 2375 peccator

188 2383 255 2409 sicut
266 2382 383 2410 mundus
407 2387 488 2416 totus,
504 2391 590 2418 neque
602 2384 671 2411 siettt
686 2385 735 2412 iste
746 2385 916 2419 publicanus.
933 2386 983 2413 Mi-

188 2436 246 2456 sera
259 2433 287 2456 et
300 2429 393 2456 infelix
415 2429 505 2457 anima
522 2430 542 2461 ¹,
556 2434 640 2457 totutn
656 2431 749 2459 orbem
773 2436 905 2459 terrarum
919 2440 983 2460 con-

188 2474 319 2502 demnasti
333 2484 340 2501 :
355 2483 404 2502 cur
418 2476 496 2502 etiam
521 2476 672 2510 proximum
690 2481 763 2504 tuum
778 2477 917 2506 alﬂixisti?
931 2487 983 2506 tton

188 2520 337 2548 sufﬁciebat
347 2520 393 2547 tibi
410 2525 481 2548 totus
500 2521 585 2554 orbis,
609 2521 658 2548 nisi
686 2522 855 2557 publicanum
879 2531 984 2559 quoque

189 2566 349 2594 damnares?
370 2574 465 2594 omnes
477 2567 527 2594 hac
540 2568 644 2595 ratione
659 2568 828 2604 vituperasti,
849 2574 877 2597 et
890 2578 924 2597 ne
940 2571 983 2598 uiti

189 2612 297 2646 quidem
310 2613 369 2639 viro
383 2612 535 2647 pepercisti.
553 2613 611 2641 Non
634 2621 693 2641 sum
709 2622 759 2649 ego
780 2615 848 2642 sicut
870 2616 984 2644 muttdus

190 2662 271 2691 totus,
286 2665 374 2692 neque
390 2658 516 2685 sicutiste
532 2659 704 2692 publicanus:
718 2659 810 2694 jejuno
824 2660 864 2688 bis
874 2661 900 2688 in
918 2661 984 2689 heb-

192 2702 314 2737 domada,
329 2703 447 2731 decimas
470 2711 572 2737 eorum,
589 2712 648 2738 qua:
658 2705 793 2739 possideo,
805 2705 839 2733 do
860 2707 984 2741 pauperi-

192 2748 249 2776 bus.
263 2749 431 2784 Arrogantiaa
446 2749 523 2776 verba
547 2749 720 2785 proloquutus
746 2756 796 2778 est.
813 2751 899 2779 Homo
919 2752 986 2780 infe—

192 2793 237 2825 lix,
251 2800 320 2828 esto,
345 2800 477 2823 terrarum
499 2796 590 2823 orbem
615 2797 811 2830 condemnasti,
833 2805 882 2825 cur
904 2799 984 2826 etiam

193 2841 340 2875 proximum
353 2846 427 2868 tttum
440 2841 606 2876 publicanum
616 2843 831 2878 reprehendisti?
845 2852 896 2872 non
909 2853 986 2872 exsa-

225 2909 232 2922 ι
251 2911 315 2933 tuus
323 2911 376 2936 Ms,
390 2907 461 2933 Miser
469 2912 491 2934 el
502 2908 642 2936 insatiabilis
650 2916 736 2936 anmto.

758 171 801 199 DE
822 168 1055 199 POENITEN'I‘IA.
1077 169 1189 198 llOMlL.
1211 171 1241 198 ll.

1777 175 1828 203 2%

1036 230 1139 256 tutatus
1151 235 1181 255 es
1194 229 1364 257 accusatione
1385 230 1466 258 totius
1485 231 1569 265 orbis,
1594 232 1643 259 nisi
1656 236 1684 260 et
1704 234 1828 260 coutitent

1035 277 1109 300 tuum
1132 273 1295 302 damnares?
1314 275 1382 309 Quid
1396 276 1475 311 igitur
1497 277 1745 312 publicattusHimc
1770 287 1830 307 cum

1035 319 1154 346 audisset
1166 320 1212 347 ille
1226 340 1234 354 ,
1250 328 1302 347 non
1322 321 1390 348 dixit
1414 331 1421 349 :
1442 322 1482 349 Tu
1498 331 1560 350 vero
1575 323 1698 358 quisnam
1720 331 1750 352 es
1762 346 1768 357 ,
1785 326 1829 360 qui

1035 364 1101 392 mihi
1115 365 1173 393 haec
1195 366 1311 400 objicis?
1326 367 1397 395 unde
1420 368 1467 395 tibi
1481 369 1534 396 vita
1550 377 1609 397 mea
1622 370 1756 398 innotuit?
1777 380 1830 398 tton

1033 415 1206 438 conversatus
1225 420 1254 439 es
1278 420 1394 445 mecum,
1415 421 1469 441 non
1489 414 1613 443 habitasti
1638 424 1754 449 mecum,
1777 425 1830 444 non

1034 464 1137 484 mecum
1151 462 1257 486 :etatem
1278 460 1438 495 transegisti.
1465 460 1518 488 Cur
1530 461 1597 489 adeo
1619 464 1759 497 superbis?
1772 465 1831 499 quis

1034 503 1102 530 bona
1126 512 1206 538 opera
1223 510 1268 532 tua
1293 513 1342 533 suo
1358 507 1513 535 testimonio
1526 509 1715 538 commendat?
1728 518 1777 538 cur
1792 516 1831 539 te-

1034 549 1120 584 ipsum
1130 550 1223 578 laudas
1233 551 1245 577 ?
1257 552 1360 580 curtibi
1372 553 1422 587 ipsi
1432 553 1582 582 blandiris?
1595 555 1647 583 Sed
1661 556 1829 584 niltilhorum

1033 595 1099 623 dixit
1119 597 1286 631 publicanus,
1305 606 1397 626 verum
1417 600 1504 634 capite
1526 601 1551 627 in
1575 606 1672 629 terram
1698 603 1824 630 inclinato

1033 641 1161 675 adoravit,
1177 647 1204 670 et
1216 644 1283 671 dixit
1298 654 1304 671 :
1318 644 1388 672 Deus
1410 647 1536 682 propitius
1552 652 1603 674 esto
1613 648 1675 675 mihi
1685 650 1829 684 peccatori;

1032 691 1060 713 et
1073 694 1134 714 cum
1149 688 1325 717 humilitatem
1340 698 1396 725 pne
1409 698 1438 718 se
1452 692 1566 725 tulisset,
1579 693 1666 727 justus
1677 699 1718 721 est
1732 694 1826 722 iactus.

1035 731 1187 760 l‘hariszcus
1201 739 1289 762 autem
1303 736 1401 763 amissa
1413 736 1514 771 justitia
1527 746 1560 765 ex
1571 739 1671 773 templo
1679 739 1828 772 descendit,

1032 782 1059 804 et
1080 778 1236 812 publicanus
1248 779 1378 814 justitiam
1403 782 1515 816 adeptus
1529 783 1685 817 descendit;
1705 789 1732 812 et
1745 786 1827 813 verba

1032 823 1101 850 facta
1124 825 1255 852 vicerunt.
1283 825 1349 853 Nam
1375 827 1419 854 ille
1432 828 1538 862 quidem
1552 830 1677 864 operibus
1698 831 1828 865 justitiam

1032 870 1134 902 amisit;
1147 870 1190 899 hic
1203 879 1268 899 vero
1291 872 1444 901 humilitatis
1459 882 1583 903 sermone
1595 877 1725 910 justitiam
1738 881 1829 914 acqui-

1031 916 1102 943 sivit.
1118 918 1283 952 Quamquam
1299 928 1331 947 ne
1345 920 1482 948 humilitas
1498 922 1604 957 quidem
1618 930 1675 951 erat
1687 925 1751 952 illud
1768 934 1775 957 ;
1789 927 1827 953 si-

1031 962 1139 996 quidem
1152 963 1287 992 humilitas
1302 971 1341 992 est
1354 966 1404 994 hoc
1416 988 1423 1000 ,
1435 974 1495 994 ettm
1510 969 1570 1003 quis
1586 977 1697 1005 magnus
1710 978 1769 998 cum
1781 972 1826 1005 sit,

1031 1010 1147 1044 seipsum
1163 1010 1284 1039 humiliat
1297 1019 1304 1044 ς
1317 1013 1367 1040 ltoc
1381 1021 1445 1041 vero
1459 1014 1590 1048 publicani
1604 1015 1701 1044 factum
1713 1026 1765 1045 non
1776 1018 1828 1045 hu-

1032 1055 1131 1083 militas
1141 1056 1198 1089 fuit,
1215 1058 1262 1085 sed
1282 1059 1400 1087 veritas:
1413 1068 1477 1088 vera
1499 1062 1570 1089 enim
1584 1068 1660 1090 erant
1676 1064 1719 1091 illa
1734 1065 1826 1099 verba,

1031 1109 1092 1129 cum
1106 1108 1231 1138 peccator
1243 1110 1315 1133 esset
1326 1105 1381 1132 ille.

1067 1159 1094 1187 5.
1116 1158 1317 1188 Publicanorum
1338 1163 1448 1190 conditio
1467 1165 1560 1199 qualis.
1585 1181 1620 1186 —
1643 1166 1711 1201 Quid
1736 1168 1828 1202 enim,

1031 1210 1132 1238 quaeso,
1143 1206 1218 1240 pejus
1229 1207 1388 1241 publicano?
1398 1209 1423 1236 in
1438 1209 1532 1237 alienis
1540 1211 1740 1241 calamitatibus
1754 1213 1828 1242 lucra

1032 1254 1161 1283 sectatus,
1172 1251 1318 1280 alienorum
1339 1253 1457 1282 laborum
1478 1255 1508 1282 lit
1532 1257 1664 1293 particeps
1679 1267 1685 1285 :
1701 1264 1729 1286 et
1742 1260 1828 1287 mole‘

1032 1295 1110 1322 stiam
1121 1296 1227 1331 quidem
1239 1305 1290 1324 non
1303 1299 1419 1332 respicit,
1435 1305 1553 1335 quaestus
1567 1307 1655 1329 autent
1672 1303 1699 1330 in
1712 1311 1826 1332 consor-

1033 1340 1097 1368 tium
1109 1342 1181 1369 venit
1195 1351 1203 1370 :
1223 1343 1313 1379 itaque
1328 1352 1462 1373 sumntum
1476 1352 1515 1374 est
1529 1348 1661 1382 publicani
1675 1355 1825 1384 peccatum.

1032 1385 1101 1414 Nihil
1115 1388 1214 1423 quippe
1225 1390 1296 1417 aliud
1309 1395 1350 1417 est
1360 1391 1529 1426 publicanus,
1544 1401 1623 1429 quam
1637 1395 1723 1423 audax
1739 1401 1766 1424 et
1780 1397 1829 1424 ho—

1033 1437 1108 1460 uesta
1122 1434 1242 1468 qumtlant
1265 1436 1390 1464 violentia
1402 1458 1410 1471 ,
1427 1444 1564 1472 peccatum
1581 1440 1639 1476 lege
1658 1449 1828 1477 concessunt,

1031 1480 1151 1513 speciosa
1165 1481 1286 1515 quwdant
1302 1483 1404 1516 rapina.
1419 1483 1486 1518 Quid
1502 1486 1573 1513 enim
1587 1487 1729 1521 publicano
1740 1489 1828 1524 pejus,

1032 1526 1077 1560 qui
1096 1526 1170 1561 juxta
1195 1528 1265 1555 viain
1285 1529 1380 1562 sedet,
1402 1535 1431 1558 et
1454 1532 1604 1561 alienorum
1623 1534 1727 1563 fructus
1753 1536 1829 1564 labo-

1031 1578 1090 1598 rum
1116 1573 1202 1606 metit,
1223 1578 1251 1601 et
1274 1582 1334 1602 cum
1354 1576 1459 1604 labores
1479 1579 1585 1613 quidem
1607 1580 1737 1609 subeundi
1755 1587 1828 1616 sunt,

1032 1617 1098 1644 nihil
1111 1624 1195 1652 curat,
1209 1627 1269 1647 cum
1279 1629 1344 1648 vero
1357 1622 1459 1650 lttcrum
1473 1624 1591 1658 obvenit,
1607 1626 1634 1653 in
1648 1628 1829 1663 participatio-

1032 1670 1093 1691 nem
1104 1665 1177 1692 venit
1188 1673 1293 1701 eorum,
1310 1668 1335 1695 in
1349 1669 1444 1703 quibus
1457 1671 1568 1699 minitne
1579 1672 1725 1700 laboravit?
1740 1674 1832 1710 Itaque

1031 1709 1054 1736 si
1068 1717 1128 1737 cum
1140 1715 1264 1745 peccator
1278 1718 1349 1740 esset
1360 1714 1527 1749 publicanus,
1548 1721 1649 1745 tantum
1665 1719 1776 1755 adeptus
1787 1709 1831 1748 est

1031 1755 1131 1783 donum
1143 1775 1152 1789 ,
1166 1764 1227 1784 cum
1241 1758 1418 1788 ltttmililatem
1433 1761 1599 1791 exhibuisset
1612 1772 1619 1791 :
1633 1769 1732 1800 quanto
1747 1767 1831 1801 magis

1031 1801 1076 1836 qui
1102 1802 1199 1831 virtute
1225 1805 1350 1838 praeditus
1370 1806 1414 1839 sit,
1428 1811 1455 1834 et
1483 1807 1659 1837 humilitatem
1686 1810 1830 1840 exhibeat?

1032 1847 1102 1882 Ergo
1113 1848 1135 1874 si
1150 1854 1258 1883 peccata
1279 1855 1322 1877 tua
1337 1853 1501 1886 conlitearis,
1515 1859 1542 1882 et
1554 1854 1659 1882 humilis
1674 1856 1721 1889 sis,
1743 1857 1832 1891 justus

1033 1893 1134 1920 evadis.
1156 1894 1230 1922 Scire
1253 1897 1328 1931 cupis
1349 1898 1407 1932 quis
1426 1906 1489 1926 vere
1508 1899 1542 1926 sit
1568 1900 1697 1929 humilis?
1720 1902 1830 1930 Paulum

1033 1940 1137 1976 respice
1149 1941 1195 1977 qui
1208 1949 1270 1970 vere
1285 1943 1393 1972 humilis
1411 1950 1469 1973 erat
1482 1966 1490 1978 ,
1505 1946 1615 1973 Paulum
1637 1947 1773 1976 doctorem
1784 1957 1833 1976 or‘

1033 1985 1075 2013 bis
1096 1991 1241 2027 terrarum,
1250 1989 1416 2023 spiritualem
1451 1995 1584 2019 oratorem
1595 2013 1604 2025 ,
1617 2001 1667 2022 vas
1677 1995 1831 2024 electionis.

1036 2039 1142 2068 portum
1152 2036 1335 2071 trattquillum,
1349 2037 1442 2064 turrim
1453 2037 1650 2072 inconcussam,
1665 2040 1711 2075 qui
1725 2041 1835 2068 modico-

1035 2088 1097 2108 cum
1107 2085 1177 2109 esset
1196 2089 1318 2117 corpore,
1340 2087 1425 2111 totum
1442 2084 1536 2112 orbem
1553 2090 1683 2113 terrarum
1698 2087 1829 2120 circuivit,

1035 2131 1061 2154 et
1073 2127 1150 2162 quasi
1166 2128 1253 2155 alatus
1265 2133 1336 2156 esset
1351 2129 1425 2156 illum
1435 2131 1575 2165 percurrit.
1592 2130 1678 2159 Cerne
1690 2132 1765 2159 illttm
1780 2133 1831 2160 htt-

1035 2173 1132 2200 tniliter
1139 2180 1171 2201 ac
1185 2174 1305 2202 modeste
1317 2175 1477 2203 sentientem
1486 2176 1519 2203 de
1534 2183 1573 2210 se,
1584 2177 1692 2204 idiotam
1703 2183 1729 2205 et
1742 2178 1830 2213 philo-

1037 2220 1160 2255 saphum,
1182 2228 1294 2255 egenum
1302 2222 1452 2250 etdivitem.
1468 2222 1543 2250 lllutn
1553 2231 1616 2251 vere
1625 2224 1751 2252 ltumilent
1760 2225 1834 2257 dico,

1035 2267 1079 2301 qui
1088 2266 1193 2295 labores
1202 2268 1357 2296 innumeros
1368 2270 1523 2303 cxantlarat,
1532 2271 1577 2306 qui
1596 2271 1668 2299 mille
1677 2275 1776 2307 tropma
1785 2273 1832 2301 ad-

1036 2320 1130 2340 versus
1136 2313 1270 2341 diabolum
1276 2319 1408 2346 erexerat.
1418 2316 1463 2350 qui
1480 2316 1649 2351 pradicabat,
1665 2325 1697 2345 ac
1706 2318 1810 2349 dicebat
1822 2327 1830 2346 :

1037 2357 1125 2384 Gratia
1137 2359 1193 2393 ejus
1204 2359 1230 2385 in
1244 2367 1283 2385 me
1293 2367 1370 2386 vacua
1380 2368 1430 2387 non
1444 2361 1504 2396 fuit,
1515 2361 1558 2388 sed
1568 2361 1626 2397 plus
1634 2362 1749 2390 omnibus
1759 2363 1831 2392 labo-

1036 2404 1090 2430 raui
1100 2403 1138 2439 (1.
1149 2403 1208 2431 Cor.
1222 2404 1265 2431 15.
1279 2405 1323 2440 10)
1335 2415 1341 2432 :
1351 2405 1394 2440 qui
1407 2413 1528 2434 carceres
1538 2407 1673 2441 sustinuit,
1687 2413 1713 2435 et
1728 2408 1829 2444 plagas.

1036 2453 1063 2476 et
1075 2449 1196 2480 verbera,
1207 2450 1251 2484 qui
1266 2450 1360 2478 Orbem
1375 2455 1506 2479 terrarum
1524 2453 1643 2487 epistolis
1654 2458 1765 2481 venatus
1778 2460 1830 2486 est,

1037 2496 1082 2531 qui
1101 2496 1200 2523 etclesti
1226 2503 1291 2523 voce
1304 2501 1413 2525 vocatus
1423 2502 1474 2530 est,
1491 2498 1536 2526 ille
1551 2498 1659 2526 humilis
1683 2503 1751 2532 erat,
1770 2506 1834 2526 cunt

1037 2544 1138 2572 diceret
1153 2554 1159 2571 :
1175 2542 1230 2579 Ego
1242 2553 1297 2572 sum
1311 2544 1428 2571 minimus
1445 2543 1633 2579 apostolorum,
1648 2545 1690 2580 qui
1703 2553 1754 2572 non
1774 2553 1831 2572 sunt

1037 2591 1128 2627 dignus
1147 2592 1230 2618 vocari
1247 2591 1376 2626 apostolus
1395 2590 1423 2626 (I
1444 2591 1503 2622 Cor.
1529 2591 1572 2620 15.
1588 2590 1630 2626 9).
1652 2591 1732 2619 Vides
1743 2591 1832 2619 humi-

1038 2637 1120 2664 litatis
1132 2637 1357 2672 maguitudinem?
1371 2637 1445 2667 vides
1465 2636 1600 2663 humiliter
1620 2637 1778 2664 sentientem
1796 2637 1830 2664 de

1037 2691 1067 2712 se
1088 2684 1214 2717 Paulum,
1228 2684 1272 2719 qui
1291 2683 1559 2719 seipsumminimum
1583 2684 1677 2712 vocet?
1687 2683 1744 2719 Ego
1765 2684 1832 2711 enim

1038 2738 1095 2757 sum
1109 2751 1116 2763 ,
1131 2730 1235 2765 inquit,
1246 2730 1368 2757 mittimus
1387 2730 1570 2764 apostolorum,
1585 2730 1628 2765 qui
1649 2738 1698 2757 non
1714 2738 1770 2757 sum
1793 2729 1834 2756 di-

1038 2785 1102 2812 gnus
1122 2777 1205 2804 vocari
1226 2776 1364 2811 apostolus.
1389 2776 1445 2804 Hoc
1469 2776 1539 2804 enim
1556 2784 1619 2804 vere
1635 2776 1769 2804 humilitas
1781 2781 1831 2808 est,

1040 2824 1065 2850 itt
1078 2823 1202 2851 omnibus
1217 2823 1335 2857 seipsum
1350 2823 1466 2857 abjiccre
1475 2843 1483 2856 ,
1496 2830 1527 2850 ac
1540 2830 1571 2850 se
1583 2823 1721 2850 minimum
1742 2822 1833 2856 appel-

1040 2869 1103 2896 lare.
1119 2868 1210 2904 Cogita
1225 2869 1346 2906 quisnam
1362 2873 1435 2895 esset
1445 2868 1477 2900 is,
1491 2869 1534 2902 qui
1550 2868 1606 2895 tunc
1622 2868 1702 2895 verba
1716 2867 1833 2902 profere-

1042 2916 1085 2943 bat
1103 2924 1108 2942 :
1124 2915 1220 2943 Paulus
1233 2916 1357 2943 caelorum
1381 2915 1456 2947 civis,
1474 2915 1518 2948 qui
1532 2922 1644 2950 corpore
1659 2921 1717 2943 erat
1731 2921 1833 2943 ulcumv
