1978 3130
144 161 191 191 Illi

145 231 195 262 que
220 222 415 256 circumdatus,
435 221 615 250 Ecclesiarum
637 222 775 254 columna,
798 220 932 250 terrestris

140 270 268 306 angelus,
282 270 361 296 homo
382 269 505 296 czclcstis.
521 268 624 296 Etenim
640 267 719 303 hujus
741 266 790 294 viri
807 267 936 296 mentioni

141 317 256 343 libenter
270 315 408 347 immoror,
426 314 489 342 dum
511 314 616 341 virtutis
634 314 692 348 ejus
711 312 935 349 pulchritudinem

139 367 242 397 specto.
256 361 314 390 Non
330 361 365 389 ita
385 361 425 390 sol
438 361 562 388 exoriens
583 365 611 391 et
634 360 790 394 splendidos
811 359 936 387 emittens

139 408 229 436 radios
243 408 334 435 oculos
349 414 423 435 meos
435 407 576 440 exhilarat,
591 411 621 434 ut
634 406 708 434 Pauli
723 406 805 433 virtus
818 409 935 434 mentem

139 463 227 486 meam
243 455 387 482 illuminat.
405 453 471 481 Nam
485 452 526 481 sol
541 453 648 488 quidem
663 452 779 480 illustrat
793 452 896 484 oculos,
909 455 936 478 at

141 501 239 528 Paulus
258 500 291 528 ad
314 501 387 535 ipsos
403 499 519 528 fornices
538 499 666 528 caelorum
692 505 741 526 nos
755 497 864 526 evehit:
879 497 936 525 ani-

140 554 209 574 mam
219 547 290 574 enim
300 546 482 573 sublimiorem
491 545 558 578 sole,
571 552 602 572 ac
613 544 674 572 luna
687 544 774 572 reddit
782 544 932 572 celsiorem.

139 591 211 618 Talis
226 592 323 627 quippe
337 591 444 618 virtutis
458 595 498 618 est
511 590 640 626 potentia,
653 593 681 616 ut
694 589 828 616 hominem
845 589 872 616 in
887 596 935 616 an-

139 638 227 673 gelum
242 641 390 670 convertat,
411 637 560 672 efliciatque
584 641 611 663 ut
635 635 724 664 anima
745 635 817 665 velut
842 634 936 670 pennis

139 683 251 716 prmdita
270 683 296 711 in
314 683 408 711 caelum
423 683 514 710 tendat
531 691 537 710 :
559 682 628 709 hanc
643 681 767 709 virtutem
792 688 842 708 nos
858 681 936 708 docet

141 729 239 756 Paulus
261 738 268 757 :
289 728 368 763 hujus
386 728 492 756 virtutis
518 728 667 755 imitatores
687 727 744 754 lleri
769 725 934 754 Studeamus.

141 775 194 802 Sed
213 782 266 802 non
281 779 387 810 oportet
400 782 449 802 nos
462 781 477 801 a
492 774 629 808 proposito
644 773 746 808 digredi
761 776 930 808 argumento.

139 818 188 848 llic
201 821 272 849 enim
281 828 378 856 scopus
391 820 519 848 orationis
530 825 629 847 nostra:
642 819 701 851 fuit,
715 822 744 846 ut
754 819 860 846 tertiam
874 825 933 853 pce-

494 163 520 191 S.
540 162 679 192 JOANNIS
697 162 933 193 CHRYSOSTOMI
952 163 1111 192 ARCIIIEP.
1131 165 1399 196 CONSTANTINOP.

1726 173 1779 200 I92
1784 185 1785 189 η

988 222 1107 252 nitentia:
1128 225 1198 252 viam
1217 233 1276 254 esse
1298 227 1472 256 humilitatem
1493 230 1706 265 ostenderemus,
1731 241 1779 267 pu-

989 269 1123 300 blicanum
1135 279 1187 298 non
1202 273 1318 307 seipsum
1333 274 1401 301 ultra
1414 275 1522 303 modum
1541 276 1718 311 depressisse,
1733 280 1779 307 sed

988 317 1128 345 veritatem
1140 325 1200 346 esse
1210 319 1372 354 confessum,
1381 329 1441 349 cum
1455 330 1500 349 sua
1515 329 1622 358 peccata
1631 325 1779 360 detegeret,

989 371 1021 392 ac
1029 364 1130 399 justum
1141 373 1201 393 esse
1209 365 1318 399 factum,
1333 375 1384 395 non
1394 376 1453 396 cum
1464 370 1589 403 pecunias
1602 377 1779 405 numerasset,

989 419 1042 439 non
1064 419 1125 442 cum
1147 414 1230 441 maria
1246 422 1371 442 emensus
1389 421 1471 449 esset,
1485 425 1571 452 neque
1585 425 1645 446 cum
1668 419 1780 447 multum

989 458 1041 486 iter
1054 458 1166 493 pedibus
1177 460 1346 495 confecisset,
1359 470 1444 497 neque
1456 471 1517 491 cum
1531 464 1662 493 immensa
1673 474 1780 501 :cquora

989 511 1167 541 peragrasset,
1181 515 1269 542 neque
1283 515 1342 535 cum
1354 509 1454 537 amicos
1466 515 1601 545 rogasset,
1618 519 1706 547 neque
1721 520 1780 540 cum

988 551 1100 579 multum
1125 554 1252 588 temporis
1273 554 1456 589 impendisset,
1479 556 1526 583 sed
1541 556 1698 585 humilitatis
1720 565 1780 586 eum

989 605 1070 633 Opera
1087 599 1137 627 sibi
1150 599 1279 634 justitiam
1304 608 1483 636 comparasse,
1507 610 1539 630 ac
1560 611 1642 638 regno
1653 604 1780 635 caelorum

988 651 1049 672 esse
1063 645 1189 672 donatum
1207 656 1213 672 :
1236 646 1312 682 enjus
1330 655 1380 675 nos
1402 655 1496 676 omnes
1519 649 1619 676 utinam
1643 655 1781 685 compotes

990 690 1047 718 lieri
1063 692 1209 727 contingat,
1231 694 1315 728 gratia
1329 698 1356 721 et
1371 694 1552 722 misericordia
1573 695 1677 724 Domini
1699 697 1780 724 nostri

989 737 1053 765 Jesu
1067 737 1177 771 Christi,
1188 739 1229 766 cui
1246 739 1330 774 gratia
1344 744 1371 767 et
1385 740 1526 775 imperium
1548 741 1574 768 in
1588 742 1685 769 szecula
1698 750 1781 770 saecu-

988 783 1084 810 lorum.
1100 785 1193 811 Amen.

712 937 983 983 EJUSDEM
1004 939 1226 983 ORATIO

564 1040 605 1064 ne
628 1040 848 1068 ELEEMOSYNA,
872 1041 912 1062 ET
933 1040 965 1062 rx
987 1041 1094 1063 nucem
1117 1041 1264 1064 vtnemss
1288 1033 1341 1073 (α).

801 1102 1116 1130 ὀὖα-ωδε*-

451 1190 558 1212 ποκιιιΑ
578 1191 616 1210 ΙΙΙ.

176 1233 202 1260 1Δ
218 1227 258 1259 De
272 1230 376 1258 humilia
394 1230 546 1264 prazcedemi
566 1229 686 1263 loquitur.
707 1241 743 1248 —-
763 1229 804 1255 An
823 1227 932 1255 novistis

139 1278 209 1306 unde
221 1278 295 1305 nobis
308 1284 391 1312 nuper
405 1283 493 1304 sermo
508 1275 660 1309 inceperat,
677 1278 722 1300 aut
734 1280 787 1307 quo
799 1273 915 1300 desierat
924 1293 931 1305 ,

138 1328 183 1351 aut
200 1331 232 1351 ex
249 1330 301 1357 quo
315 1326 486 1357 argumento,
503 1321 528 1347 in
544 1319 614 1354 quod
629 1319 763 1346 desierant
776 1319 870 1354 prioris
884 1318 933 1345 hu-

139 1369 219 1397 milia:
232 1368 332 1395 verba?
346 1367 399 1395 Sed
420 1375 468 1394 vos
482 1366 579 1393 oblitos
603 1365 727 1393 existimo
739 1385 747 1396 ,
771 1372 823 1399 quo
839 1364 897 1392 loco
918 1371 932 1390 a

141 1415 217 1443 nobis
227 1415 272 1442 ille
285 1421 374 1441 sermo
389 1413 478 1440 finitus
493 1412 542 1444 sit;
558 1419 607 1447 ego
621 1419 686 1439 vero
701 1411 771 1442 nevi,
785 1418 872 1445 neque
886 1419 934 1438 vos

138 1466 235 1489 secuso
249 1466 294 1487 aut
308 1459 448 1494 redarguo.
465 1458 581 1493 Quisque
594 1458 665 1485 enim
687 1462 803 1484 vestrum
824 1464 933 1483 uxorem

140 1507 242 1534 habens
270 1506 387 1541 parvulis
411 1504 518 1535 studet,
543 1508 570 1531 et
595 1510 654 1538 qua:
677 1502 750 1530 domi
776 1507 838 1529 sunt
861 1506 936 1530 curat

140 1554 227 1580 omnia
242 1561 248 1579 :
264 1552 308 1579 alii
323 1551 442 1578 militiam
456 1555 592 1578 sectantur
603 1569 611 1582 ,
623 1549 667 1576 alii
682 1549 796 1576 artillces
811 1553 889 1582 sunt,
903 1556 935 1576 ac

142 1604 258 1626 Vestrum
274 1599 385 1633 quisque
400 1597 512 1625 diversis
525 1596 632 1623 insudat
651 1596 787 1632 operibus.
803 1595 857 1623 Nos
872 1604 936 1623 vero

141 1646 167 1672 in
187 1645 228 1673 his
244 1652 399 1677 versamur,
413 1643 439 1670 in
461 1643 501 1670 his
516 1643 680 1678 cogitamus,
692 1646 770 1677 atque
784 1642 810 1669 in
831 1641 872 1668 his
886 1649 935 1668 no-

140 1695 224 1718 strum
252 1690 360 1717 terimus
378 1694 493 1724 tempus.
508 1688 598 1723 Itaque
619 1695 649 1715 ea
672 1688 698 1715 in
720 1696 750 1715 re
770 1687 839 1714 haud
858 1694 937 1714 accu-

141 1737 216 1764 sandi
234 1737 315 1769 estis,
329 1736 413 1772 magis
435 1743 482 1770 pro
506 1735 594 1763 studio
614 1734 756 1767 laudandi,
780 1733 849 1769 quod
865 1733 936 1761 nulla

143 1792 191 1811 nos
203 1784 357 1819 relinquatis
374 1782 509 1810 Dotiiinica
528 1782 588 1814 die,
603 1781 648 1808 sed
664 1781 787 1808 omnibus
807 1781 937 1816 neglectis

143 1830 177 1858 ad
184 1830 322 1858 ecclesiam
337 1829 459 1857 veniatis.
469 1829 493 1856 ls
507 1829 577 1855 enim
593 1828 700 1855 laudum
710 1832 752 1855 est
765 1828 887 1855 cumulus
899 1827 937 1854 ci-

141 1876 215 1904 vitati
229 1881 326 1903 nostra:
336 1896 343 1907 .
360 1883 412 1903 non
427 1874 567 1902 tumultum
582 1879 608 1902 et
623 1874 761 1907 suburbia,
778 1882 830 1901 non
843 1874 937 1901 domos

142 1924 276 1951 «lcauratis
297 1922 426 1954 trabibus,
441 1925 468 1950 et
483 1921 606 1954 triclinia,
622 1921 669 1949 sed
684 1921 837 1955 diligentem
855 1927 937 1955 popu-

142 1967 196 1996 lum
219 1969 317 1995 habere
337 1973 414 2003 atque
428 1968 581 1995 excitatum.
593 1966 685 2002 Neque
705 1966 776 1993 enim
789 1974 822 1992 ex
838 1965 939 1992 frondia

142 2015 220 2042 (libus
233 2022 389 2050 generosam
404 2014 525 2041 arborem
537 2033 544 2046 ,
560 2013 607 2040 sed
620 2021 653 2040 ex
673 2012 801 2039 fructibus
816 2011 938 2046 agnosci-

144 2069 211 2088 mus.
225 2061 325 2088 ldcirco
347 2060 418 2088 enim
441 2060 522 2087 mntis
537 2059 695 2086 animalibus
712 2058 812 2093 praelati
827 2065 918 2084 sumus
928 2077 936 2089 ,

142 2108 210 2142 quod
227 2115 377 2134 sermonem
392 2106 548 2139 habeamus,
563 2113 686 2132 sermone
699 2109 793 2131 mutuo
807 2104 939 2138 colloqua-

143 2161 211 2186 tnur,
228 2160 378 2180 sermonem
394 2159 523 2179 amemus.
542 2151 627 2178 llomo
642 2151 712 2182 enim
725 2151 770 2185 qui
784 2158 798 2176 a
815 2157 938 2177 sermone

142 2199 283 2230 abhorret,
302 2197 430 2233 jumeutis
455 2202 495 2224 est
520 2197 607 2224 minus
631 2197 780 2227 rationalis,
797 2203 849 2223 non
874 2196 938 2223 satis

143 2246 228 2272 sciens
242 2245 317 2276 cuius
331 2244 414 2280 gratia
437 2243 601 2273 honoratur,
618 2247 696 2277 atque
719 2242 788 2269 unde
808 2242 936 2269 honorem

141 2290 253 2325 accepit.
268 2290 357 2324 Quare
371 2290 439 2317 bene
453 2289 593 2324 propheta,
609 2288 693 2315 Homo
703 2309 710 2321 ,
726 2289 827 2323 inquit,
843 2296 898 2314 cuin
911 2288 937 2315 in

142 2336 236 2362 honore
255 2340 334 2369 esset,
349 2344 398 2363 non
420 2335 562 2367 intellexit,
579 2339 739 2369 comparatus
761 2339 798 2361 est
814 2335 938 2369 juntentis

142 2379 332 2417 insipientibus,
347 2386 370 2408 et
382 2381 471 2408 similis
486 2381 568 2415 [actus
582 2385 617 2407 est
638 2380 690 2407 illis
702 2380 712 2415 (
721 2379 793 2406 Psnl.
809 2380 853 2407 48.
868 2381 899 2407 13
914 2380 934 2416 ).

143 2427 194 2458 Eu.
210 2427 300 2460 homo,
316 2427 358 2454 cui
374 2427 508 2462 proprium
523 2427 605 2462 loqui,
619 2434 768 2454 sermonem
784 2434 837 2454 non
851 2434 936 2458 amas,

141 2479 166 2501 et
182 2481 296 2509 quanam
312 2472 473 2509 indulgentia
494 2473 668 2508 dignaberis?
681 2473 771 2504 Itaque
793 2473 858 2499 mihi
882 2480 936 2507 pm

142 2519 266 2546 omnibus
281 2519 366 2554 magis
387 2519 531 2546 necessarii
549 2519 614 2546 estis
636 2524 765 2554 quotquot
785 2519 817 2546 ad
832 2519 936 2546 virtutis

142 2572 293 2594 sermonem
307 2564 488 2596 advolavistis,
503 2569 529 2591 et
542 2565 631 2592 omnia
646 2565 736 2592 divino
748 2566 830 2592 verbo
844 2569 934 2600 poste-

142 2613 213 2639 riora
228 2612 352 2639 duxistis.
374 2611 430 2646 Age
444 2618 508 2646 ergo
532 2619 581 2638 nos
599 2619 704 2646 quoque
726 2619 781 2638 rem
797 2611 935 2646 aggredia-

143 2663 219 2691 mur,
233 2663 312 2693 atque
327 2658 358 2684 iis
368 2679 375 2691 ,
391 2665 449 2693 qua:
464 2665 548 2692 nuper
562 2657 675 2684 diximus
687 2677 694 2690 ,
710 2657 846 2692 sequentia
869 2665 935 2685 con-

142 2710 289 2733 nectamus.
306 2705 394 2733 Debeo
408 2705 478 2732 enim
492 2705 566 2732 vobis
577 2724 585 2738 ,
601 2710 682 2740 atque
703 2705 761 2739 ipse
784 2705 845 2732 laeto
859 2705 935 2732 vobis

173 2772 210 2804 (α)
225 2770 313 2798 collata
330 2775 450 2804 milites.
473 2772 553 2803 ttegiis
570 2770 642 2801 2027,
661 2775 688 2796 et
696 2771 775 2804 “2m,
787 2771 828 2804 qul
839 2771 935 2796 mendis

140 2802 228 2828 scatet.
241 2808 316 2834 atque
326 2804 358 2828 ita
378 2802 460 2828 differt
467 2804 499 2828 ab
509 2802 619 2828 editione
630 2802 730 2834 Morelli,
740 2806 767 2827 ut
778 2802 824 2827 alia
836 2808 936 2833 prorsus

141 2834 220 2859 series
241 2833 359 2865 videatur.
378 2834 475 2859 Multum
494 2835 555 2858 item
574 2833 760 2865 variatfsvilius
772 2840 847 2865 :_qua:
858 2839 936 2865 magis

141 2866 279 2890 necessaria
289 2864 433 2891 videbantur
444 2865 588 2890 notavimus.
602 2863 670 2889 savii.
684 2865 719 2888 sic
733 2863 829 2889 titulum
841 2863 913 2891 ell'er't
925 2869 931 2888 :

147 2898 177 2919 Iw
185 2894 322 2927 pulum-usi“
330 2899 353 2921 α
362 2896 392 2921 ἀι
399 2895 548 2927 ρΙρριιιοευηη
560 2895 657 2920 Immitis
665 2897 744 2920 unde.

985 1181 1075 1208 animo
1089 1181 1207 1209 debitum
1228 1183 1351 1218 persolvo
1365 1191 1372 1210 :
1389 1191 1442 1212 non
1457 1185 1527 1212 enim
1543 1185 1569 1213 id
1587 1186 1650 1214 mihi
1667 1187 1781 1222 inopiam

985 1227 1073 1259 affert,
1088 1227 1136 1255 sed
1149 1227 1254 1256 divitias
1272 1229 1381 1264 colligit.
1394 1229 1422 1259 lu
1437 1231 1553 1258 externis
1568 1233 1681 1267 negotiis
1696 1241 1710 1260 a
1724 1241 1781 1261 cre-

984 1272 1116 1301 ditoribus
1129 1273 1263 1303 debitores
1278 1275 1381 1311 fugiunt
1392 1297 1399 1310 ,
1411 1284 1464 1312 quo
1483 1277 1570 1304 minus
1585 1279 1717 1313 reddant;
1733 1288 1782 1315 ego

984 1326 1049 1346 vero
1076 1327 1231 1356 persequor,
1247 1326 1276 1349 ut
1295 1323 1423 1350 reddam:
1440 1327 1465 1350 et
1478 1325 1573 1352 merito
1586 1326 1705 1360 quidem.
1717 1327 1781 1354 Nam

985 1365 1084 1392 exteris
1098 1366 1123 1392 iu
1139 1367 1219 1395 rebus
1241 1368 1374 1396 restitutio
1396 1370 1512 1404 inopiam
1529 1372 1616 1405 parit;
1640 1372 1696 1407 ipsa
1719 1381 1782 1401 vero

986 1413 1118 1440 sermonis
1129 1413 1292 1449 dispensatio
1306 1415 1388 1451 gignit
1409 1416 1523 1444 divitias.
1539 1418 1659 1454 Exempli
1679 1427 1758 1447 causa
1774 1428 1781 1448 :

986 1457 1071 1486 debeo
1081 1459 1184 1486 cuidam
1197 1462 1334 1494 pecuniam
1348 1471 1355 1489 :
1366 1462 1388 1489 si
1400 1463 1563 1497 persolvero,
1575 1465 1666 1499 nequit
1675 1470 1702 1492 et
1713 1465 1782 1501 apud

986 1503 1061 1531 illum
1075 1512 1133 1531 esse
1148 1511 1227 1540 atque
1243 1507 1324 1534 etiam
1335 1508 1405 1542 apud
1419 1516 1476 1541 me,
1493 1509 1539 1536 sed
1554 1517 1568 1535 a
1581 1518 1624 1538 me
1638 1510 1782 1545 deficit-ns,

987 1548 1024 1575 illi
1039 1549 1170 1583 adhmsit;
1187 1558 1337 1578 sermonem
1351 1560 1415 1580 vero
1428 1553 1450 1580 si
1462 1555 1624 1588 persolvero,
1637 1560 1665 1583 et
1677 1564 1782 1584 mecum

987 1600 1120 1630 est.alque
1131 1604 1177 1624 vos
1190 1605 1284 1625 omnes
1299 1598 1401 1626 habetis
1413 1608 1419 1626 :
1433 1598 1454 1626 si
1470 1608 1624 1628 sermonem
1638 1603 1781 1636 retinuere,

988 1647 1074 1674 neque
1097 1642 1346 1675 communicavero,
1365 1648 1427 1672 tunc
1447 1645 1524 1680 inops
1547 1653 1625 1674 sum:
1642 1648 1664 1674 si
1679 1649 1782 1682 persol-

987 1693 1062 1719 vero,
1078 1690 1140 1714 tunc
1153 1687 1234 1715 ditior
1249 1688 1327 1722 fiam;
1341 1690 1363 1716 si
1382 1697 1433 1717 non
1449 1691 1604 1725 persolvero
1616 1699 1780 1725 sermonem.

988 1732 1061 1759 solus
1076 1733 1132 1767 ipse
1147 1733 1248 1761 ditesco
1264 1743 1270 1762 :
1287 1735 1309 1762 si
1325 1736 1496 1770 persolvero,
1513 1745 1573 1765 cum
1594 1740 1719 1767 omnibus
1733 1747 1781 1767 vo-

989 1777 1029 1804 bis
1043 1777 1156 1805 fructum
1173 1779 1271 1807 refero.

1024 1823 1115 1851 Multae
1129 1826 1176 1852 viae
1189 1827 1348 1860 pmnitenliw.
1365 1827 1490 1863 Exempla
1503 1835 1726 1865 proponuntur.—
1737 1831 1782 1859 Eia

988 1877 1051 1904 ergo
1064 1870 1182 1898 debitum
1203 1872 1355 1900 reddamus.
1368 1874 1499 1907 Quidnam
1520 1875 1545 1902 id
1565 1882 1605 1903 est
1619 1877 1629 1903 ?
1644 1877 1680 1904 De
1695 1878 1781 1912 paeni-

990 1916 1071 1943 tentia
1093 1924 1244 1944 sermonem
1260 1919 1421 1947 instituimus
1442 1928 1526 1955 nuper
1539 1929 1571 1949 ac
1584 1921 1700 1950 dixinius
1713 1925 1781 1958 quod

989 1961 1079 1988 multa:
1094 1963 1225 1997 varizequc
1244 1969 1305 1991 sunt
1319 1965 1483 1998 paenitentia:
1500 1967 1565 1999 viae,
1583 1968 1679 2002 quibus
1701 1968 1784 1996 facilis

990 2007 1066 2034 nobis
1088 2009 1160 2035 salus
1180 2009 1234 2036 fiat.
1252 2009 1317 2036 Nam
1338 2011 1360 2037 si
1381 2019 1460 2038 unam
1482 2012 1558 2039 nobis
1572 2013 1689 2041 dedisset
1714 2015 1783 2043 Deus

989 2053 1058 2080 viam
1071 2054 1242 2087 pauitantia},
1257 2055 1446 2090 repulissemus
1457 2065 1515 2085 eam
1529 2059 1629 2093 utique,
1643 2059 1760 2087 dicentes
1775 2069 1781 2087 :

989 2099 1134 2135 Nequimus
1164 2100 1233 2128 hanc
1257 2102 1378 2136 ingredi,
1408 2104 1505 2132 salvari
1533 2098 1682 2139 nequimus.
1710 2106 1784 2134 Nunc

990 2147 1074 2181 ipsam
1097 2146 1165 2174 hanc
1186 2152 1256 2174 tuam
1271 2153 1410 2183 amputans
1425 2149 1602 2185 objectionem
1613 2172 1619 2182 ,
1637 2159 1689 2179 non
1705 2161 1782 2180 uuam

990 2193 1035 2220 tibi
1048 2212 1056 2227 ,
1071 2201 1157 2229 neque
1170 2196 1315 2223 secundam
1327 2217 1334 2227 ,
1350 2204 1436 2232 neque
1452 2198 1555 2225 tertiam
1566 2220 1573 2231 ,
1586 2199 1634 2226 sed
1649 2199 1739 2233 plures
1753 2208 1784 2227 ac

988 2238 1110 2267 diversas
1124 2239 1216 2271 dedit,
1231 2249 1284 2276 quo
1297 2242 1465 2270 multitudine
1479 2243 1524 2270 tibi
1539 2244 1572 2271 ad
1585 2245 1679 2272 omlqu
1700 2245 1783 2272 facilis

989 2292 1116 2313 ascensus
1131 2287 1184 2313 liat.
1201 2287 1233 2314 Et
1246 2287 1401 2315 dicebamus
1413 2288 1515 2316 facilem
1529 2291 1723 2324 paenitentiam,
1737 2299 1783 2318 ne—

988 2340 1041 2367 que
1062 2341 1129 2360 onus
1151 2333 1177 2360 in
1193 2341 1223 2362 ea
1237 2342 1307 2361 esse.
1323 2334 1452 2362 Peccator
1463 2343 1493 2363 es
1506 2336 1517 2361 ’ἔ
1535 2336 1675 2364 ecclesiam
1695 2337 1782 2372 ingre-

988 2377 1053 2405 dere
1066 2387 1073 2405 :
1087 2378 1138 2411 dic,
1154 2379 1275 2413 Peccavi,
1287 2384 1314 2407 et
1326 2381 1429 2408 solvisti
1443 2386 1590 2415 peccatum.
1604 2382 1783 2409 Produximus

988 2425 1058 2452 enim
1074 2429 1228 2459 peccantem
1243 2426 1339 2459 David,
1356 2431 1383 2454 et
1392 2427 1538 2454 solventem
1554 2431 1703 2462 peccatum.
1717 2428 1784 2455 Hine

988 2471 1132 2498 secundam
1148 2471 1310 2506 subjecimus
1325 2473 1403 2504 viam,
1416 2480 1496 2507 super
1511 2478 1648 2507 peccatum
1662 2473 1742 2506 llere,
1757 2479 1784 2501 et

987 2517 1106 2544 diximus
1118 2526 1124 2544 :
1138 2518 1267 2551 Quisnam
1282 2518 1325 2546 hic
1337 2519 1431 2546 labor?
1446 2528 1498 2546 non
1512 2520 1651 2554 pecuniam
1665 2528 1733 2555 opus
1745 2520 1784 2548 ef-

987 2561 1107 2596 fundere,
1122 2571 1174 2590 non
1190 2564 1282 2599 longas
1296 2565 1334 2592 ire
1346 2564 1413 2597 vias,
1428 2573 1514 2600 neque
1528 2566 1600 2593 aliud
1611 2566 1674 2601 quid
1685 2574 1781 2601 agere,

987 2609 1033 2636 sed
1049 2615 1185 2643 peccatum
1208 2609 1273 2638 ﬂere
1293 2611 1443 2638 dumtaxat.
1460 2612 1516 2639 Hoc
1530 2612 1564 2640 de
1582 2612 1718 2647 Scriptura
1741 2613 1782 2640 in-

987 2655 1122 2688 duximus,
1131 2656 1202 2690 quod
1218 2656 1244 2684 in
1258 2657 1366 2684 Achaab
1382 2657 1453 2685 Deus
1466 2658 1608 2686 consilium
1622 2660 1739 2691 mutarit,
1750 2667 1781 2686 co

987 2702 1056 2736 quod
1071 2701 1190 2734 ﬂeverit,
1208 2703 1280 2737 quod
1301 2708 1412 2731 mwslus
1435 2704 1532 2735 fuerit;
1546 2709 1626 2738 atque
1650 2704 1701 2732 hoc
1727 2705 1780 2738 ipse

986 2746 1093 2775 dicebat
1102 2747 1167 2775 Elia:
1177 2747 1281 2775 :Vidisli
1290 2754 1315 2775 ut
1324 2749 1449 2776 incesserit
1459 2749 1558 2776 Achaub
1568 2758 1652 2776 coram
1660 2758 1698 2776 me
1707 2750 1779 2784 ﬂens,

987 2794 1203 2821 “conuiuatus?
1219 2795 1278 2822 Non
1305 2795 1398 2828 faciam
1413 2796 1549 2823 secundum
1572 2797 1638 2823 iram
1661 2805 1740 2823 meum
1758 2796 1776 2828 ‘,

1021 2893 1031 2913 ι
1046 2898 1072 2920 In
1081 2894 1160 2925 επὶ-31η
1174 2894 1306 2921 secundum
1317 2895 1380 2921 iram
1389 2902 1466 2922 mecm
1475 2902 1547 2928 quam
1559 2895 1622 2921 dixi.
