1978 3130
170 177 224 204 295

180 225 222 261 (3.
252 223 354 259 Regum
386 223 434 251 2L
473 221 532 256 29).
546 220 615 249 Hinc
625 220 731 248 tertiam
745 219 866 247 dedimus
878 221 963 255 poeni—

177 269 262 296 tentia:
276 269 348 295 viam
359 267 383 302 ',
409 275 442 296 ac
454 268 488 295 de
510 267 647 301 Scriptum
664 266 827 294 Pharisatum
842 266 965 293 duximus

177 316 204 342 in
217 314 329 342 medium
340 335 349 346 ,
373 314 452 341 simul
467 318 494 342 et
512 313 683 348 publicanum
702 320 710 339 :
724 312 795 347 quod
811 311 961 339 Phariszcus

178 360 281 395 quidem
293 359 410 394 superbe
425 360 510 386 elatus
521 379 529 391 ,
540 367 555 386 a
568 358 669 392 iustitia
680 357 809 385 exciderit
822 366 830 390 ;
845 356 965 392 publica-

180 414 228 433 nus
239 413 303 432 vero
321 405 459 432 humiliter
475 405 607 437 sentiens,
622 404 734 431 fructum
753 403 862 438 justitiae
876 410 966 430 susce-

178 451 255 485 perit,
281 458 370 485 neque
393 450 446 477 ullo
468 455 592 484 suscepto
623 449 714 477 labore
733 449 891 484 jnstilicatus
908 449 964 476 sit:

180 497 257 525 verba
270 497 344 524 dedit
359 517 367 530 ,
382 504 426 524 res
447 496 561 531 accepit.
578 497 634 530 Age
655 503 719 530 ergo
732 500 848 529 ominum
870 502 966 529 sequa-

181 551 247 573 qur,
263 547 290 569 et
312 546 433 577 quartam
457 541 623 576 proferamus
644 541 807 576 paenitentiae
835 541 917 568 viam.
934 540 968 567 Et

180 597 300 623 quamam
315 596 346 615 ea
361 588 426 616 est?
442 588 619 623 Eleemosyua
632 608 638 620 ,
657 587 747 622 regina
759 590 967 620 vtrtutum,qu:e

182 635 301 662 homines
315 634 454 662 celerrime
472 633 589 667 ipsorum
606 633 632 660 in
655 632 781 660 caelorum
801 639 865 659 axes
883 632 967 659 addu-

182 681 217 707 cit
229 681 240 697 '
260 679 382 707 advocati
408 679 500 714 optimi
523 678 581 706 loco
595 678 716 713 fungens.
731 678 823 712 Magna
840 686 884 705 res
897 678 968 705 elee~

183 733 292 761 tnosyna
307 734 315 758 ;
327 729 466 760 propterea
477 725 607 752 clamabat
621 730 648 752 et
661 724 807 752 Salomon:
821 724 917 760 Magna
929 733 969 751 res

182 771 266 802 Itomo,
281 775 305 797 et
318 771 427 806 pretiosa
438 770 475 797 vir
489 771 629 797 misericors
645 770 797 806 (Prov.20.
813 770 855 804 6).
869 770 969 805 Magna:

184 821 245 843 sunt
255 815 305 842 alae
313 816 491 851 eleemosynaa
501 823 509 842 :
520 816 639 850 praecidit
648 823 749 848 aerem,
765 816 859 843 transit
869 816 968 849 lunam,

184 861 246 889 solis
260 860 351 888 radios
366 860 481 894 excedit,
491 860 525 887 ad
537 861 622 895 ipsum
636 860 708 888 venit
718 860 843 888 caelorum
853 861 969 889 culmen.

184 907 236 935 Sed
249 914 299 934 nec
312 906 367 934 illic
381 906 503 934 subsistit
517 927 524 939 ,
541 907 615 941 ipsos
635 907 815 941 pertransiens
832 907 913 935 ca'los
923 928 930 940 ,
944 913 971 934 et

183 951 337 987 angelorum
351 955 452 978 turmas
459 951 614 984 decurrens,
628 952 898 987 archangelorumque
908 953 972 979 cho-

184 1005 237 1030 ros,
251 1001 279 1024 et
292 1003 388 1024 omnes
402 997 554 1031 superiores
567 1001 723 1031 potestates,
741 997 790 1031 ipsi
813 997 914 1024 assistit
926 1006 970 1025 re-

183 1043 233 1078 gali
245 1042 345 1070 throno
359 1051 366 1069 :
379 1041 452 1077 quod
465 1050 498 1069 ex
510 1042 568 1076 ipsa
590 1041 663 1069 disce
677 1042 813 1077 Scriptura
827 1051 834 1070 ε
849 1042 948 1070 Corneli
963 1063 970 1075 ,

184 1090 363 1124 eleemosynte,
388 1089 489 1124 inquit,
512 1093 535 1115 et
559 1089 683 1115 orationes
698 1093 748 1115 tua:
768 1089 932 1116 ascenderunt
946 1089 972 1116 in

183 1139 316 1169 conspectu
326 1133 376 1161 Dei
382 1133 496 1170 (Aemo.
503 1134 540 1168 4).
547 1133 612 1161 lllud
620 1138 719 1167 autem,
730 1133 764 1160 In
772 1139 905 1168 conspectu
914 1133 971 1167 Dei,

184 1184 233 1214 est,
243 1179 352 1207 tametsi
379 1179 461 1206 multa
476 1179 602 1206 habueris
627 1183 746 1213 peccata,
772 1179 795 1206 si
819 1179 972 1206 advocatrix

184 1226 356 1261 eleemosyna
372 1225 417 1258 sit,
437 1232 471 1252 ne
491 1224 596 1251 timeas.
621 1224 696 1251 Nulla
712 1225 783 1252 enim
799 1232 834 1251 ex
850 1226 973 1259 supernis

185 1271 360 1304 potestatibus
385 1270 447 1297 huic
471 1270 570 1297 resistit
583 1278 590 1296 :
605 1269 721 1297 debitum
737 1270 870 1305 reposcit,
886 1269 974 1298 chiro-

184 1316 312 1350 graphum
324 1323 402 1343 suum
414 1315 536 1342 manibus
550 1319 667 1349 gestans.
683 1315 771 1349 Ipsius
784 1315 854 1342 enim
869 1315 972 1342 Domini

185 1368 225 1390 cst
237 1371 289 1390 vox
298 1367 325 1390 ²;
342 1363 373 1390 Si
386 1363 442 1397 quis
458 1362 544 1397 fecerit
553 1363 596 1389 uni
610 1370 642 1389 ea:
654 1362 763 1389 minimis
778 1362 827 1395 Itis,
839 1361 900 1388 mihi
914 1361 974 1398 fecit

186 1409 288 1443 (Matth.
300 1408 411 1443 25.50).
427 1408 464 1435 Ita
479 1415 545 1444 ergo
559 1411 688 1442 quotquot
706 1407 756 1434 alia
771 1407 896 1436 habueris
909 1415 973 1443 pec-

185 1460 252 1488 cata,
265 1455 434 1490 eleemosyna
448 1459 491 1481 tua
503 1454 628 1482 omnibus
638 1459 678 1481 est
692 1454 808 1488 gravior.

218 1500 245 1526 2.
262 1500 353 1526 Oleum
366 1505 402 1526 est
412 1500 570 1534 elemosyna
583 1507 641 1534 qute
652 1500 761 1535 quinque
773 1499 912 1534 virginibus
927 1501 969 1536 fa-

185 1546 233 1573 tuis
242 1546 385 1580 deﬁciebat.
394 1560 428 1565 ——
437 1545 532 1573 Annon
539 1545 692 1573 intellexisti
702 1546 728 1572 ii.
735 1546 872 1581 evangelio
880 1546 972 1574 decem

190 1592 319 1627 virginum
330 1591 495 1627 parabolam,
505 1591 575 1626 quod
592 1591 787 1626 eleemosyuam
804 1600 856 1619 non
871 1592 973 1620 haben-

187 1644 234 1670 tes,
249 1639 431 1674 virginitatem
443 1639 503 1666 licet
515 1643 663 1671 servarent,
678 1643 752 1665 extra
768 1638 912 1666 thalamum
924 1647 974 1665 nn-

187 1686 293 1721 ptialem
303 1685 479 1712 manserunt?
493 1684 573 1712 Erant
586 1685 667 1716 enim,
685 1685 780 1719 inquit,
794 1685 879 1711 decem
893 1685 973 1720 virgi-

186 1741 238 1765 nes,
246 1732 356 1767 quinque
369 1733 448 1768 fatui:
461 1736 485 1758 et
510 1731 618 1766 quinque
639 1731 772 1766 prudentes
787 1730 797 1768 (
812 1730 878 1758 Ibid.
903 1740 928 1759 υ.
944 1732 972 1759 2.

186 1776 202 1805 3
215 1777 225 1813 )
241 1777 405 1812 :prudentes
423 1776 529 1811 quidem
541 1776 629 1803 oleum
643 1776 775 1804 habebant
784 1797 791 1808 ,
806 1777 895 1804 stulta:
908 1785 973 1804 vero

185 1830 235 1849 non
249 1822 385 1849 habebant
394 1822 491 1853 oleum,
508 1820 555 1848 sed
568 1829 658 1848 earum
670 1821 807 1856 lampades
820 1822 988 1857 exstingue—.

186 1868 290 1894 buntur.
308 1867 474 1894 Accedentes
490 1871 578 1893 autem
592 1866 679 1893 stultae
691 1866 723 1893 ad
739 1867 882 1901 prudentes
897 1867 973 1894 dixe—

185 1916 262 1939 runt:
276 1911 345 1938 Date
360 1912 430 1938 nobis
447 1911 528 1938 oleum
541 1911 573 1937 de
594 1911 660 1938 vasis
676 1912 763 1938 vestris
773 1911 826 1946 (Ib.
841 1920 864 1939 v.
874 1912 974 1947 8).l’u~

185 1958 229 1984 det
250 1965 293 1984 me
319 1961 348 1984 et
363 1957 462 1984 rubore
480 1956 628 1984 conl‘undor
652 1962 678 1984 et
696 1957 828 1993 lacrymor
842 1959 971 1993 virginem

185 2002 292 2029 stultam
313 2002 435 2029 audiens.
460 2002 595 2030 Erubesce
609 2010 670 2029 cum
683 2003 762 2031 audio
779 2011 874 2030 nomen
889 2025 896 2037 ,
913 2010 973 2039 post

186 2047 263 2074 talem
280 2048 452 2079 virtutem,et
462 2047 618 2082 virginitatis
633 2048 759 2081 studium,
777 2049 821 2076 ubi
835 2057 932 2084 corpus
947 2051 973 2077 in

183 2094 278 2121 celum
296 2098 448 2125 erexerant,
465 2093 509 2120 ubi
524 2101 584 2121 cum
602 2094 666 2128 ipsis
686 2096 807 2129 supernis
832 2095 974 2123 virtutibus

184 2145 319 2167 certamen
348 2138 494 2165 habuerant
509 2158 516 2170 ,
537 2142 683 2173 aestumque
713 2139 911 2173 toleraverant,
928 2141 973 2168 ubi

184 2185 267 2219 ipsam
278 2184 425 2218 voluptatis
440 2183 574 2211 ﬂammam
591 2183 838 2217 conculcaveranh,
856 2191 918 2213 tunc
932 2185 974 2212 fa-

186 2235 247 2262 tuze,
261 2234 288 2257 et
302 2230 363 2263 jure
386 2228 465 2256 fatua:
490 2229 661 2261 vocabantur,
677 2230 746 2264 quod
762 2230 847 2264 majus
861 2239 920 2258 cum
940 2231 975 2259 fec

185 2275 297 2309 sissent,
311 2283 326 2301 a
335 2274 440 2301 minore
451 2274 526 2301 victm
539 2274 600 2301 sint.
610 2273 644 2302 Et
656 2275 800 2302 accedentes
811 2275 889 2310 [atate
901 2277 973 2304 dixe-

210 2357 217 2372 '
240 2360 322 2393 savil.,
332 2360 388 2385 tunc
399 2359 581 2393 monstravimus
588 2359 683 2393 tertiam
692 2361 836 2393 mentientia:
845 2362 916 2387 tiam.

209 2393 218 2404 ’
239 2391 311 2426 Savil.
329 2394 355 2426 et
375 2395 442 2426 neg.,
456 2397 511 2422 qua:
532 2390 643 2416 celeriter
660 2390 737 2423 aperit
757 2399 816 2418 axes
835 2394 950 2419 ueterum
964 2402 974 2421 :

183 2426 284 2454 utraque
295 2422 370 2447 lectio
379 2422 489 2452 quadrat.
501 2451 506 2457 ι
745 2453 750 2458 .

198 2452 222 2487 Η*
240 2458 304 2487 _s'av.,
318 2452 487 2487 ascenderunt,
497 2458 523 2477 in
534 2451 729 2487 memoraculum,
740 2460 766 2478 tn
777 2458 903 2487 conspectu
920 2461 972 2482 Det.

184 2484 250 2517 illud
260 2490 323 2511 vero.
340 2492 350 2505 ι
360 2482 384 2507 in
396 2486 522 2517 conspectu
534 2483 577 2508 Dei
586 2491 596 2505 ι
613 2483 656 2508 hoc
668 2488 720 2517 est;
734 2482 838 2517 rantetsi
846 2487 920 2511 multa
931 2487 974 2512 ha-

183 2515 261 2539 bueris
274 2517 380 2545 peccata,
394 2513 597 2545 sieleemosynam
611 2518 690 2539 tecum
706 2514 779 2540 habes
796 2515 972 2544 advocatricem

182 2552 209 2570 ne
220 2543 313 2571 (inuitis.
326 2544 396 2576 inﬂa
405 2543 469 2576 enim
480 2550 511 2568 ea:
523 2543 633 2576 supernis
646 2545 798 2576 potestatibus
810 2546 865 2572 huic
876 2548 972 2574 resistit.

185 2585 194 2609 ξ
208 2575 376 2609 misericordia
382 2574 505 2605 judicium
515 2574 609 2609 deridet
618 2574 650 2609 is
658 2579 694 2609 et.
709 2576 819 2609 «redime
825 2582 923 2609 peccatu
933 2583 975 2604 tua

182 2607 204 2631 in
214 2605 388 2640 eleemmynis,‘
401 2614 420 2640 In
428 2609 461 2640 etl
472 2605 609 2640 ¢_quaoidiu
617 2606 706 2637 fecistis
718 2607 758 2640 uni
767 2614 799 2640 ea;
810 2605 848 2633 his
858 2610 974 2640 fratribus

181 2638 244 2671 meis
249 2635 364 2666 minimis,
377 2635 439 2671 mihi
447 2635 544 2670 fecistis.
555 2645 569 2671 »ν
579 2635 635 2671 om
646 2640 669 2671 et
677 2637 811 2671 multa_alia
822 2635 928 2671 reperire
940 2645 975 2666 est

183 2671 211 2693 de
222 2669 373 2698 elemosyna
390 2667 499 2701 scripta,-
509 2666 570 2691 sicut
589 2667 692 2701 loquitur
707 2669 839 2700 Scriptura.
849 2666 972 2697 'Debitum

182 2706 209 2723 en
218 2706 242 2722 m
252 2697 328 2724 suum
335 2697 447 2730 reposcit,
460 2697 646 2730 chirographum
661 2697 764 2730 gestans
773 2704 882 2726 sanctum
898 2707 973 2727 Evan-

181 2729 372 2762 gelium._tpstus
390 2728 455 2762 enim
471 2728 565 2762 Domini
585 2733 619 2762 est
633 2728 687 2762 1902c,
700 2734 747 2754 etc.
768 2734 793 2755 tn
810 2734 974 2762 sequentibus

184 2758 240 2793 item
251 2758 317 2784 nulla
329 2765 397 2790 pene
408 2758 513 2793 clausula
526 2762 573 2793 est.
584 2760 610 2793 in
619 2766 666 2793 qua
675 2760 741 2793 inter
753 2758 880 2793 utramque
892 2764 974 2788 discri-

184 2792 245 2815 mina
257 2797 305 2815 non
314 2789 451 2814 occurrant.
464 2789 508 2814 sed
519 2789 635 2814 sincerior
645 2791 740 2815 videtur
752 2789 898 2818 Metelli-ante
915 2801 973 2819 con-

183 2825 269 2846 textus.
281 2826 339 2845 cum
353 2827 413 2844 vero
424 2821 518 2846 nonnisi
530 2822 690 2846 exscribenda
699 2825 775 2847 totum
785 2823 908 2849 saviliante
916 2832 974 2850 con-

182 2856 281 2879 textum.
290 2852 373 2876 omnia
381 2851 498 2881 possimus
508 2855 633 2877 annotare.
642 2852 665 2877 id
678 2854 800 2878 monuisse
808 2855 867 2879 satis
879 2860 943 2881 esto.

208 2887 216 2896 ι
235 2884 272 2908 sic
281 2883 359 2907 habet
367 2885 421 2915 ξεν.
431 2882 573 2911 tegebatur,
584 2881 735 2915 laboremque
746 2888 852 2915 egerant.
865 2890 914 2911 Mox
928 2886 972 2912 dc-

179 2918 230 2941 ent
239 2920 296 2944 vox,
305 2912 459 2943 vocabuntur,
471 2919 542 2944 quam
552 2919 582 2938 ex
596 2912 680 2939 Savilio
693 2912 850 2947 resoluimus.

764 174 808 202 DE
825 173 1065 201 ELEEMOSYNA.
1080 173 1195 202 HOMIL.
1215 174 1259 202 Ill.

1751 177 1804 207 294

1019 225 1075 246 runt
1089 221 1241 255 sapientibus
1253 228 1263 247 .'
1275 219 1340 247 Date
1355 221 1424 248 nobis
1439 221 1521 249 oleum
1529 222 1559 249 de
1568 223 1632 250 vasis
1646 224 1740 250 vestris.
1758 223 1806 252 [Le

1017 271 1099 293 autem
1122 266 1239 304 dixerunt
1254 274 1264 294 :
1278 266 1339 293 Non
1364 275 1496 302 possumus
1520 270 1587 296 vobis
1611 270 1681 302 dare,
1697 278 1727 296 ne
1740 270 1805 304 forte

1017 319 1068 338 non
1080 312 1186 347 sufficiat
1203 312 1274 339 nobis
1286 316 1308 338 et
1320 313 1387 339 vobis
1400 313 1409 348 (
1423 312 1513 340 Matth.
1529 314 1573 341 25.
1590 315 1616 341 8.
1631 315 1647 342 9
1661 317 1668 349 )
1684 324 1690 341 :
1705 323 1756 342 non
1773 324 1804 342 ex

1017 357 1186 385 inclementia
1207 358 1250 385 vel
1273 358 1441 393 improbitate
1456 358 1481 386 id
1495 365 1603 394 agentes
1614 380 1622 392 ,
1636 360 1683 388 sed
1697 366 1803 396 propter

1018 405 1144 438 temporis
1167 404 1302 438 angustias
1324 413 1330 430 :
1356 409 1483 431 venturus
1503 405 1574 432 enim
1598 411 1655 433 erat
1678 414 1800 441 sponsus.

1018 449 1153 476 Habebam
1165 455 1191 477 et
1205 450 1268 484 ipsa:
1281 450 1433 484 lampades;
1447 450 1493 478 sed
1508 450 1611 478 illarum
1624 451 1729 486 quidem
1742 459 1805 479 vasa

1019 495 1106 521 oleum
1122 494 1263 528 habebant,
1279 495 1371 522 harum
1386 503 1451 522 vero
1462 503 1514 522 non
1529 495 1670 524 habebant.
1686 497 1755 532 Ignis
1767 501 1808 524 est

1019 540 1175 574 virginitas,
1197 540 1284 567 oleum
1310 546 1397 567 autem
1420 546 1460 568 est
1483 541 1654 577 eleemosyna
1668 551 1676 575 ;
1691 550 1752 569 nam
1778 548 1806 569 ut

1019 585 1087 619 ignis
1097 605 1104 618 ,
1118 585 1168 612 nisi
1183 585 1270 612 oleum
1286 585 1422 613 destillans
1439 585 1550 618 habeat,
1567 587 1636 621 perit
1652 594 1659 619 ;
1675 588 1713 614 sic
1726 587 1807 622 virgi-

1020 631 1088 658 nitas
1098 652 1105 662 ,
1120 631 1170 658 nisi
1183 631 1350 666 conjunctam
1370 632 1465 659 habeat
1478 632 1672 668 eleemosynam
1683 654 1690 663 .
1705 634 1807 660 exstinv

1020 677 1116 712 guitur.
1133 676 1197 704 Date
1215 677 1285 704 nobis
1301 678 1384 704 oleum
1398 678 1429 705 de
1442 679 1508 705 vasis
1524 680 1621 706 vestris.
1637 680 1671 706 At
1684 679 1736 706 ilhe
1761 687 1801 706 re-

1020 722 1185 756 sponderunt
1204 723 1268 757 ipsis
1284 731 1290 749 :
1307 722 1363 750 Non
1379 731 1520 758 possumus
1535 724 1611 752 vobis
1618 724 1692 752 dare.
1706 725 1740 752 Et
1756 733 1810 752 non

1021 768 1127 795 malitia:
1141 768 1204 795 illud
1215 769 1324 796 verbum
1334 789 1342 800 ,
1356 768 1402 796 sed
1417 769 1517 796 timoris
1534 778 1540 796 :
1559 769 1601 796 Ne
1610 772 1675 805 forte
1689 779 1740 797 non
1751 773 1809 805 suf-

1022 813 1090 847 ﬁciat
1109 813 1180 840 nobis
1193 818 1215 840 et
1234 814 1303 840 vobis
1317 821 1370 841 :ne
1392 814 1458 841 forte
1473 814 1695 849 quemadmodum
1716 823 1810 843 omnes

1023 858 1122 885 intrare
1140 859 1299 892 quaerimus,
1313 866 1407 886 omnes
1423 867 1623 893 remaneamus;
1636 861 1680 887 sed
1692 861 1811 888 abeuntes

1022 903 1095 929 emite
1117 903 1186 930 vobis
1205 911 1221 929 α
1239 903 1410 931 vendentibus.
1424 904 1535 938 Quinam
1563 910 1625 932 sunt
1649 911 1812 934 mercatores

1022 949 1073 976 olei
1098 949 1339 983 hujus?Puuperes
1361 951 1394 977 ad
1415 951 1612 987 eleemosyuam
1637 959 1686 987 pro
1711 951 1812 980 foribus

1022 994 1142 1021 ecclesia!
1152 994 1285 1022 sedentes.
1300 995 1333 1022 Et
1347 996 1437 1030 quanti
1451 996 1566 1023 emitur?
1581 996 1675 1031 Quanti
1688 997 1810 1025 libuerit:

1023 1041 1137 1074 pretium
1153 1048 1205 1067 non
1216 1048 1330 1075 appono,
1343 1049 1375 1068 ue
1390 1041 1500 1075 objicias
1515 1042 1642 1077 inopiam.
1654 1043 1750 1076 Quanti
1765 1051 1812 1078 pn-

1024 1091 1074 1118 tes,
1089 1086 1153 1114 tanti
1167 1094 1236 1114 eme.
1251 1087 1337 1114 Habes
1348 1087 1472 1114 obolnm?
1483 1095 1542 1115 eme
1555 1088 1660 1121 cteluut,
1676 1098 1727 1117 non
1741 1090 1811 1125 quod

1023 1133 1066 1159 vili
1082 1133 1166 1166 pretio
1179 1134 1271 1160 venale
1295 1133 1329 1161 sit
1347 1134 1459 1167 caelum,
1480 1134 1527 1162 sed
1545 1135 1615 1170 quod
1638 1136 1756 1163 clemens
1778 1137 1812 1163 sit

1025 1176 1162 1204 Dominus.
1183 1177 1240 1204 Non
1266 1177 1347 1205 habes
1366 1179 1499 1206 obolum?
1522 1179 1555 1207 da
1579 1181 1688 1208 calicem
1712 1182 1813 1216 frigidm

1024 1230 1100 1256 aqua:
1114 1231 1121 1249 :
1136 1223 1222 1258 inquit
1236 1224 1306 1250 enim
1321 1234 1328 1252 :
1343 1223 1497 1260 Quicumque
1515 1225 1611 1253 dederit
1626 1227 1670 1253 uni
1688 1235 1719 1254 ea:
1739 1228 1809 1254 mini-

1025 1268 1072 1294 mis
1091 1268 1144 1295 istis
1158 1269 1262 1295 calicem
1274 1277 1346 1303 aqua:
1359 1270 1460 1305 frigida:
1473 1275 1575 1305 propter
1594 1280 1648 1305 me,
1663 1281 1712 1299 non
1730 1273 1814 1308 perdet

1025 1313 1163 1340 mercedem
1184 1322 1257 1341 suam
1279 1315 1387 1352 (Matth.
1400 1315 1443 1343 Η).
1454 1315 1510 1347 42).
1530 1316 1675 1345 Mercatura
1691 1319 1811 1354 negotia-

1025 1357 1113 1392 tioque
1126 1359 1219 1386 caelum
1238 1364 1295 1392 est,
1309 1364 1337 1388 et
1356 1368 1405 1387 nos
1417 1361 1583 1396 pigritamur.
1602 1363 1638 1390 Da
1659 1371 1772 1398 panem,
1787 1367 1814 1390 et

1024 1405 1115 1439 accipe
1135 1405 1285 1440 paradisum
1302 1415 1309 1433 :
1331 1415 1409 1441 parva
1424 1408 1467 1441 da,
1483 1413 1510 1435 ct
1529 1417 1624 1444 magna
1639 1412 1742 1446 suscipe
1757 1422 1764 1440 :
1779 1413 1812 1440 da

1025 1450 1145 1476 mortalia
1158 1471 1165 1482 ,
1189 1450 1346 1479 immortalia
1371 1453 1460 1487 recipe
1477 1462 1483 1480 :
1500 1453 1532 1482 da
1553 1456 1751 1490 corruptibilia,
1773 1459 1814 1484 in-

1025 1496 1206 1531 corruptibilia
1220 1498 1321 1532 accipe.
1335 1498 1363 1525 Si
1377 1503 1467 1526 essent
1481 1500 1605 1528 nundinze
1628 1505 1707 1537 atque
1731 1503 1756 1530 in
1783 1504 1815 1531 iis

1026 1549 1138 1569 annonae
1152 1542 1240 1570 vilitas
1258 1548 1285 1571 et
1307 1543 1485 1578 abundantia,
1498 1546 1632 1581 multaque
1646 1555 1727 1582 parvo
1742 1557 1815 1577 eme-

1026 1592 1136 1619 rentur,
1158 1595 1246 1615 annon
1273 1589 1447 1617 substantiam
1473 1590 1638 1625 vendentes,
1667 1599 1814 1629 cunctaque

1027 1637 1225 1667 postponentes,
1238 1634 1264 1661 in
1282 1639 1382 1669 partem
1397 1635 1454 1670 ejus
1468 1637 1653 1671 negotiationis
1668 1640 1814 1668 veniretis?

1026 1677 1075 1705 Ubi
1090 1679 1268 1714 corruptibilia
1291 1685 1362 1712 sunt,
1376 1686 1450 1708 tanto
1468 1682 1555 1710 studio
1570 1683 1693 1711 laboratis
1707 1693 1713 1710 :
1729 1689 1757 1712 et
1769 1685 1814 1713 ubi

1025 1724 1182 1753 immortalis
1205 1731 1246 1753 est
1265 1727 1426 1762 negotiatio,
1451 1728 1627 1763 pigritamiui,
1648 1735 1727 1765 atque
1747 1731 1814 1759 adeo

1024 1772 1185 1799 conciditis?
1200 1772 1237 1799 Da
1261 1773 1353 1808 inopi,
1365 1777 1410 1806 ut,
1427 1775 1547 1810 quamvis
1570 1780 1596 1803 tu
1616 1777 1747 1810 tacueris,
1767 1786 1814 1806 ora

1026 1825 1074 1852 pro
1099 1822 1124 1846 te
1146 1819 1324 1854 respondeant
1345 1820 1456 1853 inﬁnita,
1473 1821 1642 1858 eleemosyna
1663 1827 1707 1850 tua
1728 1828 1815 1852 stante

1025 1871 1056 1890 ac
1071 1864 1255 1898 patrocinante
1271 1873 1277 1891 :
1294 1865 1406 1899 pretium
1426 1866 1615 1901 redemptionis
1630 1868 1725 1896 anima:
1743 1869 1814 1896 elec-

1025 1918 1136 1946 mosyna
1158 1915 1208 1938 est.
1235 1911 1297 1939 ldeo
1310 1912 1532 1946 quemadmodum
1553 1921 1614 1941 vasa
1635 1922 1710 1948 aqua:
1735 1915 1814 1949 plena

1026 1963 1074 1990 pro
1087 1955 1186 1983 foribus
1197 1957 1315 1983 ecclesiae
1331 1959 1339 1972 ‘
1353 1963 1431 1989 sunt,
1447 1965 1500 1992 quo
1514 1965 1608 1985 manus
1629 1959 1701 1986 laves
1713 1980 1720 1992 ,
1736 1960 1775 1987 sic
1788 1965 1816 1988 et

1026 2008 1155 2035 pauperes
1169 2009 1216 2036 pro
1225 2003 1335 2029 ecclesia
1349 2003 1452 2034 sedent.
1460 2008 1489 2030 ut
1496 2004 1592 2031 auinue
1606 2012 1700 2033 manus
1709 2005 1811 2033 abluas.

1026 2046 1100 2081 Aqua
1124 2055 1217 2074 manus
1241 2055 1383 2082 corporeus
1405 2049 1697 2085 lavisti?eleemosyna
1719 2060 1814 2080 manus

1025 2092 1121 2118 animae
1140 2092 1208 2119 lava.
1230 2092 1270 2120 Ne
1295 2093 1409 2127 inopiam
1435 2094 1603 2128 praetendas:
1620 2095 1697 2122 vidua
1719 2096 1744 2123 in
1763 2105 1812 2124 ex-

1026 2140 1110 2164 trema
1124 2142 1277 2172 paupertate
1288 2138 1373 2166 Eliam
1389 2139 1571 2173 hospitabatur
1585 2141 1622 2176 (5.
1635 2141 1699 2177 Reg.
1710 2143 1766 2177 l7).
1783 2151 1814 2171 ac

1026 2187 1168 2217 paupertas
1189 2191 1243 2210 non
1269 2183 1318 2210 fuit
1340 2184 1546 2218 impedimento,
1562 2186 1608 2212 sed
1634 2186 1732 2214 eximio
1753 2195 1812 2215 cum

1026 2228 1121 2262 gaudio
1134 2229 1250 2262 suscepit
1261 2237 1321 2257 eum
1333 2238 1339 2254 :
1353 2237 1435 2264 quare
1447 2235 1474 2257 et
1485 2231 1578 2265 dignos
1592 2232 1692 2266 recepit
1702 2232 1813 2265 fructus,

1025 2277 1053 2300 et
1062 2277 1165 2301 metens
1179 2274 1355 2310 eleemosyna:
1370 2275 1468 2310 spicam
1485 2276 1556 2310 legit.
1571 2276 1623 2304 Sed
1643 2277 1755 2306 fortasse
1768 2286 1816 2305 au-

1026 2316 1097 2345 ditor
1109 2318 1189 2351 dicet,
1205 2319 1241 2346 Da
1261 2324 1289 2346 et
1310 2320 1373 2346 mihi
1392 2321 1487 2348 Etiam.
1507 2322 1574 2354 Quid
1593 2323 1690 2357 quaeris
1710 2323 1816 2351 Eliam'!

1027 2363 1168 2391 Dominum
1184 2364 1246 2391 Elia:
1260 2364 1293 2392 do
1307 2365 1364 2398 tibi,
1376 2373 1425 2392 nec
1441 2367 1524 2400 ipsum
1537 2367 1611 2394 cilias
1625 2376 1632 2394 :
1649 2367 1734 2396 Ellam
1744 2370 1764 2396 si
1776 2370 1817 2397 in—

1027 2409 1139 2442 veneris,
1152 2410 1285 2444 quomodo
1302 2411 1497 2446 hospitaberis?
1512 2411 1609 2440 Christi
1631 2414 1815 2443 universorum

1026 2454 1130 2482 Domini
1151 2457 1279 2483 sententia
1294 2462 1334 2484 est
1348 2478 1355 2488 ,
1372 2458 1526 2493 Quicumque
1540 2460 1584 2486 uni
1601 2468 1633 2486 ea:
1652 2460 1762 2488 minimis
1777 2463 1814 2497 fe-

1026 2500 1098 2533 cerit,
1113 2501 1175 2527 mihi
1194 2502 1254 2536 fecit
1267 2501 1277 2537 (
1289 2501 1380 2530 Matth.
1394 2503 1440 2531 25.
1455 2503 1489 2531 40
1499 2505 1520 2539 ).
1537 2504 1565 2531 Si
1581 2506 1647 2532 forte
1661 2513 1707 2533 rex
1721 2514 1816 2541 quem-

1026 2546 1096 2580 piam
1110 2546 1143 2574 ad
1155 2554 1259 2575 ctenim
1274 2549 1463 2583 appellaverit,
1478 2554 1575 2584 atque,
1589 2549 1693 2579 famulis
1706 2551 1815 2580 adstan-

1059 2646 1070 2682 ι’
1081 2644 1209 2682 _111_u_d,.pro
1227 2645 1316 2682 foribus
1333 2647 1450 2682 ecclesia,
1471 2648 1542 2674 deest
1552 2650 1576 2674 in
1588 2649 1673 2682 Savilio
1685 2654 1710 2675 et
1722 2651 1745 2676 in
1757 2655 1815 2682 Reg.
1829 2632 1835 2658 '

1025 2675 1096 2699 Codd.
1107 2678 1132 2699 Et
1142 2675 1177 2710 sic
1187 2678 1342 2707 prosequitur
1352 2675 1465 2703 savilius:
1479 2683 1506 2704 Et
1517 2680 1651 2710 quantum?
1662 2684 1754 2706 tantum
1765 2675 1816 2707 eiiie

1026 2709 1140 2741 qumtum
1149 2709 1193 2735 vis,
1215 2711 1328 2737 quantum
1340 2712 1411 2741 potes.
1425 2715 1471 2741 non
1492 2709 1605 2740 quantum
1623 2711 1685 2736 alius
1705 2711 1763 2741 vult,
1773 2714 1816 2738 sed

1026 2740 1140 2772 quantum
1151 2741 1216 2767 potes
1227 2741 1268 2767 tu;
1279 2745 1312 2772 ne
1323 2738 1420 2772 obgirias
1429 2738 1543 2772 inopiam.
1567 2740 1654 2770 (tholis,
1668 2746 1723 2772 quot
1735 2738 1807 2768 habes

1025 2763 1112 2804 etclam
1123 2763 1240 2804 Mnemon
1247 2763 1312 2803 quod
1323 2769 1363 2794 vili
1375 2763 1542 2804 pretiorberiale
1554 2763 1816 2804 sitiet-ldum."

1027 2797 1129 2836 extentans
1140 2798 1170 2823 sit
1184 2797 1304 2836 nominas.
1319 2797 1450 2836 A'ott'ltabes
1461 2802 1524 2836 unde
1535 2809 1621 2836 aurum
1634 2797 1717 2831 dones.
1729 2797 1816 2836 urbe};

1026 2831 1077 2852 ttan
1087 2828 1167 2864 dona;
1182 2829 1215 2854 da
1227 2829 1329 2864 oboluit}.
1351 2831 1384 2864 da
1405 2832 1517 2864 poculum
1536 2832 1635 2864 frigida:
1649 2839 1658 2857 :
1672 2828 1736 2859 Deus
1754 2828 1816 2860 Enim

1026 2859 1209 2894 amplitudinem
1220 2864 1260 2884 aut
1272 2859 1428 2894 eaiguitatein
1440 2859 1593 2894 tle/mit,'it(}'rt
1605 2864 1737 2889 secundum
1751 2859 1814 2890 men-

1028 2896 1110 2924 suram
1122 2890 1241 2920 datorum,
1254 2892 1296 2916 sed
1307 2890 1438 2924 semiudum
1449 2890 1586 2924 ﬂicultatem
1606 2898 1681 2919 status
1698 2896 1815 2922 dommtis.

1029 2923 1055 2945 Et
1067 2920 1120 2946 alim
1130 2927 1266 2953 sequuntur
1277 2923 1300 2947 in
1312 2923 1399 2949 sat'tlio
1408 2920 1479 2956 hujus
1489 2926 1591 2955 generis
1599 2926 1738 2950 varietates.
