1978 3130
182 177 236 204 995

179 233 263 262 tibus,
287 230 319 258 ad
344 236 390 256 eos
414 228 511 256 dixerit
530 236 537 254 :
561 227 673 255 Reddite
696 227 795 262 gratias
821 227 880 254 huic
906 233 968 254 meo

177 277 284 304 nomine
298 275 469 311 quamplures
479 295 485 305 ,
500 273 544 309 qui
563 280 607 300 me
631 273 719 308 inopia
734 273 896 300 laborantem
916 280 967 299 nu-

177 323 249 350 trivit
268 326 296 350 ct
315 321 429 356 hospitio
442 319 563 354 excepit,
575 319 620 354 qui
636 319 701 346 mihi
716 319 844 346 beneficia
858 319 883 345 in
899 323 967 346 tem-

178 377 243 404 pore
267 368 394 404 angustia:
426 366 558 402 permulta
585 366 720 393 contulit:
737 373 824 392 annon
847 366 968 392 certatim

176 416 290 451 quisque
311 420 454 442 accurrens
474 412 600 447 pecunias
615 419 708 438 omnes
730 419 792 438 suas
813 411 969 446 expcnderit

178 463 236 496 ejus
251 467 342 493 causa,
357 460 400 487 cui
413 467 459 486 rex
472 459 570 494 gratias
580 457 687 492 egerit?
698 465 786 484 annon
802 457 859 484 haec
873 457 909 484 illi
923 464 967 484 ac-

176 514 252 544 cepta
268 507 376 535 tulerit?
391 513 480 533 annon
501 513 529 532 se
550 504 588 532 illi
605 505 718 539 quisque
731 503 918 531 commendare
929 507 969 530 at-

177 563 229 590 que
243 554 360 581 amicitia
372 553 484 587 jungere
499 549 652 578 studuerit?

212 601 239 628 5.
254 599 428 634 Eleemasynaz
449 599 556 633 fructus.
568 611 605 616 —
617 595 726 623 Vidistis
740 595 874 623 sermonis
886 595 970 622 virtu-

177 647 253 674 tem?
266 645 295 674 Si
319 653 383 680 ergo
395 644 465 679 apud
481 643 614 670 hominem
638 649 729 677 regem
745 646 845 668 tantum
860 640 971 668 honoris

177 700 221 719 res
246 692 302 727 ipsa
324 690 425 723 tribuit,
448 690 535 723 cogita
549 688 682 716 Christum
705 687 730 714 in
756 687 800 715 illa
820 686 864 714 die
878 694 970 714 coram

177 737 278 773 angelis
287 737 462 770 omnmusque
472 734 620 762 Virtutibus
633 737 769 760 vocantem
783 740 814 760 ac
826 732 970 760 dicentem:

178 783 226 810 Hic
241 789 284 810 me
298 782 324 809 in
338 787 409 808 terra
422 780 537 814 suscepit
550 779 674 813 hospitio,
698 778 740 806 hic
754 778 818 805 mihi
833 778 970 805 innumera

176 828 290 856 contulit
311 827 452 858 beneficia,
475 826 518 853 hic
533 833 576 852 me
601 825 767 859 peregrinum
782 824 887 858 excepit
901 833 908 851 :
923 830 971 851 co-

177 875 229 908 gita
242 873 276 901 de
288 878 387 901 extero
402 872 524 899 fiduciam
539 871 608 898 inter
627 869 746 905 angelos,
761 869 829 897 inter
850 869 971 896 caelestes

177 921 274 947 choros
286 918 421 954 gaudium.
436 917 517 952 Igitur
529 916 570 943 cui
584 915 762 943 testimonium
776 913 897 942 Christus
911 922 971 949 per-

178 966 260 998 hibet,
284 972 337 992 non
360 963 481 990 fiduciam
505 969 585 996 super
599 961 706 996 angelos
721 959 863 988 habuerit?
878 960 970 995 Magna

177 1011 256 1045 igitur
277 1017 321 1038 res
341 1009 519 1044 eleemosyna,
536 1007 641 1034 fratres.
667 1007 741 1034 Hanc
760 1007 969 1042 amplectamur,

177 1057 219 1083 cui
240 1055 306 1083 nihil
327 1054 552 1090 mquale:potens
574 1058 615 1080 est
638 1053 709 1080 enim
733 1057 839 1088 peccata
861 1053 912 1080 alia
924 1053 972 1080 de-

177 1103 253 1136 lere,
273 1102 454 1137 iudiciumque
479 1100 635 1135 propulsare
657 1108 664 1126 :
689 1104 714 1127 te
740 1103 843 1126 tacente
869 1103 921 1126 stat
944 1103 972 1126 et

177 1148 376 1183 patrocinatur;
393 1147 447 1173 imo
470 1153 535 1173 vero
567 1150 593 1173 te
625 1150 728 1173 tacente
761 1146 900 1172 innumera
923 1153 970 1172 ora

177 1201 225 1228 pro
248 1198 275 1220 te
295 1192 393 1227 gratias
407 1191 532 1219 reddunt.
554 1191 605 1218 Tot
623 1200 656 1220 ex
672 1190 842 1226 elecmosyna
867 1189 971 1225 profici-

176 1243 286 1265 scuntur
299 1237 378 1268 bona,
403 1241 429 1264 et
454 1237 502 1271 ipsi
519 1236 675 1272 pigritamur
688 1239 716 1262 et
736 1235 912 1263 concidimus.
933 1235 970 1262 Da

176 1291 271 1318 panem
296 1290 342 1318 pro
364 1282 532 1310 facultatibus
547 1282 598 1309 tuis
614 1290 621 1308 :
637 1289 687 1308 non
710 1280 791 1308 habes
811 1280 924 1315 panem?
938 1280 970 1308 da

177 1331 284 1358 obolum
300 1338 307 1355 :
321 1337 373 1355 non
388 1329 469 1356 habes
479 1328 608 1355 obolum?
622 1328 654 1355 da
666 1328 708 1355 vel
722 1327 822 1362 frigida:
835 1335 910 1362 aquze
924 1334 970 1354 ca-

176 1376 278 1403 licem:
303 1375 375 1409 atqui
403 1382 490 1409 rieque
516 1373 542 1400 id
564 1373 720 1400 habesh'el
743 1373 818 1400 malis
842 1379 970 1408 oppresso

177 1425 339 1456 compatere,
363 1425 441 1454 atque
464 1426 607 1454 appensam
632 1418 781 1446 mercedem
805 1417 896 1445 habes.
912 1417 970 1445 Non

177 1467 249 1494 enim
255 1465 429 1496 necessitatis,
439 1465 485 1492 sed
499 1464 651 1492 intentionis
664 1469 705 1492 est
718 1471 830 1491 merces.
843 1463 896 1492 Sed
908 1471 970 1491 ecce

178 1514 240 1541 dum
256 1513 289 1540 de
303 1512 345 1540 his
356 1512 522 1544 disserimus,
539 1511 670 1546 virginum
684 1518 747 1538 cura
763 1511 838 1537 nobis
851 1510 968 1542 excidit;

177 1568 225 1594 age
238 1567 301 1594 ergo
314 1559 347 1586 ad
362 1560 524 1594 propositum
546 1557 696 1585 redeamus.
712 1556 778 1584 Date
799 1556 870 1583 nobis
886 1557 970 1584 oleum

178 1607 212 1632 de
229 1606 294 1632 vasis
308 1605 406 1632 vestris.
421 1604 479 1631 Non
505 1611 645 1639 possumus
669 1603 744 1630 vobis
759 1603 833 1634 dare,
849 1602 890 1629 Ne
904 1605 970 1637 forte

177 1660 226 1678 non
245 1651 349 1686 sumain!
370 1650 440 1677 nobis
451 1655 474 1677 et
495 1650 573 1682 vobis,
588 1649 632 1677 sed
645 1654 730 1676 euntes
745 1650 818 1675 emite
829 1657 845 1674 α
860 1649 968 1675 uenden-

178 1696 253 1722 tibus.
275 1695 427 1722 Abeuntibus
452 1699 535 1722 autem
560 1695 631 1729 ipsis,
656 1694 721 1720 venit
738 1702 854 1729 sponsus,
869 1699 892 1720 et
915 1702 971 1728 quin

179 1740 301 1768 habebant
320 1740 449 1776 lampades
468 1740 627 1775 splendidas,
645 1739 799 1766 intraverunt
818 1748 875 1766 cum
889 1748 927 1770 eo,
948 1745 970 1766 et

178 1786 264 1813 clausa
276 1791 312 1812 est
322 1786 404 1821 janua
419 1785 523 1812 thalami
538 1784 642 1821 (Matth.
658 1785 703 1812 25.
718 1785 774 1819 10).
787 1785 909 1820 Quinque
921 1793 970 1812 an-

179 1838 232 1860 tem
247 1832 325 1859 fatuae
338 1831 495 1860 accedentes
507 1831 615 1866 januam
630 1830 738 1857 thalami
761 1831 901 1865 pulsabant
916 1831 970 1857 cla-

179 1883 305 1907 mantes;
321 1877 396 1911 Aperi
411 1877 481 1904 nobis
496 1876 550 1912 (Ib.
564 1885 589 1903 υ.
607 1876 663 1911 ll).
687 1876 744 1903 Vox
767 1881 854 1904 autem
879 1877 970 1911 sponsi

178 1924 213 1951 Ib
237 1924 303 1950 intra
326 1923 358 1950 ad
373 1931 417 1950 eas
434 1932 440 1949 :
456 1922 574 1950 Recedite
586 1931 602 1949 α
623 1931 672 1954 me,
687 1922 769 1949 nescio
792 1931 835 1950 vos
850 1922 930 1958 (Ibid.
945 1931 968 1949 υ.

179 1970 235 2005 l2).
260 1970 293 1996 Et
314 1974 373 2004 post
387 1974 476 1997 tantos
497 1969 602 1997 labores
619 1969 683 2004 quid
704 1969 864 1996 audierunt?
878 1969 970 1996 Nescio

178 2023 232 2043 vos.
259 2015 286 2042 ld
300 2020 340 2042 est
362 2015 432 2050 quod
457 2015 523 2049 dixi,
549 2015 646 2043 frustra
659 2020 685 2043 et
700 2016 833 2043 incassum
848 2023 970 2050 magnam

179 2061 336 2096 virginitatis
364 2062 557 2096 possessionem
585 2062 771 2096 possederunt.
790 2062 880 2096 Cogita
905 2069 971 2096 quo-

181 2107 261 2135 modo
289 2111 348 2141 pest
380 2110 419 2133 tot
450 2107 555 2134 labores
581 2107 695 2134 exclusae
722 2112 800 2140 sunt,
831 2111 970 2142 postquam

182 2153 316 2180 frenarant
338 2152 576 2184 incontinentiam,
599 2160 738 2187 poStquam
762 2152 885 2187 supernis
909 2159 970 2178 cum

183 2197 326 2224 Virtutibus
339 2202 474 2224 certamen
489 2197 646 2230 habuerant,
671 2202 809 2232 postquam
833 2197 893 2224 vita:
920 2197 970 2223 hu-

179 2244 222 2278 jus
248 2252 291 2271 res
319 2248 482 2278 spreverant,
507 2248 646 2278 postquam
674 2248 769 2270 aestum
796 2243 973 2271 toleraverant

182 2297 316 2324 magnum,
331 2294 469 2323 postquam
489 2294 562 2324 septa
577 2289 764 2322 transilicrant,
785 2294 924 2324 postquam
939 2289 973 2316 de

183 2340 252 2362 terra
272 2333 305 2360 ad
326 2334 418 2360 caelum
441 2335 620 2367 evolaverant,
644 2339 782 2369 postquam
806 2335 925 2370 corporis
938 2335 973 2361 si-

181 2379 322 2415 gnaculum
350 2387 402 2406 non
431 2380 585 2411 solverant,
611 2387 642 2407 ac
670 2388 792 2414 magnum
817 2380 973 2415 virginitatis

181 2424 316 2459 specimen
331 2424 535 2459 acquisiverant,
548 2429 686 2460 postquam
701 2430 834 2452 certamen
848 2433 908 2452 cum
923 2433 973 2452 an—

182 2470 247 2505 gelis
261 2469 386 2503 inierant,
409 2475 548 2505 postquam
563 2471 682 2505 corporis
704 2471 875 2498 necessitates
895 2479 973 2505 supe-

182 2520 318 2547 raverant,
335 2521 472 2550 postquam
489 2522 588 2543 natura:
601 2516 690 2544 oblita:
705 2516 818 2548 fuerant,
833 2521 972 2552 postquam

183 2562 208 2588 in
224 2568 348 2596 corpore,
370 2568 430 2595 qua:
453 2561 670 2595 incorporearum
693 2566 764 2595 sunt,
792 2563 973 2597 perfecerant,

183 2613 322 2642 postquam
338 2615 461 2642 magnum
475 2612 555 2642 atque
568 2608 694 2636 invictum
706 2609 862 2644 virginitatis
875 2610 973 2636 bonum

183 2653 367 2688 possederant,
391 2658 453 2681 tunc
474 2654 636 2681 audierunt:
654 2655 770 2682 Recedite
786 2664 802 2682 a
823 2664 872 2688 me,
893 2656 975 2682 nescio

184 2709 236 2727 ι-οε.
252 2700 343 2735 Neque
353 2700 423 2727 enim
439 2700 503 2728 mihi
515 2701 708 2728 existimaveris
723 2701 850 2728 tantillam
866 2701 975 2735 virgini-

185 2746 245 2772 tatis
257 2753 318 2773 esse
333 2745 540 2782 magnitudinem
555 2755 562 2774 :
579 2746 638 2774 talis
648 2747 719 2774 enim
732 2747 868 2781 virginitas
881 2753 930 2779 est,
948 2751 976 2773 ut

184 2799 242 2818 eam
259 2793 374 2826 potuerit
395 2800 473 2820 nemo
496 2797 616 2820 veterum
638 2800 809 2820 conservare.
833 2792 976 2827 Propterea

184 2837 255 2863 enim
271 2838 353 2872 gratia
379 2846 484 2873 magna.
498 2837 569 2873 quod
593 2845 653 2872 qua:
678 2838 815 2865 tremenda
841 2838 977 2872 prophetis

187 2880 293 2910 fuerunt
315 2888 342 2911 et
365 2884 516 2916 veteribus,
539 2883 632 2911 eadem
656 2891 726 2910 nunc
750 2883 834 2910 facilia
858 2883 977 2919 leviaque

552 170 581 198 S.
600 169 739 199 JOANNIS
757 169 995 198 CllRYSOSTOMl
1014 170 1173 199 ARCHIEP.
1189 171 1456 201 CONSTANTINOP.

1759 177 1812 205 296

1021 226 1216 255 existimantur.
1240 228 1368 262 Quaenam
1390 229 1462 257 enim
1483 229 1588 258 fuerant
1607 233 1764 266 gravissima
1787 239 1816 261 et

1020 273 1156 300 violenta?
1169 273 1321 308 Virginitas,
1335 275 1479 309 mortisque
1489 275 1630 310 despectus
1642 285 1649 310 ;
1663 282 1691 305 at
1700 285 1731 305 ea
1746 287 1816 306 nunc

1021 318 1061 345 vel
1075 324 1172 346 tenera:
1195 319 1289 353 puella:
1311 320 1384 355 parvi
1403 320 1531 355 pendunt.
1547 322 1622 349 Adeo
1635 323 1707 350 enim
1725 325 1817 358 gravis

1022 368 1080 391 erat
1093 364 1249 399 virginitatis
1269 366 1413 400 possessio,
1437 370 1466 393 ut
1487 367 1536 394 hac
1549 375 1578 394 se
1593 375 1671 395 nemo
1693 374 1816 396 veterum

1021 409 1155 444 religaret.
1164 410 1220 437 Noe
1232 410 1322 445 justus
1333 417 1400 443 erat,
1409 416 1437 438 et
1449 419 1464 438 a
1479 411 1534 439 Deo
1545 413 1723 441 testimonium
1737 421 1818 442 acce-

1021 455 1069 489 pit,
1084 455 1131 482 sed
1145 455 1249 483 mulieri
1262 456 1375 484 adhaesit
1389 465 1395 484 :
1409 457 1530 485 similiter
1542 458 1675 488 Abraham
1689 464 1718 487 et
1730 459 1816 493 Isaac,

1022 500 1142 535 ejusdem
1164 509 1196 529 ac
1219 501 1264 529 ille
1285 503 1468 537 promissionis
1490 503 1612 537 heredes,
1628 511 1689 531 cum
1704 505 1818 533 muliere

1021 547 1242 574 Consuetudinem
1256 547 1412 575 habuerant.
1426 548 1525 583 Joseph
1538 554 1628 576 castus
1644 550 1766 578 adulterii
1778 550 1817 577 fa.

1021 594 1097 621 ciuus
1119 601 1149 621 se
1162 598 1325 629 patraturum
1338 595 1442 629 negavit
1456 594 1531 631 (Gen.
1552 595 1609 631 59),
1635 596 1682 624 sed
1695 596 1739 624 hic
1752 604 1815 625 cum

1022 640 1134 668 muliere
1151 641 1369 668 consuetudinem
1392 641 1484 668 habuit
1500 651 1506 669 :
1522 643 1613 677 gravis
1635 644 1734 670 etenim
1758 648 1817 672 erat

1022 686 1183 721 virginitatis
1195 686 1335 720 professio.
1351 686 1390 713 Ex
1412 694 1445 714 eo
1460 691 1580 722 tempore
1594 688 1669 715 firma
1691 688 1760 716 facta
1775 693 1817 717 est

1023 731 1169 766 virginitas,
1189 739 1221 758 ex
1235 739 1289 766 quo
1314 731 1363 758 ﬂos
1377 731 1536 767 virginitatis
1550 734 1715 768 geminavit.
1731 734 1817 762 Nemo

1024 776 1103 811 igitur
1114 781 1232 804 veterum
1246 781 1347 812 poterat
1359 778 1534 812 virginitatem
1548 786 1655 806 servare
1669 788 1675 806 :
1690 787 1817 815 magnum

1023 822 1122 849 etenim
1136 827 1176 849 est
1189 830 1285 856 corpus
1296 822 1410 850 frenare.
1428 823 1509 859 Pinge
1522 824 1585 851 mihi
1599 832 1722 852 sermone
1737 825 1818 860 virgi-

1024 869 1113 896 nitatis
1128 869 1280 903 specimen;
1295 873 1376 904 atque
1388 870 1494 897 virtutis
1504 871 1710 905 magnitudinem
1721 871 1796 899 disce
1808 881 1815 898 :

1023 914 1094 950 quod
1118 915 1216 942 bellum
1231 915 1326 943 habeat
1339 916 1457 950 quotidie
1479 916 1629 944 nullatenus
1650 917 1816 950 sedandum,

1024 961 1081 996 ipso
1089 961 1226 989 barbarico
1236 961 1305 989 bello
1315 962 1439 989 deterius.
1456 962 1521 990 Nam
1534 963 1706 990 barbarorum
1718 964 1818 991 bellum

1023 1006 1066 1033 vel
1080 1011 1182 1041 tempus
1199 1007 1295 1042 quietis
1312 1007 1398 1039 habet,
1413 1015 1473 1035 cum
1488 1008 1674 1041 paciscuntur;
1689 1013 1716 1036 et
1730 1016 1818 1043 quan-

1023 1052 1110 1088 doque
1129 1053 1235 1087 quidem
1261 1058 1387 1088 pugnant,
1408 1054 1565 1088 quandoque
1581 1062 1652 1087 non;
1668 1058 1696 1082 et
1709 1055 1819 1082 ordines

1023 1102 1049 1126 et
1062 1103 1157 1125 sLatuta
1181 1104 1300 1134 tempora
1315 1104 1377 1127 sunt
1393 1109 1398 1125 :
1415 1099 1476 1126 belli
1501 1108 1564 1127 vero
1587 1108 1647 1127 cum
1667 1101 1819 1136 virginitate

1022 1145 1088 1179 gesti
1111 1145 1183 1172 nulla
1205 1145 1282 1172 datur
1304 1145 1389 1180 quies.
1406 1145 1530 1172 Diabolus
1553 1150 1594 1173 est
1615 1146 1686 1173 enim
1711 1155 1818 1182 semper

1023 1191 1121 1218 bellum
1136 1191 1260 1223 inferens.
1275 1191 1318 1227 qui
1334 1192 1460 1226 temporis
1474 1191 1686 1219 observationem
1702 1200 1756 1219 non
1771 1201 1819 1219 no-

1021 1237 1069 1269 vit,
1086 1245 1138 1264 non
1159 1241 1263 1272 tempus
1284 1241 1422 1271 exspectat
1433 1237 1467 1264 ad
1482 1237 1644 1270 conﬂictum,
1662 1237 1709 1265 sed
1723 1238 1819 1272 quaerit

1023 1291 1128 1317 semper
1141 1283 1267 1318 virginem
1283 1283 1380 1310 nudam
1396 1283 1531 1315 invenire,
1546 1291 1598 1318 quo
1619 1284 1731 1310 mortale
1747 1284 1818 1310 infli-

1022 1333 1066 1364 gat
1080 1329 1191 1359 vulnus;
1207 1337 1292 1363 neque
1304 1329 1338 1355 ab
1348 1329 1399 1356 hoc
1408 1329 1478 1356 bello
1491 1337 1615 1364 umquam
1625 1329 1700 1363 virgo
1712 1336 1818 1356 cessare

1024 1378 1121 1409 potest,
1138 1374 1184 1401 sed
1198 1374 1223 1400 in
1239 1382 1268 1401 se
1283 1374 1423 1401 tumultum
1438 1374 1593 1408 hostemque
1607 1374 1773 1409 circumagit.
1785 1374 1819 1401 Et

1021 1420 1136 1447 damnati
1151 1419 1258 1454 quidem
1273 1419 1376 1446 etiamsi
1389 1419 1422 1446 ad
1439 1424 1543 1454 tempus
1563 1419 1679 1454 judiccm
1701 1419 1816 1450 videant,

1022 1474 1075 1493 non
1091 1466 1198 1501 paribus
1219 1470 1307 1492 tamen
1330 1465 1460 1493 molestiis
1482 1471 1655 1500 premuntur;
1680 1465 1755 1500 virgo
1769 1473 1817 1492 au-

1024 1518 1078 1541 tem
1092 1520 1258 1548 quocumque
1271 1512 1376 1544 abierit,
1389 1512 1540 1546 etjndicem
1550 1512 1705 1547 circumagit
1714 1519 1816 1545 secum,

1021 1565 1049 1588 et
1061 1560 1163 1587 hostem
1177 1567 1266 1587 secum
1281 1563 1376 1594 portat,
1394 1559 1438 1594 qui
1462 1567 1547 1593 neque
1561 1558 1665 1593 vesperi
1687 1559 1816 1592 permittit

1022 1606 1165 1641 respirare,
1188 1613 1239 1632 non
1255 1609 1342 1637 nocte,
1355 1613 1408 1631 non
1424 1604 1550 1637 diluculo,
1565 1612 1618 1631 non
1635 1604 1756 1637 meridie,
1771 1603 1817 1631 sed

1022 1653 1120 1680 bellum
1134 1652 1201 1687 gerit
1211 1659 1326 1686 semper,
1338 1651 1551 1685 voluptatemque
1561 1650 1702 1682 submittit,
1714 1650 1818 1684 nuptias

1022 1698 1048 1724 in
1061 1697 1216 1724 memoriam
1231 1696 1375 1728 adducens,
1390 1703 1443 1731 quo
1462 1696 1584 1723 virtutem
1597 1695 1729 1726 excludat,
1745 1695 1818 1721 mali-

1023 1743 1138 1778 tiamque
1154 1742 1180 1769 in
1195 1750 1224 1769 ea
1238 1747 1356 1777 generet,
1380 1741 1569 1768 continentiam
1584 1741 1710 1774 expellat,
1735 1740 1816 1767 forni-

1022 1789 1153 1816 cationem
1168 1789 1262 1815 inferat
1278 1796 1285 1815 :
1300 1788 1450 1815 incenditur
1462 1788 1574 1822 singulis
1587 1787 1659 1814 horis
1673 1787 1814 1821 voluptatis

1023 1836 1113 1863 fornax
1128 1836 1243 1862 suaviter
1256 1843 1395 1862 succensa.
1419 1835 1511 1869 Cogita
1528 1838 1643 1869 quantus
1658 1834 1717 1860 talis
1738 1834 1818 1860 officii

1024 1881 1097 1908 labor
1109 1882 1152 1908 sit.
1174 1881 1209 1907 At
1223 1881 1275 1907 illa:
1294 1885 1354 1915 post
1373 1881 1430 1908 haec
1444 1880 1531 1907 omnia
1545 1880 1702 1906 audiverunt
1716 1887 1723 1906 :
1741 1878 1820 1905 Rece-

1023 1928 1074 1955 dile
1089 1936 1104 1954 a
1114 1935 1163 1960 me,
1184 1928 1268 1954 nescio
1286 1935 1338 1954 vos.
1357 1927 1422 1954 Vide
1435 1934 1515 1962 quam
1529 1933 1622 1960 magna
1638 1933 1680 1952 res
1693 1925 1728 1952 sit
1740 1926 1818 1960 virgi-

1023 1975 1109 2006 nitas;
1134 1981 1193 2001 cum
1217 1980 1336 2000 sororem
1360 1973 1482 2000 habuerit
1497 1972 1704 2006 eleemosynam,
1719 1971 1745 1997 in
1759 1978 1817 1997 eam

1023 2020 1094 2047 nulla
1118 2019 1228 2046 adversa
1241 2023 1375 2054 poterunt,
1394 2019 1440 2045 sed
1462 2018 1585 2045 omnibus
1607 2017 1731 2051 superior
1745 2017 1816 2043 erit:

1024 2068 1163 2100 propterea
1176 2072 1228 2091 non
1244 2065 1419 2091 introiverunt
1433 2064 1493 2095 illae,
1508 2063 1577 2098 quod
1593 2070 1653 2090 cum
1668 2062 1818 2096 virginitate

1024 2110 1222 2144 eleemosynam
1237 2117 1289 2137 non
1304 2109 1454 2136 habuerint.
1477 2108 1559 2136 Multo
1577 2108 1673 2135 rubore
1685 2107 1764 2142 digna
1776 2115 1818 2134 res

1024 2160 1065 2183 est
1077 2164 1085 2182 :
1102 2156 1262 2190 voluptatem
1273 2163 1332 2183 cum
1345 2155 1517 2184 dcbellasses.
1529 2154 1666 2188 pecuniam
1678 2161 1731 2179 non
1743 2160 1819 2187 spre-

1024 2202 1104 2235 visti;
1120 2201 1168 2230 sed
1179 2203 1253 2237 virgo
1267 2210 1325 2237 qum
1338 2202 1398 2228 vita:
1415 2201 1582 2234 renuntiasti,
1598 2199 1723 2227 crucifixa
1739 2207 1818 2234 pecu-

1025 2248 1096 2274 niam
1111 2255 1195 2274 amas.
1209 2247 1314 2274 Utinam
1331 2247 1414 2273 virum
1429 2247 1622 2278 desiderasses,
1637 2251 1717 2280 atque
1732 2245 1818 2272 minus

1025 2293 1219 2320 criminandum
1244 2292 1350 2319 fuerat:
1368 2300 1427 2318 nam
1451 2291 1570 2327 ejusdem
1591 2291 1748 2318 substantia:
1761 2298 1818 2317 rem

1024 2347 1056 2366 ac
1077 2340 1213 2367 materiam
1229 2339 1407 2367 desiderasses
1421 2347 1428 2372 ;
1441 2339 1496 2373 jam
1512 2347 1575 2366 vero
1597 2338 1683 2372 majus
1705 2342 1747 2365 est
1768 2338 1819 2365 cri-

1026 2393 1099 2418 men,
1123 2385 1193 2420 quod
1216 2386 1352 2412 materiam
1376 2385 1489 2412 alienam
1511 2384 1715 2411 desideraveris.
1732 2383 1818 2415 Esto,

1025 2439 1084 2466 qua:
1098 2431 1147 2458 sub
1160 2432 1215 2458 viro
1238 2437 1299 2458 sunt
1313 2431 1440 2458 saevitiam
1456 2431 1525 2458 male
1537 2431 1682 2457 ostendunt
1704 2429 1818 2457 filiorum

1026 2481 1154 2512 prmtextu
1167 2485 1174 2503 :
1187 2476 1256 2511 quod
1268 2477 1290 2503 si
1303 2476 1327 2504 ei
1337 2476 1446 2508 dixeris,
1457 2476 1493 2502 Da
1506 2476 1715 2511 eleemosynam,
1726 2475 1819 2508 Filios,

1026 2523 1122 2558 inquit,
1138 2524 1232 2556 habeo,
1249 2527 1275 2550 ct
1290 2530 1402 2557 nequeo.
1425 2522 1494 2549 Deus
1516 2521 1584 2549 filios
1599 2522 1645 2548 tibi
1665 2521 1749 2553 dedit,
1766 2522 1819 2548 fru-

1026 2575 1098 2596 ctum
1122 2570 1221 2597 ventris
1246 2568 1382 2603 accepisti,
1405 2576 1458 2595 non
1479 2575 1530 2603 quo
1551 2576 1634 2601 saeva,
1651 2568 1698 2595 sed
1711 2575 1766 2603 quo
1780 2568 1820 2603 pia

1027 2615 1231 2649 misericorsque
1245 2615 1302 2641 fias.
1318 2614 1357 2641 Ne
1372 2614 1450 2648 igitur
1458 2621 1563 2640 causam
1578 2613 1728 2640 clementia:
1740 2614 1818 2647 pieta-

1028 2661 1113 2695 tisque
1128 2660 1234 2687 saevitia:
1249 2667 1355 2686 causam
1372 2659 1474 2686 feceris.
1490 2659 1571 2693 Cupis
1586 2658 1761 2686 hereditatem
1777 2658 1819 2684 bo-

1029 2714 1089 2733 nam
1101 2706 1161 2732 liliis
1172 2705 1223 2732 tuis
1236 2705 1405 2740 relinquere?
1418 2705 1614 2739 eleemosynam
1627 2704 1758 2738 relinque,
1770 2711 1820 2738 quo

1030 2757 1055 2778 te
1069 2758 1162 2778 omnes
1183 2750 1304 2778 laudibus
1325 2750 1446 2781 efferant,
1461 2749 1650 2785 celebrcmque
1663 2750 1699 2776 tui
1720 2757 1817 2776 memn-

1029 2797 1094 2824 riam
1106 2796 1250 2831 relinquas.
1261 2796 1301 2823 Tu
1315 2803 1378 2823 vero
1389 2803 1440 2822 non
1454 2795 1553 2822 habens
1568 2795 1647 2828 filios,
1664 2796 1711 2822 sed
1721 2794 1816 2821 mundo

1029 2841 1165 2875 crucifixa,
1188 2842 1249 2877 quid
1266 2842 1389 2876 pecunias
1401 2841 1566 2876 congregas?
