1978 3130
107 165 152 191 29⁵1

135 223 160 250 4.
171 221 324 249 Ραηῐιρηιὶω
336 220 383 247 via:
393 221 477 253 varie,
494 227 589 255 preces,
606 220 724 254 lacrymte
734 219 782 254 (a).
790 234 819 239 ———
828 218 881 246 Sed

107 269 171 295 rivus
184 266 258 293 nobis
282 273 370 293 sermo
386 271 426 292 est
446 270 473 292 et
495 266 565 292 circa
587 264 749 299 paenitentia:
763 269 790 290 et
812 265 882 291 circa

102 315 266 348 eleemosyna:
292 313 370 339 viam.
400 311 522 338 Diximus
545 311 742 345 eleemosynam
759 316 882 344 magnam

103 357 321 395 possessionem‘:
332 357 394 384 inde
406 357 523 391 suscepit
535 363 586 383 nos
592 355 750 391 virginitatis
764 355 881 390 pelagus.

103 406 179 434 Habes
202 405 280 439 igitur
305 403 489 438 penitentiam
514 401 686 437 principalem
709 405 737 429 et
760 407 882 435 magnam

103 453 300 485 eleentosynam,
315 450 449 476 valentem
465 448 565 482 peccati
580 453 700 474 catenam
716 446 880 473 dissolvere:

103 498 174 524 habes
195 501 220 523 et
242 496 313 522 viam
336 495 414 522 aliam
438 494 601 529 paenitentiae
621 499 809 528 opportunam,
831 499 883 527 qua

103 542 189 577 poteris
203 549 216 567 a
233 541 351 575 peccatis
365 545 392 568 te
405 540 549 567 vindicare.
572 539 624 567 Ora
640 546 687 574 per
699 538 817 572 singulas
836 537 884 564 ho-

102 596 147 620 ras,
162 595 244 622 neqttc
268 594 351 614 orans
364 586 473 614 deﬁcias
487 594 574 620 neque
595 585 759 621 negligenter
771 584 817 611 Dei
831 584 886 611 cle-

102 634 215 662 mentiam
227 633 341 667 implora
353 641 361 665 ;
377 640 430 659 non
440 632 551 666 repellet
563 636 589 658 te
602 634 825 665 perseverantem,
837 628 885 656 sed

102 685 196 714 peccata
209 678 337 711 dimittet,
355 683 382 705 et
394 678 475 712 petita
488 677 626 704 concedet.
642 676 728 704 Orans
742 674 849 710 quidem
861 674 884 702 si

102 724 229 752 exauditus
241 724 337 756 fueris,
353 730 480 759 permane
493 723 591 757 gratias
604 729 684 757 agens
699 721 725 748 in
745 721 884 749 oratione:

102 778 146 798 non
157 769 304 801 exauditus,
328 777 405 797 mane
426 776 506 796 orans
525 773 552 795 ut
567 768 726 796 exaudiaris.
741 766 832 801 Neque
846 765 887 793 di-

103 816 173 847 xeris,
197 815 312 842 multum
337 815 421 848 oravi,
445 819 524 849 atque
546 813 617 840 haud
638 812 778 840 exauditus
802 819 885 839 sum:

103 861 189 888 etenim
205 860 246 887 vel
273 860 299 887 id
325 868 397 895 saepe
419 865 470 887 tute
493 859 613 886 utilitatis
636 858 666 885 lit
687 858 781 893 gratia.
807 857 887 884 Novit

101 907 161 934 enim
174 906 241 941 quod
262 907 341 941 piger
356 907 402 937 sis,
416 911 444 934 et
457 906 547 932 animo
560 905 668 932 delicias
680 913 688 937 ς
702 909 728 931 et
742 904 763 931 si
776 910 887 938 compos

101 954 146 980 voti
166 952 254 985 fueris,
271 953 357 979 abeas
371 953 493 979 oratione
514 951 622 978 dimissa
639 959 645 977 :
660 955 686 977 et
701 957 749 984 per
762 949 882 976 occasio-

101 1006 152 1026 nem
166 998 337 1026 necessitatis
356 997 444 1024 diﬂ‘ert
460 1002 496 1031 te,
513 1005 566 1031 quo
587 996 707 1023 crebrius
722 995 805 1022 Deum
818 995 887 1022 allo—

102 1044 189 1078 quaris,
202 1043 375 1078 orationiquc
398 1050 486 1070 vaces.
509 1041 574 1069 Nam
594 1041 615 1068 si
631 1049 661 1068 ea
683 1041 709 1068 itt
730 1040 888 1068 necessitate

104 1090 232 1122 exsisteus,
257 1093 342 1123 atque
366 1089 487 1122 indigens
510 1087 651 1122 pigritaris,
668 1094 754 1121 neque
774 1085 889 1113 orationi

106 1136 194 1162 insistis
209 1144 215 1161 :
231 1135 363 1169 quidnam
377 1135 475 1169 egeris.
490 1134 584 1160 horum
598 1133 620 1160 si
635 1133 708 1160 nullo
722 1131 888 1166 indigueris?

103 1180 181 1214 Itaque
196 1179 220 1206 id
237 1179 283 1206 tibi
308 1179 373 1206 facit
387 1179 420 1206 ad
435 1179 576 1205 utilitatem
592 1183 673 1210 tuam,
690 1177 784 1204 uolens
799 1181 825 1203 te
839 1176 888 1204 ab-

103 1226 184 1252 sistere
195 1225 228 1252 ab
241 1225 376 1251 oratione.
392 1224 468 1251 Mane
481 1231 545 1258 ergo
558 1229 584 1251 ct
597 1231 655 1256 ora,
671 1223 779 1255 dilecte,
802 1229 889 1257 neque

102 1271 179 1305 segnis
193 1275 251 1296 esto
267 1279 273 1296 :
291 1270 407 1296 militum
423 1270 493 1297 enim
507 1269 593 1296 oratio
609 1273 705 1304 potest,
720 1275 807 1303 neque
820 1273 889 1294 tam-

103 1324 171 1350 quam
192 1324 247 1344 rem
261 1324 375 1350 parvam
397 1315 564 1350 aggrediens,
584 1314 696 1342 orationi
711 1322 797 1341 vaces.
812 1313 889 1346 Quod

102 1368 179 1389 autent
210 1362 297 1388 oratio
328 1367 468 1396 peccatum
501 1361 637 1394 dimittat,
665 1360 705 1387 vel
732 1368 765 1387 ex
793 1360 890 1387 divinis

103 1408 235 1443 evangeliis
262 1408 341 1435 disce
369 1417 376 1434 :
402 1407 465 1442 quid
496 1407 567 1434 enim
601 1406 706 1441 inquit?
732 1405 824 1433 Simile
848 1409 890 1433 est

104 1461 202 1488 regnum
221 1453 353 1480 caelorum
374 1452 491 1484 homini,
519 1452 564 1487 qui
587 1459 663 1478 suam
694 1451 801 1486 ianuam
815 1451 889 1478 clau-

103 1500 141 1530 sit,
154 1503 180 1526 et
204 1499 328 1526 recubuit
355 1507 415 1526 cum
443 1498 503 1526 filiis
530 1498 694 1525 suis:vcnit
719 1502 808 1524 autem
828 1496 890 1532 qui-

103 1545 154 1572 dam
173 1552 290 1579 vespere,
306 1545 430 1580 accipere
449 1545 541 1572 volens
561 1544 595 1571 ab
617 1551 650 1572 eo
672 1551 769 1579 panes,
782 1547 808 1570 et
831 1542 890 1578 pttl~

104 1594 139 1617 sat
158 1589 269 1617 dicens:
284 1590 371 1624 Aperi
395 1590 457 1616 mihi
469 1611 476 1623 ,
493 1590 617 1624 quoniam
640 1589 746 1624 indigeo
769 1589 890 1623 panibus.

104 1636 146 1663 llic
153 1635 184 1662 ad
196 1643 255 1663 eum
269 1645 275 1662 :
291 1635 355 1663 Non
369 1643 476 1670 possum
486 1635 551 1662 dare
563 1634 608 1662 tibi
621 1644 628 1661 :
640 1635 810 1662 rccubuimus
820 1635 890 1661 enim

104 1685 127 1708 et
145 1689 190 1709 nos
204 1686 230 1709 et
246 1681 326 1716 pueri
348 1682 441 1708 nostri.
457 1682 493 1708 At
513 1680 557 1708 ille
580 1680 766 1715 perseverabat
783 1681 891 1714 januam

105 1727 211 1760 pulsans.
223 1727 257 1753 Et
269 1727 308 1754 ait
323 1734 417 1753 rursus
427 1725 460 1753 ad
471 1733 530 1752 cum
544 1734 550 1752 :
565 1724 621 1752 Non
636 1732 742 1760 possum
754 1724 799 1752 tibi
812 1724 890 1752 dare:

106 1773 263 1800 recubuimus
286 1772 364 1799 enim
378 1777 405 1799 et
423 1780 471 1799 nos
483 1776 510 1799 et
528 1771 600 1807 pueri
620 1771 714 1798 nostri.
735 1770 781 1798 llle
803 1774 891 1797 autem

106 1818 140 1844 his
150 1818 243 1845 auditis
257 1818 404 1845 insistebat
418 1817 534 1851 pulsans,
545 1824 631 1852 neque
645 1816 796 1847 recedebat,
807 1815 893 1842 donec

106 1863 162 1890 dixit
175 1863 370 1898 paterfamilias
385 1871 391 1889 :
406 1862 521 1897 Surgite,
533 1867 559 1889 et
570 1862 630 1888 date
642 1861 676 1892 ei,
693 1866 719 1888 ct
732 1861 809 1888 sinite
819 1861 893 1887 abire

108 1908 172 1944 (Luc.
183 1909 226 1936 ll.
238 1909 265 1936 5.
282 1907 365 1943 sqq).
379 1907 459 1935 Docet
473 1915 537 1942 ergo
550 1912 575 1933 te
587 1914 663 1933 orare
677 1913 792 1940 semper,
808 1913 893 1940 tthue

107 1954 283 1988 obtorpescere
299 1962 307 1982 :
325 1957 354 1981 et
378 1953 400 1980 si
421 1954 509 1979 minus
534 1951 669 1986 acceperis
681 1972 688 1984 ,
716 1958 891 1985 permanere,

107 2000 182 2034 quoad
195 2000 347 2035 acceperis.
359 1999 452 2026 Plures
465 1998 531 2025 alias
547 1997 709 2032 paenitentia:
722 1997 779 2024 vias
790 1997 818 2023 itt
827 1997 894 2024 Scri-

107 2046 181 2080 pturis
195 2046 328 2073 invenies.
345 2045 402 2080 Ipsa
417 2045 569 2079 paenitentia
590 2048 619 2071 et
641 2048 703 2070 ante
725 2042 823 2070 Christi
845 2042 894 2069 ad-

108 2097 203 2119 ventum
217 2100 265 2127 per
277 2092 341 2127 ejus
357 2091 513 2126 prophetam
535 2090 678 2118 Jeremiam
702 2089 895 2125 praedicabatur

109 2139 228 2167 dicentem
241 2147 248 2166 :
261 2138 399 2174 Numquid
410 2138 502 2165 cadens
515 2147 565 2165 non
584 2138 692 2173 resurgit
703 2158 711 2170 ,
724 2142 768 2164 aut
782 2142 894 2164 avertens

109 2193 131 2211 ιι
143 2193 189 2212 non
201 2186 335 2213 revertitur
345 2185 410 2220 (Jer.
423 2185 449 2212 8.
461 2184 508 2219 4)?
519 2190 546 2212 et
560 2185 666 2217 iterum,
681 2184 775 2212 Postea
787 2184 841 2211 dixi
854 2185 896 2212 ei:

111 2229 237 2266 Postquam
251 2231 380 2266 fornicata
393 2239 419 2257 es
428 2251 435 2263 ,
449 2230 540 2257 accede
550 2251 557 2263 ,
573 2235 714 2257 convertere
725 2230 759 2256 ad
778 2238 816 2256 me
828 2229 894 2265 (Jer.

111 2276 134 2303 5.
145 2277 180 2312 ⁵1).
192 2277 338 2312 Prppterea
353 2281 381 2304 et
394 2277 491 2304 multas
508 2277 564 2304 vias
579 2277 645 2303 alias
662 2277 825 2311 paenitentiae
845 2277 894 2303 de-

111 2322 153 2354 dit,
167 2330 218 2357 quo
231 2323 310 2350 nobis
326 2330 433 2349 omnem
448 2322 557 2350 desidia:
570 2323 738 2350 occasiOnem
756 2327 874 2356 amputet
886 2331 892 2349 :

112 2376 164 2395 nam
177 2369 198 2396 si
211 2376 290 2396 unam
308 2368 468 2395 haberemus
481 2368 575 2401 solam,
592 2369 641 2395 hac
655 2367 752 2395 vadere
774 2368 897 2402 nequire-

113 2423 174 2442 mus.
188 2415 342 2442 Mucronetn
357 2415 426 2442 hunc
434 2414 553 2441 diabolus
561 2421 666 2449 semper
676 2414 750 2449 fugit.
760 2414 896 2441 Peccasti?

113 2460 243 2488 ecclesiam
269 2459 432 2495 ingredere,
458 2464 536 2494 atque
560 2464 633 2486 tuum
660 2460 720 2487 dele
746 2464 894 2494 peccatum.

113 2506 212 2538 Quoties
224 2506 355 2533 cecideris
369 2506 395 2533 in
410 2506 467 2532 [ατο
477 2526 483 2536 ,
498 2506 575 2533 toties
588 2505 708 2540 exsurgis
720 2513 727 2532 :
741 2505 779 2532 sic
793 2505 896 2540 quoties

114 2552 266 2585 peccaveris.
278 2551 380 2586 peccati
396 2552 532 2585 pmniteat,
543 2558 627 2585 neque
636 2550 763 2585 desperes
775 2559 781 2577 :
791 2550 895 2577 tametsi

115 2597 221 2625 secundo
239 2597 403 2632 peccaveris,
420 2597 536 2624 secundo
549 2597 685 2631 pmnitcat,
703 2604 790 2632 neque
808 2597 897 2624 animo

116 2649 289 2672 consternatus
299 2651 314 2669 a
324 2651 370 2678 spe
382 2643 556 2677 repositorum
568 2643 696 2670 bonorum
708 2642 897 2676 cadas.Quam-

117 2689 151 2716 vis
163 2689 188 2716 in
200 2694 318 2717 extrema
331 2687 427 2715 canitie
441 2688 598 2723 peccaveris,
608 2687 756 2723 ingredere,
768 2688 898 2723 peniten-

145 2787 154 2800 ¹
165 2788 214 2820 83v.
221 2788 247 2820 et
254 2788 314 2816 Reg.
323 2790 385 2820 unus
391 2792 398 2808 :
405 2785 450 2810 Sed
461 2784 525 2819 tivus
533 2785 686 2820 nobis‘adhuc
694 2790 812 2820 sermoest
823 2789 854 2811 de
861 2789 899 2812 via

120 2816 263 2871 minque.
278 2820 313 2840 De
321 2816 470 2847 eleemosyna
479 2816 542 2841 enim
553 2816 737 2848 dtximus,qw.td
748 2824 835 2849 magna
846 2824 895 2849 pos-

203 2855 213 2870 δ
226 2864 232 2870 .

136 2878 169 2908 (a)
185 2879 238 2903 vide
247 2880 293 2903 sub
302 2880 375 2904 tinem
386 2880 545 2909 praecedentis
556 2881 667 2907 bomilue.

675 161 718 187 DE
735 158 974 188 ELEEMOSYNA.
993 158 1107 186 HOMIL.
1129 158 1173 186 111.

1673 163 1723 189 ΨΒ

935 218 996 244 tiam
1010 225 1059 252 age
1072 226 1080 244 :
1091 216 1227 244 medicina:
1241 217 1314 245 locus
1324 223 1364 246 est
1382 219 1434 249 hic,
1456 227 1508 246 non
1527 220 1619 255 judicii
1633 222 1638 237 '
1650 231 1657 252 ;
1669 231 1722 249 nu“

934 269 1025 296 pccnas
1032 261 1152 296 exigens,
1163 262 1210 289 sed
1224 268 1390 297 peccatorum
1400 265 1582 293 remissionem
1592 267 1720 294 tribuens.

934 307 989 333 Deo
997 307 1046 334 soli
1055 307 1096 334 dic
1108 313 1244 341 peccatum
1258 313 1329 334 Illum
1339 316 1346 335 :
1357 308 1412 335 Tibi
1420 311 1467 336 soli
1474 311 1583 345 peccavi,
1595 317 1618 338 et
1628 315 1720 340 malum

932 361 1017 379 eorum
1031 359 1054 379 te
1065 353 1114 388 feci
1124 354 1133 388 (
1144 352 1217 380 Psal.
1231 353 1276 381 50.
1290 354 1306 381 6
1317 354 1326 388 )
1339 362 1347 387 ;
1363 360 1390 382 et
1401 355 1540 383 dimittitur
1560 357 1605 384 tibi
1628 365 1722 392 pecca-

934 403 999 425 tum.
1015 398 1101 425 Habes
1114 404 1140 426 et
1153 399 1229 426 aliam
1241 400 1404 434 ptenitentia:
1415 401 1482 427 viam
1495 401 1565 429 haud
1575 402 1721 435 diflicilem.

934 445 979 471 sed
994 446 1103 472 omnino
1112 446 1423 473 accommodatissimam.
1433 448 1541 480 Qualem
1553 448 1640 475 hanc?
1652 449 1723 476 Dcﬂe

933 497 1013 524 super
1035 495 1170 524 peccatum
1193 492 1298 524 tuum',
1319 491 1397 526 idque
1412 500 1443 519 ex
1459 493 1542 520 sacris
1554 493 1627 520 disce
1641 502 1722 520 cvan-

932 535 1018 569 geliis.
1035 536 1129 563 Petrus
1143 537 1187 564 ille
1204 537 1382 571 apostolorum
1397 539 1536 573 princeps,
1559 540 1585 566 in
1606 540 1724 568 Eaclesia

935 581 1045 616 primus,
1058 582 1159 609 amicus
1171 581 1288 615 Christi,
1301 583 1346 617 qui
1362 584 1552 612 revelationem
1567 585 1600 611 ab
1613 586 1722 612 homini-

934 628 984 655 bns
998 636 1050 655 non
1063 629 1168 664 accepit
1178 650 1185 662 .
1200 629 1247 657 sed
1261 637 1275 656 a
1290 630 1385 663 Patre,
1400 631 1469 658 sicut
1482 631 1530 666 ipsi
1545 633 1724 659 testimonium

935 674 1061 701 Dominus
1072 674 1176 702 reddit:
1190 674 1284 702 Beatus
1297 683 1323 702 es
1333 675 1424 703 Simon
1437 676 1583 711 Bar-Jona,
1594 678 1653 712 quia
1667 687 1726 705 caro

933 723 957 746 et
970 719 1072 755 sanguis
1086 728 1136 746 non
1148 720 1266 747 reuelauit
1281 721 1334 751 tibi.
1348 721 1393 748 sed
1405 720 1484 748 Pater
1496 730 1565 749 meus
1577 724 1620 757 qui
1634 723 1660 749 in
1674 731 1726 750 ue-

933 766 966 793 lis
979 770 1014 792 est
1028 765 1133 798 (Matth.
1147 766 1190 792 16.
1204 766 1249 800 17)
1266 775 1273 792 :
1290 766 1332 794 ltic
1345 767 1439 795 Petrus
1449 767 1567 803 (Petrum
1580 777 1640 796 cum
1654 769 1724 800 dico.

936 816 1037 845 petram
1054 811 1162 837 nomino
1178 811 1340 847 iufragilem,
1359 814 1521 848 crepidinem
1545 815 1706 842 immobilem
1717 836 1725 845 .

933 857 1082 890 apostolum
1105 864 1240 891 maguum,
1258 859 1372 893 primum
1387 859 1590 894 discipulorum,
1612 861 1725 895 primum

934 907 1071 934 vocatum.
1085 909 1111 931 et
1124 906 1238 939 primum
1258 904 1438 940 obedientem)
1455 905 1520 932 :ille
1540 913 1592 933 non
1616 914 1725 941 parvum

935 946 1037 976 facinus
1048 949 1164 984 admisit,
1176 951 1224 978 sed
1235 951 1389 984 maximum,
1400 951 1445 986 qui
1455 951 1593 978 Dominum
1604 952 1725 987 negavit:

935 993 987 1021 hoc
1007 995 1085 1028 dico,
1104 1003 1157 1023 non
1175 996 1277 1030 justum
1292 1003 1430 1029 accusans,
1445 997 1492 1024 sed
1505 997 1550 1024 tibi
1565 998 1727 1032 paenitentia:

936 1040 1058 1076 praebens
1071 1042 1239 1070 occasionem
1251 1051 1258 1069 :
1274 1043 1359 1077 ipsum
1373 1042 1445 1070 orbis
1456 1043 1594 1070 Dominum
1610 1043 1725 1079 negavit,

936 1091 1147 1122 procuratorem,
1161 1088 1324 1116 Salvatorem
1337 1089 1466 1116 omnium.
1480 1089 1514 1116 Ut
1527 1096 1590 1116 vero
1601 1089 1678 1117 altius
1689 1098 1728 1117 re-

937 1137 1067 1167 petamus,
1076 1133 1142 1160 vidit
1151 1133 1274 1161 Salvator
1282 1134 1408 1169 quosdam
1419 1134 1547 1162 abeuntes
1555 1139 1627 1161 retro
1638 1134 1727 1170 (Joan.

936 1178 963 1206 6.
978 1178 1039 1214 67),
1054 1183 1082 1206 et
1094 1179 1160 1206 dixit
1174 1179 1253 1206 Petro
1269 1188 1276 1206 ε
1293 1179 1425 1214 Numquid
1440 1184 1463 1206 et
1478 1185 1504 1206 tu
1516 1180 1585 1207 abire
1603 1180 1660 1207 vis?
1676 1180 1727 1206 Pe-

935 1227 988 1250 trus
1002 1228 1085 1250 autem
1100 1224 1163 1251 dixit
1177 1232 1186 1251 :
1201 1224 1308 1252 Etiamsi
1327 1225 1465 1259 oportuerit
1483 1233 1523 1252 me
1542 1225 1607 1252 mori
1629 1231 1728 1259 tecum,

936 1277 986 1295 non
1001 1274 1024 1296 te
1039 1270 1133 1305 negabo
1147 1270 1253 1305 (Matth.
1263 1270 1378 1306 26.35).
1390 1270 1458 1303 Quid
1467 1271 1544 1304 dicis,
1554 1271 1649 1298 Petre?
1660 1271 1729 1299 Dem

936 1319 977 1341 est
989 1315 1034 1350 qui
1045 1315 1194 1348 denuntiat,
1206 1316 1267 1350 quid
1280 1316 1336 1350 ipse
1347 1316 1505 1343 reluctaris?
1515 1316 1567 1343 Sed
1582 1321 1670 1343 tamen
1685 1317 1727 1342 in-

938 1361 1031 1394 tentio,
1046 1361 1116 1396 quod
1131 1368 1207 1388 suum
1222 1367 1279 1388 erat
1293 1361 1418 1394 ostendit,
1433 1365 1533 1388 natura:
1544 1369 1606 1388 vero
1621 1361 1729 1388 infirmi-

938 1411 978 1433 tas
990 1406 1166 1441 redarguitur.
1179 1406 1241 1433 Htec
1254 1414 1318 1434 vero
1333 1406 1455 1441 quando?
1465 1406 1548 1434 Nocte
1557 1415 1609 1441 qua
1621 1407 1731 1434 traditus

937 1457 978 1480 est
989 1452 1111 1479 Christus
1126 1461 1133 1479 :
1149 1457 1210 1479 tttnc
1224 1452 1312 1487 igitur,
1337 1451 1439 1487 inquit,
1464 1452 1537 1480 stetit
1556 1452 1652 1480 Petrus
1670 1458 1731 1480 ante

937 1505 1036 1532 prunas
1048 1498 1207 1525 calefaciens
1218 1506 1257 1531 se,
1270 1498 1357 1533 puella
1368 1497 1489 1533 qumdam
1498 1498 1619 1530 accessit,
1629 1502 1657 1526 et
1666 1499 1732 1525 dixit

937 1544 961 1571 ei
977 1553 983 1570 :
1001 1543 1066 1571 Heri
1078 1549 1100 1571 et
1114 1549 1141 1571 tu
1156 1552 1212 1571 cum
1233 1544 1333 1571 homine
1346 1544 1394 1570 isto
1410 1551 1466 1570 eras
1481 1543 1593 1580 (Matth.
1608 1543 1654 1572 26.
1669 1543 1730 1579 69).

938 1590 988 1617 Ille
1002 1595 1086 1618 autem
1099 1599 1109 1618 :
1124 1590 1185 1617 Non
1199 1591 1257 1617 novi
1269 1591 1395 1617 hominem
1410 1590 1477 1617 hunc
1489 1590 1498 1624 (
1509 1589 1592 1617 Marc.
1609 1590 1652 1618 M.
1668 1591 1731 1625 68).

940 1636 1039 1663 Deinde
1056 1636 1174 1664 secundo
1187 1641 1215 1664 et
1228 1637 1322 1667 tertio.
1340 1640 1367 1663 et
1380 1636 1487 1671 impleta
1502 1639 1544 1664 est
1556 1635 1731 1663 denuntiatio.

939 1681 1006 1709 Hinc
1015 1681 1136 1709 Christus
1148 1682 1293 1716 respiciens
1304 1682 1329 1708 in
1341 1681 1459 1714 Petrum,
1471 1689 1564 1709 vocem
1574 1681 1674 1709 dimisit
1686 1689 1731 1716 per

938 1728 1025 1763 ipsum
1041 1728 1163 1754 intuitum
1179 1726 1307 1762 ψασθε.
1323 1726 1371 1762 (il)
1383 1735 1390 1753 :
1402 1735 1456 1754 non
1466 1727 1536 1754 enirn
1548 1734 1595 1755 ore
1608 1727 1731 1762 loquutus

939 1779 990 1806 est,
1007 1780 1041 1800 ne
1052 1773 1137 1808 ipsum
1152 1780 1241 1800 coram
1254 1772 1352 1800 ludat-is
1365 1772 1545 1808 redargueret.
1558 1778 1586 1800 et
1596 1774 1731 1808 proprium

940 1820 1113 1847 confunderet
1136 1819 1314 1854 discipulum,
1336 1820 1383 1847 sed
1404 1828 1452 1855 per
1473 1821 1578 1848 oculum
1596 1821 1733 1848 dimittens

940 1873 1049 1898 vocem,
1065 1865 1139 1900 quasi
1156 1865 1271 1898 diceret,
1288 1865 1367 1892 Petre
1377 1886 1384 1897 ,
1397 1866 1467 1901 quod
1481 1866 1553 1899 dixi,
1568 1866 1664 1894 factum
1680 1872 1732 1894 est.

942 1911 1022 1945 Igitur
1037 1910 1131 1938 Petrus
1143 1916 1205 1938 tunc
1217 1911 1334 1937 sentiens
1351 1912 1432 1945 cmpit
1450 1911 1533 1939 ﬂere:
1547 1917 1574 1939 et
1593 1919 1646 1939 non
1662 1912 1734 1939 ﬂevit

941 1956 1021 1983 modo
1031 1976 1038 1988 ,
1054 1955 1100 1983 sed
1114 1963 1221 1989 amare,
1237 1956 1381 1983 secundum
1398 1956 1526 1991 baptisma
1541 1965 1588 1991 per
1602 1957 1733 1992 lacrymul

941 2011 972 2029 ex
994 2003 1077 2030 oculis
1096 2002 1214 2030 efficiens
1227 2011 1233 2028 :
1246 2011 1358 2038 cumque
1372 2002 1489 2030 ﬂevisset
1510 2011 1613 2036 amare,
1636 2003 1734 2030 delevit

942 2053 1079 2084 peccatum
1093 2058 1099 2076 :
1115 2049 1243 2083 posthaec
1253 2049 1324 2076 enini
1335 2048 1423 2076 claves
1435 2048 1471 2075 illi
1485 2049 1610 2076 czelorum
1621 2048 1734 2076 credun-

944 2099 995 2121 tur.
1006 2094 1082 2128 Quod
1100 2094 1122 2121 si
1142 2094 1214 2122 Petri
1235 2094 1314 2121 ﬂetus
1337 2098 1438 2121 tantum
1458 2094 1557 2121 delevit
1574 2100 1711 2129 peccatum
1723 2115 1732 2128 ,

942 2140 987 2174 qui
998 2139 1055 2167 fieri
1070 2139 1177 2174 poterit,
1194 2144 1221 2167 ut
1236 2139 1258 2166 si
1274 2139 1388 2171 ﬂeveris,
1406 2145 1541 2174 peccatum
1555 2147 1607 2166 non
1620 2140 1732 2169 deleas?

943 2185 1000 2212 Non
1013 2185 1084 2213 enim
1099 2193 1196 2220 parvus
1207 2184 1255 2212 fuit
1268 2188 1366 2216 reatus,
1378 2184 1514 2219 proprium
1529 2185 1668 2212 Dominutn
1683 2194 1732 2213 ne-

943 2238 1029 2265 gasse,
1041 2230 1088 2257 sed
1099 2237 1208 2265 magnus
1221 2234 1249 2257 et
1260 2231 1365 2264 gravis;
1377 2237 1438 2256 eum
1450 2234 1536 2256 tamen
1548 2229 1673 2266 laerymte
1685 2231 1734 2258 de-

944 2277 1043 2304 levere.
1067 2276 1140 2304 Deﬂe
1163 2276 1244 2310 igitur
1265 2280 1291 2302 et
1312 2276 1369 2310 ipse
1388 2283 1468 2310 super
1482 2280 1735 2312 peccatum,neqne

944 2330 1050 2357 quoquo
1062 2322 1141 2349 modo
1153 2322 1222 2349 deﬂe
1235 2326 1280 2348 aut
1294 2321 1382 2355 specie
1396 2325 1496 2348 tantunt
1505 2343 1512 2355 ,
1525 2322 1572 2350 sed
1583 2322 1651 2350 deﬂe
1661 2331 1735 2350 ama-

945 2375 984 2400 re,
996 2367 1218 2403 quemadmodum
1229 2372 1255 2394 et
1267 2367 1360 2394 Petrus
1374 2376 1379 2393 :
1393 2375 1426 2395 ex
1438 2368 1495 2402 ipso
1509 2367 1638 2402 profundo
1649 2368 1734 2396 deduc

945 2413 1032 2442 fontes
1045 2414 1230 2448 laerymnrum,
1243 2420 1294 2448 quo
1306 2413 1431 2440 Dominus
1444 2414 1622 2441 misericordia
1634 2420 1735 2450 motus,

946 2461 992 2487 tibi
1003 2465 1138 2495 peccatum
1149 2459 1263 2486 dimittat
1275 2459 1406 2486 :clemens
1417 2459 1514 2486 etenim
1524 2463 1566 2486 est
1577 2468 1583 2486 :
1594 2459 1650 2494 ipse
1663 2461 1734 2488 enim

946 2505 1030 2533 dixit:
1043 2504 1070 2531 Ν
1072 2504 1112 2531 οιο
1124 2509 1229 2531 mortem
1241 2504 1387 2539 peccatoris,
1401 2505 1465 2531 sicut
1479 2505 1588 2531 converti
1601 2506 1695 2540 ipsum,
1710 2511 1735 2532 et

947 2552 1116 2587 paenitentiam
1126 2558 1209 2585 agere,
1220 2555 1243 2576 et
1256 2551 1335 2576 vivere
1349 2549 1458 2585 (Ezech.
1473 2551 1516 2578 l8.
1529 2550 1590 2586 25).
1605 2551 1735 2586 Exiguum

947 2597 1046 2631 expetit
1059 2604 1074 2623 a
1091 2601 1115 2623 te
1130 2596 1246 2623 laborem
1257 2615 1265 2627 ,
1293 2600 1319 2622 et
1333 2603 1426 2630 magna
1441 2596 1496 2629 ipse
1509 2595 1618 2630 largitur
1631 2605 1638 2622 2
1654 2604 1733 2623 occa-

948 2643 1048 2669 sionem
1064 2649 1078 2668 a
1095 2647 1120 2668 te
1135 2641 1237 2676 quaerit,
1253 2644 1282 2667 ut
1294 2640 1340 2667 tibi
1354 2641 1447 2667 salutis
1463 2641 1613 2668 thesaurum
1625 2641 1734 2670 tribuat.

948 2688 1040 2716 Profer
1061 2688 1207 2723 lacrymas,
1231 2691 1258 2714 et
1280 2686 1337 2720 ipse
1361 2686 1547 2722 indulgentiam
1565 2687 1734 2722 impertitur:

979 2787 985 2802 ¹
1004 2790 1029 2811 tu
1040 2786 1124 2811 savilio
1138 2794 1143 2810 :
1155 2789 1177 2810 et
1190 2785 1284 2815 iudicis,
1298 2793 1350 2816 pro.
1363 2786 1510 2816 noujudicz't.

976 2833 986 2846 ¹
1005 2838 1031 2859 In
1042 2833 1123 2863 savil.,
1137 2833 1202 2865 Deﬂe
1213 2838 1430 2890 mperifeceatum
1441 2838 1514 2861 tuum.
1534 2837 1654 2868 mrtem“
1664 2839 1676 2867 ς)
1687 2841 1733 2868 ίηξ.

976 2870 1058 2890 atatem
1069 2869 1134 2890 tuam
1146 2865 1253 2890 delectat:
1266 2871 1274 2890 :
1309 2871 1362 2890 aue.
1371 2869 1420 2890 etc.

947 2870 1058 2900 quitatem
1069 2869 1134 2891 tuam
1146 2865 1253 2890 deiecisti
1266 2865 1362 2895 :idque,
1371 2869 1411 2890 etc
