1978 3130
262 162 313 189 29‘.)

262 218 351 254 profer
364 217 556 252 paenitentiam,
573 222 599 244 ot
614 218 671 252 ipse
686 218 869 246 remissionem
884 219 973 246 tribuit
990 227 1051 253 pec-

260 269 380 290 catorum
393 272 400 290 :
414 262 581 290 occasionem
602 267 630 289 ιιι
645 264 766 298 exiguam
785 264 886 297 confer,
899 269 929 291 ut
947 265 1051 299 specio-

260 316 317 336 sam
332 309 428 335 habeas
438 308 637 335 excusationem
648 317 655 335 :
666 309 787 343 quaedam
798 310 868 337 enim
880 309 968 336 abillo
979 315 1049 343 sunt,

260 354 380 389 qtncdam
392 361 406 379 a
421 353 496 380 nobis
510 362 516 380 :
530 361 588 388 qua:
601 361 615 380 a
632 353 708 381 nobis
723 359 784 381 sntit
803 355 825 382 si
839 355 1030 382 contulerimus
1041 377 1049 388 ,

258 405 285 427 ct
299 400 355 434 ipse
367 407 459 426 rursus
476 407 535 433 qua:
549 403 610 426 sunt
622 399 654 426 ab
668 400 724 434 ipso
738 400 875 434 praebebit.
894 401 952 428 Jam
972 402 1051 436 igitur

257 452 317 479 qua:
329 444 362 471 ab
378 445 421 471 illo
437 449 509 476 sunt,
527 445 583 478 ipse
601 445 711 478 przebuit
725 454 731 472 :
746 446 830 472 solent
853 446 976 473 nimirum
987 468 994 479 ,
1010 447 1051 474 lu-

258 497 331 522 nam,
344 490 446 516 varium
459 489 596 516 stellarum
610 489 720 516 chorum
735 490 861 523 fundavit,
874 498 962 518 aerem
972 491 1050 519 diffit-

256 535 307 568 dit,
322 541 420 562 terram
434 535 569 570 expandit,
589 543 662 562 mare
676 536 827 569 obvallavit,
842 542 946 565 montes
960 537 1046 572 dedit,

256 581 351 612 saltus,
365 581 457 612 colles,
474 579 560 608 fontes
570 600 577 613 ,
590 581 662 607 lacus
672 601 679 612 ,
697 580 801 614 fluvios,
818 582 955 610 innumera
970 583 1047 618 plan-

257 632 343 654 tarum
355 634 462 662 genera,
479 626 614 660 viridaria,
625 632 721 654 etctera
734 628 821 655 omnia
835 637 840 655 :
853 633 881 655 ιιι
893 636 986 656 rursus
999 629 1048 657 ali-

255 673 318 708 quid
332 673 456 708 exiguunt
469 672 572 704 confer,
585 677 613 700 ut
624 674 660 700 ita
673 674 789 701 caelestia
801 674 848 702 tibi
861 675 996 710 largiatur.
1008 676 1047 704 Ne

255 720 334 754 igitur
357 727 405 746 nes
429 718 500 753 ipsos
523 719 685 754 negligamus
697 740 704 753 ,
720 727 806 755 neque
825 728 839 748 a
857 721 942 749 salute
956 726 1046 749 nostra

254 765 420 801 procuranda
439 765 618 798 desistamus,
639 772 700 793 cum
723 770 824 793 tantum
847 767 924 794 nobis
939 767 1046 802 pelagus

253 812 423 846 benignitatis
431 811 549 839 omnium
563 811 666 838 Domini
679 816 774 846 pateat,
786 813 830 847 qui
841 820 921 847 super
930 814 1046 848 peccatis

254 858 352 884 nostris
367 858 522 893 poenitentia
543 857 658 885 ducitur.
680 858 849 893 Propositum
873 865 915 886 est
935 868 1043 896 regnum

253 904 380 930 ca-lorum
396 907 422 930 et
435 903 589 938 paradisus,
611 910 695 938 eaque
714 904 797 936 bona,
812 912 871 940 quae
887 913 938 933 nec
951 906 1044 934 oettlns

251 950 327 979 vidit.
343 957 392 977 nec
405 950 477 976 auris
491 949 602 981 audivit,
617 957 667 977 nee
681 950 708 977 in
720 957 767 977 cor
781 951 896 979 hominis
911 952 1041 980 ascende-

251 1001 321 1028 runt,
337 1003 395 1030 quae
409 997 570 1031 praeparavit
583 997 651 1024 Deus
665 997 705 1030 iis,
721 998 765 1033 qui
781 999 865 1032 ipsum
879 999 990 1034 diligunt
1004 1000 1041 1034 ll.

250 1041 310 1068 Cor.
324 1041 351 1068 2.
366 1042 393 1076 9)
405 1050 412 1074 ;
425 1047 452 1069 et
463 1050 514 1069 non
526 1042 653 1071 debemus
663 1051 769 1071 omnem
783 1052 891 1079 operam
903 1045 1039 1078 adbibere,

249 1093 278 1114 ut
292 1087 391 1123 aliquid
402 1088 579 1121 conferamus,
591 1097 625 1116 ne
637 1090 722 1117 abhis
731 1090 884 1117 excidamus
893 1091 905 1118 ?
913 1092 952 1118 An
965 1092 1040 1126 igno-

249 1141 293 1160 ras
305 1134 366 1167 quid
379 1133 449 1161 dicat
461 1134 579 1161 Paulus?
593 1135 637 1169 qui
654 1135 752 1162 multos
763 1136 868 1163 labores
878 1137 1021 1163 cxantlavit
1031 1157 1038 1168 ,

246 1184 274 1206 et
289 1179 443 1206 innumeros
455 1179 489 1206 de
504 1180 610 1207 diabolo
627 1181 774 1216 triumphos
786 1183 940 1217 reportavit,
953 1183 997 1217 qui
1011 1184 1035 1210 in

615 161 643 188 S.
662 160 800 190 JOANNIS
811 160 1047 190 CllliYSOSTOlll
1067 162 1224 191 ARClllEP.
1240 163 1505 196 CONSTANTINOP.

1849 175 1899 202 300

1105 228 1217 255 corpore
1242 221 1335 249 orbem
1361 227 1491 250 terrarum
1520 226 1686 260 peragravit,
1711 228 1755 263 qui
1780 233 1896 263 terram,

1105 273 1188 299 mare,
1203 273 1344 301 acremque
1359 269 1491 303 percurrit
1505 290 1512 302 ,
1527 271 1571 305 qui
1587 275 1719 307 tamquam
1737 273 1790 301 alis
1803 275 1899 302 subve-

1103 316 1162 339 ctus
1177 312 1274 348 aliquis
1286 313 1378 342 orbem
1393 319 1522 343 terrarum
1535 318 1736 353 perambulavit,
1751 320 1897 355 lapidatus,

1102 365 1198 392 casus,
1213 359 1385 393 verberatus,
1404 361 1447 396 qui
1468 362 1557 389 omnia
1573 371 1620 397 pro
1633 363 1679 391 Dei
1691 366 1802 393 nomine
1817 367 1896 399 tulit,

1101 405 1144 439 qui
1160 405 1259 432 caelesti
1273 412 1337 433 voce
1351 405 1465 441 desuper
1475 409 1648 442 compellatus
1658 431 1665 443 ,
1679 410 1723 438 hic
1736 412 1801 447 quid
1814 412 1897 445 dicat,

1101 453 1128 476 et
1143 449 1246 484 qualem
1260 451 1379 478 emiserit
1397 459 1489 480 vocem
1508 453 1567 480 vide
1581 454 1775 490 :Accepimus.
1793 457 1878 492 inquit
1889 479 1895 489 ,

1100 495 1210 529 gratiam
1226 502 1239 522 a
1256 495 1319 528 Deo,
1336 497 1383 523 sed
1396 502 1422 524 et
1436 505 1485 532 ego
1497 497 1632 532 laboravi,
1649 505 1675 527 et
1686 501 1767 528 simul
1778 504 1896 534 contuli,

1100 538 1135 566 Et
1145 541 1228 575 gratia
1239 541 1303 575 ejus,
1317 549 1374 576 qua:
1390 542 1415 568 in
1429 550 1467 569 me
1482 548 1529 576 est,
1543 552 1622 571 vacua
1634 553 1684 572 non
1696 546 1745 580 fuit
1755 567 1764 580 ,
1779 548 1823 574 sed
1837 550 1897 582 plus

1099 594 1175 620 quant
1191 586 1241 622 ipsi
1260 595 1344 614 omnes
1358 588 1468 615 laboraui
1488 595 1511 616 el
1529 590 1605 618 simul
1617 593 1713 619 contuli
1726 593 1764 627 (ί.
1777 593 1836 620 (ἔον.
1850 595 1894 621 l5.

1100 631 1156 666 10).
1171 631 1308 665 Novimus,
1323 633 1422 668 inquit,
1438 635 1561 662 novimus
1576 637 1667 670 gratim
1680 639 1895 673 magnitudinem

1098 684 1177 711 quam
1190 679 1356 713 accepimus,
1373 679 1419 707 sed
1434 688 1487 708 non
1500 681 1622 710 desidem
1635 691 1677 710 tne
1692 684 1796 712 invenit
1810 694 1817 711 :
1835 694 1895 713 ma-

1097 722 1193 750 nifesta
1208 728 1270 750 suttt
1284 731 1343 759 qua:
1358 733 1373 752 a
1388 733 1430 752 me
1443 726 1549 754 fuerunt
1564 727 1646 755 illata.
1660 729 1704 756 Sic
1714 735 1742 757 et
1757 731 1824 765 ipsi,
1838 732 1895 759 fra-

1097 772 1166 801 tres,
1192 776 1287 797 manus
1308 770 1340 798 ad
1356 771 1552 808 eleetnosynam
1568 773 1729 808 doceamus,
1746 781 1776 803 ut
1798 785 1894 811 parum

1095 814 1159 850 quid
1172 815 1316 843 inferamus
1331 825 1337 842 :
1353 817 1487 852 ploremus
1501 825 1581 854 super
1603 825 1740 854 peccatum
1752 842 1760 855 ,
1778 823 1894 858 ingenii-

1096 869 1201 889 scamus
1216 869 1297 897 super
1309 863 1473 898 iniquitatem
1484 885 1491 896 ,
1513 872 1566 900 quo
1584 867 1722 894 videamur
1736 869 1781 895 vel
1798 877 1893 903 parum

1095 909 1157 943 quid
1172 908 1270 937 inferre
1288 918 1292 935 :
1309 910 1524 946 quandoquidem
1546 920 1640 948 magna
1663 915 1740 942 nobis
1756 916 1783 942 in
1800 916 1891 943 futuro

1093 955 1209 988 reposita
1229 959 1301 988 sunt,
1316 963 1374 991 quae
1395 960 1552 991 potestalem
1573 965 1690 986 nostram
1705 967 1891 995 exsuperant:

1094 1000 1232 1034 paradisus
1245 1001 1316 1027 enim
1329 1004 1380 1034 est,
1393 1006 1421 1029 et
1430 1003 1556 1030 caelorum
1569 1011 1678 1039 regnum
1694 1014 1700 1032 :
1715 1006 1793 1040 cujus
1804 1012 1832 1033 et
1844 1008 1893 1041 ipsi

1093 1053 1185 1074 omnes
1208 1047 1348 1081 participes
1370 1048 1471 1080 simus,
1487 1049 1570 1083 gratia
1591 1055 1617 1076 ct
1630 1051 1771 1078 clementia
1786 1052 1891 1080 Dotnini

1093 1092 1175 1118 nostri
1188 1091 1251 1119 .lesu
1264 1092 1378 1125 Christi,
1392 1093 1435 1120 cui
1449 1100 1509 1120 cum
1523 1094 1600 1122 Patre
1613 1100 1639 1122 et
1654 1096 1732 1123 simul
1746 1104 1810 1124 eum
1827 1097 1890 1132 Spi-

1091 1138 1143 1164 ritu
1155 1142 1248 1165 sancto
1257 1138 1352 1173 gloria,
1367 1139 1506 1173 imperium
1513 1144 1540 1167 et
1553 1140 1646 1173 honor,
1659 1146 1686 1168 et
1699 1150 1773 1169 nunc
1781 1147 1809 1170 et
1821 1150 1892 1169 sem-

1092 1191 1148 1217 per,
1164 1188 1190 1211 et
1204 1183 1229 1210 in
1244 1184 1339 1211 smcula
1352 1184 1522 1212 smculorum.
1536 1186 1631 1214 Amen.

246 1253 1875 1273 Ἥ

641 1315 711 1349 DE
738 1316 1074 1354 PCENITENTIA
1100 1320 1170 1354 ΕΤ
1197 1319 1487 1358 ΟΒΑΤΙΟΝΕ.

558 1468 665 1489 ιιοιιιιιΛ
684 1471 719 1490 ιν.

280 1528 306 1554 1.
326 1527 450 1555 Pastores
465 1528 511 1555 illo
526 1528 689 1563 frequentius
705 1529 805 1557 ducunt
819 1537 892 1563 oves,
905 1531 949 1558 ubi
964 1531 1031 1558 den-

241 1572 339 1600 slorem
353 1572 461 1600 herbam
472 1581 532 1600 esse
545 1574 644 1608 vident,
659 1582 744 1609 neque
755 1575 828 1610 prius
841 1576 903 1603 inde
912 1577 1030 1611 abigunt,

241 1626 321 1652 quam
343 1623 424 1646 totam
449 1627 512 1653 grex
539 1620 692 1647 totonderit.
713 1620 767 1647 Hos
786 1629 850 1648 vero
863 1629 911 1649 nos
925 1629 1032 1657 quoque

241 1664 349 1696 imitati,
366 1664 414 1691 hac
427 1669 519 1699 quarta
529 1665 584 1699 jam
601 1665 644 1692 die
656 1665 691 1702 (τι)
703 1666 734 1693 ad
748 1667 910 1702 paenitentiae
922 1669 1029 1696 modum

243 1710 310 1737 hunc
323 1710 457 1745 pascimus
468 1717 586 1745 gregem,
603 1719 688 1744 neque
701 1712 743 1738 Vel
760 1712 847 1745 hodie,
863 1713 965 1747 digredi
979 1722 1029 1748 pa-

241 1763 329 1783 ramus
342 1765 349 1782 :
363 1756 472 1782 multum
488 1764 602 1790 namque
615 1757 702 1784 adhuc
715 1758 803 1792 pabuli
817 1766 877 1786 esse
895 1759 1028 1794 videmus,

238 1801 350 1827 multum
366 1795 464 1828 lziatitiie
477 1805 503 1828 et
517 1802 646 1829 utilitatis.

271 1845 423 1872 Paenitentia
437 1846 606 1873 omnimodam
622 1849 816 1875 consolationem
830 1849 914 1883 aﬂ'crt.
926 1865 962 1870 -—-
976 1850 1029 1878 Nc-

236 1899 288 1926 que
303 1892 373 1918 enim
392 1891 516 1918 arborum
532 1900 632 1925 connc,
651 1902 710 1927 qua:
724 1893 757 1921 ad
771 1895 931 1922 meridianas
948 1895 1029 1925 horas

235 1938 297 1964 tecti
311 1937 368 1965 vice
381 1943 442 1964 sunt
452 1938 546 1965 ovibus
555 1959 563 1969 ,
577 1939 614 1966 ita
628 1946 675 1967 eas
689 1944 828 1975 recreant,
842 1941 876 1970 ita
889 1941 1029 1972 desidera-

235 1982 314 2012 bilem
335 1983 480 2019 utilemque
501 1984 622 2014 umbram
641 1987 777 2022 przebent,
795 1988 828 2016 ad
853 1996 1028 2026 somnumque

233 2038 327 2064 magna
342 2039 402 2058 cum
417 2032 551 2066 voluptate
565 2034 730 2067 pertrahunt,
748 2039 775 2062 tit
788 2035 937 2063 divinarum
952 2037 1025 2064 Scri-

233 2081 369 2110 pturarum
385 2077 464 2104 let-tio
479 2084 625 2106 titaerentes
645 2085 672 2106 et
690 2088 788 2115 angore
803 2082 882 2109 animi
905 2083 1026 2111 delentas

231 2122 334 2149 animas
349 2128 452 2150 recreat
472 2132 504 2151 ac
525 2125 680 2160 refrigerat,
699 2127 760 2153 dum
776 2129 968 2156 vehementiam
983 2137 1025 2156 ar-

231 2166 378 2202 doremque
392 2168 492 2195 doloris
514 2169 595 2202 lenit,
611 2171 788 2207 solatiumque
801 2174 918 2208 qualibet
931 2175 1023 2202 ttmbra

229 2212 336 2238 suavius
347 2214 532 2248 amoeniusque
552 2216 678 2250 impertit.
695 2216 786 2252 Neque
806 2219 877 2245 cuitu
892 2219 976 2247 rolum
997 2221 1022 2247 in

230 2259 400 2291 pecuniarum
412 2259 514 2293 jactura
525 2282 532 2293 ,
546 2267 591 2288 aut
605 2263 630 2290 itt
646 2263 788 2291 liberorum
803 2266 946 2294 amissione
956 2288 963 2300 ,
977 2273 1022 2294 aut

229 2304 255 2330 in
269 2304 329 2331 aliis
342 2305 472 2333 similibus
482 2328 489 2339 ,
504 2307 550 2334 sed
564 2309 643 2335 etiam
660 2310 684 2336 in
699 2316 870 2345 peccatorum
883 2312 1019 2340 calamita-

229 2350 298 2375 tihus
314 2358 436 2385 magnam
461 2352 504 2379 illa
528 2353 605 2381 nobis
623 2355 699 2382 all‘crt
719 2357 939 2385 consolationem.
952 2358 1018 2386 Cum

225 2395 297 2421 enim
311 2396 390 2422 homo
401 2403 510 2430 peccato
525 2399 685 2434 interceptus
701 2406 728 2428 et
740 2402 937 2431 circumventus
947 2405 1019 2432 ceci-

224 2439 279 2472 dit,
301 2446 445 2476 posteaque
466 2444 603 2472 mordetur
622 2453 637 2472 a
657 2447 818 2475 conscientia
833 2469 841 2482 ,
862 2450 1019 2485 peccatique

223 2487 331 2514 assidue
351 2496 463 2522 memor,
489 2498 548 2518 sese
571 2494 694 2520 mmroris
713 2495 896 2529 magnitudine
918 2497 1016 2530 obruit,

224 2539 324 2566 perque
335 2533 453 2567 singulos
465 2535 521 2562 dies
533 2536 684 2565 incenditur
697 2548 704 2566 :
720 2540 919 2577 innumerisque
930 2543 1015 2578 ipsum

221 2577 439 2612 consolantibus,
455 2580 476 2606 si
491 2582 702 2611 consolationem
725 2593 776 2612 tton
796 2577 955 2621 admiserit,
971 2588 1013 2615 in-

221 2631 329 2658 gressus
352 2625 377 2651 in
403 2626 559 2659 ecclesiam,
581 2635 721 2666 postquam
743 2632 845 2660 audivit
862 2639 1014 2662 sanctorum

223 2669 350 2702 plurimos
364 2670 451 2705 lapsos
464 2674 622 2708 surrexisse,
637 2681 716 2710 atque
726 2677 759 2705 ad
774 2679 891 2712 priorem
903 2679 1014 2708 rediisse

220 2714 388 2748 dignitatem,
403 2716 470 2744 clam
494 2720 578 2746 multo
599 2721 694 2747 solatio
708 2722 801 2756 plenus
822 2724 966 2758 egreditur.
982 2726 1014 2752 lit

218 2760 263 2794 qui
287 2760 312 2786 in
336 2760 457 2789 homines
481 2764 637 2799 plerumque
661 2774 816 2801 peccamus,
836 2777 872 2797 ne
893 2771 1012 2798 revelare

216 2805 323 2840 quidem
337 2813 473 2842 peccatum
483 2810 612 2838 audemus
623 2812 722 2846 pudore
733 2814 882 2851 ruborcque
893 2816 991 2845 detenti
1002 2825 1009 2851 ;

246 2883 283 2914 (ιι)
297 2885 352 2910 \ide
364 2887 388 2911 in
398 2888 484 2912 monito
497 2889 654 2918 praeacuti.

1030 1409 1075 1430 θεῖ

1079 1416 1202 1425 —_.._.

1085 1467 1156 1501 quod
1169 1468 1190 1495 si
1206 1471 1373 1505 revelemus,
1393 1471 1458 1499 nihil
1472 1476 1574 1501 tantum
1595 1476 1808 1511 consequimur:
1823 1485 1885 1506 curn

1085 1518 1173 1540 autem
1186 1514 1254 1542 Deus
1268 1516 1433 1549 exhortatur,
1449 1525 1548 1553 corque
1561 1525 1682 1548 nostrum
1695 1523 1792 1557 tangit,
1805 1529 1880 1550 sala-

1085 1559 1143 1585 nica
1155 1560 1242 1588 omnis
1258 1562 1363 1589 tristitia
1375 1564 1466 1590 statim
1487 1564 1600 1600 fugatur.
1614 1566 1676 1594 ldeo
1689 1567 1826 1602 justorum
1845 1570 1884 1596 la—

1085 1611 1148 1638 psus
1162 1605 1238 1633 nobis
1253 1609 1398 1643 conscripti
1414 1614 1478 1636 sunt
1493 1619 1499 1637 :
1513 1618 1566 1645 quo
1587 1616 1614 1638 et
1633 1612 1678 1647 qui
1704 1619 1779 1641 recte
1798 1619 1824 1642 et
1838 1616 1885 1650 qui

1085 1649 1206 1684 improbe
1219 1652 1312 1680 vivunt
1327 1653 1389 1681 hinc
1409 1656 1523 1683 maxime
1540 1657 1718 1685 lucrifaciant.
1735 1659 1802 1687 Nam
1817 1649 1885 1695 pec-

1082 1700 1156 1722 calor
1173 1697 1197 1723 in
1212 1697 1425 1732 desperationetn
1452 1709 1505 1728 non
1521 1701 1586 1735 abit,
1611 1711 1672 1730 cum
1701 1704 1776 1732 videt
1798 1706 1883 1733 alium

1083 1742 1196 1776 lapsum,
1208 1744 1252 1778 qui
1269 1753 1409 1780 resurgere
1423 1747 1527 1780 potuit;
1544 1749 1588 1783 qui
1609 1756 1672 1776 vero
1683 1749 1817 1784 justitiam
1834 1759 1884 1781 co-

1082 1787 1128 1821 lit,
1143 1788 1295 1824 diligentior
1309 1792 1360 1819 erit
1374 1797 1401 1819 et
1421 1793 1533 1823 ﬁrmior.
1558 1794 1625 1824 Cum
1646 1796 1717 1825 enim
1739 1800 1841 1827 multos
1855 1808 1885 1828 δε

1082 1834 1206 1862 meliores
1230 1836 1319 1872 lapsos
1338 1837 1452 1873 viderit,
1468 1841 1573 1868 illorum
1588 1850 1651 1870 casu
1664 1843 1752 1871 factus
1765 1846 1881 1878 cautior,

1080 1886 1187 1917 semper
1197 1882 1326 1912 sollicitus
1339 1887 1401 1920 erit,
1422 1887 1559 1923 multaque
1574 1897 1603 1916 se
1618 1891 1744 1919 cautione
1763 1893 1880 1920 muniet.

1080 1925 1125 1954 Sic
1138 1928 1225 1964 itaque
1240 1930 1262 1957 is
1272 1951 1279 1962 ,
1294 1932 1338 1966 qui
1353 1932 1479 1960 virtutem
1495 1934 1577 1967 colit,
1595 1937 1737 1970 persistet;
1754 1944 1882 1972 peccator

1080 1980 1144 2000 vero
1159 1981 1173 2001 a
1189 1974 1377 2010 desperatione
1391 1978 1546 2006 liberabitur
1561 1989 1568 2007 :
1584 1981 1627 2007 ille
1648 1981 1762 2010 firmiter
1777 1984 1858 2010 stabit
1871 2006 1878 2016 ,

1080 2018 1122 2046 hic
1138 2019 1162 2047 in
1179 2021 1305 2056 priorem,
1319 2030 1333 2049 a
1350 2031 1403 2058 quo
1417 2025 1529 2059 excidit,
1553 2032 1651 2054 statum
1667 2030 1814 2056 confestim
1834 2039 1880 2058 rev

1078 2069 1206 2094 vertetur.
1221 2067 1286 2094 Nam
1302 2077 1361 2096 cum
1377 2069 1459 2098 homo
1473 2072 1604 2107 quispiam
1621 2081 1670 2101 nos
1682 2080 1796 2102 maestos
1809 2084 1876 2104 cen-

1076 2111 1186 2144 solatur,
1202 2113 1307 2141 etiamsi
1320 2114 1354 2141 ad
1369 2115 1502 2144 modicum
1519 2122 1625 2152 tempus
1638 2119 1700 2153 quid
1722 2121 1811 2148 solatii
1828 2122 1877 2148 lia-

1077 2154 1140 2183 bere
1155 2156 1301 2191 videamur,
1317 2159 1342 2186 in
1359 2161 1481 2188 eamdem
1506 2167 1593 2190 tamen
1617 2172 1711 2192 rursus
1739 2167 1875 2194 tristitiam

1075 2199 1239 2235 delabimur;
1256 2211 1316 2231 cum
1332 2213 1396 2233 vero
1416 2206 1488 2234 Deus
1511 2216 1559 2242 per
1582 2210 1648 2237 alios
1671 2210 1809 2244 hortatur.
1829 2214 1876 2247 qui

1075 2252 1135 2281 post
1150 2254 1287 2282 peccatum
1303 2252 1496 2286 resipiscentes
1514 2255 1627 2283 salutem
1653 2265 1872 2294 consequuntur,

1073 2300 1148 2320 suam
1165 2296 1241 2322 nobis
1258 2296 1402 2326 bonitatem
1424 2300 1593 2328 manifestam
1617 2301 1697 2336 facit,
1715 2311 1751 2331 ne
1764 2306 1874 2339 propria

1073 2340 1106 2367 de
1119 2341 1204 2368 salute
1219 2342 1380 2376 dubitemus,
1399 2345 1503 2372 firmam
1515 2351 1669 2382 certamque
1690 2349 1761 2377 nacti
1775 2357 1874 2378 conso-

1071 2385 1206 2414 lationem
1222 2388 1452 2421 Quemadmodum
1467 2392 1546 2427 igitur
1560 2394 1586 2420 in
1606 2400 1782 2428 peccatorum
1801 2399 1874 2425 casi-

1070 2431 1131 2465 bus,
1147 2434 1186 2460 sic
1201 2434 1281 2461 etiam
1297 2436 1322 2462 in
1338 2437 1464 2470 periculis
1477 2439 1704 2474 contingentibus,
1721 2449 1875 2478 congrucn-

1070 2482 1123 2504 tem
1155 2481 1330 2508 intercutibus
1366 2483 1497 2511 ntedclam
1532 2490 1637 2513 veteres
1667 2487 1870 2522 Scripturarum

1069 2523 1188 2552 historia:
1203 2526 1320 2554 animum
1334 2527 1460 2556 adhibere
1480 2530 1628 2558 volentibus
1641 2533 1849 2562 subministrant
1863 2546 1869 2563 :

1068 2577 1099 2596 ac
1112 2570 1167 2598 sive
1188 2571 1341 2600 facultatutn
1365 2575 1527 2610 publicatio,
1555 2578 1611 2604 sive
1638 2580 1867 2614 sycophantarum

1068 2617 1203 2649 molestia,
1219 2619 1275 2647 sive
1290 2627 1422 2654 carceres,
1439 2623 1494 2649 sive
1509 2623 1621 2659 ﬂagella,
1636 2625 1693 2653 sire
1706 2626 1779 2654 aliud
1789 2629 1867 2662 quid-

1068 2662 1138 2697 piam
1149 2664 1212 2691 mali
1227 2673 1275 2692 nos
1291 2665 1440 2700 intercipiat
1455 2677 1462 2695 :
1478 2668 1510 2694 ad
1521 2668 1606 2702 justos
1621 2671 1804 2705 respicientes,
1819 2674 1866 2707 qui

1065 2708 1157 2735 cadent
1173 2709 1230 2744 ipsa
1244 2711 1313 2745 passi
1329 2717 1390 2739 sunt
1402 2720 1433 2739 ac
1448 2713 1605 2746 toleravere,
1624 2715 1657 2742 ad
1683 2718 1865 2752 nosmetipsos

1065 2754 1154 2781 statim
1165 2755 1252 2782 redire
1265 2757 1421 2790 poterimus.
1434 2758 1460 2784 In
1476 2760 1611 2793 corporeis
1619 2769 1735 2796 namque
1749 2764 1862 2795 morbis,

1064 2800 1087 2827 si
1102 2808 1172 2835 :rger
1186 2801 1253 2829 alios
1268 2808 1381 2838 :egrotos
1393 2805 1526 2840 respiciat,
1544 2814 1621 2833 suum
1634 2813 1714 2843 auget
1727 2809 1862 2842 morbum,

1063 2846 1224 2881 quandoque
1248 2849 1328 2875 etiant
1357 2857 1436 2884 quatit
1460 2860 1511 2877 non
1538 2851 1652 2880 habebat
1678 2854 1862 2882 infirmitatem

1062 2891 1198 2919 contrahit
1214 2902 1219 2919 :
1234 2894 1348 2929 exempli
1359 2903 1439 2922 causa
1455 2916 1463 2930 ,
1474 2904 1533 2924 cum
1556 2899 1678 2927 nonnulli
1692 2900 1760 2928 alios
1771 2900 1860 2927 oculis
