1978 3130
165 127 214 154 3M

163 183 233 211 ἀλλὰ
247 181 276 208 τὸ
289 179 410 208 ἐναντίον
432 179 547 213 γίνεται,
565 177 611 203 καὶ
631 176 662 203 τὸ
683 174 802 210 συνεχῶς
820 173 919 200 ἐννοεῖν
932 172 996 203 τοὺς

164 227 199 254 τὰ
217 225 331 252 τοιαῦτα
346 223 524 253 πεπονθότας.
547 222 613 256 ἡμῖν
632 219 800 254 κουφοτέραν
820 217 936 243 ποιεῖται
948 215 998 250 τὴν

164 271 211 296 ἐπὶ
231 271 287 301 τοῖς
302 268 446 304 ἡμετέροις
468 267 563 296 κακοῖς
586 264 714 299 ἀθυμίαν.
739 262 789 289 Διὰ
811 261 890 288 τοῦτο
913 260 959 286 καὶ
983 260 998 285 ό

163 314 270 345 Παῦλος
288 314 350 344 τοὺς
363 311 443 342 ὄντας
463 310 576 340 πιστοὺς
592 308 687 334 τοῦτον
704 305 859 342 παρακαλεῖ
875 304 920 331 τὸν
936 304 1000 339 τρὸ-ς

163 367 226 388 πον,
243 357 292 391 οὐχ
310 356 352 383 ὅτι
365 356 429 387 τοὺς
442 354 547 387 ζῶντας
573 353 652 388 μόνον
665 350 770 385 ἁγίους,
790 349 859 376 ἀλλὰ
875 347 922 375 καὶ
936 349 1000 380 τοὺς

163 401 353 431 ἀποθανόντας
379 399 419 430 είς
449 398 532 434 μέσον
558 396 702 430 παράγων.
725 393 860 429 Ἑϐραίοις
878 392 926 427 μὲν
944 392 990 428 γὰ,

163 444 353 480 διαλεγόμενος
384 442 526 478 μέλλουσιν
555 438 780 471 ὑποσκελίζεσθαι
808 437 856 463 καὶ
879 436 998 462 καταπί-

164 497 253 521 πτειν,
267 489 331 519 τοῦς
347 487 441 520 ἁγίους
458 485 558 518 ἄνδρας
575 485 615 515 εἰς
634 482 717 518 μέσον
737 481 867 516 παράγει,
887 480 933 506 τὺν
947 480 998 505 Δα-

164 532 236 565 νιὴλ,
258 532 323 563 τοὺς
350 530 449 560 παῖδας
464 529 528 559 τοὺς
553 528 638 562 τρεῖς,
654 527 700 552 τὸν
721 525 825 555 Ἠλίαν,
843 524 890 550 τὸν
911 523 999 550 Ἐλισ-

158 577 254 607 σαῖον,
266 575 364 602 οὑτωσὶ
385 574 472 607 λέγων
484 581 492 587 ·
510 571 666 606 Ἔφριιξαν
689 570 824 604 στόματα
848 567 996 599 λεόντων,

162 621 295 647 ἔσϐεσαν
306 618 435 652 δύναμιν
442 615 546 649 πυρὸς,
563 615 677 649 ἔφην-γον
688 614 822 648 στόματα
835 611 997 647 μαχαίρας,

162 662 381 695 ἐλιθάσθησαν,
393 658 565 695 ἐμπαιγμῶν
583 658 630 684 καὶ
642 657 798 692 μαστίγων
809 656 914 690 πεῖραν
926 655 998 681 ἔλα⁶

164 707 229 738 εον,
244 706 288 732 ἔτι
304 705 338 731 δὲ
351 703 472 738 δεσμῶν
490 703 538 729 καὶ
556 701 710 736 φυλακῆς·
727 699 890 734 περιῆλθον
900 699 935 725 ἐν
942 706 1000 733 μηο

162 749 282 782 λωταῖς,
297 749 333 775 ἐν
346 748 469 782 αἰγείοις
484 746 640 781 δέρμασιν,
655 745 880 779 ὑστερούμενοι,
902 744 1000 771 θλιϐό-

160 802 256 828 μενοι,
273 792 519 826 κακουχούμενοι,
534 787 578 816 ὧν
589 791 645 817 οὐκ
655 788 694 824 ἦν
708 789 792 821 ἄξιος
806 789 822 815 ὁ
837 789 961 822 κόσμος.

205 838 237 864 Ἡ
255 837 283 863 δὲ
308 835 434 862 κοινωνία
449 834 504 860 τῶν
521 833 614 860 παθῶν
631 840 643 853 ιι
661 834 717 864 τοῖς
733 832 911 867 ὀδυνωμένοις
925 840 997 867 παρ-

163 883 219 918 έχει
237 880 430 916 παραμυθίαν¹
445 879 492 905 καὶ
507 878 633 913 καθάπερ
645 877 676 903 τὸ
693 877 775 912 μόνον
792 876 888 903 παθεῖν
903 885 929 902 τι
944 876 998 902 δει-

163 927 219 958 νὸν,
231 924 446 960 ἀπαραμύθητον
460 923 516 958 ἔχει
529 922 559 949 τὸ
573 922 666 954 κακὸν,
681 921 752 948 οῦτω
762 922 793 947 τὸ
801 922 890 956 εὑρεῖν
903 921 998 956 ἕτερον

161 972 218 1002 τοῖς
233 971 325 1000 αὐτοῖς
342 967 525 1004 περιπεσόντα
547 968 643 999 κακοῖς
662 966 832 1002 κουφοτέραν
853 965 998 1001 ἐργάζεται

161 1015 212 1041 ἐἰσιν
225 1013 342 1048 πληγήν.

200 1053 232 1090 β’.
250 1057 298 1083 Ἷν’
313 1054 359 1083 οὖν
375 1057 403 1083 ὲν
425 1057 491 1082 πᾶσι
507 1056 564 1086 τοῖς
584 1053 709 1080 δοκοῦσιν
728 1054 802 1089 ἡμᾶς
818 1053 936 1088 ἐνοχλεῖν
960 1053 997 1088 μὴ

163 1099 392 1135 καταπίπτωμεν,
415 1099 484 1135 μετὰ
507 1098 648 1133 ἀκριϐείας
670 1097 849 1133 προσέχωμεν
865 1099 927 1128 ταῖς
942 1097 996 1124 τῶν

163 1144 279 1180 Γραφῶν
294 1143 441 1179 ἱστορίαις-
458 1142 559 1177 πολλῆς
576 1142 630 1177 γὰρ
648 1141 786 1177 ὑπομονῆς
811 1141 935 1168 ἐντεῦθεν
951 1141 998 1176 λη-

161 1187 267 1223 ψόμεθα
288 1187 428 1222 ἀφορμὴν,
449 1186 480 1213 οὐ
495 1187 529 1221 τῇ
546 1185 673 1220 κοινωνίᾳ
694 1185 749 1211 τῶν
765 1185 798 1212 τὰ
815 1186 884 1212 αὐτὰ
900 1185 999 1212 παθόν-

160 1241 214 1258 των
227 1231 470 1268 παραμυθούμενοι
485 1231 577 1265 μόνον,
591 1229 659 1256 ἀλλὰ
674 1229 770 1264 καὶτῷ
786 1229 932 1264 μανθάνειν
951 1230 998 1256 τὺν

160 1276 262 1312 τρόπον
285 1276 334 1311 τῆς
358 1275 517 1309 ἀπαλλαγῆς
533 1273 588 1299 τῶν
604 1272 781 1308 ἐπαγομένων
803 1274 869 1308 ἡμῖν
891 1273 997 1305 δεινῶν,

161 1321 209 1347 καὶ
226 1320 295 1355 μετὰ
311 1319 361 1354 τὴν
377 1319 468 1346 ἄνεσιν
493 1318 582 1352 μένειν
602 1317 683 1343 πάλιν
699 1317 746 1343 ἐπὶ
764 1317 813 1352 τῆς
836 1317 932 1352 αὐτῆς,
951 1320 998 1345 καὶ

163 1364 231 1399 μήτε
245 1365 284 1394 εἰς
302 1362 436 1398 ρᾳθυμίαν
457 1360 613 1391 ἐκπίπτειν,
639 1361 707 1395 μήτε
723 1360 762 1390 είς
779 1360 908 1387 ἀπόνοιαν
922 1361 999 1396 αἴρε-

163 1407 237 1434 σθαι.
251 1407 288 1432 Τὸ
305 1406 354 1440 μὲν
367 1405 422 1440 γὰρ
439 1404 533 1436 κακῶς
559 1404 729 1440 πράττοντας
744 1404 936 1431 συστέλλεσθαι
951 1406 998 1431 καὶ

162 1450 358 1478 ταπεινοῦσθαι
390 1449 438 1475 καὶ
467 1448 567 1483 πολλὴν
604 1447 748 1474 εὐλάϐειαν
782 1447 996 1480 ἐπιδείκνυσθαι,

162 1495 319 1530 θαυμαστὸν
335 1493 426 1520 οὐδέν·
451 1493 519 1528 αῦτη
542 1493 595 1528 γὰρ
615 1493 631 1528 ἡ
656 1492 711 1518 τῶν
735 1492 898 1528 πειρασμῶν
918 1493 998 1527 φύσις

162 1539 209 1566 καὶ
226 1539 289 1570 τοὺς
310 1537 414 1572 λιθίνην
435 1535 511 1572 [504]
532 1536 643 1571 ἔχοντας
660 1536 772 1571 καρδίαν
795 1537 998 1571 καταναγκάζει

161 1583 242 1610 τοῦτο
259 1583 356 1613 ποιεῖν,
379 1581 410 1607 τὸ
427 1580 587 1607 λυπεῖσθαι·
612 1579 700 1615 ψυχῆς
715 1580 743 1606 δέ
759 1581 833 1607 ἐστιν
854 1581 997 1615 εὐλαΰοῦς,

161 1628 208 1654 καὶ
221 1627 266 1653 τὸν
277 1626 342 1652 Θεὸν
356 1624 471 1660 ἐχούσης
486 1624 617 1660 διηνεκῶς
628 1624 681 1659 πρὸ
695 1623 852 1659 ὀφθαλμῶν,
868 1625 916 1651 καὶ
929 1626 999 1660 μετὰ

161 1671 212 1707 τὴν
234 1670 288 1697 τῶν
309 1669 472 1704 πειρασμῶν
499 1667 660 1703 ἀπαλλαγὴν
689 1668 825 1703 μηδέποτε
847 1670 888 1700 είς
913 1669 998 1705 λήθην

161 1716 306 1751 ἐμπεσεῖν·
334 1714 402 1748 ὅπερ
429 1712 550 1738 Ἰουδαῖοι
574 1711 694 1746 συνεχῶς
725 1711 854 1748 ἔπασχον.
876 1713 922 1740 Διὸ
951 1715 998 1741 καὶ

162 1759 296 1785 σκώπτων
308 1757 405 1788 αὐτοὺς
418 1756 431 1782 ό
448 1757 591 1791 προφήτης
605 1755 698 1789 ἔλεγεν
708 1764 715 1771 ο
726 1756 998 1784 Ὅταν-ἀπέκτεινεν·

161 1802 282 1834 αὐτοὺς,
299 1802 366 1828 τότε
382 1800 507 1833 ἐζήτουν
533 1800 638 1831 αὐτὸν,
660 1799 708 1826 καὶ
724 1799 926 1835 ἐπέστρεφον,
947 1802 997 1828 καὶ

160 1845 301 1880 ὢρθριζον
315 1845 390 1879 πρὸς
408 1845 463 1871 τὸν
477 1844 561 1870 Θεέν.
572 1844 627 1870 Καὶ
641 1844 762 1879 Μωῦσῆς
775 1844 802 1870 δὲ
814 1844 906 1876 αὐτοῖς
919 1845 999 1872 τοῦτο

161 1890 228 1917 αὐτὸ
252 1888 392 1920 συνειδὼς,
419 1888 538 1923 παρῄνει
559 1887 679 1922 συνεχῶς
704 1887 807 1921 λέγων·
827 1888 933 1923 Φατιὼν
947 1890 998 1917 καὶ

161 1934 238 1961 πιὼν
253 1933 302 1960 καὶ
315 1932 511 1967 ἐμπλησθεὶς,
528 1932 659 1966 πρόσεχε
672 1931 800 1964 σεαυτῷ,
811 1931 855 1966 μὴ
869 1933 997 1969 ἐπιλάϐῃ

161 1977 273 2011 Κυρίου
283 1975 337 2003 τοῦ
349 1975 423 2003 Θεοῦ
433 1984 504 2003 σου.
519 1975 604 2002 Τοῦτο
618 1975 684 2009 γοῦν
697 1975 744 2002 καὶ
752 1975 860 2010 ἐγένετο
869 1985 876 1992 ·
887 1978 997 2012 Ἕφαγε

163 2022 226 2056 γὰρ,
250 2020 343 2055 φησὶν,
376 2018 486 2050 Ἰακὼϐ,
506 2019 555 2046 καὶ
576 2018 733 2052 ἑλιπάνθη,
757 2019 806 2046 καὶ
828 2020 996 2055 ἐπαχύνθη,

159 2065 210 2091 καὶ
225 2063 429 2091 ἀντελάκτισεν
446 2064 462 2089 d
474 2062 675 2097 ἠγαπημένος.
691 2062 792 2098 Διόπερ
807 2064 838 2090 οὐ
854 2064 897 2092 διὰ
916 2065 996 2092 τοῦτο

159 2109 213 2144 χρὴ
239 2106 392 2141 θαυμάζειν
415 2107 478 2138 τοὺς
502 2106 606 2140 ἁγίους,
631 2107 672 2133 ὅτι
695 2107 746 2141 τῆς
769 2107 885 2142 θλίψεως
909 2110 995 2145 αὐτῆς

159 2151 348 2187 ἀκμαζούσης,
364 2150 451 2182 οὕτως
466 2148 538 2186 ἦσαν
562 2150 686 2182 εὐλαϐεῖς
702 2151 750 2177 καὶ
770 2151 921 2187 φιλόσοφοι,
937 2153 995 2180 ἀλλ’

158 2197 199 2223 ὃτι
216 2196 264 2222 καὶ
278 2195 324 2222 τοῦ
340 2194 475 2230 χειμῶνος
491 2195 672 2231 παρελθόντος
686 2196 734 2221 καὶ
747 2195 869 2232 γαλήνης
883 2199 994 2233 γινομέ-

159 2249 217 2275 νης,
233 2240 280 2265 ἐπὶ
293 2239 343 2274 τῆς
361 2239 447 2274 αὐτῆς
463 2238 559 2274 ἔμενον
573 2239 724 2271 ἐπιεικείας
737 2240 785 2266 καὶ
800 2241 928 2277 σπουδῆς.
940 2243 994 2269 Καὶ

159 2284 243 2311 ἵππον
260 2283 288 2309 δὲ
303 2284 406 2309 ἐκεῖνον
419 2282 570 2318 θαυμάζειν
587 2283 705 2318 μάλιστα
720 2284 773 2320 χρὴ
787 2284 833 2311 τὸν
846 2286 931 2321 χωρὶς
944 2296 994 2322 χα-

158 2327 232 2354 λινοῦ
254 2327 401 2362 δυνάμενον
417 2325 541 2361 εὓρυθμα
564 2326 697 2361 βαδίζειν·
718 2327 751 2354 ἂν
768 2328 808 2360 δὲ,
832 2329 922 2364 κημοῦ
947 2331 994 2358 καὶ

159 2369 268 2408 χαλινοῦ
293 2370 453 2405 κατέχοντος
471 2370 562 2402 αὑτὸν,
579 2371 709 2406 εὐτακτῇ,
723 2370 881 2406 θαυμαστὸν
898 2373 990 2400 οὐδέν·

158 2415 189 2441 οὺ
207 2414 260 2450 γὰρ
273 2416 307 2449 τῇ
325 2413 449 2448 εὐγενείᾳ
467 2414 513 2440 τοῦ
528 2414 608 2446 ζώου.
627 2415 695 2441 ἀλλὰ
707 2416 740 2450 τῇ
756 2416 864 2453 ἀνάγκῃ
877 2417 925 2444 τοῦ
943 2428 992 2454 χαο

156 2457 230 2484 λινοῦ
243 2457 292 2492 τὴν
304 2456 430 2488 εὐταξίαν
441 2457 600 2491 λογίσασθαι
611 2458 676 2494 χρή.
690 2458 776 2485 Τοῦτο
788 2460 834 2486 καὶ
842 2461 889 2486 ἐπὶ
901 2461 992 2496 ψυχῆς,

157 2502 231 2528 ἐστιν
248 2502 345 2533 ειπεῖν,
362 2501 402 2527 ὃτι
421 2500 503 2534 φόὸου
527 2501 577 2536 μὲν
594 2502 769 2538 ἐπικειμένου
784 2504 910 2540 ἠρεμεῖν,
927 2505 992 2532 θαυ-

158 2544 261 2581 μαστδν
275 2544 364 2572 οὐδέν·
385 2545 450 2570 ὅταν
468 2544 497 2571 δέ
514 2545 685 2580 παρέλθωσιν
708 2547 733 2573 οί
758 2549 917 2583 πειρασμοὶ,
943 2550 990 2577 καὶ

155 2589 202 2615 τὸν
222 2588 329 2623 χαλινὸν
342 2587 388 2614 τοῦ
405 2588 487 2622 φόϐου
507 2588 620 2624 περιέλῃ
638 2598 688 2622 τις,
703 2590 763 2616 τότε
780 2599 826 2626 μοι
843 2591 929 2625 δεῖξον
945 2603 989 2628 φι-

156 2632 284 2666 λοσοφίαν
305 2631 404 2667 ψυχῆς.
419 2633 467 2658 καὶ
480 2632 529 2667 τὴν
550 2632 676 2665 εὐταξίαν
694 2633 816 2661 ἃπασαν.
838 2635 919 2662 ’Δλλὰ
943 2646 990 2672 φο-

155 2676 256 2712 δοῦμαι
269 2676 316 2712 μὴ.
335 2676 496 2711 βουλόμενος
513 2676 646 2704 Ἰουδαίων
661 2680 836 2714 κατηγορεῖν,
854 2680 905 2715 τῆς
921 2682 989 2716 ἡμε-

155 2719 237 2755 τέρας
263 2720 445 2756 κατηγορήσω
468 2719 622 2752 πολιτείας·
647 2721 708 2747 ἐπεὶ
730 2722 778 2748 καὶ
799 2723 880 2758 ἡμεῖς
905 2725 987 2760 ήνίκα

157 2762 339 2799 ἱσαλευόμεθα
355 2763 409 2790 ἀπὸ
426 2772 456 2790 τε
469 2764 549 2800 λιμοῦ
565 2765 612 2791 κα¹ι
627 2764 722 2801 λοιμοῦ
735 2766 783 2793 καὶ
798 2766 920 2803 χαλάζης
939 2769 986 2795 καὶ

180 2857 192 2871 ⁸
205 2856 277 2881 Savil.
291 2858 343 2882 τῶν
350 2859 485 2884 παθόντων.

549 123 578 150 S.
598 123 738 151 JOANNIS
757 122 998 151 CIIRYSOSTOMI
1019 122 1179 150 ARCHIEP.
1199 120 1475 149 CONSTANTINOP.

1833 119 1887 148 3θί

1049 172 1184 208 ἅδροχίας
1203 175 1251 201 καὶ
1275 175 1449 210 ὲμπρησμῶν
1469 175 1516 201 καὶ
1538 175 1747 208 ἐπαναστάσεως
1768 177 1888 212 ἐχθρῶν,

1049 217 1109 252 οὐχὶ
1135 217 1198 244 καθ’
1220 219 1339 254 ἑκάστην
1355 218 1463 254 ἡμέραν
1475 219 1492 254 ή
1512 219 1643 254 ἐκκλησία
1655 220 1694 255 τῷ
1709 220 1810 256 πλήθει
1832 221 1891 248 τῶν

1050 263 1242 297 συναγομένων
1260 265 1487 300 ὲστενοχωρεῖτο;
1502 263 1550 290 καὶ
1565 264 1649 300 πολλή
1669 273 1713 296 τις
1726 262 1761 300 ἦν
1776 265 1856 300 ἡμῶν
1872 266 1892 300 ἡ

1049 306 1194 341 φιλοσοφία
1211 307 1258 333 καὶ
1275 307 1411 342 ὑπεροψία
1425 307 1480 334 τῶν
1496 307 1632 342 βιωτικῶν
1646 309 1830 344 πραγμάτων,
1843 310 1894 335 καὶ

1048 349 1109 376 οὔτε
1125 350 1276 386 χρημάτων
1301 351 1394 383 πόθος,
1408 350 1470 377 οὔτε
1483 351 1560 387 δόξης
1571 351 1715 387 ἐπιθυμία,
1724 351 1787 379 οὔτε
1800 352 1894 387 ὕρεξις

1049 394 1096 420 καὶ
1112 395 1182 430 έρως
1203 395 1357 429 ἀσελγείας,
1377 395 1439 422 οὗτε
1455 396 1535 428 ἄλλος
1553 404 1595 428 τις
1618 396 1749 432 λογισμὸς
1769 397 1894 433 πονηρὸς

1050 438 1110 464 τότε
1124 438 1251 474 ἠνώχλει,
1268 440 1337 466 ἀλλὰ
1350 440 1450 472 πάντες
1471 441 1512 473 είς
1537 440 1694 468 θεοσέϐειαν
1707 442 1820 474 ἑαυτοὺς
1838 442 1895 468 ἐπι

1049 481 1179 514 εδώκατε,
1197 483 1266 518 μετὰ
1276 484 1396 519 δεήσεως
1415 485 1461 511 καὶ
1475 484 1601 520 δακρύων
1612 493 1619 500 ·
1634 485 1683 511 καὶ
1695 486 1710 512 ὁ
1723 485 1825 521 πόρνος
1839 485 1897 521 μὲν

1048 526 1200 561 ἐσωφρόνει
1219 527 1291 559 τότε,
1313 528 1327 553 ὁ
1346 527 1373 553 δὲ
1395 530 1565 563 μνησίκακος
1588 528 1635 555 ἐπὶ
1648 528 1699 560 τὰς
1714 528 1897 563 καταλλαγὰς

1049 570 1190 605 ἐτρέπετο,
1207 571 1221 598 ὁ
1237 571 1402 607 πλεονέκτης
1415 572 1484 607 πρὸς
1496 572 1683 608 ἐλεημοσύνην
1695 572 1870 608 ἐκάμπτετο,
1882 572 1897 597 ό

1048 613 1156 649 ὀργίλος
1170 615 1218 641 καὶ
1232 615 1336 651 θρασὺς
1350 616 1390 646 εἰς
1405 616 1659 652 ταπεινοφροσύνην
1680 618 1729 644 καὶ
1748 617 1898 652 πραότητα

1053 657 1236 692 μετεὸάλλετο
1247 667 1253 673 ο
1273 660 1320 685 καὶ
1333 659 1401 686 ἐπὰν
1411 661 1425 686 ὁ
1439 660 1505 692 Θεὸς
1514 659 1563 696 τήν
1574 660 1659 696 ὀργὴν
1669 661 1778 696 ἐκείνην
1786 661 1884 688 διεσκέ

1048 702 1126 734 δασε,
1153 705 1199 730 καὶ
1226 703 1274 729 τὸν
1289 704 1411 739 χειμῶνα
1430 705 1585 740 παρήγαγε,
1603 705 1649 731 καὶ
1664 704 1786 740 γαλήνην
1801 705 1898 739 ἐποίη-

1050 755 1095 772 σεν
1123 747 1154 774 ἐκ
1180 747 1317 774 τοσούτων
1346 748 1487 784 κυμάτων,
1516 749 1557 780 είς
1575 748 1625 781 τὰς
1652 749 1786 785 πρότερον
1809 749 1899 776 πάλιν

1049 791 1239 827 ἐπανήλθομεν
1258 792 1419 828 προλήψεις.
1445 792 1540 820 Καίτοι
1554 802 1586 828 γε
1599 794 1649 820 οὐκ
1666 794 1811 830 ἐπαυόμην
1831 794 1898 820 τότε

1049 835 1115 870 παρ’
1126 835 1209 862 αὑτὸν
1221 836 1267 862 τὸν
1277 836 1373 872 καιρὸν
1387 836 1443 863 τῶν
1457 836 1620 872 πειρασμῶν
1633 838 1777 872 προλέγων
1791 837 1896 869 ταῦτα,

1049 879 1098 906 καὶ
1112 880 1421 916 προδιαμαρτυρόμενος
1431 889 1438 895 ·
1451 880 1508 907 ἀλλ’
1523 881 1599 916 ὅμως
1611 881 1686 908 οὐδὲν
1701 882 1767 917 ἡμῖν
1780 882 1898 916 ἐγένετό

1048 932 1076 950 τι
1096 923 1189 955 πλέον.
1206 924 1263 950 ἀλλ’
1279 924 1318 955 ὡς
1334 924 1400 960 όναρ
1417 924 1465 951 καὶ
1484 925 1564 952 σκιὰν
1586 925 1788 962 παρελθοῦσαν,
1802 927 1898 957 οὕτως

1048 967 1158 994 ἅπαντα
1174 968 1267 994 ἐκεῖνα
1286 968 1336 1003 τῆς
1349 968 1469 1002 διανοίας
1485 969 1628 1002 ἐξεϐάλετε
1648 970 1674 997 δ.
1695 970 1745 997 Διὰ
1757 970 1790 1006 δὴ
1811 970 1899 997 ’τοῦτο

1048 1011 1156 1038 δέδοικα
1174 1011 1221 1038 νῦν
1240 1012 1341 1048 μᾶλλον
1358 1012 1374 1048 ἦ
1394 1013 1468 1046 τότε,
1486 1014 1535 1040 καὶ
1554 1014 1568 1040 ὂ
1580 1013 1641 1040 τότε
1658 1014 1761 1049 ἔλεγον,
1779 1014 1832 1041 νῦν
1852 1014 1896 1041 δέ-

1048 1055 1126 1083 δοικα
1144 1055 1286 1091 μειζόνως,
1301 1057 1338 1093 μὴ
1354 1056 1534 1093 χαλεπώτερα
1547 1057 1602 1084 τῶν
1616 1058 1758 1094 προτέρων
1771 1059 1896 1085 ἐπισπα-

1050 1100 1161 1134 σώμεθα
1184 1101 1270 1132 κακὰ,
1292 1101 1341 1127 κα)⁸
1361 1101 1421 1127 τότε
1438 1100 1579 1136 δεξώμεθα
1602 1102 1709 1138 πληγὴν
1726 1103 1841 1130 ἀνίατον
1864 1104 1896 1131 ἐκ

1049 1145 1096 1171 τοῦ
1111 1145 1190 1172 Θεοῦ.
1208 1145 1274 1172 Ὅτε
1288 1144 1343 1180 γάρ
1355 1154 1397 1176 τις
1407 1145 1527 1180 συνεχῶς
1541 1146 1707 1181 ἁμαρτάνων
1724 1147 1896 1183 συγγνώμης

1048 1189 1179 1224 τυγχάνει
1187 1189 1263 1224 παρὰ
1271 1188 1320 1215 τοῦ
1332 1188 1412 1219 Θεοῦ,
1424 1186 1486 1216 εἶτα
1496 1189 1579 1225 μηδὲν
1591 1190 1644 1216 άπὸ
1656 1190 1706 1226 τῆς
1714 1190 1897 1223 ἀνεξικακίας

1049 1233 1151 1269 ταύτης
1166 1233 1285 1269 κερδάνῃ
1297 1233 1311 1259 ό
1329 1232 1474 1269 ἄνθρωπος
1489 1233 1531 1265 εις
1542 1234 1593 1268 τὴν
1615 1234 1663 1270 τῆς
1684 1235 1786 1266 κακίας
1809 1235 1898 1262 ἀπαλ-

1049 1277 1146 1313 λαγὴν,
1172 1277 1266 1304 λοιπὸν
1296 1276 1392 1303 τοῦτον
1420 1277 1644 1313 παρασκευάζει,
1677 1278 1748 1305 ὥστε
1780 1280 1833 1306 καὶ
1859 1280 1897 1317 μὴ

1050 1322 1126 1358 [505]
1143 1321 1303 1357 βουλόμενον
1325 1320 1406 1348 αὑτὸν
1427 1321 1474 1348 τὸν
1489 1321 1631 1356 κολοφῶνα
1651 1322 1706 1349 τῶν
1731 1324 1829 1350 κακῶν
1849 1325 1897 1351 έπ-

1049 1368 1173 1402 αγαγεῖν,
1189 1367 1236 1393 καὶ
1249 1366 1375 1402 ὲκτρίψαι
1395 1366 1476 1393 αὑτὸν
1491 1366 1600 1398 τέλεον,
1618 1367 1666 1394 καὶ
1687 1369 1787 1403 μηκέτι
1804 1368 1896 1395 δοῦναι

1051 1411 1195 1446 μετανοίας
1209 1410 1272 1437 τινὰ
1287 1409 1458 1446 προθεσμίαν
1470 1430 1477 1442 ,
1491 1410 1505 1436 ὃ
1523 1411 1570 1437 καὶ
1589 1411 1635 1437 ἐπὶ
1652 1411 1697 1438 τοῦ
1713 1412 1818 1447 Φαραὼ
1835 1422 1895 1439 συν-

1050 1455 1109 1490 έϐη.
1135 1454 1243 1490 Ἐπειδὴ
1264 1454 1319 1490 γὰρ
1345 1454 1467 1489 προτέρᾳ
1481 1474 1488 1485 ,
1512 1454 1559 1480 καὶ
1581 1454 1714 1490 δευτέρᾳ,
1734 1457 1783 1483 καὶ
1803 1456 1894 1493 τρίτῃ,

1051 1500 1097 1527 καὶ
1125 1499 1242 1535 τετάρτῃ
1258 1519 1265 1531 ,
1282 1499 1330 1525 καὶ
1344 1500 1405 1530 ταῖς
1431 1499 1489 1534 μετ’
1506 1498 1614 1531 ἐκείνας
1630 1500 1766 1535 πληγαῖς,
1792 1501 1894 1536 πολλῆς

1050 1543 1191 1578 ἁπήλαυσε
1210 1542 1401 1578 μακροθυμίας
1422 1541 1498 1578 παρὰ
1520 1542 1568 1569 τοῦ
1587 1543 1655 1570 Θεοῦ
1667 1564 1674 1577 ,
1692 1544 1768 1572 οὐδὲν
1785 1545 1894 1579 ἐγένετο

1050 1586 1124 1622 αὑτῷ
1138 1595 1164 1612 τι
1175 1586 1311 1622 χρήσιμον
1321 1605 1330 1619 ,
1347 1585 1473 1621 ὲξετρίϐη
1493 1586 1586 1614 λοιπὸν
1601 1588 1648 1614 καὶ
1669 1588 1806 1624 ἠφανίσθη
1824 1590 1893 1625 μετὰ

1049 1631 1099 1667 τῆς
1112 1631 1216 1662 πόλεως
1231 1630 1326 1665 ἄρδην.
1352 1629 1438 1656 Τοῦτο
1458 1630 1505 1657 καὶ
1525 1631 1646 1658 Ἰουδαῖοι
1663 1632 1824 1660 πεπόνθασι.
1847 1634 1892 1660 Διὸ

1050 1676 1097 1702 καὶ
1120 1676 1134 1702 ὁ
1147 1675 1264 1710 Χριστὸς
1295 1674 1400 1710 μέλλων
1426 1675 1524 1706 αὐτοὺς
1545 1675 1688 1709 ἀφανίζειν
1709 1677 1756 1704 καὶ
1771 1677 1892 1712 ἐρημίαν

1049 1720 1163 1754 ἐπάγειν
1190 1719 1281 1750 αὐτοῖς
1309 1717 1472 1754 ἀδιόρθωτον
1486 1739 1493 1750 ,
1520 1718 1607 1751 οὕτως
1634 1719 1710 1754 έλεγε
1723 1729 1730 1736 ·
1756 1721 1890 1753 Ποσὰκις

1049 1764 1186 1798 ἠθέλησα
1195 1762 1429 1798 ἐπισυναγαγεῖν
1445 1763 1481 1790 τὰ
1496 1763 1587 1790 τέκνα
1602 1771 1671 1796 σου,
1685 1765 1734 1791 καὶ
1749 1767 1804 1792 οὐκ
1818 1766 1887 1799 ἠθε-

1048 1807 1183 1841 λήσατε,
1207 1807 1284 1834 Ἰδοὺ
1304 1807 1422 1842 ἀφίεται
1451 1809 1467 1834 ὁ
1490 1805 1573 1840 οἶνος
1589 1808 1673 1843 ὑμῶν
1692 1809 1811 1844 ἕρημος,
1838 1811 1885 1837 Δέ-

1048 1852 1126 1878 δοικα
1140 1850 1187 1878 οῦν
1203 1851 1240 1887 μὴ
1257 1851 1304 1878 καὶ
1319 1852 1399 1886 ἡμεῖς
1410 1851 1444 1878 τὰ
1459 1851 1529 1878 αὐτὰ
1546 1851 1688 1887 πάθωμεν,
1705 1853 1746 1880 ὅτι
1757 1853 1818 1880 οὔτε
1833 1856 1886 1884 τοῖς

1049 1895 1215 1931 ἀλλοτρίοις,
1227 1894 1289 1921 οὔτε
1306 1896 1363 1927 τοῖς
1378 1895 1524 1930 ἡμετέροις
1538 1896 1770 1932 σωφρονιζώμεθα
1782 1900 1884 1934 κακοῖς.

1049 1941 1086 1967 Οὐ
1102 1941 1170 1976 πρὸς
1190 1939 1262 1975 ὑμᾶς
1276 1940 1305 1966 δὲ
1321 1939 1402 1974 μόνον
1414 1939 1488 1973 λέγω
1501 1939 1587 1966 ταῦτα
1598 1941 1662 1973 τοὺς
1677 1941 1724 1968 νῦν
1741 1942 1882 1978 παρόντας,

1049 1985 1118 2012 ἀλλὰ
1133 1985 1180 2012 καὶ
1208 1984 1277 2020 πρὸς
1302 1985 1366 2016 τοὺς
1396 1985 1605 2020 ἀπορῤαγέντας
1628 1986 1678 2021 τῆς
1702 1986 1883 2022 καθημερινῆς

1051 2030 1168 2065 σπουδῆς
1179 2050 1187 2062 ,
1208 2029 1254 2056 καὶ
1271 2028 1325 2055 τῶν
1341 2029 1483 2064 προτέρων
1505 2029 1622 2064 θλίψεων
1644 2030 1881 2066 ὲπιλελησμένους·

1049 2073 1116 2108 πρὸς
1138 2072 1185 2104 οὒς
1208 2073 1238 2098 οὐ
1254 2072 1373 2098 διέλιπον
1392 2072 1436 2098 ἀεὶ
1456 2071 1705 2108 διαρρηγνύμενος,
1726 2074 1774 2100 καὶ
1789 2074 1883 2108 λέγων.

1047 2118 1087 2144 ὅτι
1101 2118 1126 2144 εί
1143 2117 1190 2144 καὶ
1206 2116 1345 2152 παρῆλθον
1367 2117 1390 2142 οἱ
1407 2116 1555 2151 πειρασμοὶ
1568 2136 1576 2148 ,
1594 2117 1697 2152 μενέτω
1712 2118 1741 2144 ὲν
1764 2119 1822 2149 ταῖς
1836 2118 1884 2153 ψυ-

1047 2163 1107 2196 χαῖς
1122 2161 1202 2196 ἡμῶν
1215 2160 1270 2187 τῶν
1289 2159 1449 2195 πειρασμῶν
1465 2160 1481 2195 ἡ
1500 2160 1594 2195 μνήμη
1604 2179 1611 2191 ,
1628 2159 1672 2186 ἵνα
1688 2162 1736 2187 καὶ
1749 2161 1798 2197 τῆς
1810 2161 1884 2197 εὐερ-

1046 2207 1139 2240 γεσίας
1155 2205 1274 2240 συνεχῶς
1290 2204 1517 2241 μνημονεύοντες,
1531 2204 1662 2240 διηνεκῶς
1679 2205 1883 2242 εὐχαριστῶμεν

1045 2250 1084 2285 τῷ
1099 2249 1201 2284 ταύτην
1212 2250 1380 2284 παρασχόντι
1397 2248 1467 2284 Θεῷ.

1079 2305 1114 2336 γ’.
1125 2300 1218 2327 Ταῦτα
1234 2300 1281 2326 καὶ
1295 2300 1355 2326 τότε
1368 2299 1472 2334 ἔλεγον,
1487 2301 1535 2328 καὶ
1547 2301 1595 2327 νῦν
1609 2301 1681 2336 λέγω
1697 2302 1772 2338 ὑμῖν,
1789 2303 1836 2329 καὶ
1849 2302 1881 2330 δι’

1045 2345 1120 2382 ὑμῶν
1139 2345 1266 2377 ἐκείνοις·
1289 2345 1474 2380 μιμησώμεθα
1497 2347 1561 2376 τοὺς
1584 2347 1688 2381 ἁγίους,
1707 2348 1806 2380 οἵτινες
1823 2347 1880 2375 οὔτε

1045 2391 1096 2418 ὑπὸ
1114 2390 1168 2417 τῶν
1190 2389 1306 2424 θλίψεων
1330 2389 1530 2425 κατεπόθησαν,
1552 2390 1614 2417 οὔτε
1631 2391 1684 2418 ὑπὸ
1704 2391 1756 2427 τῆς
1767 2393 1880 2424 ἀνέσεως

1044 2435 1199 2471 χαυνότεροι
1209 2434 1362 2467 γεγόνασιν,
1373 2434 1441 2469 ὅπερ
1453 2434 1544 2461 πολλοὶ
1555 2434 1769 2471 τῶνάνθρώπων
1778 2436 1824 2462 νῦν
1831 2438 1879 2463 πά-

1043 2487 1152 2513 σχομεν,
1170 2478 1295 2513 καθάπερ
1311 2477 1346 2504 τὰ
1355 2477 1443 2512 κοῦφα
1454 2478 1507 2504 τῶν
1525 2478 1625 2506 πλοίων
1636 2479 1689 2505 ὑπὸ
1703 2480 1796 2516 πάσης
1810 2489 1878 2516 περι-

1042 2522 1163 2552 στάσεως
1179 2521 1309 2556 κυμάτων
1325 2521 1558 2557 περιαντλούμενα
1574 2522 1747 2557 βαπτίζεται.
1760 2525 1815 2551 Καὶ
1828 2525 1876 2560 γὰρ

1041 2566 1121 2592 πενία
1145 2565 1274 2597 πολλάκις
1293 2566 1358 2601 ἡμῖν
1380 2565 1529 2593 ἐπελθοῦσα
1547 2567 1678 2594 ἐθάπτισε
1695 2568 1744 2595 καὶ
1764 2568 1876 2604 ὑποϐρυ-

1040 2609 1115 2644 χίους
1127 2609 1200 2645 ἡμᾶς
1215 2609 1337 2644 ἐποίησε,
1359 2610 1405 2636 καὶ
1427 2609 1539 2642 πλοῦτος
1558 2611 1785 2647 προσγενόμενος,
1800 2612 1874 2639 πάλιν

1041 2653 1176 2689 ἐφύσησεν
1193 2654 1277 2689 ἡμᾶς,
1288 2654 1335 2680 καὶ
1351 2655 1390 2685 είς
1409 2655 1527 2691 ἐσχάτην
1538 2654 1684 2691 ὀλιγωρίαν
1697 2657 1818 2684 ἐνέϐαλε.
1833 2657 1874 2683 Διὸ

1040 2694 1202 2730 παρακαλῶ,
1226 2695 1428 2730 παραλιπόντες
1451 2694 1569 2729 ἅπαντα,
1590 2697 1640 2730 τὰς
1664 2699 1770 2725 ἑαυτῶν
1791 2698 1871 2734 ψυχὰς

1039 2738 1216 2774 ῥυθμίσωμεν
1234 2739 1303 2774 πρὸς
1319 2739 1455 2776 σωτηρίαν
1470 2741 1584 2774 ἕκαστος
1600 2742 1693 2778 ἡμῶν·
1710 2743 1811 2779 ταύτης
1823 2742 1872 2778 γὰρ

1069 2863 1084 2884 ὶ
1095 2863 1160 2889 Savil
1165 2882 1170 2888 .
1184 2864 1330 2896 ἐξεϐάλομεν.
