1978 3130
86 131 132 159 ειη
628 131 671 158 DE
694 130 925 163 ΡαζΝΙΤΕΝζΠΑ.
947 131 1059 159 llOSllL.
1083 132 1125 161 IV.

85 189 238 216 laborantes
262 190 435 223 respicerent,
465 197 478 215 a
503 189 559 216 solo
585 189 678 216 intuitu
704 189 826 217 eumdem
854 190 878 216 in

88 235 206 261 morbum
224 235 393 267 inciderunt;
409 236 434 262 in
451 236 538 262 anima
554 244 617 263 vero
631 244 683 263 non
699 237 823 271 idipsum,
835 236 881 263 sed

84 281 248 308 contrarium
265 289 372 315 prorsus
387 282 476 309 evenit
491 291 496 308 :
511 282 532 308 si
555 282 626 309 enim
650 282 757 309 asxidue
779 283 879 317 cogite-

85 334 142 353 mus
154 333 210 357 eos,
228 326 272 360 qui
288 326 381 354 eadem
397 327 451 361 ipsa
465 327 582 366 perpessi
595 332 667 359 sunt,
680 327 739 354 hinc
751 328 880 354 tnalorutn

84 377 235 399 nostrorum
252 373 351 400 lenitur
364 374 451 400 dolor.
467 374 528 401 ldeo
541 375 638 401 Paulus
653 374 743 401 lidelcs
754 374 804 401 hoc
817 374 879 400 hor-

85 424 151 445 tatur
166 418 259 450 modo,
276 427 330 446 non
347 420 432 447 solum
447 424 553 447 sanctos
569 421 611 455 qui
629 421 654 446 in
671 420 738 447 vivis
751 425 820 451 sunt.
833 420 879 447 Sed

83 464 159 490 etiam
176 470 299 491 mortuos
319 465 344 491 in
370 465 486 493 medium
502 466 645 493 adducens.
662 466 787 494 Hebra‘os
809 467 879 494 enim

82 509 228 543 alloquens,
246 511 292 544 qui
314 511 443 538 nutabant
466 519 580 547 moxque
595 513 696 547 lapsuri
717 518 803 546 erant,
828 514 879 540 Da-

84 554 176 581 uieletn
193 554 218 581 in
236 556 357 583 medium
374 557 491 589 adducit,
516 563 569 585 tres
585 566 692 593 pueros,
709 558 804 590 Eliam,
823 559 879 586 Eli-

84 606 171 632 ta-mn,
187 600 228 627 his
245 603 338 630 verbis
355 611 361 628 :
381 602 565 631 Obtumvcruut
586 613 631 632 ora
651 606 760 637 leonum,
783 606 878 632 exstin-

86 651 167 672 rerunt
189 647 310 674 virtutem
334 649 408 684 ignis,
427 649 569 685 e/fugerunt
592 658 636 677 ora
658 651 748 685 gladii,
774 651 880 685 lopiduti

83 696 145 723 sunt,
158 691 271 719 ludibria
281 698 307 719 et
320 695 420 720 verbera
434 695 530 729 experti
549 700 617 728 sum,
634 695 783 730 insuperqtte
795 701 878 722 custo-

86 738 147 764 Jiam
161 746 306 766 carcerum.
321 740 479 767 Circuierunt
493 742 518 768 in
532 741 628 768 metatis
641 747 665 769 et
677 743 786 777 caprinis
804 743 878 777 pelli-

84 783 134 816 bus,
149 790 259 819 egentes,
279 787 428 820 angustiuti,
444 788 537 822 uﬂlicti,
552 788 640 822 quibus
660 789 752 824 digitus
763 797 813 815 non
827 793 880 815 erat

85 830 185 856 mundus
201 830 299 864 (Ilcbr.
315 832 357 859 Η.
367 833 400 860 54
408 837 431 860 et
444 834 524 868 seqq.)
533 853 540 860 .

117 874 310 903 Erumnarum
324 879 467 905 communio
482 880 599 906 solatium
614 879 706 913 prwbet
724 879 829 914 afﬂictis.
841 894 877 899 —

87 921 270 949 Erumnarutn
293 928 383 951 autem
397 925 548 952 communio
562 925 683 952 solatium
699 925 798 959 praebet
809 925 877 952 afﬂi-

87 968 131 994 ctis
144 976 151 994 :
166 975 197 995 ac
208 969 438 1003 quemadmodum
451 971 473 998 si
488 971 546 1006 quis
566 971 638 998 solus
651 979 732 1005 grave
744 971 879 1006 quidpiatn

88 1013 204 1047 patiatur,
220 1015 326 1042 nullam
341 1015 420 1043 habet
441 1017 466 1043 in
488 1017 556 1044 malo
566 1017 772 1044 consolationem
785 1025 792 1048 ;
810 1017 843 1043 ita
857 1017 878 1044 si

88 1059 141 1093 quis
155 1060 276 1088 inveniat.
293 1062 373 1088 alium
389 1062 415 1089 in
434 1063 502 1090 mala
516 1063 663 1098 delapsum,
678 1063 739 1090 hinc
754 1063 878 1090 levrorem

90 1106 216 1140 experitur
227 1107 348 1142 plagam.

117 1151 141 1178 2.
157 1151 190 1179 Ut
202 1153 286 1187 igitur
306 1155 332 1181 in
348 1155 481 1186 omnibus,
509 1163 567 1191 qnte
587 1156 663 1183 nobis
677 1157 788 1184 molesta
803 1157 874 1185 acci-

89 1196 208 1230 dunt,non
218 1199 605 1235 concidamuxﬁcripturarum
615 1202 731 1229 historiis
740 1203 879 1238 diligenter

89 1245 245 1271 attendamus
271 1254 279 1272 :
306 1247 416 1273 multam
437 1248 507 1274 enim
531 1248 591 1274 hinc
612 1250 744 1283 patientia:
759 1251 878 1277 occasio-

90 1297 144 1316 nem
159 1291 354 1325 mutuabimur,
370 1301 421 1320 non
435 1294 520 1320 solum
530 1302 562 1321 ex
576 1295 702 1322 societate
715 1296 806 1323 eadem
820 1304 879 1330 pas-

90 1343 169 1364 sorum
181 1339 395 1367 consolationem
410 1341 490 1372 nacti,
507 1341 552 1368 scd
564 1341 649 1368 edocti
664 1342 743 1368 etiam
759 1342 877 1375 modum,

91 1390 135 1417 quo
146 1383 176 1410 ab
186 1385 316 1411 rerumni~
331 1385 383 1412 illis
395 1385 547 1419 liberemur,
560 1391 586 1413 et
600 1387 686 1422 adepti
702 1387 878 1422 tranquillita-

93 1433 138 1455 lem
150 1429 241 1456 eodem
265 1431 294 1457 in
319 1435 390 1458 statu
405 1440 568 1465 maneamus,
585 1441 634 1460 nec
647 1435 686 1461 vel
703 1434 728 1460 in
749 1434 878 1462 desidiam

93 1474 211 1507 labantur,
231 1477 275 1504 vel
300 1478 455 1513 arrogantia
480 1479 630 1506 eﬂ‘eramur.
653 1480 718 1507 Nam
732 1480 802 1515 quod
817 1488 878 1508 cum

93 1521 160 1547 malis
170 1521 325 1557 afﬂigimur,
335 1523 444 1551 deruissi
458 1524 624 1560 humilesque
639 1526 731 1559 simus,
745 1534 879 1561 magnani-

92 1573 137 1600 que
151 1567 270 1600 pietatem
285 1569 471 1601 exhibeamus,
491 1571 556 1597 nihil
570 1571 665 1598 mirqu
681 1580 687 1598 :
711 1571 767 1599 lnec
782 1572 879 1606 quippe

95 1616 129 1639 est
139 1614 312 1641 tentationum
339 1620 440 1648 natura,
455 1621 483 1644 ut
494 1617 532 1644 vel
547 1625 603 1650 eos,
624 1618 667 1652 qui
681 1618 784 1652 lapideo
797 1621 879 1647 corde

95 1663 155 1691 sunt,
168 1660 198 1685 ad
221 1659 294 1688 hunc
318 1667 415 1688 statum
433 1671 486 1697 pra:
505 1662 649 1691 afﬂictione
664 1664 795 1693 deducant
811 1675 817 1693 :
831 1667 877 1694 sed

95 1705 178 1732 anima:
194 1712 233 1733 est
248 1707 397 1742 religiosm,
419 1708 553 1743 Deumque
573 1710 699 1737 continuo
722 1719 775 1745 pra:
795 1712 879 1739 oculis

96 1749 213 1783 habentis,
229 1753 312 1779 etiam
339 1758 478 1788 postquam
503 1754 611 1782 liberata
633 1761 674 1782 est
693 1763 709 1783 a
725 1758 878 1784 teutationi-

97 1795 148 1828 bus,
163 1798 187 1824 iu
201 1799 365 1826 oblivionem
381 1801 490 1827 minime
503 1802 599 1829 cadere
614 1803 703 1836 :quod
718 1802 815 1830 Judtcis
823 1804 878 1831 fre-

97 1848 194 1875 quenter
206 1845 316 1871 accidit.
329 1845 415 1879 Quare
429 1846 542 1874 irridens
551 1855 597 1874 eos
612 1848 742 1882 propheta
756 1849 876 1877 dicebat:

97 1886 149 1913 Cum
161 1889 280 1916 occideret
295 1899 350 1923 eos,
363 1891 508 1924 quturebant
532 1900 599 1923 eum,
615 1898 639 1919 et
649 1894 840 1927 revertebantur,
856 1901 880 1922 et

98 1932 196 1959 diluculo
205 1935 337 1962 veniebant
350 1937 383 1962 ad
402 1936 482 1963 Deum
495 1937 578 1972 (Paul.
592 1939 635 1965 77.
650 1938 706 1974 54).
723 1940 753 1966 Et
774 1940 879 1976 Moyses

99 1978 179 2006 horum
193 1981 319 2008 conscius
334 2002 341 2014 ,
362 1981 514 2016 frequenter
534 1983 689 2011 hortabatur
712 1985 753 2011 his
767 1986 854 2012 verbis
870 1995 877 2012 :

99 2023 152 2051 Cum
168 2027 319 2060 comederis,
331 2032 354 2054 et
373 2027 472 2059 biberis,
489 2033 511 2054 et
530 2035 659 2056 saturam;
678 2030 766 2064 fueris,
780 2032 880 2058 attende

99 2069 143 2103 tibi,
163 2079 193 2097 ne
212 2073 370 2100 obliviscaris
389 2073 491 2100 Domini
506 2074 553 2102 Dei
565 2075 600 2101 tui
615 2075 701 2110 (Deut.
717 2077 742 2104 6.
762 2077 805 2104 12.
822 2079 876 2112 i5).

99 2116 154 2143 Illud
175 2118 251 2152 igitur
272 2121 364 2146 evenit
379 2129 385 2146 :
411 2120 524 2148 Contulit
547 2122 628 2154 enim,
644 2122 739 2156 inquit,
750 2122 839 2155 Iacob,
856 2129 879 2150 et

98 2162 254 2197 impingztatns
269 2169 318 2195 est,
332 2170 354 2191 et
365 2165 520 2192 incrrtssatus
529 2171 574 2199 est,
590 2171 612 2193 et
624 2167 791 2194 recalcitravit
812 2168 878 2195 dile-

99 2213 144 2233 ctus
156 2208 239 2242 (Deut.
255 2210 302 2236 32.
316 2211 371 2244 i5).
387 2211 564 2244 Quamobrem
578 2217 684 2239 sanctos
696 2221 748 2239 non
763 2213 821 2240 ideo
831 2214 880 2240 tui-

101 2253 145 2279 rari
158 2261 202 2287 par
214 2261 264 2288 est,
278 2256 350 2289 quod
367 2261 478 2290 urgente
494 2257 672 2290 tribulatione,
686 2258 720 2284 ita
734 2259 769 2293 pii
783 2263 809 2285 et
823 2259 879 2292 phi-

100 2298 190 2333 lOSophi
205 2300 320 2333 iuerint;
345 2301 392 2327 sed
405 2302 474 2336 quod
487 2306 616 2329 transacta
632 2303 737 2338 hyeme,
750 2309 776 2330 et
796 2305 878 2332 adve-

101 2344 178 2371 niente
188 2347 390 2380 tranquillitate,
406 2347 432 2374 in
444 2348 536 2375 eadem
546 2348 676 2375 modestia
689 2349 878 2384 diligentiaque

102 2393 241 2419 manserint.
260 2394 363 2428 Equum
377 2399 451 2421 certe
465 2394 538 2421 illum
559 2396 673 2423 maxime
693 2396 783 2423 mirari
798 2405 878 2430 opor-

102 2441 141 2465 tet.
151 2438 191 2471 qui
213 2439 270 2465 sine
287 2440 361 2466 freno
376 2440 505 2466 concinne
519 2441 568 2466 iter
586 2439 672 2468 facere
688 2445 774 2475 potest
787 2449 794 2473 ;
807 2441 878 2475 quod

102 2482 121 2507 si
142 2482 211 2510 l‘rortto
223 2484 388 2519 habenisque
402 2487 556 2521 cogentibus
571 2486 664 2513 ordine
685 2487 798 2518 incedat,
813 2487 878 2514 nihil

103 2527 205 2555 mirum:
223 2537 274 2556 uon
290 2531 361 2557 enim
381 2532 552 2566 generositati
573 2532 706 2565 animalis,
722 2533 768 2560 sed
782 2540 878 2560 neces-

104 2574 163 2601 sitati
175 2583 189 2602 a
202 2576 276 2603 freno
287 2577 400 2604 inductze
415 2578 457 2605 illa
468 2586 574 2613 gressus
589 2580 753 2606 concinnitas
762 2579 878 2606 tribuen-

103 2618 131 2644 da
142 2625 189 2646 est.
202 2621 316 2655 ldipsum
331 2623 363 2649 de
373 2623 459 2650 anima
472 2624 623 2657 dicendum,
639 2625 661 2651 si
680 2624 794 2651 instante
806 2629 876 2651 metu

106 2665 227 2693 moderate
241 2672 311 2702 agat,
327 2669 391 2695 nihil
404 2670 499 2696 mirum
516 2678 574 2697 esse
588 2678 595 2702 ;
611 2678 672 2698 cum
686 2675 774 2698 autem
791 2675 878 2698 tenta-

106 2710 181 2738 tiones
194 2714 353 2745 transierint,
366 2719 392 2742 et
403 2715 507 2742 timoris
523 2715 625 2742 frenum
639 2721 770 2743 remotum
787 2716 875 2749 fuerit,

107 2759 161 2783 tunc
170 2757 230 2785 mihi
239 2759 318 2786 animi
333 2759 527 2795 philosophiam
536 2761 631 2789 exhibe
641 2782 648 2794 ,
660 2768 820 2796 omnemque
836 2761 878 2788 di-

109 2803 244 2837 sciplinam.
271 2805 323 2833 Sed
345 2814 439 2834 vereor
463 2815 496 2834 ne
517 2807 623 2835 Judmos
635 2815 761 2835 accusare
775 2808 877 2840 volens,

115 2855 219 2878 nostrum
232 2859 352 2879 accusem
367 2853 425 2880 vitae
441 2853 588 2881 institutum
605 2862 611 2881 :
626 2853 839 2890 quandoquidem
852 2858 879 2881 et

245 2894 374 2924 l‘nnoL.
398 2895 456 2924 Gn.
478 2895 590 2924 XLIX.

1675 135 1726 162 502

937 196 984 215 nos
998 196 1057 216 cum
1071 189 1278 224 exagitabamur,
1293 190 1379 217 vexati
1394 189 1474 222 fame,
1490 195 1573 225 peste,
1585 191 1726 225 grandine,

934 234 1063 266 siccitate,
1087 234 1225 266 incendiis,
1242 234 1358 261 hostium
1376 235 1494 268 incursu,
1511 243 1598 262 nonne
1609 236 1726 270 quotidie

934 279 1045 305 ecclesia
1071 279 1238 307 multitudine
1267 281 1482 307 convenientium
1511 281 1726 316 angustabatur?

934 329 999 351 tunc
1021 333 1115 360 magna
1131 325 1207 352 nobis
1227 326 1312 352 inerat
1327 326 1505 361 philosophia,
1518 331 1544 353 et
1558 327 1725 354 sa-cularinm

933 378 1022 397 rerum
1047 376 1214 407 contemptus
1239 381 1246 398 :
1270 380 1322 399 non
1344 374 1515 407 pecuniarum
1538 374 1644 408 cupido,
1672 383 1725 401 non

933 417 1023 451 glorhe
1038 417 1210 450 desiderium,
1232 426 1284 444 non
1305 419 1438 453 appetitus
1451 423 1478 445 et
1498 426 1574 445 amor
1598 419 1723 450 lascirim,

933 469 1019 496 neque
1042 463 1109 489 alius
1127 471 1224 498 pravus
1240 463 1370 499 cogitatus
1383 468 1444 490 tunc
1459 471 1507 490 nos
1530 464 1645 498 agitabat
1657 472 1664 495 '.
1677 464 1725 491 sed

933 508 1048 535 universi
1061 501 1109 536 vos
1123 509 1156 536 ad
1177 509 1225 536 Dei
1251 510 1350 537 cultutn
1370 509 1519 536 contulistis
1532 516 1591 536 cum
1605 511 1725 537 oratione

932 558 957 582 et
973 555 1105 590 lacrymis.
1123 555 1198 583 Tunc
1212 555 1359 583 fornicator
1375 560 1555 590 temperanter
1567 555 1670 590 agebat,
1685 555 1712 582 in

930 601 1058 636 juriarum
1092 609 1194 628 metnor
1221 602 1253 628 ad
1278 602 1520 628 reconciliationem
1545 601 1725 635 properabat,

932 655 1027 674 avarus
1042 648 1074 674 ad
1089 648 1285 683 eleemosyuam
1298 647 1462 680 ﬂectebatur,
1478 647 1619 674 iracundus
1633 651 1659 673 et
1671 651 1726 673 tru-

932 693 1054 720 culentus
1064 694 1096 720 ad
1111 694 1285 720 humilitatem
1297 698 1323 720 et
1337 693 1565 720 mansuetudinem
1582 697 1724 720 converte-

933 740 1020 767 batur.
1035 740 1176 774 Postquam
1191 746 1278 767 atttem
1297 741 1364 767 Deus
1380 740 1446 767 iram
1462 739 1531 767 illam
1545 740 1678 773 deposuit,
1693 747 1724 766 ac

932 785 1075 819 procellam
1087 785 1183 820 abegit,
1197 791 1276 820 atque
1291 791 1350 820 post
1360 790 1448 814 tantos
1462 785 1558 813 ﬂuctus
1571 786 1723 820 tranquilli-

933 834 1014 857 tatem
1031 831 1131 864 paravit
1144 851 1149 863 ,
1162 831 1194 858 ad
1209 832 1336 866 pristinos
1354 832 1448 859 iterum
1463 839 1551 858 mores
1564 832 1663 858 reversi
1677 839 1723 858 su-

933 884 1002 903 mus.
1021 877 1100 911 Atqui
1115 877 1142 903 in
1158 878 1216 912 ipso
1229 878 1404 905 tentationum
1422 883 1541 912 tetnpore
1555 878 1611 905 luec
1627 878 1723 912 pracdi-

932 930 992 948 cere
1003 927 1030 949 et
1044 923 1178 950 testiﬁcari
1195 932 1247 950 non
1258 923 1418 951 desistebam
1432 934 1438 951 :
1453 928 1571 951 attamen
1583 923 1647 950 nihil
1662 932 1724 958 pro-

934 968 1061 1001 fecimus;
1085 969 1130 996 sed
1146 970 1216 997 velut
1237 970 1369 997 somnium
1384 974 1411 997 et
1435 970 1556 997 umbram
1583 975 1722 997 transeun-

933 1021 995 1048 tem,
1009 1015 1047 1043 sic
1060 1016 1104 1042 illa
1115 1016 1201 1043 omnia
1213 1017 1245 1043 ab
1258 1017 1352 1043 animis
1371 1017 1465 1044 vestris
1476 1017 1636 1044 removistis.
1659 1016 1723 1043 Pro-

932 1067 1022 1096 pterea
1035 1070 1102 1089 nllllC
1111 1063 1191 1090 timeo
1200 1064 1267 1097 plus,
1277 1071 1354 1098 quam
1367 1068 1430 1091 tunc
1443 1063 1602 1096 metuebam,
1614 1067 1641 1090 et
1653 1063 1723 1098 quod

933 1111 995 1134 tunc
1009 1107 1140 1141 dicebam,
1159 1116 1228 1135 nunc
1238 1109 1320 1143 magis
1330 1108 1454 1141 formido,
1471 1116 1504 1136 ne
1519 1109 1641 1143 graviora
1652 1109 1724 1143 prio-

932 1153 1006 1179 ribus
1031 1153 1107 1180 nobis
1120 1153 1283 1181 attrahamth
1298 1154 1364 1180 mala
1380 1175 1387 1187 ,
1404 1158 1518 1188 tuncque
1533 1154 1636 1189 plagam
1650 1154 1723 1181 incu-

932 1198 1041 1224 rabilem
1055 1205 1069 1224 a
1084 1198 1138 1226 Deo
1150 1199 1322 1233 accipiamus.
1336 1198 1403 1226 Cum
1414 1200 1484 1226 enitn
1499 1200 1557 1234 quis
1571 1199 1723 1234 frequenter

933 1251 1045 1278 peccans
1055 1251 1069 1270 a
1084 1244 1139 1271 Deo
1154 1245 1256 1272 veniam
1270 1245 1450 1280 consequitur,
1465 1249 1492 1272 et
1508 1249 1597 1279 postea
1610 1245 1674 1272 nihil
1687 1245 1720 1271 ab

931 1289 1063 1324 ejusmodi
1084 1290 1223 1317 tolerantia
1240 1290 1285 1318 Dei
1302 1291 1419 1318 lucratur
1432 1291 1464 1318 ad
1479 1291 1623 1326 nequitiam
1639 1291 1721 1325 depo-

932 1335 1057 1367 nendam,
1073 1335 1180 1362 demum
1197 1336 1232 1362 ita
1245 1343 1305 1363 cum
1320 1335 1364 1363 illo
1379 1337 1432 1371 agit
1451 1337 1531 1369 Deus,
1547 1340 1576 1363 ut
1591 1337 1630 1364 vel
1642 1336 1723 1363 invito

933 1382 970 1408 illi
986 1382 1116 1409 malorum
1132 1382 1309 1416 colophonem
1332 1383 1467 1415 immittat,
1481 1389 1596 1417 eumque
1617 1383 1724 1417 penitus

931 1433 1060 1461 conterat,
1087 1437 1174 1463 neque
1197 1429 1264 1456 ultra
1291 1429 1329 1456 illi
1350 1429 1468 1456 inducias
1491 1428 1524 1455 ad
1540 1429 1722 1463 paenitentiam

932 1473 1069 1505 concedat,
1084 1474 1153 1508 quod
1169 1478 1196 1501 et
1217 1474 1267 1508 ipsi
1291 1474 1421 1501 Pharaoni
1445 1474 1565 1508 contigit.
1582 1474 1632 1502 Ubi
1652 1474 1722 1502 enim

933 1519 1024 1553 priori,
1053 1519 1180 1551 secunda,
1197 1520 1281 1551 tertia,
1299 1524 1392 1554 quarta
1413 1520 1524 1554 aliisque
1547 1519 1721 1554 sequentibus

932 1565 1027 1600 plagis,
1043 1565 1088 1592 Dei
1106 1565 1333 1600 longanimitatem
1354 1570 1479 1600 expertus
1492 1586 1499 1597 ,
1516 1565 1580 1592 nihil
1597 1565 1658 1592 hinc
1672 1565 1723 1591 uti-

932 1611 1015 1638 litatis
1027 1612 1184 1645 accepisset,
1203 1611 1308 1638 attritus
1330 1610 1437 1638 demum
1460 1615 1500 1637 est
1513 1619 1573 1637 cum
1585 1615 1639 1637 tota
1660 1610 1723 1637 civis

932 1662 995 1691 tate,
1014 1658 1184 1691 funditusque
1209 1657 1322 1684 deletus.
1350 1656 1467 1692 ldipsum
1494 1663 1520 1684 et
1543 1656 1627 1684 Judaei
1653 1657 1724 1690 passi

932 1709 1003 1732 sunt.
1019 1704 1198 1738 Quamobrem
1213 1703 1336 1730 Christus
1349 1711 1408 1730 cum
1423 1711 1469 1730 eos
1481 1702 1630 1737 perditurus
1644 1702 1724 1729 vasti—

932 1757 1066 1787 tatemqne
1086 1751 1150 1785 ipsis
1173 1754 1326 1785 perpetuam
1339 1749 1493 1776 indttcturus
1508 1753 1588 1780 esset,
1600 1749 1640 1775 sic
1649 1749 1722 1775 dice-

933 1798 976 1824 bat
991 1805 997 1823 :
1020 1797 1121 1830 Quoties
1144 1796 1210 1822 uolui
1232 1803 1383 1830 congregare
1391 1795 1457 1828 ﬁlios
1468 1799 1535 1826 tuos,
1547 1799 1569 1820 et
1583 1794 1701 1821 noluistis
1711 1794 1724 1821 .’

933 1843 999 1870 Ecce
1011 1843 1164 1878 relinquetur
1178 1842 1267 1868 domus
1282 1846 1361 1868 vestra
1384 1841 1481 1868 deserta
1495 1840 1569 1876 (Luc.
1595 1840 1639 1867 15.
1665 1841 1720 1871 54).

933 1890 1025 1916 Timeo
1047 1889 1126 1922 igitur
1148 1895 1182 1914 ne
1208 1895 1256 1914 nos
1276 1894 1381 1922 quoque
1402 1886 1494 1913 eadem
1511 1886 1566 1920 ipsa
1583 1886 1723 1920 patiamur,

933 1935 992 1969 quia
1007 1942 1056 1961 nec
1070 1933 1172 1964 alienis,
1188 1940 1236 1960 nec
1258 1932 1356 1960 nostris
1375 1932 1451 1959 malis
1462 1931 1495 1958 ad
1511 1931 1649 1959 meliorem
1666 1930 1723 1957 fru-

932 1988 992 2015 gem
1018 1979 1178 2006 reducimnr.
1204 1978 1260 2006 Non
1274 1978 1350 2006 vobis
1365 1978 1450 2005 solum
1466 1984 1536 2004 nunc
1551 1976 1724 2011 prtesentibus

934 2026 990 2053 haec
1004 2026 1074 2057 dico,
1090 2025 1136 2051 sed
1161 2025 1192 2052 iis
1211 2026 1300 2056 etiam,
1315 2024 1359 2058 qui
1375 2031 1389 2050 a
1409 2023 1561 2058 quotidiana
1585 2022 1722 2056 diligentia

933 2071 1057 2098 abstracti
1082 2075 1153 2104 sunt,
1170 2075 1196 2098 et
1215 2071 1332 2105 priorum
1348 2070 1527 2096 calamitatum
1544 2068 1618 2095 obliti
1634 2076 1640 2094 ι
1656 2076 1724 2102 quos

933 2125 985 2144 non
999 2118 1135 2144 cessabam
1157 2124 1273 2151 semper,
1286 2124 1328 2143 me
1351 2116 1436 2150 ipsum
1452 2115 1527 2150 quasi
1542 2115 1721 2148 disrumpens,

933 2163 971 2190 sic
985 2163 1082 2198 alloqui
1100 2171 1107 2190 :
1133 2163 1243 2190 Etiamsi
1258 2162 1416 2190 teutaliones
1430 2162 1592 2194 transierint,
1618 2165 1723 2188 maneat

933 2210 958 2235 in
973 2209 1069 2236 animis
1083 2209 1177 2235 vestris
1192 2209 1364 2235 tcutationum
1390 2208 1531 2239 memoria,
1553 2212 1581 2234 ut
1602 2207 1724 2234 beneﬁt-ii

933 2256 1085 2288 frequenter
1112 2253 1294 2285 recordantes,
1318 2254 1416 2288 gratias
1436 2257 1565 2288 perpetuo
1577 2253 1723 2280 referamus

933 2301 994 2328 illttd
1009 2301 1154 2328 conferenti
1168 2301 1232 2327 Deo.

968 2348 993 2374 5.
1017 2347 1104 2374 Sancti
1115 2354 1193 2381 neque
1207 2346 1335 2377 wrumm‘s,
1345 2354 1424 2380 neque
1437 2346 1551 2373 secundis
1563 2345 1637 2372 rebus
1651 2345 1722 2379 fran-

932 2398 1033 2428 guntur.
1047 2407 1084 2413 --
1096 2393 1157 2419 llzec
1172 2398 1198 2419 et
1214 2397 1275 2418 lunt:
1291 2391 1422 2431 dicebam,
1438 2397 1464 2419 et
1479 2399 1548 2418 nunc
1562 2391 1622 2419 dico
1635 2391 1721 2425 vobis,

932 2447 963 2466 ac
979 2447 1025 2474 per
1040 2446 1087 2466 vos
1109 2439 1168 2465 illis.
1186 2438 1322 2464 Imitemur
1336 2443 1450 2468 sanctos.
1465 2438 1509 2472 qui
1524 2446 1609 2472 neque
1622 2446 1636 2464 a
1649 2437 1721 2464 cala-

933 2485 1067 2512 mitatibus
1078 2485 1193 2519 absorpti
1205 2488 1276 2517 sunt,
1292 2491 1375 2518 neque
1390 2483 1510 2510 secundis
1525 2483 1603 2511 rebus
1619 2483 1723 2510 mollio-

933 2538 975 2557 res
990 2538 1107 2562 evasere,
1131 2535 1158 2556 nt
1173 2530 1322 2563 complures
1346 2529 1481 2556 hominum
1503 2536 1574 2556 nunc
1594 2529 1721 2559 facimus;

932 2576 999 2603 sicut
1013 2575 1124 2602 leviores
1144 2575 1254 2610 cymbae,
1274 2582 1332 2609 quae
1355 2575 1470 2609 qualibet
1489 2575 1663 2608 procellarmn
1680 2575 1721 2600 in-

932 2626 1043 2656 gruente
1069 2621 1092 2647 vi
1114 2621 1300 2648 circumventa:
1324 2619 1522 2654 demerguntur.
1554 2620 1618 2646 Nam
1650 2627 1721 2654 same

934 2672 1073 2702 paupertas
1087 2667 1212 2702 ingruens
1226 2674 1274 2693 nos
1290 2667 1315 2693 in
1336 2667 1493 2701 profundum
1513 2666 1609 2700 dejecit
1623 2673 1654 2693 ac
1673 2665 1722 2692 de-

932 2714 1024 2741 mersit
1039 2723 1045 2740 :
1060 2714 1207 2748 iterumque
1220 2712 1359 2740 afﬂuentes
1373 2712 1469 2739 divitia:
1489 2719 1538 2739 nos
1551 2710 1719 2741 inﬂaverunt,

932 2761 998 2788 etin
1019 2765 1165 2788 extremam
1185 2759 1320 2787 deduxere
1337 2759 1532 2794 negligentiam.
1556 2758 1720 2792 Quapropter

933 2814 1008 2842 rogo,
1024 2807 1111 2834 omnia
1126 2806 1315 2840 relinquentes,
1331 2806 1434 2833 animas
1443 2809 1547 2832 nostras
1559 2804 1593 2831 ad
1607 2804 1720 2830 militem

932 2853 1027 2888 singuli
1047 2859 1257 2888 componamus:
1272 2852 1322 2880 hac
1340 2851 1410 2880 enim
1431 2851 1498 2879 bene
1509 2857 1576 2887 (sese
1597 2848 1721 2878 habente.

1520 2895 1554 2923 19
