  <div class='ocr_page' id='page_1' title='image "/cluster/home/n/w/nwhite01/storage/ocr_20150623/49-50/njp.32101077772620/303.png"; bbox 0 0 1978 3130; ppageno 0'>
   <div class='ocr_carea' id='block_1_1' title="bbox 219 118 272 149">
    <p class='ocr_par' dir='ltr' id='par_1_1' title="bbox 219 118 272 149">
     <span class='ocr_line' id='line_1_1' title="bbox 219 118 272 149; baseline 0 0"><span class='ocrx_word' id='word_1_1' title='bbox 219 118 272 149; x_wconf 70' lang='grc' dir='ltr'><strong>ωδ</strong></span> 
     </span>
    </p>
   </div>
   <div class='ocr_carea' id='block_1_2' title="bbox 215 176 1006 213">
    <p class='ocr_par' dir='ltr' id='par_1_2' title="bbox 215 176 1006 213">
     <span class='ocr_line' id='line_1_2' title="bbox 215 176 1006 213; baseline 0 -9"><span class='ocrx_word' id='word_1_2' title='bbox 215 177 404 212; x_wconf 82' lang='lat' dir='ltr'><strong>quodcumque</strong></span> <span class='ocrx_word' id='word_1_3' title='bbox 423 176 526 213; x_wconf 85' lang='lat' dir='ltr'><strong>lngruct</strong></span> <span class='ocrx_word' id='word_1_4' title='bbox 540 178 613 211; x_wconf 88' lang='lat' dir='ltr'><strong>mali,</strong></span> <span class='ocrx_word' id='word_1_5' title='bbox 634 178 691 205; x_wconf 79' lang='lat' dir='ltr'><strong>sive</strong></span> <span class='ocrx_word' id='word_1_6' title='bbox 711 178 805 210; x_wconf 86' lang='lat' dir='ltr'><strong>fames,</strong></span> <span class='ocrx_word' id='word_1_7' title='bbox 820 185 867 205; x_wconf 84' lang='lat' dir='ltr'><strong>seu</strong></span> <span class='ocrx_word' id='word_1_8' title='bbox 886 178 1006 209; x_wconf 83' lang='lat' dir='ltr'><strong>morbus,</strong></span> 
     </span>
    </p>
   </div>
   <div class='ocr_carea' id='block_1_3' title="bbox 215 221 1011 258">
    <p class='ocr_par' dir='ltr' id='par_1_3' title="bbox 215 221 1011 258">
     <span class='ocr_line' id='line_1_3' title="bbox 215 221 1011 258; baseline -0.001 -9"><span class='ocrx_word' id='word_1_9' title='bbox 215 229 263 249; x_wconf 82' lang='lat' dir='ltr'><strong>seu</strong></span> <span class='ocrx_word' id='word_1_10' title='bbox 279 222 462 258; x_wconf 75' lang='lat' dir='ltr'><strong>sycophantia,</strong></span> <span class='ocrx_word' id='word_1_11' title='bbox 477 229 524 249; x_wconf 87' lang='lat' dir='ltr'><strong>seu</strong></span> <span class='ocrx_word' id='word_1_12' title='bbox 541 223 710 257; x_wconf 76' lang='lat' dir='ltr'><strong>pecuniarum</strong></span> <span class='ocrx_word' id='word_1_13' title='bbox 732 222 863 258; x_wconf 85' lang='lat' dir='ltr'><strong>direptio,</strong></span> <span class='ocrx_word' id='word_1_14' title='bbox 877 229 924 250; x_wconf 88' lang='lat' dir='ltr'><strong>seu</strong></span> <span class='ocrx_word' id='word_1_15' title='bbox 939 221 1011 249; x_wconf 80' lang='lat' dir='ltr'><strong>aliud</strong></span> 
     </span>
    </p>
   </div>
   <div class='ocr_carea' id='block_1_4' title="bbox 215 266 1013 302">
    <p class='ocr_par' dir='ltr' id='par_1_4' title="bbox 215 266 1013 302">
     <span class='ocr_line' id='line_1_4' title="bbox 215 266 1013 302; baseline 0.001 -9"><span class='ocrx_word' id='word_1_16' title='bbox 215 266 333 302; x_wconf 88' lang='lat' dir='ltr'><strong>quidvis,</strong></span> <span class='ocrx_word' id='word_1_17' title='bbox 348 267 486 294; x_wconf 75' lang='lat' dir='ltr'><strong>tolerabile</strong></span> <span class='ocrx_word' id='word_1_18' title='bbox 499 268 550 294; x_wconf 89' lang='lat' dir='ltr'><strong>erit</strong></span> <span class='ocrx_word' id='word_1_19' title='bbox 572 275 604 295; x_wconf 90' lang='lat' dir='ltr'><strong>ac</strong></span> <span class='ocrx_word' id='word_1_20' title='bbox 624 267 682 294; x_wconf 87' lang='lat' dir='ltr'><strong>leve</strong></span> <span class='ocrx_word' id='word_1_21' title='bbox 704 271 811 302; x_wconf 89' lang='lat' dir='ltr'><strong>propter</strong></span> <span class='ocrx_word' id='word_1_22' title='bbox 825 267 929 294; x_wconf 86' lang='lat' dir='ltr'><strong>Domini</strong></span> <span class='ocrx_word' id='word_1_23' title='bbox 945 274 1013 302; x_wconf 70' lang='lat' dir='ltr'><strong>pra:-</strong></span> 
     </span>
    </p>
   </div>
   <div class='ocr_carea' id='block_1_5' title="bbox 216 311 1012 349">
    <p class='ocr_par' dir='ltr' id='par_1_5' title="bbox 216 311 1012 349">
     <span class='ocr_line' id='line_1_5' title="bbox 216 311 1012 349; baseline -0.001 -9"><span class='ocrx_word' id='word_1_24' title='bbox 216 317 325 348; x_wconf 88' lang='lat' dir='ltr'><strong>ccptum</strong></span> <span class='ocrx_word' id='word_1_25' title='bbox 340 321 371 340; x_wconf 88' lang='lat' dir='ltr'><strong>ac</strong></span> <span class='ocrx_word' id='word_1_26' title='bbox 384 320 470 348; x_wconf 87' lang='lat' dir='ltr'><strong>spem,</strong></span> <span class='ocrx_word' id='word_1_27' title='bbox 484 321 562 349; x_wconf 92' lang='lat' dir='ltr'><strong>quam</strong></span> <span class='ocrx_word' id='word_1_28' title='bbox 584 313 610 341; x_wconf 93' lang='lat' dir='ltr'><strong>in</strong></span> <span class='ocrx_word' id='word_1_29' title='bbox 626 313 700 340; x_wconf 92' lang='lat' dir='ltr'><strong>illum</strong></span> <span class='ocrx_word' id='word_1_30' title='bbox 715 313 844 341; x_wconf 84' lang='lat' dir='ltr'><strong>habemus</strong></span> <span class='ocrx_word' id='word_1_31' title='bbox 860 322 867 340; x_wconf 73' lang='grc' dir='ltr'>ε</span> <span class='ocrx_word' id='word_1_32' title='bbox 883 311 1012 348; x_wconf 88' lang='lat' dir='ltr'><strong>quemad-</strong></span> 
     </span>
    </p>
   </div>
   <div class='ocr_carea' id='block_1_6' title="bbox 217 358 1011 394">
    <p class='ocr_par' dir='ltr' id='par_1_6' title="bbox 217 358 1011 394">
     <span class='ocr_line' id='line_1_6' title="bbox 217 358 1011 394; baseline -0.001 -8"><span class='ocrx_word' id='word_1_33' title='bbox 217 358 328 386; x_wconf 87' lang='lat' dir='ltr'><strong>modum</strong></span> <span class='ocrx_word' id='word_1_34' title='bbox 342 367 433 386; x_wconf 82' lang='lat' dir='ltr'><strong>rursus</strong></span> <span class='ocrx_word' id='word_1_35' title='bbox 446 359 532 386; x_wconf 91' lang='lat' dir='ltr'><strong>anima</strong></span> <span class='ocrx_word' id='word_1_36' title='bbox 547 367 609 394; x_wconf 83' lang='lat' dir='ltr'><strong>erga</strong></span> <span class='ocrx_word' id='word_1_37' title='bbox 625 359 707 386; x_wconf 88' lang='lat' dir='ltr'><strong>Deum</strong></span> <span class='ocrx_word' id='word_1_38' title='bbox 720 367 773 386; x_wconf 89' lang='lat' dir='ltr'><strong>non</strong></span> <span class='ocrx_word' id='word_1_39' title='bbox 786 363 859 386; x_wconf 86' lang='lat' dir='ltr'><strong>recte</strong></span> <span class='ocrx_word' id='word_1_40' title='bbox 873 358 1011 393; x_wconf 89' lang='lat' dir='ltr'><strong>disposita,</strong></span> 
     </span>
    </p>
   </div>
   <div class='ocr_carea' id='block_1_7' title="bbox 216 403 1014 440">
    <p class='ocr_par' dir='ltr' id='par_1_7' title="bbox 216 403 1014 440">
     <span class='ocr_line' id='line_1_7' title="bbox 216 403 1014 440; baseline -0.003 -8"><span class='ocrx_word' id='word_1_41' title='bbox 216 403 267 431; x_wconf 77' lang='lat' dir='ltr'><strong>etsi</strong></span> <span class='ocrx_word' id='word_1_42' title='bbox 282 403 380 432; x_wconf 71' lang='lat' dir='ltr'><strong>divitiae</strong></span> <span class='ocrx_word' id='word_1_43' title='bbox 396 405 517 438; x_wconf 86' lang='lat' dir='ltr'><strong>afﬂuant,</strong></span> <span class='ocrx_word' id='word_1_44' title='bbox 533 404 621 432; x_wconf 88' lang='lat' dir='ltr'><strong>adsint</strong></span> <span class='ocrx_word' id='word_1_45' title='bbox 635 404 722 438; x_wconf 84' lang='lat' dir='ltr'><strong>liberi,</strong></span> <span class='ocrx_word' id='word_1_46' title='bbox 737 405 920 440; x_wconf 87' lang='lat' dir='ltr'><strong>immensaque</strong></span> <span class='ocrx_word' id='word_1_47' title='bbox 934 411 1014 439; x_wconf 75' lang='lat' dir='ltr'><strong>pecu-</strong></span> 
     </span>
    </p>
   </div>
   <div class='ocr_carea' id='block_1_8' title="bbox 219 449 1014 486">
    <p class='ocr_par' dir='ltr' id='par_1_8' title="bbox 219 449 1014 486">
     <span class='ocr_line' id='line_1_8' title="bbox 219 449 1014 486; baseline 0 -10"><span class='ocrx_word' id='word_1_48' title='bbox 219 450 274 483; x_wconf 81' lang='lat' dir='ltr'><strong>nia,</strong></span> <span class='ocrx_word' id='word_1_49' title='bbox 299 457 410 486; x_wconf 83' lang='lat' dir='ltr'><strong>magnos</strong></span> <span class='ocrx_word' id='word_1_50' title='bbox 429 450 478 477; x_wconf 86' lang='lat' dir='ltr'><strong>sibi</strong></span> <span class='ocrx_word' id='word_1_51' title='bbox 498 458 628 478; x_wconf 61' lang='lat' dir='ltr'><strong>maerores</strong></span> <span class='ocrx_word' id='word_1_52' title='bbox 645 455 672 477; x_wconf 87' lang='lat' dir='ltr'><strong>et</strong></span> <span class='ocrx_word' id='word_1_53' title='bbox 690 449 882 477; x_wconf 89' lang='lat' dir='ltr'><strong>sollicitudines</strong></span> <span class='ocrx_word' id='word_1_54' title='bbox 899 449 1014 476; x_wconf 90' lang='lat' dir='ltr'><strong>attrahet</strong></span> 
     </span>
    </p>
   </div>
   <div class='ocr_carea' id='block_1_9' title="bbox 219 496 1015 532">
    <p class='ocr_par' dir='ltr' id='par_1_9' title="bbox 219 496 1015 532">
     <span class='ocr_line' id='line_1_9' title="bbox 219 496 1015 532; baseline -0.004 -8"><span class='ocrx_word' id='word_1_55' title='bbox 219 496 262 530; x_wconf 82' lang='lat' dir='ltr'><strong>is,</strong></span> <span class='ocrx_word' id='word_1_56' title='bbox 289 497 334 532; x_wconf 90' lang='lat' dir='ltr'><strong>qui</strong></span> <span class='ocrx_word' id='word_1_57' title='bbox 359 497 463 524; x_wconf 88' lang='lat' dir='ltr'><strong>illorum</strong></span> <span class='ocrx_word' id='word_1_58' title='bbox 487 497 596 532; x_wconf 82' lang='lat' dir='ltr'><strong>potitur.</strong></span> <span class='ocrx_word' id='word_1_59' title='bbox 618 496 657 524; x_wconf 83' lang='lat' dir='ltr'><strong>Ne</strong></span> <span class='ocrx_word' id='word_1_60' title='bbox 675 497 765 532; x_wconf 91' lang='lat' dir='ltr'><strong>itaque</strong></span> <span class='ocrx_word' id='word_1_61' title='bbox 785 496 890 523; x_wconf 84' lang='lat' dir='ltr'><strong>divitias</strong></span> <span class='ocrx_word' id='word_1_62' title='bbox 911 503 1015 530; x_wconf 66' lang='lat' dir='ltr'><strong>quarra-</strong></span> 
     </span>
    </p>
   </div>
   <div class='ocr_carea' id='block_1_10' title="bbox 221 542 1016 578">
    <p class='ocr_par' dir='ltr' id='par_1_10' title="bbox 221 542 1016 578">
     <span class='ocr_line' id='line_1_10' title="bbox 221 542 1016 578; baseline -0.001 -8"><span class='ocrx_word' id='word_1_63' title='bbox 221 550 291 576; x_wconf 90' lang='lat' dir='ltr'><strong>mus,</strong></span> <span class='ocrx_word' id='word_1_64' title='bbox 305 550 339 570; x_wconf 90' lang='lat' dir='ltr'><strong>ne</strong></span> <span class='ocrx_word' id='word_1_65' title='bbox 354 547 536 578; x_wconf 74' lang='lat' dir='ltr'><strong>paupertatem</strong></span> <span class='ocrx_word' id='word_1_66' title='bbox 549 542 697 578; x_wconf 86' lang='lat' dir='ltr'><strong>fugiamus;</strong></span> <span class='ocrx_word' id='word_1_67' title='bbox 708 542 755 570; x_wconf 87' lang='lat' dir='ltr'><strong>sed</strong></span> <span class='ocrx_word' id='word_1_68' title='bbox 766 550 820 578; x_wconf 70' lang='lat' dir='ltr'><strong>pra:</strong></span> <span class='ocrx_word' id='word_1_69' title='bbox 831 543 954 570; x_wconf 90' lang='lat' dir='ltr'><strong>omnibus</strong></span> <span class='ocrx_word' id='word_1_70' title='bbox 968 550 1016 569; x_wconf 86' lang='lat' dir='ltr'><strong>no-</strong></span> 
     </span>
    </p>
   </div>
   <div class='ocr_carea' id='block_1_11' title="bbox 222 589 1015 624">
    <p class='ocr_par' dir='ltr' id='par_1_11' title="bbox 222 589 1015 624">
     <span class='ocr_line' id='line_1_11' title="bbox 222 589 1015 624; baseline -0.001 -8"><span class='ocrx_word' id='word_1_71' title='bbox 222 594 304 616; x_wconf 88' lang='lat' dir='ltr'><strong>stram</strong></span> <span class='ocrx_word' id='word_1_72' title='bbox 319 589 413 624; x_wconf 82' lang='lat' dir='ltr'><strong>singuli</strong></span> <span class='ocrx_word' id='word_1_73' title='bbox 429 597 553 616; x_wconf 88' lang='lat' dir='ltr'><strong>curemus</strong></span> <span class='ocrx_word' id='word_1_74' title='bbox 564 590 691 622; x_wconf 89' lang='lat' dir='ltr'><strong>animam,</strong></span> <span class='ocrx_word' id='word_1_75' title='bbox 705 596 818 624; x_wconf 86' lang='lat' dir='ltr'><strong>eamque</strong></span> <span class='ocrx_word' id='word_1_76' title='bbox 829 589 951 616; x_wconf 84' lang='lat' dir='ltr'><strong>idoneam</strong></span> <span class='ocrx_word' id='word_1_77' title='bbox 966 596 1015 624; x_wconf 89' lang='lat' dir='ltr'><strong>pa-</strong></span> 
     </span>
    </p>
   </div>
   <div class='ocr_carea' id='block_1_12' title="bbox 224 635 1015 671">
    <p class='ocr_par' dir='ltr' id='par_1_12' title="bbox 224 635 1015 671">
     <span class='ocr_line' id='line_1_12' title="bbox 224 635 1015 671; baseline -0.003 -7"><span class='ocrx_word' id='word_1_78' title='bbox 224 644 313 664; x_wconf 84' lang='lat' dir='ltr'><strong>remus</strong></span> <span class='ocrx_word' id='word_1_79' title='bbox 327 641 382 663; x_wconf 90' lang='lat' dir='ltr'><strong>tum</strong></span> <span class='ocrx_word' id='word_1_80' title='bbox 394 636 426 663; x_wconf 89' lang='lat' dir='ltr'><strong>ad</strong></span> <span class='ocrx_word' id='word_1_81' title='bbox 439 636 577 671; x_wconf 56' lang='lat' dir='ltr'><strong>persentis</strong></span> <span class='ocrx_word' id='word_1_82' title='bbox 589 637 650 664; x_wconf 63' lang='lat' dir='ltr'><strong>vita:</strong></span> <span class='ocrx_word' id='word_1_83' title='bbox 663 635 900 671; x_wconf 87' lang='lat' dir='ltr'><strong>dispensationem,</strong></span> <span class='ocrx_word' id='word_1_84' title='bbox 912 641 966 663; x_wconf 93' lang='lat' dir='ltr'><strong>turn</strong></span> <span class='ocrx_word' id='word_1_85' title='bbox 982 636 1015 663; x_wconf 86' lang='lat' dir='ltr'><strong>ad</strong></span> 
     </span>
    </p>
   </div>
   <div class='ocr_carea' id='block_1_13' title="bbox 223 681 1017 718">
    <p class='ocr_par' dir='ltr' id='par_1_13' title="bbox 223 681 1017 718">
     <span class='ocr_line' id='line_1_13' title="bbox 223 681 1017 718; baseline 0 -9"><span class='ocrx_word' id='word_1_86' title='bbox 223 681 371 718; x_wconf 87' lang='lat' dir='ltr'><strong>profectum</strong></span> <span class='ocrx_word' id='word_1_87' title='bbox 384 690 417 710; x_wconf 90' lang='lat' dir='ltr'><strong>ex</strong></span> <span class='ocrx_word' id='word_1_88' title='bbox 433 682 482 709; x_wconf 90' lang='lat' dir='ltr'><strong>hac</strong></span> <span class='ocrx_word' id='word_1_89' title='bbox 493 682 545 709; x_wconf 88' lang='lat' dir='ltr'><strong>vita</strong></span> <span class='ocrx_word' id='word_1_90' title='bbox 565 682 599 710; x_wconf 88' lang='lat' dir='ltr'><strong>ad</strong></span> <span class='ocrx_word' id='word_1_91' title='bbox 613 683 737 710; x_wconf 89' lang='lat' dir='ltr'><strong>futuram.</strong></span> <span class='ocrx_word' id='word_1_92' title='bbox 759 682 854 709; x_wconf 84' lang='lat' dir='ltr'><strong>Adhuc</strong></span> <span class='ocrx_word' id='word_1_93' title='bbox 867 682 938 709; x_wconf 90' lang='lat' dir='ltr'><strong>enim</strong></span> <span class='ocrx_word' id='word_1_94' title='bbox 960 689 1017 709; x_wconf 85' lang='lat' dir='ltr'><strong>mo-</strong></span> 
     </span>
    </p>
   </div>
   <div class='ocr_carea' id='block_1_14' title="bbox 224 728 1017 764">
    <p class='ocr_par' dir='ltr' id='par_1_14' title="bbox 224 728 1017 764">
     <span class='ocr_line' id='line_1_14' title="bbox 224 728 1017 764; baseline -0.001 -9"><span class='ocrx_word' id='word_1_95' title='bbox 224 728 324 761; x_wconf 75' lang='lat' dir='ltr'><strong>dicunt,</strong></span> <span class='ocrx_word' id='word_1_96' title='bbox 340 733 366 756; x_wconf 88' lang='lat' dir='ltr'><strong>et</strong></span> <span class='ocrx_word' id='word_1_97' title='bbox 379 728 500 763; x_wconf 85' lang='lat' dir='ltr'><strong>probatio</strong></span> <span class='ocrx_word' id='word_1_98' title='bbox 515 728 721 764; x_wconf 87' lang='lat' dir='ltr'><strong>uniuscujusque</strong></span> <span class='ocrx_word' id='word_1_99' title='bbox 741 733 861 756; x_wconf 85' lang='lat' dir='ltr'><strong>nostrum</strong></span> <span class='ocrx_word' id='word_1_100' title='bbox 881 728 937 760; x_wconf 84' lang='lat' dir='ltr'><strong>fiet,</strong></span> <span class='ocrx_word' id='word_1_101' title='bbox 956 735 1017 756; x_wconf 89' lang='lat' dir='ltr'><strong>cum</strong></span> 
     </span>
    </p>
   </div>
   <div class='ocr_carea' id='block_1_15' title="bbox 225 773 1019 801">
    <p class='ocr_par' dir='ltr' id='par_1_15' title="bbox 225 773 1019 801">
     <span class='ocr_line' id='line_1_15' title="bbox 225 773 1019 801; baseline 0.001 -1"><span class='ocrx_word' id='word_1_102' title='bbox 225 780 319 801; x_wconf 87' lang='lat' dir='ltr'><strong>omnes</strong></span> <span class='ocrx_word' id='word_1_103' title='bbox 341 773 506 801; x_wconf 83' lang='lat' dir='ltr'><strong>adstabimus</strong></span> <span class='ocrx_word' id='word_1_104' title='bbox 534 779 597 801; x_wconf 83' lang='lat' dir='ltr'><strong>ante</strong></span> <span class='ocrx_word' id='word_1_105' title='bbox 623 774 785 801; x_wconf 85' lang='lat' dir='ltr'><strong>horrendum</strong></span> <span class='ocrx_word' id='word_1_106' title='bbox 814 773 879 801; x_wconf 89' lang='lat' dir='ltr'><strong>illud</strong></span> <span class='ocrx_word' id='word_1_107' title='bbox 904 774 1019 801; x_wconf 83' lang='lat' dir='ltr'><strong>tribunal</strong></span> 
     </span>
    </p>
   </div>
   <div class='ocr_carea' id='block_1_16' title="bbox 228 818 1020 854">
    <p class='ocr_par' dir='ltr' id='par_1_16' title="bbox 228 818 1020 854">
     <span class='ocr_line' id='line_1_16' title="bbox 228 818 1020 854; baseline 0 -8"><span class='ocrx_word' id='word_1_108' title='bbox 228 818 330 846; x_wconf 85' lang='lat' dir='ltr'><strong>Christi</strong></span> <span class='ocrx_word' id='word_1_109' title='bbox 343 819 456 854; x_wconf 84' lang='lat' dir='ltr'><strong>pmpriis</strong></span> <span class='ocrx_word' id='word_1_110' title='bbox 469 819 616 846; x_wconf 84' lang='lat' dir='ltr'><strong>actionibus</strong></span> <span class='ocrx_word' id='word_1_111' title='bbox 629 819 796 853; x_wconf 83' lang='lat' dir='ltr'><strong>circumdati,</strong></span> <span class='ocrx_word' id='word_1_112' title='bbox 809 824 837 847; x_wconf 86' lang='lat' dir='ltr'><strong>et</strong></span> <span class='ocrx_word' id='word_1_113' title='bbox 854 820 968 854; x_wconf 87' lang='lat' dir='ltr'><strong>propriis</strong></span> <span class='ocrx_word' id='word_1_114' title='bbox 979 821 1020 847; x_wconf 90' lang='lat' dir='ltr'><strong>vi-</strong></span> 
     </span>
    </p>
   </div>
   <div class='ocr_carea' id='block_1_17' title="bbox 226 865 1020 901">
    <p class='ocr_par' dir='ltr' id='par_1_17' title="bbox 226 865 1020 901">
     <span class='ocr_line' id='line_1_17' title="bbox 226 865 1020 901; baseline 0 -9"><span class='ocrx_word' id='word_1_115' title='bbox 226 865 321 892; x_wconf 80' lang='lat' dir='ltr'><strong>dentes</strong></span> <span class='ocrx_word' id='word_1_116' title='bbox 339 865 424 893; x_wconf 87' lang='lat' dir='ltr'><strong>oculis</strong></span> <span class='ocrx_word' id='word_1_117' title='bbox 436 885 444 897; x_wconf 92' lang='lat'><strong>,</strong></span> <span class='ocrx_word' id='word_1_118' title='bbox 456 865 517 893; x_wconf 94' lang='lat' dir='ltr'><strong>hinc</strong></span> <span class='ocrx_word' id='word_1_119' title='bbox 534 865 666 901; x_wconf 88' lang='lat' dir='ltr'><strong>lacrymas</strong></span> <span class='ocrx_word' id='word_1_120' title='bbox 679 865 849 900; x_wconf 84' lang='lat' dir='ltr'><strong>pupillorum,</strong></span> <span class='ocrx_word' id='word_1_121' title='bbox 859 865 920 893; x_wconf 90' lang='lat' dir='ltr'><strong>inde</strong></span> <span class='ocrx_word' id='word_1_122' title='bbox 930 870 1020 900; x_wconf 78' lang='lat' dir='ltr'><strong>turpes</strong></span> 
     </span>
    </p>
   </div>
   <div class='ocr_carea' id='block_1_18' title="bbox 229 911 1021 947">
    <p class='ocr_par' dir='ltr' id='par_1_18' title="bbox 229 911 1021 947">
     <span class='ocr_line' id='line_1_18' title="bbox 229 911 1021 947; baseline 0.003 -9"><span class='ocrx_word' id='word_1_123' title='bbox 229 911 362 944; x_wconf 77' lang='lat' dir='ltr'><strong>lascivias,</strong></span> <span class='ocrx_word' id='word_1_124' title='bbox 373 911 469 946; x_wconf 89' lang='lat' dir='ltr'><strong>quibus</strong></span> <span class='ocrx_word' id='word_1_125' title='bbox 483 912 584 938; x_wconf 90' lang='lat' dir='ltr'><strong>animas</strong></span> <span class='ocrx_word' id='word_1_126' title='bbox 605 915 710 939; x_wconf 88' lang='lat' dir='ltr'><strong>nostras</strong></span> <span class='ocrx_word' id='word_1_127' title='bbox 724 912 934 947; x_wconf 83' lang='lat' dir='ltr'><strong>inquinavimus;</strong></span> <span class='ocrx_word' id='word_1_128' title='bbox 945 913 1021 940; x_wconf 90' lang='lat' dir='ltr'><strong>item-</strong></span> 
     </span>
    </p>
   </div>
   <div class='ocr_carea' id='block_1_19' title="bbox 227 956 1021 994">
    <p class='ocr_par' dir='ltr' id='par_1_19' title="bbox 227 956 1021 994">
     <span class='ocr_line' id='line_1_19' title="bbox 227 956 1021 994; baseline 0.004 -11"><span class='ocrx_word' id='word_1_129' title='bbox 227 963 280 991; x_wconf 87' lang='lat' dir='ltr'><strong>que</strong></span> <span class='ocrx_word' id='word_1_130' title='bbox 300 956 440 984; x_wconf 86' lang='lat' dir='ltr'><strong>viduarum</strong></span> <span class='ocrx_word' id='word_1_131' title='bbox 467 958 591 992; x_wconf 82' lang='lat' dir='ltr'><strong>gemitus,</strong></span> <span class='ocrx_word' id='word_1_132' title='bbox 619 958 726 993; x_wconf 86' lang='lat' dir='ltr'><strong>inopum</strong></span> <span class='ocrx_word' id='word_1_133' title='bbox 749 958 886 993; x_wconf 82' lang='lat' dir='ltr'><strong>colaphos,</strong></span> <span class='ocrx_word' id='word_1_134' title='bbox 915 960 1021 994; x_wconf 84' lang='lat' dir='ltr'><strong>rapinas</strong></span> 
     </span>
    </p>
   </div>
   <div class='ocr_carea' id='block_1_20' title="bbox 228 1003 1020 1038">
    <p class='ocr_par' dir='ltr' id='par_1_20' title="bbox 228 1003 1020 1038">
     <span class='ocr_line' id='line_1_20' title="bbox 228 1003 1020 1038; baseline 0.005 -9"><span class='ocrx_word' id='word_1_135' title='bbox 228 1009 389 1038; x_wconf 83' lang='lat' dir='ltr'><strong>pauperum;</strong></span> <span class='ocrx_word' id='word_1_136' title='bbox 405 1010 458 1030; x_wconf 92' lang='lat' dir='ltr'><strong>non</strong></span> <span class='ocrx_word' id='word_1_137' title='bbox 472 1003 528 1030; x_wconf 73' lang='lat' dir='ltr'><strong>luce</strong></span> <span class='ocrx_word' id='word_1_138' title='bbox 542 1009 630 1030; x_wconf 89' lang='lat' dir='ltr'><strong>autem</strong></span> <span class='ocrx_word' id='word_1_139' title='bbox 645 1003 730 1031; x_wconf 89' lang='lat' dir='ltr'><strong>solum</strong></span> <span class='ocrx_word' id='word_1_140' title='bbox 744 1007 773 1031; x_wconf 91' lang='lat' dir='ltr'><strong>et</strong></span> <span class='ocrx_word' id='word_1_141' title='bbox 793 1004 834 1032; x_wconf 87' lang='lat' dir='ltr'><strong>his</strong></span> <span class='ocrx_word' id='word_1_142' title='bbox 851 1004 959 1038; x_wconf 87' lang='lat' dir='ltr'><strong>similia,</strong></span> <span class='ocrx_word' id='word_1_143' title='bbox 974 1006 1020 1033; x_wconf 84' lang='lat' dir='ltr'><strong>sed</strong></span> 
     </span>
    </p>
   </div>
   <div class='ocr_carea' id='block_1_21' title="bbox 228 1048 1022 1086">
    <p class='ocr_par' dir='ltr' id='par_1_21' title="bbox 228 1048 1022 1086">
     <span class='ocr_line' id='line_1_21' title="bbox 228 1048 1022 1086; baseline 0.005 -12"><span class='ocrx_word' id='word_1_144' title='bbox 228 1048 307 1075; x_wconf 86' lang='lat' dir='ltr'><strong>etiam</strong></span> <span class='ocrx_word' id='word_1_145' title='bbox 320 1048 344 1075; x_wconf 89' lang='lat' dir='ltr'><strong>si</strong></span> <span class='ocrx_word' id='word_1_146' title='bbox 357 1048 421 1083; x_wconf 90' lang='lat' dir='ltr'><strong>quid</strong></span> <span class='ocrx_word' id='word_1_147' title='bbox 441 1056 551 1084; x_wconf 89' lang='lat' dir='ltr'><strong>pravum</strong></span> <span class='ocrx_word' id='word_1_148' title='bbox 567 1054 656 1077; x_wconf 87' lang='lat' dir='ltr'><strong>mente</strong></span> <span class='ocrx_word' id='word_1_149' title='bbox 675 1050 784 1077; x_wconf 90' lang='lat' dir='ltr'><strong>fecimus</strong></span> <span class='ocrx_word' id='word_1_150' title='bbox 801 1059 809 1077; x_wconf 89' lang='lat'><strong>:</strong></span> <span class='ocrx_word' id='word_1_151' title='bbox 823 1051 947 1085; x_wconf 90' lang='lat' dir='ltr'><strong>quoniam</strong></span> <span class='ocrx_word' id='word_1_152' title='bbox 965 1051 1022 1086; x_wconf 87' lang='lat' dir='ltr'><strong>ipse</strong></span> 
     </span>
    </p>
   </div>
   <div class='ocr_carea' id='block_1_22' title="bbox 228 1093 1020 1132">
    <p class='ocr_par' dir='ltr' id='par_1_22' title="bbox 228 1093 1020 1132">
     <span class='ocr_line' id='line_1_22' title="bbox 228 1093 1020 1132; baseline 0.005 -13"><span class='ocrx_word' id='word_1_153' title='bbox 228 1097 270 1120; x_wconf 83' lang='lat' dir='ltr'><strong>est</strong></span> <span class='ocrx_word' id='word_1_154' title='bbox 280 1093 466 1128; x_wconf 77' lang='lat' dir='ltr'><strong>Cogitationum</strong></span> <span class='ocrx_word' id='word_1_155' title='bbox 478 1094 610 1126; x_wconf 71' lang='lat' dir='ltr'><strong>discretor,</strong></span> <span class='ocrx_word' id='word_1_156' title='bbox 626 1099 649 1122; x_wconf 83' lang='lat' dir='ltr'><strong>et</strong></span> <span class='ocrx_word' id='word_1_157' title='bbox 661 1095 826 1122; x_wconf 80' lang='lat' dir='ltr'><strong>intentionum</strong></span> <span class='ocrx_word' id='word_1_158' title='bbox 833 1096 918 1131; x_wconf 72' lang='lat' dir='ltr'><strong>judex</strong></span> <span class='ocrx_word' id='word_1_159' title='bbox 928 1095 1020 1132; x_wconf 83' lang='lat' dir='ltr'><strong>(Hebr.</strong></span> 
     </span>
    </p>
   </div>
   <div class='ocr_carea' id='block_1_23' title="bbox 229 1139 1022 1179">
    <p class='ocr_par' dir='ltr' id='par_1_23' title="bbox 229 1139 1022 1179">
     <span class='ocr_line' id='line_1_23' title="bbox 229 1139 1022 1179; baseline 0.004 -13"><span class='ocrx_word' id='word_1_160' title='bbox 229 1139 257 1166; x_wconf 75' lang='grc' dir='ltr'><strong>ι.</strong></span> <span class='ocrx_word' id='word_1_161' title='bbox 269 1139 334 1175; x_wconf 72' lang='grc'><strong>12);</strong></span> <span class='ocrx_word' id='word_1_162' title='bbox 359 1147 390 1168; x_wconf 87' lang='lat' dir='ltr'><strong>ac</strong></span> <span class='ocrx_word' id='word_1_163' title='bbox 407 1148 524 1172; x_wconf 86' lang='lat' dir='ltr'><strong>rursum,</strong></span> <span class='ocrx_word' id='word_1_164' title='bbox 541 1140 666 1168; x_wconf 69' lang='lat' dir='ltr'><strong>Scrutaris</strong></span> <span class='ocrx_word' id='word_1_165' title='bbox 680 1142 758 1168; x_wconf 86' lang='lat' dir='ltr'><strong>corda</strong></span> <span class='ocrx_word' id='word_1_166' title='bbox 771 1147 795 1169; x_wconf 79' lang='lat' dir='ltr'><strong>et</strong></span> <span class='ocrx_word' id='word_1_167' title='bbox 808 1150 880 1169; x_wconf 74' lang='lat' dir='ltr'><strong>renes</strong></span> <span class='ocrx_word' id='word_1_168' title='bbox 895 1142 981 1179; x_wconf 79' lang='lat' dir='ltr'><strong>(Psal.</strong></span> <span class='ocrx_word' id='word_1_169' title='bbox 995 1143 1022 1170; x_wconf 88' lang='lat'><strong>7.</strong></span> 
     </span>
    </p>
   </div>
   <div class='ocr_carea' id='block_1_24' title="bbox 230 1185 1022 1224">
    <p class='ocr_par' dir='ltr' id='par_1_24' title="bbox 230 1185 1022 1224">
     <span class='ocr_line' id='line_1_24' title="bbox 230 1185 1022 1224; baseline 0.004 -12"><span class='ocrx_word' id='word_1_170' title='bbox 230 1185 287 1221; x_wconf 69' lang='grc' dir='ltr'><strong>ιο),</strong></span> <span class='ocrx_word' id='word_1_171' title='bbox 301 1189 337 1218; x_wconf 89' lang='lat' dir='ltr'><strong>et,</strong></span> <span class='ocrx_word' id='word_1_172' title='bbox 348 1185 465 1213; x_wconf 71' lang='lat' dir='ltr'><strong>Reddam</strong></span> <span class='ocrx_word' id='word_1_173' title='bbox 474 1187 610 1222; x_wconf 82' lang='lat' dir='ltr'><strong>unicuique</strong></span> <span class='ocrx_word' id='word_1_174' title='bbox 616 1187 752 1214; x_wconf 68' lang='lat' dir='ltr'><strong>secundum</strong></span> <span class='ocrx_word' id='word_1_175' title='bbox 762 1196 826 1223; x_wconf 76' lang='lat' dir='ltr'><strong>opus</strong></span> <span class='ocrx_word' id='word_1_176' title='bbox 832 1196 906 1215; x_wconf 73' lang='lat' dir='ltr'><strong>suum</strong></span> <span class='ocrx_word' id='word_1_177' title='bbox 915 1187 1022 1224; x_wconf 80' lang='lat' dir='ltr'><strong>(Matth.</strong></span> 
     </span>
    </p>
   </div>
   <div class='ocr_carea' id='block_1_25' title="bbox 231 1231 347 1266">
    <p class='ocr_par' dir='ltr' id='par_1_25' title="bbox 231 1231 347 1266">
     <span class='ocr_line' id='line_1_25' title="bbox 231 1231 347 1266; baseline 0 -8"><span class='ocrx_word' id='word_1_178' title='bbox 231 1231 275 1259; x_wconf 74' lang='lat' dir='ltr'><strong>is.</strong></span> <span class='ocrx_word' id='word_1_179' title='bbox 289 1231 347 1266; x_wconf 78' lang='lat'><strong>21).</strong></span> 
     </span>
    </p>
   </div>
   <div class='ocr_carea' id='block_1_26' title="bbox 271 1275 1025 1315">
    <p class='ocr_par' dir='ltr' id='par_1_26' title="bbox 271 1275 1025 1315">
     <span class='ocr_line' id='line_1_26' title="bbox 271 1275 1025 1315; baseline 0.007 -12"><span class='ocrx_word' id='word_1_180' title='bbox 271 1275 337 1304; x_wconf 80' lang='lat' dir='ltr'><strong>Vera</strong></span> <span class='ocrx_word' id='word_1_181' title='bbox 349 1277 479 1313; x_wconf 67' lang='lat' dir='ltr'><strong>virginitas</strong></span> <span class='ocrx_word' id='word_1_182' title='bbox 493 1285 559 1313; x_wconf 71' lang='lat' dir='ltr'><strong>quae.</strong></span> <span class='ocrx_word' id='word_1_183' title='bbox 591 1293 627 1298; x_wconf 98' lang='lat'><strong>—</strong></span> <span class='ocrx_word' id='word_1_184' title='bbox 640 1278 688 1306; x_wconf 87' lang='lat' dir='ltr'><strong>llic</strong></span> <span class='ocrx_word' id='word_1_185' title='bbox 701 1287 781 1315; x_wconf 86' lang='lat' dir='ltr'><strong>porro</strong></span> <span class='ocrx_word' id='word_1_186' title='bbox 800 1287 889 1307; x_wconf 80' lang='lat' dir='ltr'><strong>sermo</strong></span> <span class='ocrx_word' id='word_1_187' title='bbox 907 1288 959 1308; x_wconf 93' lang='lat' dir='ltr'><strong>non</strong></span> <span class='ocrx_word' id='word_1_188' title='bbox 978 1288 1025 1308; x_wconf 90' lang='lat' dir='ltr'><strong>eos</strong></span> 
     </span>
    </p>
   </div>
   <div class='ocr_carea' id='block_1_27' title="bbox 231 1322 1025 1361">
    <p class='ocr_par' dir='ltr' id='par_1_27' title="bbox 231 1322 1025 1361">
     <span class='ocr_line' id='line_1_27' title="bbox 231 1322 1025 1361; baseline 0.005 -12"><span class='ocrx_word' id='word_1_189' title='bbox 231 1322 318 1349; x_wconf 77' lang='lat' dir='ltr'><strong>solum</strong></span> <span class='ocrx_word' id='word_1_190' title='bbox 333 1323 450 1357; x_wconf 85' lang='lat' dir='ltr'><strong>respicit,</strong></span> <span class='ocrx_word' id='word_1_191' title='bbox 461 1323 503 1358; x_wconf 91' lang='lat' dir='ltr'><strong>qui</strong></span> <span class='ocrx_word' id='word_1_192' title='bbox 518 1323 543 1350; x_wconf 91' lang='lat' dir='ltr'><strong>in</strong></span> <span class='ocrx_word' id='word_1_193' title='bbox 551 1324 754 1356; x_wconf 64' lang='lat' dir='ltr'><strong>saeculovivnnt,</strong></span> <span class='ocrx_word' id='word_1_194' title='bbox 764 1325 810 1352; x_wconf 88' lang='lat' dir='ltr'><strong>sed</strong></span> <span class='ocrx_word' id='word_1_195' title='bbox 822 1326 901 1353; x_wconf 86' lang='lat' dir='ltr'><strong>etiam</strong></span> <span class='ocrx_word' id='word_1_196' title='bbox 913 1333 969 1358; x_wconf 88' lang='lat' dir='ltr'><strong>eos,</strong></span> <span class='ocrx_word' id='word_1_197' title='bbox 981 1326 1025 1361; x_wconf 88' lang='lat' dir='ltr'><strong>qui</strong></span> 
     </span>
    </p>
   </div>
   <div class='ocr_carea' id='block_1_28' title="bbox 233 1367 1024 1404">
    <p class='ocr_par' dir='ltr' id='par_1_28' title="bbox 233 1367 1024 1404">
     <span class='ocr_line' id='line_1_28' title="bbox 233 1367 1024 1404; baseline 0.005 -10"><span class='ocrx_word' id='word_1_198' title='bbox 233 1367 388 1395; x_wconf 68' lang='lat' dir='ltr'><strong>monastica:</strong></span> <span class='ocrx_word' id='word_1_199' title='bbox 407 1369 469 1396; x_wconf 66' lang='lat' dir='ltr'><strong>vitae</strong></span> <span class='ocrx_word' id='word_1_200' title='bbox 483 1376 561 1396; x_wconf 88' lang='lat' dir='ltr'><strong>causa</strong></span> <span class='ocrx_word' id='word_1_201' title='bbox 577 1370 681 1404; x_wconf 78' lang='lat' dir='ltr'><strong>tuguria</strong></span> <span class='ocrx_word' id='word_1_202' title='bbox 695 1370 744 1397; x_wconf 89' lang='lat' dir='ltr'><strong>sibi</strong></span> <span class='ocrx_word' id='word_1_203' title='bbox 760 1370 786 1397; x_wconf 93' lang='lat' dir='ltr'><strong>in</strong></span> <span class='ocrx_word' id='word_1_204' title='bbox 802 1371 935 1400; x_wconf 88' lang='lat' dir='ltr'><strong>montibus</strong></span> <span class='ocrx_word' id='word_1_205' title='bbox 952 1376 1024 1398; x_wconf 88' lang='lat' dir='ltr'><strong>stru-</strong></span> 
     </span>
    </p>
   </div>
   <div class='ocr_carea' id='block_1_29' title="bbox 232 1413 1026 1450">
    <p class='ocr_par' dir='ltr' id='par_1_29' title="bbox 232 1413 1026 1450">
     <span class='ocr_line' id='line_1_29' title="bbox 232 1413 1026 1450; baseline 0.006 -11"><span class='ocrx_word' id='word_1_206' title='bbox 232 1417 330 1440; x_wconf 89' lang='lat' dir='ltr'><strong>xerunt</strong></span> <span class='ocrx_word' id='word_1_207' title='bbox 344 1421 351 1440; x_wconf 91' lang='lat'>:</span> <span class='ocrx_word' id='word_1_208' title='bbox 365 1413 425 1448; x_wconf 87' lang='lat' dir='ltr'><strong>quia</strong></span> <span class='ocrx_word' id='word_1_209' title='bbox 439 1422 491 1441; x_wconf 91' lang='lat' dir='ltr'><strong>non</strong></span> <span class='ocrx_word' id='word_1_210' title='bbox 507 1415 586 1442; x_wconf 91' lang='lat' dir='ltr'><strong>modo</strong></span> <span class='ocrx_word' id='word_1_211' title='bbox 599 1422 712 1450; x_wconf 89' lang='lat' dir='ltr'><strong>corpora</strong></span> <span class='ocrx_word' id='word_1_212' title='bbox 731 1423 778 1443; x_wconf 84' lang='lat' dir='ltr'><strong>sua</strong></span> <span class='ocrx_word' id='word_1_213' title='bbox 799 1416 833 1444; x_wconf 93' lang='lat' dir='ltr'><strong>ab</strong></span> <span class='ocrx_word' id='word_1_214' title='bbox 847 1417 919 1444; x_wconf 93' lang='lat' dir='ltr'><strong>omni</strong></span> <span class='ocrx_word' id='word_1_215' title='bbox 942 1417 1026 1444; x_wconf 82' lang='lat' dir='ltr'><strong>forni-</strong></span> 
     </span>
    </p>
   </div>
   <div class='ocr_carea' id='block_1_30' title="bbox 232 1458 1027 1496">
    <p class='ocr_par' dir='ltr' id='par_1_30' title="bbox 232 1458 1027 1496">
     <span class='ocr_line' id='line_1_30' title="bbox 232 1458 1027 1496; baseline 0.008 -12"><span class='ocrx_word' id='word_1_216' title='bbox 232 1458 346 1486; x_wconf 90' lang='lat' dir='ltr'><strong>cationis</strong></span> <span class='ocrx_word' id='word_1_217' title='bbox 357 1459 417 1487; x_wconf 87' lang='lat' dir='ltr'><strong>labe</strong></span> <span class='ocrx_word' id='word_1_218' title='bbox 430 1467 493 1494; x_wconf 91' lang='lat' dir='ltr'><strong>pura</strong></span> <span class='ocrx_word' id='word_1_219' title='bbox 510 1465 617 1488; x_wconf 84' lang='lat' dir='ltr'><strong>servent</strong></span> <span class='ocrx_word' id='word_1_220' title='bbox 636 1466 749 1496; x_wconf 82' lang='lat' dir='ltr'><strong>oportet.</strong></span> <span class='ocrx_word' id='word_1_221' title='bbox 766 1461 813 1489; x_wconf 86' lang='lat' dir='ltr'><strong>sed</strong></span> <span class='ocrx_word' id='word_1_222' title='bbox 825 1466 852 1489; x_wconf 89' lang='lat' dir='ltr'><strong>et</strong></span> <span class='ocrx_word' id='word_1_223' title='bbox 865 1463 979 1490; x_wconf 91' lang='lat' dir='ltr'><strong>animam</strong></span> <span class='ocrx_word' id='word_1_224' title='bbox 993 1464 1027 1491; x_wconf 91' lang='lat' dir='ltr'><strong>ab</strong></span> 
     </span>
    </p>
   </div>
   <div class='ocr_carea' id='block_1_31' title="bbox 233 1503 1027 1542">
    <p class='ocr_par' dir='ltr' id='par_1_31' title="bbox 233 1503 1027 1542">
     <span class='ocr_line' id='line_1_31' title="bbox 233 1503 1027 1542; baseline 0.008 -12"><span class='ocrx_word' id='word_1_225' title='bbox 233 1503 306 1530; x_wconf 90' lang='lat' dir='ltr'><strong>omni</strong></span> <span class='ocrx_word' id='word_1_226' title='bbox 322 1504 437 1531; x_wconf 87' lang='lat' dir='ltr'><strong>salanica</strong></span> <span class='ocrx_word' id='word_1_227' title='bbox 451 1504 565 1532; x_wconf 86' lang='lat' dir='ltr'><strong>habendi</strong></span> <span class='ocrx_word' id='word_1_228' title='bbox 580 1507 733 1541; x_wconf 90' lang='lat' dir='ltr'><strong>cupiditate.</strong></span> <span class='ocrx_word' id='word_1_229' title='bbox 748 1507 806 1534; x_wconf 85' lang='lat' dir='ltr'><strong>Non</strong></span> <span class='ocrx_word' id='word_1_230' title='bbox 819 1507 889 1542; x_wconf 86' lang='lat' dir='ltr'><strong>enim</strong></span> <span class='ocrx_word' id='word_1_231' title='bbox 903 1509 1027 1536; x_wconf 86' lang='lat' dir='ltr'><strong>mulieres</strong></span> 
     </span>
    </p>
   </div>
   <div class='ocr_carea' id='block_1_32' title="bbox 234 1550 1028 1587">
    <p class='ocr_par' dir='ltr' id='par_1_32' title="bbox 234 1550 1028 1587">
     <span class='ocr_line' id='line_1_32' title="bbox 234 1550 1028 1587; baseline 0.008 -12"><span class='ocrx_word' id='word_1_232' title='bbox 234 1553 338 1576; x_wconf 88' lang='lat' dir='ltr'><strong>tantum</strong></span> <span class='ocrx_word' id='word_1_233' title='bbox 352 1550 497 1585; x_wconf 88' lang='lat' dir='ltr'><strong>alloquitur</strong></span> <span class='ocrx_word' id='word_1_234' title='bbox 516 1551 613 1578; x_wconf 65' lang='lat' dir='ltr'><strong>Paulus</strong></span> <span class='ocrx_word' id='word_1_235' title='bbox 625 1553 772 1587; x_wconf 88' lang='lat' dir='ltr'><strong>apostolus,</strong></span> <span class='ocrx_word' id='word_1_236' title='bbox 790 1553 838 1580; x_wconf 92' lang='lat' dir='ltr'><strong>sed</strong></span> <span class='ocrx_word' id='word_1_237' title='bbox 858 1554 937 1581; x_wconf 88' lang='lat' dir='ltr'><strong>etiam</strong></span> <span class='ocrx_word' id='word_1_238' title='bbox 957 1555 1028 1582; x_wconf 92' lang='lat' dir='ltr'><strong>viros</strong></span> 
     </span>
    </p>
   </div>
   <div class='ocr_carea' id='block_1_33' title="bbox 235 1595 1029 1631">
    <p class='ocr_par' dir='ltr' id='par_1_33' title="bbox 235 1595 1029 1631">
     <span class='ocr_line' id='line_1_33' title="bbox 235 1595 1029 1631; baseline 0.006 -9"><span class='ocrx_word' id='word_1_239' title='bbox 235 1595 440 1631; x_wconf 89' lang='lat' dir='ltr'><strong>universamque</strong></span> <span class='ocrx_word' id='word_1_240' title='bbox 454 1597 612 1631; x_wconf 73' lang='lat' dir='ltr'><strong>Ecclesium,</strong></span> <span class='ocrx_word' id='word_1_241' title='bbox 633 1606 693 1625; x_wconf 92' lang='lat' dir='ltr'><strong>cum</strong></span> <span class='ocrx_word' id='word_1_242' title='bbox 708 1598 772 1626; x_wconf 89' lang='lat' dir='ltr'><strong>dicit</strong></span> <span class='ocrx_word' id='word_1_243' title='bbox 791 1599 907 1626; x_wconf 87' lang='lat' dir='ltr'><strong>animam</strong></span> <span class='ocrx_word' id='word_1_244' title='bbox 929 1600 955 1627; x_wconf 93' lang='lat' dir='ltr'><strong>in</strong></span> <span class='ocrx_word' id='word_1_245' title='bbox 974 1600 1029 1627; x_wconf 91' lang='lat' dir='ltr'><strong>vir-</strong></span> 
     </span>
    </p>
   </div>
   <div class='ocr_carea' id='block_1_34' title="bbox 234 1641 1028 1681">
    <p class='ocr_par' dir='ltr' id='par_1_34' title="bbox 234 1641 1028 1681">
     <span class='ocr_line' id='line_1_34' title="bbox 234 1641 1028 1681; baseline 0.008 -14"><span class='ocrx_word' id='word_1_246' title='bbox 234 1641 344 1676; x_wconf 84' lang='lat' dir='ltr'><strong>ginitate</strong></span> <span class='ocrx_word' id='word_1_247' title='bbox 358 1647 571 1676; x_wconf 84' lang='lat' dir='ltr'><strong>perseverantem</strong></span> <span class='ocrx_word' id='word_1_248' title='bbox 582 1648 706 1679; x_wconf 86' lang='lat' dir='ltr'><strong>oportere</strong></span> <span class='ocrx_word' id='word_1_249' title='bbox 715 1649 833 1673; x_wconf 85' lang='lat' dir='ltr'><strong>sanctam</strong></span> <span class='ocrx_word' id='word_1_250' title='bbox 845 1653 904 1672; x_wconf 85' lang='lat' dir='ltr'><strong>esse</strong></span> <span class='ocrx_word' id='word_1_251' title='bbox 915 1653 1028 1681; x_wconf 86' lang='lat' dir='ltr'><strong>corpore</strong></span> 
     </span>
    </p>
   </div>
   <div class='ocr_carea' id='block_1_35' title="bbox 235 1686 1030 1726">
    <p class='ocr_par' dir='ltr' id='par_1_35' title="bbox 235 1686 1030 1726">
     <span class='ocr_line' id='line_1_35' title="bbox 235 1686 1030 1726; baseline 0.006 -13"><span class='ocrx_word' id='word_1_252' title='bbox 235 1690 263 1713; x_wconf 87' lang='lat' dir='ltr'><strong>et</strong></span> <span class='ocrx_word' id='word_1_253' title='bbox 273 1686 365 1721; x_wconf 84' lang='lat' dir='ltr'><strong>spiritu</strong></span> <span class='ocrx_word' id='word_1_254' title='bbox 379 1686 417 1722; x_wconf 83' lang='grc'><strong>(1.</strong></span> <span class='ocrx_word' id='word_1_255' title='bbox 428 1687 486 1714; x_wconf 88' lang='lat' dir='ltr'><strong>Cor.</strong></span> <span class='ocrx_word' id='word_1_256' title='bbox 500 1688 526 1715; x_wconf 89' lang='lat'><strong>7.</strong></span> <span class='ocrx_word' id='word_1_257' title='bbox 539 1689 585 1723; x_wconf 72' lang='grc' dir='ltr'><strong>ΞΗ)</strong></span> <span class='ocrx_word' id='word_1_258' title='bbox 595 1697 602 1721; x_wconf 84' lang='grc'><strong>;</strong></span> <span class='ocrx_word' id='word_1_259' title='bbox 613 1696 644 1716; x_wconf 88' lang='lat' dir='ltr'><strong>ac</strong></span> <span class='ocrx_word' id='word_1_260' title='bbox 658 1697 774 1723; x_wconf 87' lang='lat' dir='ltr'><strong>rursum,</strong></span> <span class='ocrx_word' id='word_1_261' title='bbox 791 1689 913 1718; x_wconf 73' lang='lat' dir='ltr'><strong>Exliibete</strong></span> <span class='ocrx_word' id='word_1_262' title='bbox 924 1699 1030 1726; x_wconf 84' lang='lat' dir='ltr'><strong>corpora</strong></span> 
     </span>
    </p>
   </div>
   <div class='ocr_carea' id='block_1_36' title="bbox 236 1733 1030 1772">
    <p class='ocr_par' dir='ltr' id='par_1_36' title="bbox 236 1733 1030 1772">
     <span class='ocr_line' id='line_1_36' title="bbox 236 1733 1030 1772; baseline 0.009 -14"><span class='ocrx_word' id='word_1_263' title='bbox 236 1736 320 1759; x_wconf 69' lang='lat' dir='ltr'><strong>uestra</strong></span> <span class='ocrx_word' id='word_1_264' title='bbox 331 1733 451 1767; x_wconf 83' lang='lat' dir='ltr'><strong>virginem</strong></span> <span class='ocrx_word' id='word_1_265' title='bbox 463 1739 558 1760; x_wconf 72' lang='lat' dir='ltr'><strong>castam</strong></span> <span class='ocrx_word' id='word_1_266' title='bbox 571 1735 600 1768; x_wconf 71' lang='lat'><strong>(2</strong></span> <span class='ocrx_word' id='word_1_267' title='bbox 613 1733 719 1762; x_wconf 66' lang='lat' dir='ltr'><strong>Con“.</strong></span> <span class='ocrx_word' id='word_1_268' title='bbox 728 1735 873 1771; x_wconf 74' lang='lat' dir='ltr'><strong>2).Castam</strong></span> <span class='ocrx_word' id='word_1_269' title='bbox 884 1737 1030 1772; x_wconf 81' lang='lat' dir='ltr'><strong>quomodo?</strong></span> 
     </span>
    </p>
   </div>
   <div class='ocr_carea' id='block_1_37' title="bbox 237 1776 1030 1819">
    <p class='ocr_par' dir='ltr' id='par_1_37' title="bbox 237 1776 1030 1819">
     <span class='ocr_line' id='line_1_37' title="bbox 237 1776 1030 1819; baseline 0.01 -16"><span class='ocrx_word' id='word_1_270' title='bbox 237 1776 301 1804; x_wconf 84' lang='lat' dir='ltr'><strong>Non</strong></span> <span class='ocrx_word' id='word_1_271' title='bbox 328 1778 459 1805; x_wconf 82' lang='lat' dir='ltr'><strong>habentem</strong></span> <span class='ocrx_word' id='word_1_272' title='bbox 479 1780 604 1806; x_wconf 85' lang='lat' dir='ltr'><strong>maculam</strong></span> <span class='ocrx_word' id='word_1_273' title='bbox 627 1781 665 1808; x_wconf 79' lang='lat' dir='ltr'><strong>vel</strong></span> <span class='ocrx_word' id='word_1_274' title='bbox 683 1789 772 1817; x_wconf 85' lang='lat' dir='ltr'><strong>rugam</strong></span> <span class='ocrx_word' id='word_1_275' title='bbox 789 1781 895 1818; x_wconf 70' lang='lat' dir='ltr'><strong>(Ep/tes.</strong></span> <span class='ocrx_word' id='word_1_276' title='bbox 920 1783 946 1811; x_wconf 84' lang='lat'><strong>5.</strong></span> <span class='ocrx_word' id='word_1_277' title='bbox 971 1783 1030 1819; x_wconf 77' lang='grc'><strong>27).</strong></span> 
     </span>
    </p>
   </div>
   <div class='ocr_carea' id='block_1_38' title="bbox 237 1823 1033 1862">
    <p class='ocr_par' dir='ltr' id='par_1_38' title="bbox 237 1823 1033 1862">
     <span class='ocr_line' id='line_1_38' title="bbox 237 1823 1033 1862; baseline 0.01 -12"><span class='ocrx_word' id='word_1_278' title='bbox 237 1823 456 1859; x_wconf 83' lang='lat' dir='ltr'><strong>Quandoquidem</strong></span> <span class='ocrx_word' id='word_1_279' title='bbox 472 1825 587 1860; x_wconf 79' lang='lat' dir='ltr'><strong>virgines</strong></span> <span class='ocrx_word' id='word_1_280' title='bbox 602 1827 663 1859; x_wconf 62' lang='lat' dir='ltr'><strong>ill-te,</strong></span> <span class='ocrx_word' id='word_1_281' title='bbox 675 1835 735 1862; x_wconf 73' lang='lat' dir='ltr'><strong>qua:</strong></span> <span class='ocrx_word' id='word_1_282' title='bbox 744 1829 887 1857; x_wconf 86' lang='lat' dir='ltr'><strong>exstinctas</strong></span> <span class='ocrx_word' id='word_1_283' title='bbox 897 1829 1033 1859; x_wconf 79' lang='lat' dir='ltr'><strong>habebant</strong></span> 
     </span>
    </p>
   </div>
   <div class='ocr_carea' id='block_1_39' title="bbox 238 1868 1032 1909">
    <p class='ocr_par' dir='ltr' id='par_1_39' title="bbox 238 1868 1032 1909">
     <span class='ocr_line' id='line_1_39' title="bbox 238 1868 1032 1909; baseline 0.011 -14"><span class='ocrx_word' id='word_1_284' title='bbox 238 1868 374 1903; x_wconf 87' lang='lat' dir='ltr'><strong>lampades</strong></span> <span class='ocrx_word' id='word_1_285' title='bbox 387 1869 492 1904; x_wconf 69' lang='lat' dir='ltr'><strong>(Matth.</strong></span> <span class='ocrx_word' id='word_1_286' title='bbox 508 1871 553 1898; x_wconf 76' lang='lat'><strong>25.</strong></span> <span class='ocrx_word' id='word_1_287' title='bbox 573 1871 599 1899; x_wconf 88' lang='lat'><strong>8.</strong></span> <span class='ocrx_word' id='word_1_288' title='bbox 614 1877 637 1899; x_wconf 87' lang='lat' dir='ltr'><strong>et</strong></span> <span class='ocrx_word' id='word_1_289' title='bbox 647 1872 726 1909; x_wconf 55' lang='grc' dir='ltr'><strong>ειμι),</strong></span> <span class='ocrx_word' id='word_1_290' title='bbox 742 1873 858 1909; x_wconf 85' lang='lat' dir='ltr'><strong>virgines</strong></span> <span class='ocrx_word' id='word_1_291' title='bbox 874 1879 951 1902; x_wconf 87' lang='lat' dir='ltr'><strong>erant</strong></span> <span class='ocrx_word' id='word_1_292' title='bbox 971 1883 1032 1904; x_wconf 91' lang='lat' dir='ltr'><strong>cor-</strong></span> 
     </span>
    </p>
   </div>
   <div class='ocr_carea' id='block_1_40' title="bbox 238 1915 1033 1953">
    <p class='ocr_par' dir='ltr' id='par_1_40' title="bbox 238 1915 1033 1953">
     <span class='ocr_line' id='line_1_40' title="bbox 238 1915 1033 1953; baseline 0.011 -12"><span class='ocrx_word' id='word_1_293' title='bbox 238 1922 313 1948; x_wconf 83' lang='lat' dir='ltr'><strong>pore,</strong></span> <span class='ocrx_word' id='word_1_294' title='bbox 335 1915 382 1943; x_wconf 89' lang='lat' dir='ltr'><strong>sed</strong></span> <span class='ocrx_word' id='word_1_295' title='bbox 404 1923 456 1943; x_wconf 90' lang='lat' dir='ltr'><strong>non</strong></span> <span class='ocrx_word' id='word_1_296' title='bbox 471 1917 551 1944; x_wconf 87' lang='lat' dir='ltr'><strong>corde</strong></span> <span class='ocrx_word' id='word_1_297' title='bbox 571 1925 662 1953; x_wconf 70' lang='lat' dir='ltr'><strong>pune;</strong></span> <span class='ocrx_word' id='word_1_298' title='bbox 686 1927 777 1947; x_wconf 90' lang='lat' dir='ltr'><strong>verum</strong></span> <span class='ocrx_word' id='word_1_299' title='bbox 800 1921 904 1949; x_wconf 80' lang='lat' dir='ltr'><strong>tametsi</strong></span> <span class='ocrx_word' id='word_1_300' title='bbox 927 1922 969 1949; x_wconf 90' lang='lat' dir='ltr'><strong>vir</strong></span> <span class='ocrx_word' id='word_1_301' title='bbox 987 1930 1033 1951; x_wconf 87' lang='lat' dir='ltr'><strong>eas</strong></span> 
     </span>
    </p>
   </div>
   <div class='ocr_carea' id='block_1_41' title="bbox 241 1964 1030 2001">
    <p class='ocr_par' dir='ltr' id='par_1_41' title="bbox 241 1964 1030 2001">
     <span class='ocr_line' id='line_1_41' title="bbox 241 1964 1030 2001; baseline 0.011 -15"><span class='ocrx_word' id='word_1_302' title='bbox 241 1967 295 1987; x_wconf 90' lang='lat' dir='ltr'><strong>non</strong></span> <span class='ocrx_word' id='word_1_303' title='bbox 320 1965 493 1996; x_wconf 85' lang='lat' dir='ltr'><strong>corruperat,</strong></span> <span class='ocrx_word' id='word_1_304' title='bbox 521 1967 548 1990; x_wconf 88' lang='lat' dir='ltr'><strong>at</strong></span> <span class='ocrx_word' id='word_1_305' title='bbox 575 1964 745 1998; x_wconf 86' lang='lat' dir='ltr'><strong>pecuniarum</strong></span> <span class='ocrx_word' id='word_1_306' title='bbox 768 1973 844 1992; x_wconf 89' lang='lat' dir='ltr'><strong>amor</strong></span> <span class='ocrx_word' id='word_1_307' title='bbox 867 1971 1030 2001; x_wconf 83' lang='lat' dir='ltr'><strong>corruperat.</strong></span> 
     </span>
    </p>
   </div>
   <div class='ocr_carea' id='block_1_42' title="bbox 239 2005 1034 2043">
    <p class='ocr_par' dir='ltr' id='par_1_42' title="bbox 239 2005 1034 2043">
     <span class='ocr_line' id='line_1_42' title="bbox 239 2005 1034 2043; baseline 0.011 -11"><span class='ocrx_word' id='word_1_308' title='bbox 239 2005 344 2041; x_wconf 82' lang='lat' dir='ltr'><strong>COrpus</strong></span> <span class='ocrx_word' id='word_1_309' title='bbox 358 2014 449 2034; x_wconf 91' lang='lat' dir='ltr'><strong>earum</strong></span> <span class='ocrx_word' id='word_1_310' title='bbox 471 2016 566 2043; x_wconf 91' lang='lat' dir='ltr'><strong>purum</strong></span> <span class='ocrx_word' id='word_1_311' title='bbox 579 2013 645 2041; x_wconf 87' lang='lat' dir='ltr'><strong>erat,</strong></span> <span class='ocrx_word' id='word_1_312' title='bbox 669 2010 715 2037; x_wconf 91' lang='lat' dir='ltr'><strong>sed</strong></span> <span class='ocrx_word' id='word_1_313' title='bbox 730 2011 818 2039; x_wconf 90' lang='lat' dir='ltr'><strong>anima</strong></span> <span class='ocrx_word' id='word_1_314' title='bbox 836 2011 967 2040; x_wconf 88' lang='lat' dir='ltr'><strong>adulterio</strong></span> <span class='ocrx_word' id='word_1_315' title='bbox 986 2013 1034 2040; x_wconf 91' lang='lat' dir='ltr'><strong>ad-</strong></span> 
     </span>
    </p>
   </div>
   <div class='ocr_carea' id='block_1_43' title="bbox 241 2051 1033 2092">
    <p class='ocr_par' dir='ltr' id='par_1_43' title="bbox 241 2051 1033 2092">
     <span class='ocr_line' id='line_1_43' title="bbox 241 2051 1033 2092; baseline 0.01 -14"><span class='ocrx_word' id='word_1_316' title='bbox 241 2051 348 2079; x_wconf 91' lang='lat' dir='ltr'><strong>modum</strong></span> <span class='ocrx_word' id='word_1_317' title='bbox 363 2052 451 2088; x_wconf 85' lang='lat' dir='ltr'><strong>plena,</strong></span> <span class='ocrx_word' id='word_1_318' title='bbox 467 2055 555 2088; x_wconf 88' lang='lat' dir='ltr'><strong>pravis</strong></span> <span class='ocrx_word' id='word_1_319' title='bbox 565 2055 766 2090; x_wconf 77' lang='lat' dir='ltr'><strong>cogitationibus</strong></span> <span class='ocrx_word' id='word_1_320' title='bbox 776 2064 822 2084; x_wconf 90' lang='lat' dir='ltr'><strong>eas</strong></span> <span class='ocrx_word' id='word_1_321' title='bbox 832 2058 1033 2092; x_wconf 89' lang='lat' dir='ltr'><strong>occupantibus,</strong></span> 
     </span>
    </p>
   </div>
   <div class='ocr_carea' id='block_1_44' title="bbox 245 2097 1036 2136">
    <p class='ocr_par' dir='ltr' id='par_1_44' title="bbox 245 2097 1036 2136">
     <span class='ocr_line' id='line_1_44' title="bbox 245 2097 1036 2136; baseline 0.009 -12"><span class='ocrx_word' id='word_1_322' title='bbox 245 2097 364 2131; x_wconf 58' lang='lat' dir='ltr'><strong>pecuniae</strong></span> <span class='ocrx_word' id='word_1_323' title='bbox 379 2098 441 2126; x_wconf 91' lang='lat' dir='ltr'><strong>item</strong></span> <span class='ocrx_word' id='word_1_324' title='bbox 455 2106 556 2133; x_wconf 87' lang='lat' dir='ltr'><strong>amore,</strong></span> <span class='ocrx_word' id='word_1_325' title='bbox 576 2100 778 2135; x_wconf 86' lang='lat' dir='ltr'><strong>inhumanitate,</strong></span> <span class='ocrx_word' id='word_1_326' title='bbox 803 2102 852 2136; x_wconf 90' lang='lat' dir='ltr'><strong>ira,</strong></span> <span class='ocrx_word' id='word_1_327' title='bbox 870 2103 977 2136; x_wconf 88' lang='lat' dir='ltr'><strong>invidia,</strong></span> <span class='ocrx_word' id='word_1_328' title='bbox 988 2103 1036 2131; x_wconf 89' lang='lat' dir='ltr'><strong>de-</strong></span> 
     </span>
    </p>
   </div>
   <div class='ocr_carea' id='block_1_45' title="bbox 243 2142 1035 2184">
    <p class='ocr_par' dir='ltr' id='par_1_45' title="bbox 243 2142 1035 2184">
     <span class='ocr_line' id='line_1_45' title="bbox 243 2142 1035 2184; baseline 0.009 -15"><span class='ocrx_word' id='word_1_329' title='bbox 243 2142 323 2176; x_wconf 85' lang='lat' dir='ltr'><strong>sidia,</strong></span> <span class='ocrx_word' id='word_1_330' title='bbox 345 2143 495 2178; x_wconf 86' lang='lat' dir='ltr'><strong>oblivione,</strong></span> <span class='ocrx_word' id='word_1_331' title='bbox 518 2146 651 2180; x_wconf 86' lang='lat' dir='ltr'><strong>superbia,</strong></span> <span class='ocrx_word' id='word_1_332' title='bbox 673 2147 796 2175; x_wconf 90' lang='lat' dir='ltr'><strong>omnibus</strong></span> <span class='ocrx_word' id='word_1_333' title='bbox 815 2148 914 2183; x_wconf 87' lang='lat' dir='ltr'><strong>pariter</strong></span> <span class='ocrx_word' id='word_1_334' title='bbox 927 2149 1035 2184; x_wconf 85' lang='lat' dir='ltr'><strong>virgini-</strong></span> 
     </span>
    </p>
   </div>
   <div class='ocr_carea' id='block_1_46' title="bbox 244 2189 1036 2226">
    <p class='ocr_par' dir='ltr' id='par_1_46' title="bbox 244 2189 1036 2226">
     <span class='ocr_line' id='line_1_46' title="bbox 244 2189 1036 2226; baseline 0.01 -11"><span class='ocrx_word' id='word_1_335' title='bbox 244 2189 306 2217; x_wconf 85' lang='lat' dir='ltr'><strong>tatis</strong></span> <span class='ocrx_word' id='word_1_336' title='bbox 326 2196 417 2217; x_wconf 81' lang='lat' dir='ltr'><strong>earum</strong></span> <span class='ocrx_word' id='word_1_337' title='bbox 438 2190 592 2226; x_wconf 88' lang='lat' dir='ltr'><strong>dignitatem</strong></span> <span class='ocrx_word' id='word_1_338' title='bbox 607 2192 836 2222; x_wconf 87' lang='lat' dir='ltr'><strong>labefactantibus.</strong></span> <span class='ocrx_word' id='word_1_339' title='bbox 857 2194 920 2222; x_wconf 90' lang='lat' dir='ltr'><strong>Ideo</strong></span> <span class='ocrx_word' id='word_1_340' title='bbox 933 2195 1036 2223; x_wconf 87' lang='lat' dir='ltr'><strong>dicebat</strong></span> 
     </span>
    </p>
   </div>
   <div class='ocr_carea' id='block_1_47' title="bbox 244 2233 1035 2277">
    <p class='ocr_par' dir='ltr' id='par_1_47' title="bbox 244 2233 1035 2277">
     <span class='ocr_line' id='line_1_47' title="bbox 244 2233 1035 2277; baseline 0.009 -16"><span class='ocrx_word' id='word_1_341' title='bbox 244 2233 360 2263; x_wconf 83' lang='lat' dir='ltr'><strong>Paulus:</strong></span> <span class='ocrx_word' id='word_1_342' title='bbox 376 2235 410 2263; x_wconf 82' lang='lat' dir='ltr'><strong>Ut</strong></span> <span class='ocrx_word' id='word_1_343' title='bbox 428 2237 497 2272; x_wconf 78' lang='lat' dir='ltr'><strong>uirgo</strong></span> <span class='ocrx_word' id='word_1_344' title='bbox 510 2237 543 2264; x_wconf 75' lang='lat' dir='ltr'><strong>tit</strong></span> <span class='ocrx_word' id='word_1_345' title='bbox 560 2243 648 2265; x_wconf 65' lang='lat' dir='ltr'><strong>sancta</strong></span> <span class='ocrx_word' id='word_1_346' title='bbox 662 2247 768 2274; x_wconf 84' lang='lat' dir='ltr'><strong>corpore</strong></span> <span class='ocrx_word' id='word_1_347' title='bbox 787 2244 810 2267; x_wconf 86' lang='lat' dir='ltr'><strong>et</strong></span> <span class='ocrx_word' id='word_1_348' title='bbox 823 2241 915 2276; x_wconf 75' lang='lat' dir='ltr'><strong>spiritu</strong></span> <span class='ocrx_word' id='word_1_349' title='bbox 926 2241 963 2277; x_wconf 90' lang='lat' dir='ltr'><strong>(l.</strong></span> <span class='ocrx_word' id='word_1_350' title='bbox 975 2241 1035 2269; x_wconf 82' lang='lat' dir='ltr'><strong>Cor.</strong></span> 
     </span>
    </p>
   </div>
   <div class='ocr_carea' id='block_1_48' title="bbox 246 2280 1036 2320">
    <p class='ocr_par' dir='ltr' id='par_1_48' title="bbox 246 2280 1036 2320">
     <span class='ocr_line' id='line_1_48' title="bbox 246 2280 1036 2320; baseline 0.01 -13"><span class='ocrx_word' id='word_1_351' title='bbox 246 2280 273 2307; x_wconf 89' lang='lat'><strong>7.</strong></span> <span class='ocrx_word' id='word_1_352' title='bbox 287 2281 390 2316; x_wconf 69' lang='lat' dir='ltr'><strong>3i);et</strong></span> <span class='ocrx_word' id='word_1_353' title='bbox 405 2282 512 2317; x_wconf 87' lang='lat' dir='ltr'><strong>iterum,</strong></span> <span class='ocrx_word' id='word_1_354' title='bbox 538 2283 664 2320; x_wconf 81' lang='lat' dir='ltr'><strong>Virginem</strong></span> <span class='ocrx_word' id='word_1_355' title='bbox 683 2291 778 2312; x_wconf 79' lang='lat' dir='ltr'><strong>castam</strong></span> <span class='ocrx_word' id='word_1_356' title='bbox 800 2287 916 2314; x_wconf 66' lang='lat' dir='ltr'><strong>exhibere</strong></span> <span class='ocrx_word' id='word_1_357' title='bbox 936 2287 1036 2315; x_wconf 76' lang='lat' dir='ltr'><strong>Christo</strong></span> 
     </span>
    </p>
   </div>
   <div class='ocr_carea' id='block_1_49' title="bbox 245 2327 1036 2368">
    <p class='ocr_par' dir='ltr' id='par_1_49' title="bbox 245 2327 1036 2368">
     <span class='ocr_line' id='line_1_49' title="bbox 245 2327 1036 2368; baseline 0.01 -14"><span class='ocrx_word' id='word_1_358' title='bbox 245 2327 286 2362; x_wconf 68' lang='lat'><strong>(2.</strong></span> <span class='ocrx_word' id='word_1_359' title='bbox 299 2327 357 2356; x_wconf 87' lang='lat' dir='ltr'><strong>Cor.</strong></span> <span class='ocrx_word' id='word_1_360' title='bbox 373 2329 415 2356; x_wconf 83' lang='grc' dir='ltr'>Η.</span> <span class='ocrx_word' id='word_1_361' title='bbox 428 2329 468 2365; x_wconf 73' lang='grc' dir='ltr'><strong>Ξ).</strong></span> <span class='ocrx_word' id='word_1_362' title='bbox 482 2329 710 2364; x_wconf 81' lang='lat' dir='ltr'><strong>Quemadmodum</strong></span> <span class='ocrx_word' id='word_1_363' title='bbox 724 2333 795 2360; x_wconf 90' lang='lat' dir='ltr'><strong>enim</strong></span> <span class='ocrx_word' id='word_1_364' title='bbox 805 2341 902 2368; x_wconf 85' lang='lat' dir='ltr'><strong>corpus</strong></span> <span class='ocrx_word' id='word_1_365' title='bbox 922 2333 1036 2362; x_wconf 90' lang='lat' dir='ltr'><strong>fornica-</strong></span> 
     </span>
    </p>
   </div>
   <div class='ocr_carea' id='block_1_50' title="bbox 247 2373 1037 2415">
    <p class='ocr_par' dir='ltr' id='par_1_50' title="bbox 247 2373 1037 2415">
     <span class='ocr_line' id='line_1_50' title="bbox 247 2373 1037 2415; baseline 0.011 -15"><span class='ocrx_word' id='word_1_366' title='bbox 247 2373 319 2402; x_wconf 87' lang='lat' dir='ltr'><strong>tione</strong></span> <span class='ocrx_word' id='word_1_367' title='bbox 338 2376 526 2410; x_wconf 86' lang='lat' dir='ltr'><strong>corrumpitur,</strong></span> <span class='ocrx_word' id='word_1_368' title='bbox 551 2377 586 2405; x_wconf 89' lang='lat' dir='ltr'><strong>ita</strong></span> <span class='ocrx_word' id='word_1_369' title='bbox 607 2382 634 2405; x_wconf 90' lang='lat' dir='ltr'><strong>et</strong></span> <span class='ocrx_word' id='word_1_370' title='bbox 655 2378 742 2406; x_wconf 85' lang='lat' dir='ltr'><strong>anima</strong></span> <span class='ocrx_word' id='word_1_371' title='bbox 765 2387 779 2405; x_wconf 95' lang='lat' dir='ltr'><strong>a</strong></span> <span class='ocrx_word' id='word_1_372' title='bbox 799 2380 924 2408; x_wconf 83' lang='lat' dir='ltr'><strong>satanicis</strong></span> <span class='ocrx_word' id='word_1_373' title='bbox 936 2381 1037 2415; x_wconf 82' lang='lat' dir='ltr'><strong>cogita-</strong></span> 
     </span>
    </p>
   </div>
   <div class='ocr_carea' id='block_1_51' title="bbox 247 2419 1038 2459">
    <p class='ocr_par' dir='ltr' id='par_1_51' title="bbox 247 2419 1038 2459">
     <span class='ocr_line' id='line_1_51' title="bbox 247 2419 1038 2459; baseline 0.01 -14"><span class='ocrx_word' id='word_1_374' title='bbox 247 2419 364 2447; x_wconf 87' lang='lat' dir='ltr'><strong>tionibus</strong></span> <span class='ocrx_word' id='word_1_375' title='bbox 380 2420 504 2454; x_wconf 65' lang='lat' dir='ltr'><strong>foadatur,</strong></span> <span class='ocrx_word' id='word_1_376' title='bbox 522 2430 537 2449; x_wconf 91' lang='lat' dir='ltr'><strong>a</strong></span> <span class='ocrx_word' id='word_1_377' title='bbox 550 2423 682 2458; x_wconf 85' lang='lat' dir='ltr'><strong>corruptis</strong></span> <span class='ocrx_word' id='word_1_378' title='bbox 696 2423 873 2459; x_wconf 77' lang='lat' dir='ltr'><strong>dogmatibus,</strong></span> <span class='ocrx_word' id='word_1_379' title='bbox 889 2425 922 2453; x_wconf 89' lang='lat' dir='ltr'><strong>ab</strong></span> <span class='ocrx_word' id='word_1_380' title='bbox 942 2426 1038 2453; x_wconf 85' lang='lat' dir='ltr'><strong>absur-</strong></span> 
     </span>
    </p>
   </div>
   <div class='ocr_carea' id='block_1_52' title="bbox 246 2465 1037 2506">
    <p class='ocr_par' dir='ltr' id='par_1_52' title="bbox 246 2465 1037 2506">
     <span class='ocr_line' id='line_1_52' title="bbox 246 2465 1037 2506; baseline 0.01 -15"><span class='ocrx_word' id='word_1_381' title='bbox 246 2465 289 2492; x_wconf 86' lang='lat' dir='ltr'><strong>dis</strong></span> <span class='ocrx_word' id='word_1_382' title='bbox 296 2467 511 2501; x_wconf 77' lang='lat' dir='ltr'><strong>cogitationibus.</strong></span> <span class='ocrx_word' id='word_1_383' title='bbox 524 2467 589 2495; x_wconf 90' lang='lat' dir='ltr'><strong>Nam</strong></span> <span class='ocrx_word' id='word_1_384' title='bbox 603 2469 648 2504; x_wconf 91' lang='lat' dir='ltr'><strong>qui</strong></span> <span class='ocrx_word' id='word_1_385' title='bbox 662 2469 737 2504; x_wconf 90' lang='lat' dir='ltr'><strong>dicit,</strong></span> <span class='ocrx_word' id='word_1_386' title='bbox 753 2470 833 2505; x_wconf 85' lang='lat' dir='ltr'><strong>Virgo</strong></span> <span class='ocrx_word' id='word_1_387' title='bbox 843 2478 900 2498; x_wconf 92' lang='lat' dir='ltr'><strong>sum</strong></span> <span class='ocrx_word' id='word_1_388' title='bbox 916 2479 1037 2506; x_wconf 87' lang='lat' dir='ltr'><strong>corpore,</strong></span> 
     </span>
    </p>
   </div>
   <div class='ocr_carea' id='block_1_53' title="bbox 249 2511 1039 2552">
    <p class='ocr_par' dir='ltr' id='par_1_53' title="bbox 249 2511 1039 2552">
     <span class='ocr_line' id='line_1_53' title="bbox 249 2511 1039 2552; baseline 0.009 -15"><span class='ocrx_word' id='word_1_389' title='bbox 249 2511 336 2538; x_wconf 90' lang='lat' dir='ltr'><strong>anima</strong></span> <span class='ocrx_word' id='word_1_390' title='bbox 349 2519 414 2539; x_wconf 85' lang='lat' dir='ltr'><strong>vero</strong></span> <span class='ocrx_word' id='word_1_391' title='bbox 427 2512 529 2541; x_wconf 90' lang='lat' dir='ltr'><strong>invidet</strong></span> <span class='ocrx_word' id='word_1_392' title='bbox 544 2513 629 2547; x_wconf 79' lang='lat' dir='ltr'><strong>fratri,</strong></span> <span class='ocrx_word' id='word_1_393' title='bbox 644 2515 687 2543; x_wconf 93' lang='lat' dir='ltr'><strong>hic</strong></span> <span class='ocrx_word' id='word_1_394' title='bbox 702 2516 775 2551; x_wconf 80' lang='lat' dir='ltr'><strong>virgo</strong></span> <span class='ocrx_word' id='word_1_395' title='bbox 790 2525 842 2543; x_wconf 90' lang='lat' dir='ltr'><strong>nnn</strong></span> <span class='ocrx_word' id='word_1_396' title='bbox 856 2521 897 2544; x_wconf 92' lang='lat' dir='ltr'><strong>est</strong></span> <span class='ocrx_word' id='word_1_397' title='bbox 909 2526 916 2544; x_wconf 88' lang='lat'><strong>:</strong></span> <span class='ocrx_word' id='word_1_398' title='bbox 929 2517 1039 2552; x_wconf 83' lang='lat' dir='ltr'><strong>virgini-</strong></span> 
     </span>
    </p>
   </div>
   <div class='ocr_carea' id='block_1_54' title="bbox 249 2558 1040 2593">
    <p class='ocr_par' dir='ltr' id='par_1_54' title="bbox 249 2558 1040 2593">
     <span class='ocr_line' id='line_1_54' title="bbox 249 2558 1040 2593; baseline 0.008 -9"><span class='ocrx_word' id='word_1_399' title='bbox 249 2563 330 2585; x_wconf 84' lang='lat' dir='ltr'><strong>tatem</strong></span> <span class='ocrx_word' id='word_1_400' title='bbox 342 2558 413 2586; x_wconf 90' lang='lat' dir='ltr'><strong>enim</strong></span> <span class='ocrx_word' id='word_1_401' title='bbox 428 2558 485 2593; x_wconf 85' lang='lat' dir='ltr'><strong>ejus</strong></span> <span class='ocrx_word' id='word_1_402' title='bbox 503 2560 606 2587; x_wconf 90' lang='lat' dir='ltr'><strong>vitiavit</strong></span> <span class='ocrx_word' id='word_1_403' title='bbox 618 2561 710 2589; x_wconf 85' lang='lat' dir='ltr'><strong>livoris</strong></span> <span class='ocrx_word' id='word_1_404' title='bbox 723 2562 887 2590; x_wconf 84' lang='lat' dir='ltr'><strong>commixtio.</strong></span> <span class='ocrx_word' id='word_1_405' title='bbox 905 2562 969 2590; x_wconf 89' lang='lat' dir='ltr'><strong>Item</strong></span> <span class='ocrx_word' id='word_1_406' title='bbox 984 2564 1040 2590; x_wconf 93' lang='lat' dir='ltr'><strong>ina-</strong></span> 
     </span>
    </p>
   </div>
   <div class='ocr_carea' id='block_1_55' title="bbox 250 2603 1038 2643">
    <p class='ocr_par' dir='ltr' id='par_1_55' title="bbox 250 2603 1038 2643">
     <span class='ocr_line' id='line_1_55' title="bbox 250 2603 1038 2643; baseline 0.01 -14"><span class='ocrx_word' id='word_1_407' title='bbox 250 2603 292 2630; x_wconf 89' lang='lat' dir='ltr'><strong>nis</strong></span> <span class='ocrx_word' id='word_1_408' title='bbox 316 2604 407 2638; x_wconf 71' lang='lat' dir='ltr'><strong>gloria:</strong></span> <span class='ocrx_word' id='word_1_409' title='bbox 431 2609 568 2640; x_wconf 87' lang='lat' dir='ltr'><strong>appetens,</strong></span> <span class='ocrx_word' id='word_1_410' title='bbox 592 2614 644 2634; x_wconf 94' lang='lat' dir='ltr'><strong>non</strong></span> <span class='ocrx_word' id='word_1_411' title='bbox 669 2611 712 2635; x_wconf 90' lang='lat' dir='ltr'><strong>est</strong></span> <span class='ocrx_word' id='word_1_412' title='bbox 737 2608 811 2643; x_wconf 86' lang='lat' dir='ltr'><strong>virgo</strong></span> <span class='ocrx_word' id='word_1_413' title='bbox 833 2618 840 2636; x_wconf 75' lang='grc' dir='ltr'>ε</span> <span class='ocrx_word' id='word_1_414' title='bbox 862 2609 1038 2643; x_wconf 84' lang='lat' dir='ltr'><strong>virginitatem</strong></span> 
     </span>
    </p>
   </div>
   <div class='ocr_carea' id='block_1_56' title="bbox 250 2649 1040 2688">
    <p class='ocr_par' dir='ltr' id='par_1_56' title="bbox 250 2649 1040 2688">
     <span class='ocr_line' id='line_1_56' title="bbox 250 2649 1040 2688; baseline 0.009 -13"><span class='ocrx_word' id='word_1_415' title='bbox 250 2649 349 2685; x_wconf 88' lang='lat' dir='ltr'><strong>quippe</strong></span> <span class='ocrx_word' id='word_1_416' title='bbox 363 2650 421 2684; x_wconf 89' lang='lat' dir='ltr'><strong>ejus</strong></span> <span class='ocrx_word' id='word_1_417' title='bbox 438 2652 556 2686; x_wconf 90' lang='lat' dir='ltr'><strong>corrupit</strong></span> <span class='ocrx_word' id='word_1_418' title='bbox 579 2652 668 2680; x_wconf 87' lang='lat' dir='ltr'><strong>livoris</strong></span> <span class='ocrx_word' id='word_1_419' title='bbox 683 2654 777 2688; x_wconf 85' lang='lat' dir='ltr'><strong>cupido</strong></span> <span class='ocrx_word' id='word_1_420' title='bbox 793 2663 799 2681; x_wconf 91' lang='lat'><strong>:</strong></span> <span class='ocrx_word' id='word_1_421' title='bbox 815 2655 913 2682; x_wconf 89' lang='lat' dir='ltr'><strong>etenim</strong></span> <span class='ocrx_word' id='word_1_422' title='bbox 932 2655 1040 2682; x_wconf 92' lang='lat' dir='ltr'><strong>morbus</strong></span> 
     </span>
    </p>
   </div>
   <div class='ocr_carea' id='block_1_57' title="bbox 251 2695 1040 2734">
    <p class='ocr_par' dir='ltr' id='par_1_57' title="bbox 251 2695 1040 2734">
     <span class='ocr_line' id='line_1_57' title="bbox 251 2695 1040 2734; baseline 0.008 -13"><span class='ocrx_word' id='word_1_423' title='bbox 251 2695 296 2723; x_wconf 90' lang='lat' dir='ltr'><strong>ille</strong></span> <span class='ocrx_word' id='word_1_424' title='bbox 318 2695 399 2722; x_wconf 83' lang='lat' dir='ltr'><strong>animi</strong></span> <span class='ocrx_word' id='word_1_425' title='bbox 427 2696 571 2732; x_wconf 83' lang='lat' dir='ltr'><strong>ingressus,</strong></span> <span class='ocrx_word' id='word_1_426' title='bbox 596 2698 654 2733; x_wconf 88' lang='lat' dir='ltr'><strong>ejus</strong></span> <span class='ocrx_word' id='word_1_427' title='bbox 679 2699 855 2734; x_wconf 75' lang='lat' dir='ltr'><strong>virginitatem</strong></span> <span class='ocrx_word' id='word_1_428' title='bbox 875 2700 966 2727; x_wconf 88' lang='lat' dir='ltr'><strong>solvit.</strong></span> <span class='ocrx_word' id='word_1_429' title='bbox 990 2701 1040 2733; x_wconf 91' lang='lat' dir='ltr'><strong>Qui</strong></span> 
     </span>
    </p>
   </div>
   <div class='ocr_carea' id='block_1_58' title="bbox 251 2741 1040 2782">
    <p class='ocr_par' dir='ltr' id='par_1_58' title="bbox 251 2741 1040 2782">
     <span class='ocr_line' id='line_1_58' title="bbox 251 2741 1040 2782; baseline 0.009 -15"><span class='ocrx_word' id='word_1_430' title='bbox 251 2748 316 2768; x_wconf 83' lang='lat' dir='ltr'><strong>vero</strong></span> <span class='ocrx_word' id='word_1_431' title='bbox 328 2741 384 2769; x_wconf 92' lang='lat' dir='ltr'><strong>odit</strong></span> <span class='ocrx_word' id='word_1_432' title='bbox 398 2741 507 2771; x_wconf 77' lang='lat' dir='ltr'><strong>fratrem</strong></span> <span class='ocrx_word' id='word_1_433' title='bbox 521 2751 608 2778; x_wconf 88' lang='lat' dir='ltr'><strong>suum,</strong></span> <span class='ocrx_word' id='word_1_434' title='bbox 625 2744 669 2772; x_wconf 90' lang='lat' dir='ltr'><strong>ille</strong></span> <span class='ocrx_word' id='word_1_435' title='bbox 690 2745 821 2773; x_wconf 87' lang='lat' dir='ltr'><strong>homicida</strong></span> <span class='ocrx_word' id='word_1_436' title='bbox 844 2747 941 2781; x_wconf 89' lang='lat' dir='ltr'><strong>potius,</strong></span> <span class='ocrx_word' id='word_1_437' title='bbox 961 2754 1040 2782; x_wconf 82' lang='lat' dir='ltr'><strong>quam</strong></span> 
     </span>
    </p>
   </div>
   <div class='ocr_carea' id='block_1_59' title="bbox 251 2787 1040 2827">
    <p class='ocr_par' dir='ltr' id='par_1_59' title="bbox 251 2787 1040 2827">
     <span class='ocr_line' id='line_1_59' title="bbox 251 2787 1040 2827; baseline 0.009 -14"><span class='ocrx_word' id='word_1_438' title='bbox 251 2787 327 2822; x_wconf 83' lang='lat' dir='ltr'><strong>virgo</strong></span> <span class='ocrx_word' id='word_1_439' title='bbox 340 2793 390 2816; x_wconf 88' lang='lat' dir='ltr'><strong>est.</strong></span> <span class='ocrx_word' id='word_1_440' title='bbox 405 2788 491 2824; x_wconf 86' lang='lat' dir='ltr'><strong>thue</strong></span> <span class='ocrx_word' id='word_1_441' title='bbox 512 2789 663 2817; x_wconf 87' lang='lat' dir='ltr'><strong>summatim</strong></span> <span class='ocrx_word' id='word_1_442' title='bbox 677 2789 774 2824; x_wconf 88' lang='lat' dir='ltr'><strong>dicam,</strong></span> <span class='ocrx_word' id='word_1_443' title='bbox 794 2791 906 2827; x_wconf 85' lang='lat' dir='ltr'><strong>quisque</strong></span> <span class='ocrx_word' id='word_1_444' title='bbox 924 2799 969 2825; x_wconf 89' lang='lat' dir='ltr'><strong>eo,</strong></span> <span class='ocrx_word' id='word_1_445' title='bbox 988 2799 1040 2827; x_wconf 93' lang='lat' dir='ltr'><strong>quo</strong></span> 
     </span>
    </p>
   </div>
   <div class='ocr_carea' id='block_1_60' title="bbox 254 2834 1036 2873">
    <p class='ocr_par' dir='ltr' id='par_1_60' title="bbox 254 2834 1036 2873">
     <span class='ocr_line' id='line_1_60' title="bbox 254 2834 1036 2873; baseline 0.008 -13"><span class='ocrx_word' id='word_1_446' title='bbox 254 2836 358 2862; x_wconf 88' lang='lat' dir='ltr'><strong>tenetur</strong></span> <span class='ocrx_word' id='word_1_447' title='bbox 371 2834 453 2862; x_wconf 88' lang='lat' dir='ltr'><strong>animi</strong></span> <span class='ocrx_word' id='word_1_448' title='bbox 472 2835 565 2864; x_wconf 91' lang='lat' dir='ltr'><strong>morbo</strong></span> <span class='ocrx_word' id='word_1_449' title='bbox 574 2856 583 2869; x_wconf 94' lang='lat'><strong>,</strong></span> <span class='ocrx_word' id='word_1_450' title='bbox 595 2835 772 2872; x_wconf 74' lang='lat' dir='ltr'><strong>virginitatem</strong></span> <span class='ocrx_word' id='word_1_451' title='bbox 792 2844 866 2865; x_wconf 86' lang='lat' dir='ltr'><strong>suam</strong></span> <span class='ocrx_word' id='word_1_452' title='bbox 878 2838 1036 2873; x_wconf 85' lang='lat' dir='ltr'><strong>corrumpit.</strong></span> 
     </span>
    </p>
   </div>
   <div class='ocr_carea' id='block_1_61' title="bbox 570 119 1481 152">
    <p class='ocr_par' dir='ltr' id='par_1_61' title="bbox 570 119 1481 152">
     <span class='ocr_line' id='line_1_61' title="bbox 570 119 1481 152; baseline 0 -3"><span class='ocrx_word' id='word_1_453' title='bbox 570 121 598 149; x_wconf 83' lang='lat' dir='ltr'><strong>S.</strong></span> <span class='ocrx_word' id='word_1_454' title='bbox 618 120 758 149; x_wconf 77' lang='lat' dir='ltr'><strong>JOANNIS</strong></span> <span class='ocrx_word' id='word_1_455' title='bbox 776 119 1012 149; x_wconf 73' lang='lat' dir='ltr'><strong>CHRYSOSTOMI</strong></span> <span class='ocrx_word' id='word_1_456' title='bbox 1033 119 1192 152; x_wconf 76' lang='lat' dir='ltr'><strong>ARCHIEP.</strong></span> <span class='ocrx_word' id='word_1_457' title='bbox 1212 121 1481 152; x_wconf 71' lang='lat' dir='ltr'><strong>CUNSTAN‘I‘INOP.</strong></span> 
     </span>
    </p>
   </div>
   <div class='ocr_carea' id='block_1_62' title="bbox 1799 122 1854 149">
    <p class='ocr_par' dir='ltr' id='par_1_62' title="bbox 1799 122 1854 149">
     <span class='ocr_line' id='line_1_62' title="bbox 1799 122 1854 149; baseline 0 0"><span class='ocrx_word' id='word_1_458' title='bbox 1799 122 1854 149; x_wconf 77' lang='grc' dir='ltr'><strong>5οι</strong></span> 
     </span>
    </p>
   </div>
   <div class='ocr_carea' id='block_1_63' title="bbox 1065 176 1858 213">
    <p class='ocr_par' dir='ltr' id='par_1_63' title="bbox 1065 176 1858 213">
     <span class='ocr_line' id='line_1_63' title="bbox 1065 176 1858 213; baseline 0.004 -10"><span class='ocrx_word' id='word_1_459' title='bbox 1065 176 1166 204; x_wconf 86' lang='lat' dir='ltr'><strong>Idcirco</strong></span> <span class='ocrx_word' id='word_1_460' title='bbox 1190 176 1286 206; x_wconf 81' lang='lat' dir='ltr'><strong>Paulus</strong></span> <span class='ocrx_word' id='word_1_461' title='bbox 1310 177 1390 206; x_wconf 85' lang='lat' dir='ltr'><strong>hasce</strong></span> <span class='ocrx_word' id='word_1_462' title='bbox 1413 185 1507 213; x_wconf 84' lang='lat' dir='ltr'><strong>pravas</strong></span> <span class='ocrx_word' id='word_1_463' title='bbox 1532 185 1625 206; x_wconf 89' lang='lat' dir='ltr'><strong>omnes</strong></span> <span class='ocrx_word' id='word_1_464' title='bbox 1650 177 1858 206; x_wconf 63' lang='lat' dir='ltr'><strong>commixtione:</strong></span> 
     </span>
    </p>
   </div>
   <div class='ocr_carea' id='block_1_64' title="bbox 1063 223 1857 260">
    <p class='ocr_par' dir='ltr' id='par_1_64' title="bbox 1063 223 1857 260">
     <span class='ocr_line' id='line_1_64' title="bbox 1063 223 1857 260; baseline 0.003 -11"><span class='ocrx_word' id='word_1_465' title='bbox 1063 223 1154 258; x_wconf 89' lang='lat' dir='ltr'><strong>abigit.</strong></span> <span class='ocrx_word' id='word_1_466' title='bbox 1179 229 1259 259; x_wconf 86' lang='lat' dir='ltr'><strong>atque</strong></span> <span class='ocrx_word' id='word_1_467' title='bbox 1279 224 1355 259; x_wconf 89' lang='lat' dir='ltr'><strong>jubet</strong></span> <span class='ocrx_word' id='word_1_468' title='bbox 1376 232 1425 252; x_wconf 89' lang='lat' dir='ltr'><strong>nos</strong></span> <span class='ocrx_word' id='word_1_469' title='bbox 1452 225 1487 251; x_wconf 88' lang='lat' dir='ltr'><strong>ita</strong></span> <span class='ocrx_word' id='word_1_470' title='bbox 1509 225 1625 260; x_wconf 82' lang='lat' dir='ltr'><strong>virgines</strong></span> <span class='ocrx_word' id='word_1_471' title='bbox 1646 232 1717 257; x_wconf 86' lang='lat' dir='ltr'><strong>esse,</strong></span> <span class='ocrx_word' id='word_1_472' title='bbox 1741 229 1772 251; x_wconf 87' lang='lat' dir='ltr'><strong>ut</strong></span> <span class='ocrx_word' id='word_1_473' title='bbox 1794 225 1857 251; x_wconf 93' lang='lat' dir='ltr'><strong>nul-</strong></span> 
     </span>
    </p>
   </div>
   <div class='ocr_carea' id='block_1_65' title="bbox 1064 267 1858 305">
    <p class='ocr_par' dir='ltr' id='par_1_65' title="bbox 1064 267 1858 305">
     <span class='ocr_line' id='line_1_65' title="bbox 1064 267 1858 305; baseline 0.004 -11"><span class='ocrx_word' id='word_1_474' title='bbox 1064 267 1116 294; x_wconf 82' lang='lat' dir='ltr'><strong>lam</strong></span> <span class='ocrx_word' id='word_1_475' title='bbox 1129 269 1289 296; x_wconf 82' lang='lat' dir='ltr'><strong>contrariam</strong></span> <span class='ocrx_word' id='word_1_476' title='bbox 1303 270 1490 305; x_wconf 82' lang='lat' dir='ltr'><strong>cogitationem</strong></span> <span class='ocrx_word' id='word_1_477' title='bbox 1504 269 1532 297; x_wconf 91' lang='lat' dir='ltr'><strong>in</strong></span> <span class='ocrx_word' id='word_1_478' title='bbox 1545 269 1633 297; x_wconf 91' lang='lat' dir='ltr'><strong>anima</strong></span> <span class='ocrx_word' id='word_1_479' title='bbox 1650 275 1748 305; x_wconf 86' lang='lat' dir='ltr'><strong>sponte</strong></span> <span class='ocrx_word' id='word_1_480' title='bbox 1769 271 1858 297; x_wconf 84' lang='lat' dir='ltr'><strong>susci-</strong></span> 
     </span>
    </p>
   </div>
   <div class='ocr_carea' id='block_1_66' title="bbox 1066 313 1178 348">
    <p class='ocr_par' dir='ltr' id='par_1_66' title="bbox 1066 313 1178 348">
     <span class='ocr_line' id='line_1_66' title="bbox 1066 313 1178 348; baseline 0.009 -8"><span class='ocrx_word' id='word_1_481' title='bbox 1066 313 1178 348; x_wconf 85' lang='lat' dir='ltr'><strong>piamns.</strong></span> 
     </span>
    </p>
   </div>
   <div class='ocr_carea' id='block_1_67' title="bbox 1101 360 1862 396">
    <p class='ocr_par' dir='ltr' id='par_1_67' title="bbox 1101 360 1862 396">
     <span class='ocr_line' id='line_1_67' title="bbox 1101 360 1862 396; baseline 0.003 -10"><span class='ocrx_word' id='word_1_482' title='bbox 1101 360 1128 386; x_wconf 68' lang='lat'><strong>4.</strong></span> <span class='ocrx_word' id='word_1_483' title='bbox 1142 360 1209 393; x_wconf 86' lang='lat' dir='ltr'><strong>Quid</strong></span> <span class='ocrx_word' id='word_1_484' title='bbox 1224 361 1302 396; x_wconf 78' lang='lat' dir='ltr'><strong>igitur</strong></span> <span class='ocrx_word' id='word_1_485' title='bbox 1314 361 1347 388; x_wconf 92' lang='lat' dir='ltr'><strong>ad</strong></span> <span class='ocrx_word' id='word_1_486' title='bbox 1371 362 1428 390; x_wconf 76' lang='lat' dir='ltr'><strong>lucc</strong></span> <span class='ocrx_word' id='word_1_487' title='bbox 1444 362 1582 390; x_wconf 74' lang='lat' dir='ltr'><strong>dicemus?</strong></span> <span class='ocrx_word' id='word_1_488' title='bbox 1603 361 1736 396; x_wconf 85' lang='lat' dir='ltr'><strong>quomodo</strong></span> <span class='ocrx_word' id='word_1_489' title='bbox 1754 361 1862 389; x_wconf 80' lang='lat' dir='ltr'><strong>miseri-</strong></span> 
     </span>
    </p>
   </div>
   <div class='ocr_carea' id='block_1_68' title="bbox 1066 405 1863 442">
    <p class='ocr_par' dir='ltr' id='par_1_68' title="bbox 1066 405 1863 442">
     <span class='ocr_line' id='line_1_68' title="bbox 1066 405 1863 442; baseline 0.001 -11"><span class='ocrx_word' id='word_1_490' title='bbox 1066 405 1183 432; x_wconf 90' lang='lat' dir='ltr'><strong>cordiam</strong></span> <span class='ocrx_word' id='word_1_491' title='bbox 1205 407 1420 441; x_wconf 81' lang='lat' dir='ltr'><strong>consequemur?</strong></span> <span class='ocrx_word' id='word_1_492' title='bbox 1433 407 1567 442; x_wconf 92' lang='lat' dir='ltr'><strong>quomodo</strong></span> <span class='ocrx_word' id='word_1_493' title='bbox 1587 407 1719 434; x_wconf 78' lang='lat' dir='ltr'><strong>salutem?</strong></span> <span class='ocrx_word' id='word_1_494' title='bbox 1741 407 1798 442; x_wconf 82' lang='lat' dir='ltr'><strong>Ego</strong></span> <span class='ocrx_word' id='word_1_495' title='bbox 1820 406 1863 433; x_wconf 92' lang='lat' dir='ltr'><strong>di-</strong></span> 
     </span>
    </p>
   </div>
   <div class='ocr_carea' id='block_1_69' title="bbox 1067 452 1862 488">
    <p class='ocr_par' dir='ltr' id='par_1_69' title="bbox 1067 452 1862 488">
     <span class='ocr_line' id='line_1_69' title="bbox 1067 452 1862 488; baseline 0.001 -10"><span class='ocrx_word' id='word_1_496' title='bbox 1067 458 1126 478; x_wconf 87' lang='lat' dir='ltr'><strong>cam</strong></span> <span class='ocrx_word' id='word_1_497' title='bbox 1139 460 1145 478; x_wconf 93' lang='lat'><strong>:</strong></span> <span class='ocrx_word' id='word_1_498' title='bbox 1160 452 1308 479; x_wconf 88' lang='lat' dir='ltr'><strong>orationem</strong></span> <span class='ocrx_word' id='word_1_499' title='bbox 1330 452 1356 479; x_wconf 91' lang='lat' dir='ltr'><strong>in</strong></span> <span class='ocrx_word' id='word_1_500' title='bbox 1371 452 1452 479; x_wconf 91' lang='lat' dir='ltr'><strong>corde</strong></span> <span class='ocrx_word' id='word_1_501' title='bbox 1463 459 1569 487; x_wconf 86' lang='lat' dir='ltr'><strong>semper</strong></span> <span class='ocrx_word' id='word_1_502' title='bbox 1586 452 1774 488; x_wconf 85' lang='lat' dir='ltr'><strong>suscipiamus,</strong></span> <span class='ocrx_word' id='word_1_503' title='bbox 1786 452 1862 486; x_wconf 89' lang='lat' dir='ltr'><strong>ejus-</strong></span> 
     </span>
    </p>
   </div>
   <div class='ocr_carea' id='block_1_70' title="bbox 1067 496 1862 532">
    <p class='ocr_par' dir='ltr' id='par_1_70' title="bbox 1067 496 1862 532">
     <span class='ocr_line' id='line_1_70' title="bbox 1067 496 1862 532; baseline 0.003 -9"><span class='ocrx_word' id='word_1_504' title='bbox 1067 505 1119 531; x_wconf 89' lang='lat' dir='ltr'><strong>que</strong></span> <span class='ocrx_word' id='word_1_505' title='bbox 1131 496 1243 530; x_wconf 90' lang='lat' dir='ltr'><strong>fruclus,</strong></span> <span class='ocrx_word' id='word_1_506' title='bbox 1261 505 1358 532; x_wconf 92' lang='lat' dir='ltr'><strong>nempe</strong></span> <span class='ocrx_word' id='word_1_507' title='bbox 1378 497 1564 531; x_wconf 89' lang='lat' dir='ltr'><strong>humilitatem,</strong></span> <span class='ocrx_word' id='word_1_508' title='bbox 1575 503 1603 526; x_wconf 90' lang='lat' dir='ltr'><strong>et</strong></span> <span class='ocrx_word' id='word_1_509' title='bbox 1616 498 1862 531; x_wconf 85' lang='lat' dir='ltr'><strong>mansuetudinem;</strong></span> 
     </span>
    </p>
   </div>
   <div class='ocr_carea' id='block_1_71' title="bbox 1069 542 1865 578">
    <p class='ocr_par' dir='ltr' id='par_1_71' title="bbox 1069 542 1865 578">
     <span class='ocr_line' id='line_1_71' title="bbox 1069 542 1865 578; baseline 0.001 -9"><span class='ocrx_word' id='word_1_510' title='bbox 1069 542 1163 569; x_wconf 68' lang='lat' dir='ltr'><strong>Discite</strong></span> <span class='ocrx_word' id='word_1_511' title='bbox 1178 543 1260 574; x_wconf 88' lang='lat' dir='ltr'><strong>enim,</strong></span> <span class='ocrx_word' id='word_1_512' title='bbox 1275 543 1369 578; x_wconf 87' lang='lat' dir='ltr'><strong>inquit,</strong></span> <span class='ocrx_word' id='word_1_513' title='bbox 1382 551 1398 569; x_wconf 88' lang='lat' dir='ltr'><strong>a</strong></span> <span class='ocrx_word' id='word_1_514' title='bbox 1411 551 1450 570; x_wconf 82' lang='lat' dir='ltr'><strong>me</strong></span> <span class='ocrx_word' id='word_1_515' title='bbox 1471 544 1529 578; x_wconf 84' lang='lat' dir='ltr'><strong>quia</strong></span> <span class='ocrx_word' id='word_1_516' title='bbox 1552 544 1620 571; x_wconf 73' lang='lat' dir='ltr'><strong>milia</strong></span> <span class='ocrx_word' id='word_1_517' title='bbox 1638 552 1695 571; x_wconf 73' lang='lat' dir='ltr'><strong>sum</strong></span> <span class='ocrx_word' id='word_1_518' title='bbox 1717 549 1740 570; x_wconf 82' lang='lat' dir='ltr'><strong>et</strong></span> <span class='ocrx_word' id='word_1_519' title='bbox 1760 543 1865 571; x_wconf 72' lang='lat' dir='ltr'><strong>humilis</strong></span> 
     </span>
    </p>
   </div>
   <div class='ocr_carea' id='block_1_72' title="bbox 1068 588 1864 624">
    <p class='ocr_par' dir='ltr' id='par_1_72' title="bbox 1068 588 1864 624">
     <span class='ocr_line' id='line_1_72' title="bbox 1068 588 1864 624; baseline 0.001 -10"><span class='ocrx_word' id='word_1_520' title='bbox 1068 589 1152 620; x_wconf 82' lang='lat' dir='ltr'><strong>corde,</strong></span> <span class='ocrx_word' id='word_1_521' title='bbox 1168 593 1191 615; x_wconf 82' lang='lat' dir='ltr'><strong>et</strong></span> <span class='ocrx_word' id='word_1_522' title='bbox 1204 588 1332 615; x_wconf 72' lang='lat' dir='ltr'><strong>invenietis</strong></span> <span class='ocrx_word' id='word_1_523' title='bbox 1340 589 1448 624; x_wconf 69' lang='lat' dir='ltr'><strong>rajuiem</strong></span> <span class='ocrx_word' id='word_1_524' title='bbox 1458 589 1589 616; x_wconf 73' lang='lat' dir='ltr'><strong>animabus</strong></span> <span class='ocrx_word' id='word_1_525' title='bbox 1601 590 1688 616; x_wconf 69' lang='lat' dir='ltr'><strong>vestri:</strong></span> <span class='ocrx_word' id='word_1_526' title='bbox 1700 588 1807 624; x_wconf 74' lang='lat' dir='ltr'><strong>(Matth.</strong></span> <span class='ocrx_word' id='word_1_527' title='bbox 1820 590 1864 616; x_wconf 83' lang='grc' dir='ltr'><strong>Η.</strong></span> 
     </span>
    </p>
   </div>
   <div class='ocr_carea' id='block_1_73' title="bbox 1069 633 1865 670">
    <p class='ocr_par' dir='ltr' id='par_1_73' title="bbox 1069 633 1865 670">
     <span class='ocr_line' id='line_1_73' title="bbox 1069 633 1865 670; baseline 0.003 -10"><span class='ocrx_word' id='word_1_528' title='bbox 1069 633 1132 668; x_wconf 74' lang='lat'><strong>29);</strong></span> <span class='ocrx_word' id='word_1_529' title='bbox 1147 642 1306 669; x_wconf 80' lang='lat' dir='ltr'><strong>rursumque</strong></span> <span class='ocrx_word' id='word_1_530' title='bbox 1317 633 1401 662; x_wconf 85' lang='lat' dir='ltr'><strong>David</strong></span> <span class='ocrx_word' id='word_1_531' title='bbox 1414 643 1421 661; x_wconf 93' lang='lat'><strong>:</strong></span> <span class='ocrx_word' id='word_1_532' title='bbox 1435 634 1597 668; x_wconf 80' lang='lat' dir='ltr'><strong>Sacriﬁcium</strong></span> <span class='ocrx_word' id='word_1_533' title='bbox 1616 635 1671 662; x_wconf 85' lang='lat' dir='ltr'><strong>Deo</strong></span> <span class='ocrx_word' id='word_1_534' title='bbox 1683 636 1790 670; x_wconf 70' lang='lat' dir='ltr'><strong>spiritu:</strong></span> <span class='ocrx_word' id='word_1_535' title='bbox 1802 644 1865 662; x_wconf 86' lang='lat' dir='ltr'><strong>con-</strong></span> 
     </span>
    </p>
   </div>
   <div class='ocr_carea' id='block_1_74' title="bbox 1070 679 1866 709">
    <p class='ocr_par' dir='ltr' id='par_1_74' title="bbox 1070 679 1866 709">
     <span class='ocr_line' id='line_1_74' title="bbox 1070 679 1866 709; baseline 0.004 -3"><span class='ocrx_word' id='word_1_536' title='bbox 1070 679 1203 706; x_wconf 64' lang='lat' dir='ltr'><strong>tribulem:</strong></span> <span class='ocrx_word' id='word_1_537' title='bbox 1217 688 1227 707; x_wconf 90' lang='lat'><strong><em>:</em></strong></span> <span class='ocrx_word' id='word_1_538' title='bbox 1240 689 1284 707; x_wconf 84' lang='lat' dir='ltr'><strong>cor</strong></span> <span class='ocrx_word' id='word_1_539' title='bbox 1295 681 1429 707; x_wconf 79' lang='lat' dir='ltr'><strong>contritum</strong></span> <span class='ocrx_word' id='word_1_540' title='bbox 1443 686 1467 708; x_wconf 81' lang='lat' dir='ltr'><strong>et</strong></span> <span class='ocrx_word' id='word_1_541' title='bbox 1480 681 1640 708; x_wconf 86' lang='lat' dir='ltr'><strong>Itumiliatum</strong></span> <span class='ocrx_word' id='word_1_542' title='bbox 1653 681 1724 709; x_wconf 70' lang='lat' dir='ltr'><strong>Deus</strong></span> <span class='ocrx_word' id='word_1_543' title='bbox 1746 690 1798 709; x_wconf 84' lang='lat' dir='ltr'><strong>non</strong></span> <span class='ocrx_word' id='word_1_544' title='bbox 1819 682 1866 709; x_wconf 77' lang='lat' dir='ltr'><strong>de-</strong></span> 
     </span>
    </p>
   </div>
   <div class='ocr_carea' id='block_1_75' title="bbox 1070 725 1866 762">
    <p class='ocr_par' dir='ltr' id='par_1_75' title="bbox 1070 725 1866 762">
     <span class='ocr_line' id='line_1_75' title="bbox 1070 725 1866 762; baseline 0.003 -10"><span class='ocrx_word' id='word_1_545' title='bbox 1070 726 1157 760; x_wconf 74' lang='lat' dir='ltr'><strong>spiciet</strong></span> <span class='ocrx_word' id='word_1_546' title='bbox 1168 725 1227 761; x_wconf 72' lang='lat' dir='ltr'><strong>(Ps.</strong></span> <span class='ocrx_word' id='word_1_547' title='bbox 1241 727 1286 754; x_wconf 90' lang='lat'><strong>50.</strong></span> <span class='ocrx_word' id='word_1_548' title='bbox 1303 727 1359 762; x_wconf 79' lang='lat' dir='ltr'><strong>i9).</strong></span> <span class='ocrx_word' id='word_1_549' title='bbox 1373 726 1443 754; x_wconf 79' lang='lat' dir='ltr'><strong>Nihil</strong></span> <span class='ocrx_word' id='word_1_550' title='bbox 1456 728 1527 754; x_wconf 93' lang='lat' dir='ltr'><strong>enim</strong></span> <span class='ocrx_word' id='word_1_551' title='bbox 1549 728 1583 754; x_wconf 87' lang='lat' dir='ltr'><strong>ita</strong></span> <span class='ocrx_word' id='word_1_552' title='bbox 1605 727 1676 755; x_wconf 85' lang='lat' dir='ltr'><strong>Deus</strong></span> <span class='ocrx_word' id='word_1_553' title='bbox 1691 727 1866 762; x_wconf 88' lang='lat' dir='ltr'><strong>amplectitur</strong></span> 
     </span>
    </p>
   </div>
   <div class='ocr_carea' id='block_1_76' title="bbox 1070 773 1864 808">
    <p class='ocr_par' dir='ltr' id='par_1_76' title="bbox 1070 773 1864 808">
     <span class='ocr_line' id='line_1_76' title="bbox 1070 773 1864 808; baseline 0.003 -10"><span class='ocrx_word' id='word_1_554' title='bbox 1070 778 1097 799; x_wconf 85' lang='lat' dir='ltr'><strong>et</strong></span> <span class='ocrx_word' id='word_1_555' title='bbox 1114 779 1196 805; x_wconf 83' lang='lat' dir='ltr'><strong>amat,</strong></span> <span class='ocrx_word' id='word_1_556' title='bbox 1216 777 1245 800; x_wconf 90' lang='lat' dir='ltr'><strong>ut</strong></span> <span class='ocrx_word' id='word_1_557' title='bbox 1266 773 1382 800; x_wconf 90' lang='lat' dir='ltr'><strong>animam</strong></span> <span class='ocrx_word' id='word_1_558' title='bbox 1404 774 1494 801; x_wconf 91' lang='lat' dir='ltr'><strong>mitem</strong></span> <span class='ocrx_word' id='word_1_559' title='bbox 1519 778 1547 801; x_wconf 89' lang='lat' dir='ltr'><strong>et</strong></span> <span class='ocrx_word' id='word_1_560' title='bbox 1568 773 1695 801; x_wconf 88' lang='lat' dir='ltr'><strong>humilem</strong></span> <span class='ocrx_word' id='word_1_561' title='bbox 1709 778 1737 801; x_wconf 87' lang='lat' dir='ltr'><strong>et</strong></span> <span class='ocrx_word' id='word_1_562' title='bbox 1750 779 1864 808; x_wconf 84' lang='lat' dir='ltr'><strong>gratam.</strong></span> 
     </span>
    </p>
   </div>
   <div class='ocr_carea' id='block_1_77' title="bbox 1073 817 1865 854">
    <p class='ocr_par' dir='ltr' id='par_1_77' title="bbox 1073 817 1865 854">
     <span class='ocr_line' id='line_1_77' title="bbox 1073 817 1865 854; baseline 0.001 -10"><span class='ocrx_word' id='word_1_563' title='bbox 1073 817 1189 845; x_wconf 83' lang='lat' dir='ltr'><strong>Advertc</strong></span> <span class='ocrx_word' id='word_1_564' title='bbox 1205 818 1284 853; x_wconf 82' lang='lat' dir='ltr'><strong>igitur</strong></span> <span class='ocrx_word' id='word_1_565' title='bbox 1293 823 1320 845; x_wconf 86' lang='lat' dir='ltr'><strong>et</strong></span> <span class='ocrx_word' id='word_1_566' title='bbox 1333 823 1371 851; x_wconf 90' lang='lat' dir='ltr'><strong>tu,</strong></span> <span class='ocrx_word' id='word_1_567' title='bbox 1387 818 1483 851; x_wconf 81' lang='lat' dir='ltr'><strong>frater;</strong></span> <span class='ocrx_word' id='word_1_568' title='bbox 1498 827 1558 846; x_wconf 87' lang='lat' dir='ltr'><strong>cum</strong></span> <span class='ocrx_word' id='word_1_569' title='bbox 1573 819 1636 853; x_wconf 90' lang='lat' dir='ltr'><strong>quid</strong></span> <span class='ocrx_word' id='word_1_570' title='bbox 1650 819 1865 854; x_wconf 80' lang='lat' dir='ltr'><strong>inexspectatum</strong></span> 
     </span>
    </p>
   </div>
   <div class='ocr_carea' id='block_1_78' title="bbox 1075 863 1867 900">
    <p class='ocr_par' dir='ltr' id='par_1_78' title="bbox 1075 863 1867 900">
     <span class='ocr_line' id='line_1_78' title="bbox 1075 863 1867 900; baseline 0.004 -10"><span class='ocrx_word' id='word_1_571' title='bbox 1075 864 1122 890; x_wconf 91' lang='lat' dir='ltr'><strong>tibi</strong></span> <span class='ocrx_word' id='word_1_572' title='bbox 1137 863 1263 891; x_wconf 84' lang='lat' dir='ltr'><strong>acciderit</strong></span> <span class='ocrx_word' id='word_1_573' title='bbox 1285 864 1486 900; x_wconf 81' lang='lat' dir='ltr'><strong>molestiamque</strong></span> <span class='ocrx_word' id='word_1_574' title='bbox 1508 865 1615 899; x_wconf 90' lang='lat' dir='ltr'><strong>crearit,</strong></span> <span class='ocrx_word' id='word_1_575' title='bbox 1637 873 1671 893; x_wconf 90' lang='lat' dir='ltr'><strong>ne</strong></span> <span class='ocrx_word' id='word_1_576' title='bbox 1689 865 1722 893; x_wconf 89' lang='lat' dir='ltr'><strong>ad</strong></span> <span class='ocrx_word' id='word_1_577' title='bbox 1743 866 1867 893; x_wconf 83' lang='lat' dir='ltr'><strong>homines</strong></span> 
     </span>
    </p>
   </div>
   <div class='ocr_carea' id='block_1_79' title="bbox 1073 910 1868 947">
    <p class='ocr_par' dir='ltr' id='par_1_79' title="bbox 1073 910 1868 947">
     <span class='ocr_line' id='line_1_79' title="bbox 1073 910 1868 947; baseline 0.005 -11"><span class='ocrx_word' id='word_1_578' title='bbox 1073 910 1220 944; x_wconf 80' lang='lat' dir='ltr'><strong>confugias,</strong></span> <span class='ocrx_word' id='word_1_579' title='bbox 1235 918 1267 938; x_wconf 91' lang='lat' dir='ltr'><strong>nc</strong></span> <span class='ocrx_word' id='word_1_580' title='bbox 1281 910 1313 937; x_wconf 94' lang='lat' dir='ltr'><strong>ad</strong></span> <span class='ocrx_word' id='word_1_581' title='bbox 1327 911 1439 938; x_wconf 84' lang='lat' dir='ltr'><strong>mortale</strong></span> <span class='ocrx_word' id='word_1_582' title='bbox 1453 911 1582 938; x_wconf 74' lang='lat' dir='ltr'><strong>auxilium</strong></span> <span class='ocrx_word' id='word_1_583' title='bbox 1596 912 1741 947; x_wconf 89' lang='lat' dir='ltr'><strong>respicias;</strong></span> <span class='ocrx_word' id='word_1_584' title='bbox 1753 913 1801 939; x_wconf 85' lang='lat' dir='ltr'><strong>sed</strong></span> <span class='ocrx_word' id='word_1_585' title='bbox 1815 920 1868 939; x_wconf 85' lang='lat' dir='ltr'><strong>om-</strong></span> 
     </span>
    </p>
   </div>
   <div class='ocr_carea' id='block_1_80' title="bbox 1074 957 1867 989">
    <p class='ocr_par' dir='ltr' id='par_1_80' title="bbox 1074 957 1867 989">
     <span class='ocr_line' id='line_1_80' title="bbox 1074 957 1867 989; baseline 0.003 -6"><span class='ocrx_word' id='word_1_586' title='bbox 1074 964 1121 983; x_wconf 81' lang='lat' dir='ltr'><strong>nes</strong></span> <span class='ocrx_word' id='word_1_587' title='bbox 1132 961 1325 989; x_wconf 87' lang='lat' dir='ltr'><strong>transcurrens,</strong></span> <span class='ocrx_word' id='word_1_588' title='bbox 1340 962 1430 985; x_wconf 89' lang='lat' dir='ltr'><strong>mente</strong></span> <span class='ocrx_word' id='word_1_589' title='bbox 1449 962 1494 984; x_wconf 92' lang='lat' dir='ltr'><strong>tua</strong></span> <span class='ocrx_word' id='word_1_590' title='bbox 1514 957 1547 985; x_wconf 91' lang='lat' dir='ltr'><strong>ad</strong></span> <span class='ocrx_word' id='word_1_591' title='bbox 1565 959 1713 985; x_wconf 90' lang='lat' dir='ltr'><strong>animarum</strong></span> <span class='ocrx_word' id='word_1_592' title='bbox 1733 958 1867 985; x_wconf 86' lang='lat' dir='ltr'><strong>medicum</strong></span> 
     </span>
    </p>
   </div>
   <div class='ocr_carea' id='block_1_81' title="bbox 1075 1001 1868 1037">
    <p class='ocr_par' dir='ltr' id='par_1_81' title="bbox 1075 1001 1868 1037">
     <span class='ocr_line' id='line_1_81' title="bbox 1075 1001 1868 1037; baseline 0.003 -9"><span class='ocrx_word' id='word_1_593' title='bbox 1075 1007 1100 1028; x_wconf 93' lang='lat' dir='ltr'><strong>te</strong></span> <span class='ocrx_word' id='word_1_594' title='bbox 1114 1001 1216 1029; x_wconf 85' lang='lat' dir='ltr'><strong>confer.</strong></span> <span class='ocrx_word' id='word_1_595' title='bbox 1231 1001 1297 1029; x_wconf 87' lang='lat' dir='ltr'><strong>Nam</strong></span> <span class='ocrx_word' id='word_1_596' title='bbox 1315 1002 1372 1037; x_wconf 86' lang='lat' dir='ltr'><strong>ipse</strong></span> <span class='ocrx_word' id='word_1_597' title='bbox 1387 1003 1460 1030; x_wconf 88' lang='lat' dir='ltr'><strong>solus</strong></span> <span class='ocrx_word' id='word_1_598' title='bbox 1472 1003 1545 1030; x_wconf 91' lang='lat' dir='ltr'><strong>cordi</strong></span> <span class='ocrx_word' id='word_1_599' title='bbox 1562 1003 1692 1030; x_wconf 84' lang='lat' dir='ltr'><strong>medelam</strong></span> <span class='ocrx_word' id='word_1_600' title='bbox 1707 1003 1807 1030; x_wconf 78' lang='lat' dir='ltr'><strong>atferre</strong></span> <span class='ocrx_word' id='word_1_601' title='bbox 1821 1011 1868 1037; x_wconf 91' lang='lat' dir='ltr'><strong>po-</strong></span> 
     </span>
    </p>
   </div>
   <div class='ocr_carea' id='block_1_82' title="bbox 1075 1047 1870 1083">
    <p class='ocr_par' dir='ltr' id='par_1_82' title="bbox 1075 1047 1870 1083">
     <span class='ocr_line' id='line_1_82' title="bbox 1075 1047 1870 1083; baseline 0.001 -9"><span class='ocrx_word' id='word_1_602' title='bbox 1075 1051 1136 1079; x_wconf 87' lang='lat' dir='ltr'><strong>test,</strong></span> <span class='ocrx_word' id='word_1_603' title='bbox 1150 1047 1195 1082; x_wconf 90' lang='lat' dir='ltr'><strong>qui</strong></span> <span class='ocrx_word' id='word_1_604' title='bbox 1219 1048 1294 1075; x_wconf 86' lang='lat' dir='ltr'><strong>tinxit</strong></span> <span class='ocrx_word' id='word_1_605' title='bbox 1315 1048 1469 1083; x_wconf 80' lang='lat' dir='ltr'><strong>singillatim</strong></span> <span class='ocrx_word' id='word_1_606' title='bbox 1491 1048 1571 1076; x_wconf 91' lang='lat' dir='ltr'><strong>corda</strong></span> <span class='ocrx_word' id='word_1_607' title='bbox 1591 1054 1680 1076; x_wconf 87' lang='lat' dir='ltr'><strong>nostra</strong></span> <span class='ocrx_word' id='word_1_608' title='bbox 1701 1054 1729 1076; x_wconf 91' lang='lat' dir='ltr'><strong>et</strong></span> <span class='ocrx_word' id='word_1_609' title='bbox 1744 1049 1870 1083; x_wconf 81' lang='lat' dir='ltr'><strong>intelligit</strong></span> 
     </span>
    </p>
   </div>
   <div class='ocr_carea' id='block_1_83' title="bbox 1075 1094 1870 1130">
    <p class='ocr_par' dir='ltr' id='par_1_83' title="bbox 1075 1094 1870 1130">
     <span class='ocr_line' id='line_1_83' title="bbox 1075 1094 1870 1130; baseline 0 -9"><span class='ocrx_word' id='word_1_610' title='bbox 1075 1095 1163 1121; x_wconf 84' lang='lat' dir='ltr'><strong>omnia</strong></span> <span class='ocrx_word' id='word_1_611' title='bbox 1178 1102 1259 1129; x_wconf 83' lang='lat' dir='ltr'><strong>opera</strong></span> <span class='ocrx_word' id='word_1_612' title='bbox 1275 1101 1364 1122; x_wconf 89' lang='lat' dir='ltr'><strong>nostra</strong></span> <span class='ocrx_word' id='word_1_613' title='bbox 1380 1094 1438 1130; x_wconf 80' lang='lat' dir='ltr'><strong>(Ps.</strong></span> <span class='ocrx_word' id='word_1_614' title='bbox 1454 1095 1498 1122; x_wconf 75' lang='grc'><strong>52.</strong></span> <span class='ocrx_word' id='word_1_615' title='bbox 1514 1094 1557 1130; x_wconf 78' lang='grc'><strong>15)</strong></span> <span class='ocrx_word' id='word_1_616' title='bbox 1570 1104 1578 1122; x_wconf 76' lang='grc' dir='ltr'><strong><em>ι</em></strong></span> <span class='ocrx_word' id='word_1_617' title='bbox 1593 1095 1649 1129; x_wconf 89' lang='lat' dir='ltr'><strong>ipse</strong></span> <span class='ocrx_word' id='word_1_618' title='bbox 1661 1099 1748 1129; x_wconf 87' lang='lat' dir='ltr'><strong>potest</strong></span> <span class='ocrx_word' id='word_1_619' title='bbox 1763 1095 1790 1122; x_wconf 94' lang='lat' dir='ltr'><strong>in</strong></span> <span class='ocrx_word' id='word_1_620' title='bbox 1803 1102 1870 1121; x_wconf 83' lang='lat' dir='ltr'><strong>cou-</strong></span> 
     </span>
    </p>
   </div>
   <div class='ocr_carea' id='block_1_84' title="bbox 1066 1140 1871 1175">
    <p class='ocr_par' dir='ltr' id='par_1_84' title="bbox 1066 1140 1871 1175">
     <span class='ocr_line' id='line_1_84' title="bbox 1066 1140 1871 1175; baseline -0.001 -8"><span class='ocrx_word' id='word_1_621' title='bbox 1066 1141 1213 1172; x_wconf 84' lang='lat' dir='ltr'><strong>scientiam</strong></span> <span class='ocrx_word' id='word_1_622' title='bbox 1228 1145 1344 1167; x_wconf 89' lang='lat' dir='ltr'><strong>nostram</strong></span> <span class='ocrx_word' id='word_1_623' title='bbox 1358 1140 1470 1175; x_wconf 82' lang='lat' dir='ltr'><strong>ingredi,</strong></span> <span class='ocrx_word' id='word_1_624' title='bbox 1486 1145 1601 1168; x_wconf 87' lang='lat' dir='ltr'><strong>mentem</strong></span> <span class='ocrx_word' id='word_1_625' title='bbox 1617 1145 1726 1175; x_wconf 81' lang='lat' dir='ltr'><strong>tangere</strong></span> <span class='ocrx_word' id='word_1_626' title='bbox 1739 1140 1871 1167; x_wconf 86' lang='lat' dir='ltr'><strong>animam-</strong></span> 
     </span>
    </p>
   </div>
   <div class='ocr_carea' id='block_1_85' title="bbox 1076 1185 1868 1220">
    <p class='ocr_par' dir='ltr' id='par_1_85' title="bbox 1076 1185 1868 1220">
     <span class='ocr_line' id='line_1_85' title="bbox 1076 1185 1868 1220; baseline -0.001 -7"><span class='ocrx_word' id='word_1_627' title='bbox 1076 1193 1128 1219; x_wconf 90' lang='lat' dir='ltr'><strong>que</strong></span> <span class='ocrx_word' id='word_1_628' title='bbox 1141 1185 1284 1212; x_wconf 88' lang='lat' dir='ltr'><strong>cohortari.</strong></span> <span class='ocrx_word' id='word_1_629' title='bbox 1299 1185 1374 1218; x_wconf 84' lang='lat' dir='ltr'><strong>Quod</strong></span> <span class='ocrx_word' id='word_1_630' title='bbox 1389 1185 1410 1212; x_wconf 89' lang='lat' dir='ltr'><strong>si</strong></span> <span class='ocrx_word' id='word_1_631' title='bbox 1424 1185 1480 1220; x_wconf 89' lang='lat' dir='ltr'><strong>ipse</strong></span> <span class='ocrx_word' id='word_1_632' title='bbox 1491 1193 1543 1212; x_wconf 89' lang='lat' dir='ltr'><strong>non</strong></span> <span class='ocrx_word' id='word_1_633' title='bbox 1556 1185 1710 1213; x_wconf 91' lang='lat' dir='ltr'><strong>cohortetur</strong></span> <span class='ocrx_word' id='word_1_634' title='bbox 1721 1185 1804 1213; x_wconf 92' lang='lat' dir='ltr'><strong>corda</strong></span> <span class='ocrx_word' id='word_1_635' title='bbox 1817 1193 1868 1212; x_wconf 83' lang='lat' dir='ltr'><strong>no-</strong></span> 
     </span>
    </p>
   </div>
   <div class='ocr_carea' id='block_1_86' title="bbox 1077 1231 1873 1266">
    <p class='ocr_par' dir='ltr' id='par_1_86' title="bbox 1077 1231 1873 1266">
     <span class='ocr_line' id='line_1_86' title="bbox 1077 1231 1873 1266; baseline 0 -8"><span class='ocrx_word' id='word_1_636' title='bbox 1077 1235 1143 1263; x_wconf 84' lang='lat' dir='ltr'><strong>stra,</strong></span> <span class='ocrx_word' id='word_1_637' title='bbox 1159 1239 1219 1266; x_wconf 70' lang='lat' dir='ltr'><strong>qua:</strong></span> <span class='ocrx_word' id='word_1_638' title='bbox 1232 1231 1265 1258; x_wconf 87' lang='lat' dir='ltr'><strong>ab</strong></span> <span class='ocrx_word' id='word_1_639' title='bbox 1279 1231 1431 1258; x_wconf 88' lang='lat' dir='ltr'><strong>hominibus</strong></span> <span class='ocrx_word' id='word_1_640' title='bbox 1448 1231 1587 1264; x_wconf 88' lang='lat' dir='ltr'><strong>accedent,</strong></span> <span class='ocrx_word' id='word_1_641' title='bbox 1602 1231 1735 1266; x_wconf 82' lang='lat' dir='ltr'><strong>superﬂua</strong></span> <span class='ocrx_word' id='word_1_642' title='bbox 1747 1235 1776 1257; x_wconf 91' lang='lat' dir='ltr'><strong>et</strong></span> <span class='ocrx_word' id='word_1_643' title='bbox 1791 1231 1873 1258; x_wconf 89' lang='lat' dir='ltr'><strong>inuti-</strong></span> 
     </span>
    </p>
   </div>
   <div class='ocr_carea' id='block_1_87' title="bbox 1077 1275 1874 1312">
    <p class='ocr_par' dir='ltr' id='par_1_87' title="bbox 1077 1275 1874 1312">
     <span class='ocr_line' id='line_1_87' title="bbox 1077 1275 1874 1312; baseline -0.001 -8"><span class='ocrx_word' id='word_1_644' title='bbox 1077 1276 1110 1304; x_wconf 83' lang='lat' dir='ltr'><strong>lia</strong></span> <span class='ocrx_word' id='word_1_645' title='bbox 1123 1281 1201 1304; x_wconf 90' lang='lat' dir='ltr'><strong>erunt</strong></span> <span class='ocrx_word' id='word_1_646' title='bbox 1215 1286 1221 1304; x_wconf 87' lang='lat'><strong>:</strong></span> <span class='ocrx_word' id='word_1_647' title='bbox 1234 1276 1458 1312; x_wconf 85' lang='lat' dir='ltr'><strong>quemadmodum</strong></span> <span class='ocrx_word' id='word_1_648' title='bbox 1474 1276 1590 1303; x_wconf 88' lang='lat' dir='ltr'><strong>vicissim</strong></span> <span class='ocrx_word' id='word_1_649' title='bbox 1604 1276 1659 1304; x_wconf 91' lang='lat' dir='ltr'><strong>Deo</strong></span> <span class='ocrx_word' id='word_1_650' title='bbox 1672 1275 1832 1304; x_wconf 88' lang='lat' dir='ltr'><strong>cohortante</strong></span> <span class='ocrx_word' id='word_1_651' title='bbox 1845 1280 1874 1303; x_wconf 87' lang='lat' dir='ltr'><strong>et</strong></span> 
     </span>
    </p>
   </div>
   <div class='ocr_carea' id='block_1_88' title="bbox 1078 1321 1871 1354">
    <p class='ocr_par' dir='ltr' id='par_1_88' title="bbox 1078 1321 1871 1354">
     <span class='ocr_line' id='line_1_88' title="bbox 1078 1321 1871 1354; baseline -0.003 -5"><span class='ocrx_word' id='word_1_652' title='bbox 1078 1322 1244 1354; x_wconf 88' lang='lat' dir='ltr'><strong>consolante,</strong></span> <span class='ocrx_word' id='word_1_653' title='bbox 1256 1322 1360 1349; x_wconf 88' lang='lat' dir='ltr'><strong>etiamsi</strong></span> <span class='ocrx_word' id='word_1_654' title='bbox 1375 1326 1514 1349; x_wconf 78' lang='lat' dir='ltr'><strong>sexcentas</strong></span> <span class='ocrx_word' id='word_1_655' title='bbox 1529 1321 1650 1349; x_wconf 90' lang='lat' dir='ltr'><strong>homines</strong></span> <span class='ocrx_word' id='word_1_656' title='bbox 1663 1322 1801 1348; x_wconf 88' lang='lat' dir='ltr'><strong>molestias</strong></span> <span class='ocrx_word' id='word_1_657' title='bbox 1809 1328 1871 1348; x_wconf 86' lang='lat' dir='ltr'><strong>cre-</strong></span> 
     </span>
    </p>
   </div>
   <div class='ocr_carea' id='block_1_89' title="bbox 1078 1367 1871 1403">
    <p class='ocr_par' dir='ltr' id='par_1_89' title="bbox 1078 1367 1871 1403">
     <span class='ocr_line' id='line_1_89' title="bbox 1078 1367 1871 1403; baseline -0.003 -9"><span class='ocrx_word' id='word_1_658' title='bbox 1078 1368 1191 1402; x_wconf 85' lang='lat' dir='ltr'><strong>averint,</strong></span> <span class='ocrx_word' id='word_1_659' title='bbox 1207 1375 1240 1395; x_wconf 90' lang='lat' dir='ltr'><strong>ne</strong></span> <span class='ocrx_word' id='word_1_660' title='bbox 1254 1368 1392 1395; x_wconf 92' lang='lat' dir='ltr'><strong>minimum</strong></span> <span class='ocrx_word' id='word_1_661' title='bbox 1406 1367 1513 1403; x_wconf 94' lang='lat' dir='ltr'><strong>quidem</strong></span> <span class='ocrx_word' id='word_1_662' title='bbox 1525 1367 1602 1394; x_wconf 89' lang='lat' dir='ltr'><strong>nobis</strong></span> <span class='ocrx_word' id='word_1_663' title='bbox 1617 1375 1713 1395; x_wconf 89' lang='lat' dir='ltr'><strong>nocere</strong></span> <span class='ocrx_word' id='word_1_664' title='bbox 1725 1370 1871 1402; x_wconf 88' lang='lat' dir='ltr'><strong>poterunt:</strong></span> 
     </span>
    </p>
   </div>
   <div class='ocr_carea' id='block_1_90' title="bbox 1079 1411 1874 1446">
    <p class='ocr_par' dir='ltr' id='par_1_90' title="bbox 1079 1411 1874 1446">
     <span class='ocr_line' id='line_1_90' title="bbox 1079 1411 1874 1446; baseline -0.004 -5"><span class='ocrx_word' id='word_1_665' title='bbox 1079 1421 1139 1441; x_wconf 89' lang='lat' dir='ltr'><strong>cum</strong></span> <span class='ocrx_word' id='word_1_666' title='bbox 1163 1414 1234 1441; x_wconf 92' lang='lat' dir='ltr'><strong>enim</strong></span> <span class='ocrx_word' id='word_1_667' title='bbox 1258 1413 1302 1441; x_wconf 88' lang='lat' dir='ltr'><strong>ille</strong></span> <span class='ocrx_word' id='word_1_668' title='bbox 1323 1420 1370 1440; x_wconf 87' lang='lat' dir='ltr'><strong>eor</strong></span> <span class='ocrx_word' id='word_1_669' title='bbox 1392 1417 1512 1440; x_wconf 89' lang='lat' dir='ltr'><strong>nostrum</strong></span> <span class='ocrx_word' id='word_1_670' title='bbox 1536 1413 1691 1446; x_wconf 86' lang='lat' dir='ltr'><strong>ﬁrmaverit,</strong></span> <span class='ocrx_word' id='word_1_671' title='bbox 1708 1419 1787 1440; x_wconf 90' lang='lat' dir='ltr'><strong>nemo</strong></span> <span class='ocrx_word' id='word_1_672' title='bbox 1806 1411 1874 1439; x_wconf 86' lang='lat' dir='ltr'><strong>illud</strong></span> 
     </span>
    </p>
   </div>
   <div class='ocr_carea' id='block_1_91' title="bbox 1079 1458 1332 1493">
    <p class='ocr_par' dir='ltr' id='par_1_91' title="bbox 1079 1458 1332 1493">
     <span class='ocr_line' id='line_1_91' title="bbox 1079 1458 1332 1493; baseline -0.004 -7"><span class='ocrx_word' id='word_1_673' title='bbox 1079 1458 1211 1493; x_wconf 81' lang='lat' dir='ltr'><strong>exagitare</strong></span> <span class='ocrx_word' id='word_1_674' title='bbox 1224 1458 1332 1485; x_wconf 87' lang='lat' dir='ltr'><strong>valebit.</strong></span> 
     </span>
    </p>
   </div>
   <div class='ocr_carea' id='block_1_92' title="bbox 1118 1503 1872 1539">
    <p class='ocr_par' dir='ltr' id='par_1_92' title="bbox 1118 1503 1872 1539">
     <span class='ocr_line' id='line_1_92' title="bbox 1118 1503 1872 1539; baseline -0.003 -8"><span class='ocrx_word' id='word_1_675' title='bbox 1118 1506 1200 1538; x_wconf 83' lang='lat' dir='ltr'><strong>Quam</strong></span> <span class='ocrx_word' id='word_1_676' title='bbox 1215 1505 1298 1539; x_wconf 76' lang='lat' dir='ltr'><strong>facilis</strong></span> <span class='ocrx_word' id='word_1_677' title='bbox 1308 1504 1342 1531; x_wconf 88' lang='lat' dir='ltr'><strong>ad</strong></span> <span class='ocrx_word' id='word_1_678' title='bbox 1355 1503 1436 1532; x_wconf 83' lang='lat' dir='ltr'><strong>Deum</strong></span> <span class='ocrx_word' id='word_1_679' title='bbox 1447 1504 1541 1531; x_wconf 79' lang='lat' dir='ltr'><strong>aditus.</strong></span> <span class='ocrx_word' id='word_1_680' title='bbox 1550 1519 1585 1524; x_wconf 95' lang='lat'><strong>—</strong></span> <span class='ocrx_word' id='word_1_681' title='bbox 1598 1504 1661 1532; x_wconf 68' lang='lat' dir='ltr'><strong>H830</strong></span> <span class='ocrx_word' id='word_1_682' title='bbox 1673 1511 1733 1531; x_wconf 89' lang='lat' dir='ltr'><strong>cum</strong></span> <span class='ocrx_word' id='word_1_683' title='bbox 1744 1504 1872 1535; x_wconf 82' lang='lat' dir='ltr'><strong>sciamus,</strong></span> 
     </span>
    </p>
   </div>
   <div class='ocr_carea' id='block_1_93' title="bbox 1081 1550 1876 1586">
    <p class='ocr_par' dir='ltr' id='par_1_93' title="bbox 1081 1550 1876 1586">
     <span class='ocr_line' id='line_1_93' title="bbox 1081 1550 1876 1586; baseline -0.003 -8"><span class='ocrx_word' id='word_1_684' title='bbox 1081 1551 1181 1582; x_wconf 88' lang='lat' dir='ltr'><strong>dilecti.</strong></span> <span class='ocrx_word' id='word_1_685' title='bbox 1196 1551 1229 1578; x_wconf 87' lang='lat' dir='ltr'><strong>ad</strong></span> <span class='ocrx_word' id='word_1_686' title='bbox 1243 1551 1326 1578; x_wconf 88' lang='lat' dir='ltr'><strong>Deum</strong></span> <span class='ocrx_word' id='word_1_687' title='bbox 1341 1559 1447 1586; x_wconf 89' lang='lat' dir='ltr'><strong>semper</strong></span> <span class='ocrx_word' id='word_1_688' title='bbox 1455 1550 1648 1586; x_wconf 83' lang='lat' dir='ltr'><strong>confugiamus,</strong></span> <span class='ocrx_word' id='word_1_689' title='bbox 1664 1551 1709 1585; x_wconf 89' lang='lat' dir='ltr'><strong>qui</strong></span> <span class='ocrx_word' id='word_1_690' title='bbox 1723 1550 1780 1577; x_wconf 90' lang='lat' dir='ltr'><strong>vult</strong></span> <span class='ocrx_word' id='word_1_691' title='bbox 1791 1555 1818 1577; x_wconf 91' lang='lat' dir='ltr'><strong>et</strong></span> <span class='ocrx_word' id='word_1_692' title='bbox 1830 1557 1876 1585; x_wconf 89' lang='lat' dir='ltr'><strong>po-</strong></span> 
     </span>
    </p>
   </div>
   <div class='ocr_carea' id='block_1_94' title="bbox 1082 1596 1878 1631">
    <p class='ocr_par' dir='ltr' id='par_1_94' title="bbox 1082 1596 1878 1631">
     <span class='ocr_line' id='line_1_94' title="bbox 1082 1596 1878 1631; baseline -0.004 -6"><span class='ocrx_word' id='word_1_693' title='bbox 1082 1602 1134 1626; x_wconf 89' lang='lat' dir='ltr'><strong>test</strong></span> <span class='ocrx_word' id='word_1_694' title='bbox 1145 1598 1310 1625; x_wconf 87' lang='lat' dir='ltr'><strong>calamitates</strong></span> <span class='ocrx_word' id='word_1_695' title='bbox 1325 1596 1429 1625; x_wconf 88' lang='lat' dir='ltr'><strong>solvere</strong></span> <span class='ocrx_word' id='word_1_696' title='bbox 1444 1602 1558 1624; x_wconf 84' lang='lat' dir='ltr'><strong>nostras.</strong></span> <span class='ocrx_word' id='word_1_697' title='bbox 1573 1598 1606 1624; x_wconf 81' lang='lat' dir='ltr'><strong>At</strong></span> <span class='ocrx_word' id='word_1_698' title='bbox 1620 1597 1690 1624; x_wconf 91' lang='lat' dir='ltr'><strong>enim</strong></span> <span class='ocrx_word' id='word_1_699' title='bbox 1704 1596 1812 1631; x_wconf 86' lang='lat' dir='ltr'><strong>quando</strong></span> <span class='ocrx_word' id='word_1_700' title='bbox 1827 1597 1878 1623; x_wconf 88' lang='lat' dir='ltr'><strong>ho-</strong></span> 
     </span>
    </p>
   </div>
   <div class='ocr_carea' id='block_1_95' title="bbox 1082 1642 1878 1678">
    <p class='ocr_par' dir='ltr' id='par_1_95' title="bbox 1082 1642 1878 1678">
     <span class='ocr_line' id='line_1_95' title="bbox 1082 1642 1878 1678; baseline -0.003 -7"><span class='ocrx_word' id='word_1_701' title='bbox 1082 1644 1167 1671; x_wconf 85' lang='lat' dir='ltr'><strong>mines</strong></span> <span class='ocrx_word' id='word_1_702' title='bbox 1179 1651 1291 1671; x_wconf 88' lang='lat' dir='ltr'><strong>exorare</strong></span> <span class='ocrx_word' id='word_1_703' title='bbox 1303 1647 1416 1678; x_wconf 88' lang='lat' dir='ltr'><strong>oportet,</strong></span> <span class='ocrx_word' id='word_1_704' title='bbox 1430 1643 1552 1670; x_wconf 89' lang='lat' dir='ltr'><strong>ostiarios</strong></span> <span class='ocrx_word' id='word_1_705' title='bbox 1568 1643 1640 1677; x_wconf 85' lang='lat' dir='ltr'><strong>prius</strong></span> <span class='ocrx_word' id='word_1_706' title='bbox 1650 1642 1749 1677; x_wconf 92' lang='lat' dir='ltr'><strong>alloqui</strong></span> <span class='ocrx_word' id='word_1_707' title='bbox 1766 1649 1878 1669; x_wconf 85' lang='lat' dir='ltr'><strong>necesse</strong></span> 
     </span>
    </p>
   </div>
   <div class='ocr_carea' id='block_1_96' title="bbox 1083 1688 1878 1724">
    <p class='ocr_par' dir='ltr' id='par_1_96' title="bbox 1083 1688 1878 1724">
     <span class='ocr_line' id='line_1_96' title="bbox 1083 1688 1878 1724; baseline -0.004 -7"><span class='ocrx_word' id='word_1_708' title='bbox 1083 1691 1160 1717; x_wconf 90' lang='lat' dir='ltr'><strong>nobis</strong></span> <span class='ocrx_word' id='word_1_709' title='bbox 1173 1695 1224 1723; x_wconf 88' lang='lat' dir='ltr'><strong>est,</strong></span> <span class='ocrx_word' id='word_1_710' title='bbox 1238 1690 1367 1724; x_wconf 89' lang='lat' dir='ltr'><strong>parasitos</strong></span> <span class='ocrx_word' id='word_1_711' title='bbox 1381 1690 1442 1717; x_wconf 89' lang='lat' dir='ltr'><strong>item</strong></span> <span class='ocrx_word' id='word_1_712' title='bbox 1455 1689 1659 1724; x_wconf 74' lang='lat' dir='ltr'><strong>adulatoresque</strong></span> <span class='ocrx_word' id='word_1_713' title='bbox 1674 1689 1786 1724; x_wconf 88' lang='lat' dir='ltr'><strong>precari,</strong></span> <span class='ocrx_word' id='word_1_714' title='bbox 1803 1688 1878 1715; x_wconf 94' lang='lat' dir='ltr'><strong>mul-</strong></span> 
     </span>
    </p>
   </div>
   <div class='ocr_carea' id='block_1_97' title="bbox 1083 1733 1880 1771">
    <p class='ocr_par' dir='ltr' id='par_1_97' title="bbox 1083 1733 1880 1771">
     <span class='ocr_line' id='line_1_97' title="bbox 1083 1733 1880 1771; baseline -0.004 -8"><span class='ocrx_word' id='word_1_715' title='bbox 1083 1740 1192 1771; x_wconf 88' lang='lat' dir='ltr'><strong>tumque</strong></span> <span class='ocrx_word' id='word_1_716' title='bbox 1204 1735 1307 1763; x_wconf 88' lang='lat' dir='ltr'><strong>itineris</strong></span> <span class='ocrx_word' id='word_1_717' title='bbox 1318 1742 1459 1770; x_wconf 85' lang='lat' dir='ltr'><strong>capessere</strong></span> <span class='ocrx_word' id='word_1_718' title='bbox 1472 1744 1479 1762; x_wconf 90' lang='lat'>:</span> <span class='ocrx_word' id='word_1_719' title='bbox 1493 1734 1562 1769; x_wconf 89' lang='lat' dir='ltr'><strong>apud</strong></span> <span class='ocrx_word' id='word_1_720' title='bbox 1576 1735 1659 1762; x_wconf 91' lang='lat' dir='ltr'><strong>Deum</strong></span> <span class='ocrx_word' id='word_1_721' title='bbox 1674 1742 1736 1761; x_wconf 89' lang='lat' dir='ltr'><strong>vero</strong></span> <span class='ocrx_word' id='word_1_722' title='bbox 1758 1734 1825 1761; x_wconf 91' lang='lat' dir='ltr'><strong>nihil</strong></span> <span class='ocrx_word' id='word_1_723' title='bbox 1841 1733 1880 1760; x_wconf 86' lang='lat' dir='ltr'><strong>si-</strong></span> 
     </span>
    </p>
   </div>
   <div class='ocr_carea' id='block_1_98' title="bbox 1084 1780 1880 1815">
    <p class='ocr_par' dir='ltr' id='par_1_98' title="bbox 1084 1780 1880 1815">
     <span class='ocr_line' id='line_1_98' title="bbox 1084 1780 1880 1815; baseline -0.004 -6"><span class='ocrx_word' id='word_1_724' title='bbox 1084 1782 1158 1815; x_wconf 84' lang='lat' dir='ltr'><strong>mile,</strong></span> <span class='ocrx_word' id='word_1_725' title='bbox 1172 1781 1219 1809; x_wconf 89' lang='lat' dir='ltr'><strong>sed</strong></span> <span class='ocrx_word' id='word_1_726' title='bbox 1232 1781 1290 1809; x_wconf 88' lang='lat' dir='ltr'><strong>sine</strong></span> <span class='ocrx_word' id='word_1_727' title='bbox 1303 1782 1478 1809; x_wconf 89' lang='lat' dir='ltr'><strong>intercessore</strong></span> <span class='ocrx_word' id='word_1_728' title='bbox 1493 1781 1634 1808; x_wconf 86' lang='lat' dir='ltr'><strong>exorabilis</strong></span> <span class='ocrx_word' id='word_1_729' title='bbox 1654 1785 1705 1812; x_wconf 85' lang='lat' dir='ltr'><strong>est,</strong></span> <span class='ocrx_word' id='word_1_730' title='bbox 1721 1780 1780 1808; x_wconf 90' lang='lat' dir='ltr'><strong>sine</strong></span> <span class='ocrx_word' id='word_1_731' title='bbox 1792 1787 1880 1815; x_wconf 83' lang='lat' dir='ltr'><strong>pecu-</strong></span> 
     </span>
    </p>
   </div>
   <div class='ocr_carea' id='block_1_99' title="bbox 1085 1826 1881 1863">
    <p class='ocr_par' dir='ltr' id='par_1_99' title="bbox 1085 1826 1881 1863">
     <span class='ocr_line' id='line_1_99' title="bbox 1085 1826 1881 1863; baseline -0.004 -7"><span class='ocrx_word' id='word_1_732' title='bbox 1085 1829 1146 1861; x_wconf 89' lang='lat' dir='ltr'><strong>niis,</strong></span> <span class='ocrx_word' id='word_1_733' title='bbox 1169 1828 1227 1856; x_wconf 88' lang='lat' dir='ltr'><strong>sine</strong></span> <span class='ocrx_word' id='word_1_734' title='bbox 1250 1829 1398 1863; x_wconf 89' lang='lat' dir='ltr'><strong>sumptibus</strong></span> <span class='ocrx_word' id='word_1_735' title='bbox 1418 1827 1537 1862; x_wconf 88' lang='lat' dir='ltr'><strong>petitioni</strong></span> <span class='ocrx_word' id='word_1_736' title='bbox 1559 1827 1676 1854; x_wconf 85' lang='lat' dir='ltr'><strong>annuit:</strong></span> <span class='ocrx_word' id='word_1_737' title='bbox 1695 1826 1793 1854; x_wconf 83' lang='lat' dir='ltr'><strong>sufficit</strong></span> <span class='ocrx_word' id='word_1_738' title='bbox 1818 1826 1881 1853; x_wconf 90' lang='lat' dir='ltr'><strong>solo</strong></span> 
     </span>
    </p>
   </div>
   <div class='ocr_carea' id='block_1_100' title="bbox 1086 1872 1879 1909">
    <p class='ocr_par' dir='ltr' id='par_1_100' title="bbox 1086 1872 1879 1909">
     <span class='ocr_line' id='line_1_100' title="bbox 1086 1872 1879 1909; baseline -0.005 -7"><span class='ocrx_word' id='word_1_739' title='bbox 1086 1875 1166 1902; x_wconf 91' lang='lat' dir='ltr'><strong>corde</strong></span> <span class='ocrx_word' id='word_1_740' title='bbox 1176 1875 1301 1907; x_wconf 88' lang='lat' dir='ltr'><strong>clamare,</strong></span> <span class='ocrx_word' id='word_1_741' title='bbox 1316 1878 1343 1901; x_wconf 90' lang='lat' dir='ltr'><strong>et</strong></span> <span class='ocrx_word' id='word_1_742' title='bbox 1355 1874 1484 1909; x_wconf 88' lang='lat' dir='ltr'><strong>lacrymas</strong></span> <span class='ocrx_word' id='word_1_743' title='bbox 1497 1873 1605 1906; x_wconf 73' lang='lat' dir='ltr'><strong>offerre,</strong></span> <span class='ocrx_word' id='word_1_744' title='bbox 1618 1877 1645 1900; x_wconf 85' lang='lat' dir='ltr'><strong>et</strong></span> <span class='ocrx_word' id='word_1_745' title='bbox 1665 1872 1754 1900; x_wconf 85' lang='lat' dir='ltr'><strong>statim</strong></span> <span class='ocrx_word' id='word_1_746' title='bbox 1772 1872 1879 1907; x_wconf 77' lang='lat' dir='ltr'><strong>ingres-</strong></span> 
     </span>
    </p>
   </div>
   <div class='ocr_carea' id='block_1_101' title="bbox 1086 1920 1881 1954">
    <p class='ocr_par' dir='ltr' id='par_1_101' title="bbox 1086 1920 1881 1954">
     <span class='ocr_line' id='line_1_101' title="bbox 1086 1920 1881 1954; baseline -0.004 -6"><span class='ocrx_word' id='word_1_747' title='bbox 1086 1929 1142 1954; x_wconf 86' lang='lat' dir='ltr'><strong>sus,</strong></span> <span class='ocrx_word' id='word_1_748' title='bbox 1154 1928 1213 1948; x_wconf 92' lang='lat' dir='ltr'><strong>eum</strong></span> <span class='ocrx_word' id='word_1_749' title='bbox 1225 1921 1376 1948; x_wconf 87' lang='lat' dir='ltr'><strong>attraxeris.</strong></span> <span class='ocrx_word' id='word_1_750' title='bbox 1389 1921 1423 1948; x_wconf 81' lang='lat' dir='ltr'><strong>At</strong></span> <span class='ocrx_word' id='word_1_751' title='bbox 1433 1920 1567 1947; x_wconf 85' lang='lat' dir='ltr'><strong>hominem</strong></span> <span class='ocrx_word' id='word_1_752' title='bbox 1580 1927 1641 1947; x_wconf 92' lang='lat' dir='ltr'><strong>cum</strong></span> <span class='ocrx_word' id='word_1_753' title='bbox 1656 1925 1792 1954; x_wconf 81' lang='lat' dir='ltr'><strong>rogamus,</strong></span> <span class='ocrx_word' id='word_1_754' title='bbox 1805 1925 1881 1953; x_wconf 65' lang='lat' dir='ltr'><strong>saepe</strong></span> 
     </span>
    </p>
   </div>
   <div class='ocr_carea' id='block_1_102' title="bbox 1086 1966 1878 2002">
    <p class='ocr_par' dir='ltr' id='par_1_102' title="bbox 1086 1966 1878 2002">
     <span class='ocr_line' id='line_1_102' title="bbox 1086 1966 1878 2002; baseline -0.003 -8"><span class='ocrx_word' id='word_1_755' title='bbox 1086 1967 1240 1999; x_wconf 77' lang='lat' dir='ltr'><strong>metuimus,</strong></span> <span class='ocrx_word' id='word_1_756' title='bbox 1258 1975 1290 1993; x_wconf 89' lang='lat' dir='ltr'><strong>ne</strong></span> <span class='ocrx_word' id='word_1_757' title='bbox 1307 1967 1366 2002; x_wconf 88' lang='lat' dir='ltr'><strong>quis</strong></span> <span class='ocrx_word' id='word_1_758' title='bbox 1381 1974 1413 1994; x_wconf 88' lang='lat' dir='ltr'><strong>ex</strong></span> <span class='ocrx_word' id='word_1_759' title='bbox 1440 1966 1562 1999; x_wconf 87' lang='lat' dir='ltr'><strong>inimicis,</strong></span> <span class='ocrx_word' id='word_1_760' title='bbox 1587 1970 1633 1993; x_wconf 86' lang='lat' dir='ltr'><strong>aut</strong></span> <span class='ocrx_word' id='word_1_761' title='bbox 1650 1966 1753 1993; x_wconf 87' lang='lat' dir='ltr'><strong>amicus</strong></span> <span class='ocrx_word' id='word_1_762' title='bbox 1772 1973 1878 1995; x_wconf 85' lang='lat' dir='ltr'><strong>eorum,</strong></span> 
     </span>
    </p>
   </div>
   <div class='ocr_carea' id='block_1_103' title="bbox 1086 2009 1881 2047">
    <p class='ocr_par' dir='ltr' id='par_1_103' title="bbox 1086 2009 1881 2047">
     <span class='ocr_line' id='line_1_103' title="bbox 1086 2009 1881 2047; baseline -0.003 -9"><span class='ocrx_word' id='word_1_763' title='bbox 1086 2017 1132 2039; x_wconf 90' lang='lat' dir='ltr'><strong>aut</strong></span> <span class='ocrx_word' id='word_1_764' title='bbox 1146 2012 1313 2039; x_wconf 86' lang='lat' dir='ltr'><strong>adversarius</strong></span> <span class='ocrx_word' id='word_1_765' title='bbox 1328 2011 1457 2047; x_wconf 83' lang='lat' dir='ltr'><strong>quispiam</strong></span> <span class='ocrx_word' id='word_1_766' title='bbox 1473 2019 1529 2038; x_wconf 91' lang='lat' dir='ltr'><strong>rem</strong></span> <span class='ocrx_word' id='word_1_767' title='bbox 1549 2011 1648 2044; x_wconf 89' lang='lat' dir='ltr'><strong>audiat,</strong></span> <span class='ocrx_word' id='word_1_768' title='bbox 1662 2010 1767 2038; x_wconf 86' lang='lat' dir='ltr'><strong>aliusve</strong></span> <span class='ocrx_word' id='word_1_769' title='bbox 1778 2009 1881 2038; x_wconf 86' lang='lat' dir='ltr'><strong>referat</strong></span> 
     </span>
    </p>
   </div>
   <div class='ocr_carea' id='block_1_104' title="bbox 1086 2056 1880 2092">
    <p class='ocr_par' dir='ltr' id='par_1_104' title="bbox 1086 2056 1880 2092">
     <span class='ocr_line' id='line_1_104' title="bbox 1086 2056 1880 2092; baseline -0.003 -8"><span class='ocrx_word' id='word_1_770' title='bbox 1086 2065 1128 2090; x_wconf 86' lang='lat' dir='ltr'><strong>ea,</strong></span> <span class='ocrx_word' id='word_1_771' title='bbox 1144 2065 1203 2092; x_wconf 67' lang='lat' dir='ltr'><strong>qua:</strong></span> <span class='ocrx_word' id='word_1_772' title='bbox 1217 2057 1287 2084; x_wconf 85' lang='lat' dir='ltr'><strong>dicta</strong></span> <span class='ocrx_word' id='word_1_773' title='bbox 1300 2061 1372 2090; x_wconf 88' lang='lat' dir='ltr'><strong>sunt,</strong></span> <span class='ocrx_word' id='word_1_774' title='bbox 1388 2062 1414 2084; x_wconf 91' lang='lat' dir='ltr'><strong>et</strong></span> <span class='ocrx_word' id='word_1_775' title='bbox 1435 2057 1479 2092; x_wconf 87' lang='lat' dir='ltr'><strong>jus</strong></span> <span class='ocrx_word' id='word_1_776' title='bbox 1500 2060 1635 2092; x_wconf 83' lang='lat' dir='ltr'><strong>pervertat</strong></span> <span class='ocrx_word' id='word_1_777' title='bbox 1652 2065 1660 2083; x_wconf 87' lang='lat'><strong>:</strong></span> <span class='ocrx_word' id='word_1_778' title='bbox 1680 2056 1706 2083; x_wconf 92' lang='lat' dir='ltr'><strong>in</strong></span> <span class='ocrx_word' id='word_1_779' title='bbox 1721 2056 1776 2083; x_wconf 85' lang='lat' dir='ltr'><strong>Deo</strong></span> <span class='ocrx_word' id='word_1_780' title='bbox 1789 2060 1880 2083; x_wconf 70' lang='lat' dir='ltr'><strong>autem</strong></span> 
     </span>
    </p>
   </div>
   <div class='ocr_carea' id='block_1_105' title="bbox 1087 2102 1880 2139">
    <p class='ocr_par' dir='ltr' id='par_1_105' title="bbox 1087 2102 1880 2139">
     <span class='ocr_line' id='line_1_105' title="bbox 1087 2102 1880 2139; baseline -0.004 -7"><span class='ocrx_word' id='word_1_781' title='bbox 1087 2105 1152 2132; x_wconf 91' lang='lat' dir='ltr'><strong>nihil</strong></span> <span class='ocrx_word' id='word_1_782' title='bbox 1166 2105 1218 2132; x_wconf 82' lang='lat' dir='ltr'><strong>tale</strong></span> <span class='ocrx_word' id='word_1_783' title='bbox 1233 2104 1361 2139; x_wconf 82' lang='lat' dir='ltr'><strong>suspicari</strong></span> <span class='ocrx_word' id='word_1_784' title='bbox 1378 2104 1450 2132; x_wconf 90' lang='lat' dir='ltr'><strong>licet.</strong></span> <span class='ocrx_word' id='word_1_785' title='bbox 1463 2103 1529 2131; x_wconf 87' lang='lat' dir='ltr'><strong>Cum</strong></span> <span class='ocrx_word' id='word_1_786' title='bbox 1544 2103 1615 2131; x_wconf 93' lang='lat' dir='ltr'><strong>enim</strong></span> <span class='ocrx_word' id='word_1_787' title='bbox 1631 2110 1675 2130; x_wconf 89' lang='lat' dir='ltr'><strong>me</strong></span> <span class='ocrx_word' id='word_1_788' title='bbox 1689 2102 1807 2130; x_wconf 84' lang='lat' dir='ltr'><strong>volueris</strong></span> <span class='ocrx_word' id='word_1_789' title='bbox 1817 2109 1880 2137; x_wconf 87' lang='lat' dir='ltr'><strong>pre-</strong></span> 
     </span>
    </p>
   </div>
   <div class='ocr_carea' id='block_1_106' title="bbox 1087 2147 1880 2185">
    <p class='ocr_par' dir='ltr' id='par_1_106' title="bbox 1087 2147 1880 2185">
     <span class='ocr_line' id='line_1_106' title="bbox 1087 2147 1880 2185; baseline -0.004 -8"><span class='ocrx_word' id='word_1_790' title='bbox 1087 2151 1152 2184; x_wconf 90' lang='lat' dir='ltr'><strong>cari,</strong></span> <span class='ocrx_word' id='word_1_791' title='bbox 1174 2150 1268 2185; x_wconf 92' lang='lat' dir='ltr'><strong>inquit,</strong></span> <span class='ocrx_word' id='word_1_792' title='bbox 1284 2150 1358 2176; x_wconf 87' lang='lat' dir='ltr'><strong>solus</strong></span> <span class='ocrx_word' id='word_1_793' title='bbox 1371 2149 1480 2182; x_wconf 88' lang='lat' dir='ltr'><strong>accede,</strong></span> <span class='ocrx_word' id='word_1_794' title='bbox 1493 2148 1600 2176; x_wconf 88' lang='lat' dir='ltr'><strong>nemine</strong></span> <span class='ocrx_word' id='word_1_795' title='bbox 1620 2151 1771 2183; x_wconf 74' lang='lat' dir='ltr'><strong>prmsente;</strong></span> <span class='ocrx_word' id='word_1_796' title='bbox 1787 2147 1813 2174; x_wconf 92' lang='lat' dir='ltr'><strong>id</strong></span> <span class='ocrx_word' id='word_1_797' title='bbox 1828 2152 1880 2179; x_wconf 83' lang='lat' dir='ltr'><strong>est,</strong></span> 
     </span>
    </p>
   </div>
   <div class='ocr_carea' id='block_1_107' title="bbox 1087 2193 1881 2231">
    <p class='ocr_par' dir='ltr' id='par_1_107' title="bbox 1087 2193 1881 2231">
     <span class='ocr_line' id='line_1_107' title="bbox 1087 2193 1881 2231; baseline -0.005 -8"><span class='ocrx_word' id='word_1_798' title='bbox 1087 2195 1169 2223; x_wconf 87' lang='lat' dir='ltr'><strong>corde</strong></span> <span class='ocrx_word' id='word_1_799' title='bbox 1178 2196 1273 2229; x_wconf 91' lang='lat' dir='ltr'><strong>clama,</strong></span> <span class='ocrx_word' id='word_1_800' title='bbox 1290 2194 1456 2231; x_wconf 87' lang='lat' dir='ltr'><strong>neque_labia</strong></span> <span class='ocrx_word' id='word_1_801' title='bbox 1465 2201 1575 2222; x_wconf 86' lang='lat' dir='ltr'><strong>movens</strong></span> <span class='ocrx_word' id='word_1_802' title='bbox 1587 2203 1594 2220; x_wconf 88' lang='lat'>:</span> <span class='ocrx_word' id='word_1_803' title='bbox 1606 2201 1666 2220; x_wconf 92' lang='lat' dir='ltr'><strong>nam</strong></span> <span class='ocrx_word' id='word_1_804' title='bbox 1684 2193 1769 2226; x_wconf 83' lang='lat' dir='ltr'><strong>Intra,</strong></span> <span class='ocrx_word' id='word_1_805' title='bbox 1783 2193 1881 2228; x_wconf 87' lang='lat' dir='ltr'><strong>inquit,</strong></span> 
     </span>
    </p>
   </div>
   <div class='ocr_carea' id='block_1_108' title="bbox 1087 2238 1883 2274">
    <p class='ocr_par' dir='ltr' id='par_1_108' title="bbox 1087 2238 1883 2274">
     <span class='ocr_line' id='line_1_108' title="bbox 1087 2238 1883 2274; baseline -0.004 -6"><span class='ocrx_word' id='word_1_806' title='bbox 1087 2242 1114 2268; x_wconf 91' lang='lat' dir='ltr'><strong>in</strong></span> <span class='ocrx_word' id='word_1_807' title='bbox 1128 2241 1268 2268; x_wconf 85' lang='lat' dir='ltr'><strong>cubiculum</strong></span> <span class='ocrx_word' id='word_1_808' title='bbox 1278 2246 1359 2274; x_wconf 85' lang='lat' dir='ltr'><strong>tuum,</strong></span> <span class='ocrx_word' id='word_1_809' title='bbox 1373 2240 1463 2268; x_wconf 81' lang='lat' dir='ltr'><strong>claude</strong></span> <span class='ocrx_word' id='word_1_810' title='bbox 1476 2241 1567 2268; x_wconf 72' lang='lat' dir='ltr'><strong>ostium</strong></span> <span class='ocrx_word' id='word_1_811' title='bbox 1581 2245 1660 2272; x_wconf 83' lang='lat' dir='ltr'><strong>tuum,</strong></span> <span class='ocrx_word' id='word_1_812' title='bbox 1680 2243 1704 2266; x_wconf 89' lang='lat' dir='ltr'><strong>et</strong></span> <span class='ocrx_word' id='word_1_813' title='bbox 1716 2247 1763 2266; x_wconf 85' lang='lat' dir='ltr'><strong>ora</strong></span> <span class='ocrx_word' id='word_1_814' title='bbox 1775 2238 1883 2266; x_wconf 79' lang='lat' dir='ltr'><strong>Patrem</strong></span> 
     </span>
    </p>
   </div>
   <div class='ocr_carea' id='block_1_109' title="bbox 1089 2284 1883 2322">
    <p class='ocr_par' dir='ltr' id='par_1_109' title="bbox 1089 2284 1883 2322">
     <span class='ocr_line' id='line_1_109' title="bbox 1089 2284 1883 2322; baseline -0.005 -8"><span class='ocrx_word' id='word_1_815' title='bbox 1089 2292 1170 2319; x_wconf 87' lang='lat' dir='ltr'><strong>tuum,</strong></span> <span class='ocrx_word' id='word_1_816' title='bbox 1183 2286 1226 2322; x_wconf 90' lang='lat' dir='ltr'><strong>qui</strong></span> <span class='ocrx_word' id='word_1_817' title='bbox 1240 2291 1276 2313; x_wconf 74' lang='lat' dir='ltr'><strong>est</strong></span> <span class='ocrx_word' id='word_1_818' title='bbox 1288 2287 1314 2314; x_wconf 85' lang='lat' dir='ltr'><strong>in</strong></span> <span class='ocrx_word' id='word_1_819' title='bbox 1329 2286 1474 2313; x_wconf 71' lang='lat' dir='ltr'><strong>abscondito</strong></span> <span class='ocrx_word' id='word_1_820' title='bbox 1486 2293 1496 2313; x_wconf 91' lang='lat'><em>:</em></span> <span class='ocrx_word' id='word_1_821' title='bbox 1509 2290 1531 2312; x_wconf 82' lang='lat' dir='ltr'><strong>et</strong></span> <span class='ocrx_word' id='word_1_822' title='bbox 1546 2285 1624 2312; x_wconf 86' lang='lat' dir='ltr'><strong>Pater</strong></span> <span class='ocrx_word' id='word_1_823' title='bbox 1635 2288 1703 2319; x_wconf 73' lang='lat' dir='ltr'><strong>tuus,</strong></span> <span class='ocrx_word' id='word_1_824' title='bbox 1719 2284 1762 2320; x_wconf 83' lang='lat' dir='ltr'><strong>qui</strong></span> <span class='ocrx_word' id='word_1_825' title='bbox 1776 2284 1883 2311; x_wconf 73' lang='lat' dir='ltr'><strong>videtin</strong></span> 
     </span>
    </p>
   </div>
   <div class='ocr_carea' id='block_1_110' title="bbox 1089 2329 1883 2365">
    <p class='ocr_par' dir='ltr' id='par_1_110' title="bbox 1089 2329 1883 2365">
     <span class='ocr_line' id='line_1_110' title="bbox 1089 2329 1883 2365; baseline -0.003 -7"><span class='ocrx_word' id='word_1_826' title='bbox 1089 2332 1245 2364; x_wconf 74' lang='lat' dir='ltr'><strong>abscondito,</strong></span> <span class='ocrx_word' id='word_1_827' title='bbox 1259 2332 1345 2359; x_wconf 84' lang='lat' dir='ltr'><strong>reddet</strong></span> <span class='ocrx_word' id='word_1_828' title='bbox 1365 2331 1408 2358; x_wconf 83' lang='lat' dir='ltr'><strong>tibi</strong></span> <span class='ocrx_word' id='word_1_829' title='bbox 1425 2331 1451 2358; x_wconf 80' lang='lat' dir='ltr'><strong>in</strong></span> <span class='ocrx_word' id='word_1_830' title='bbox 1466 2331 1566 2365; x_wconf 81' lang='lat' dir='ltr'><strong>publica</strong></span> <span class='ocrx_word' id='word_1_831' title='bbox 1589 2330 1696 2365; x_wconf 82' lang='lat' dir='ltr'><strong>(Matth.</strong></span> <span class='ocrx_word' id='word_1_832' title='bbox 1711 2331 1738 2357; x_wconf 86' lang='grc'><strong>6.</strong></span> <span class='ocrx_word' id='word_1_833' title='bbox 1753 2329 1794 2365; x_wconf 87' lang='lat'><strong>6).</strong></span> <span class='ocrx_word' id='word_1_834' title='bbox 1815 2329 1883 2356; x_wconf 78' lang='lat' dir='ltr'><strong>Vide</strong></span> 
     </span>
    </p>
   </div>
   <div class='ocr_carea' id='block_1_111' title="bbox 1091 2375 1884 2411">
    <p class='ocr_par' dir='ltr' id='par_1_111' title="bbox 1091 2375 1884 2411">
     <span class='ocr_line' id='line_1_111' title="bbox 1091 2375 1884 2411; baseline -0.005 -6"><span class='ocrx_word' id='word_1_835' title='bbox 1091 2378 1200 2406; x_wconf 86' lang='lat' dir='ltr'><strong>honoris</strong></span> <span class='ocrx_word' id='word_1_836' title='bbox 1213 2377 1406 2405; x_wconf 87' lang='lat' dir='ltr'><strong>excellentiam.</strong></span> <span class='ocrx_word' id='word_1_837' title='bbox 1419 2377 1484 2405; x_wconf 88' lang='lat' dir='ltr'><strong>Cum</strong></span> <span class='ocrx_word' id='word_1_838' title='bbox 1508 2383 1551 2404; x_wconf 91' lang='lat' dir='ltr'><strong>me</strong></span> <span class='ocrx_word' id='word_1_839' title='bbox 1573 2383 1662 2411; x_wconf 81' lang='lat' dir='ltr'><strong>rogas,</strong></span> <span class='ocrx_word' id='word_1_840' title='bbox 1684 2375 1780 2410; x_wconf 80' lang='lat' dir='ltr'><strong>inquit,</strong></span> <span class='ocrx_word' id='word_1_841' title='bbox 1803 2382 1884 2402; x_wconf 89' lang='lat' dir='ltr'><strong>nemo</strong></span> 
     </span>
    </p>
   </div>
   <div class='ocr_carea' id='block_1_112' title="bbox 1090 2421 1884 2456">
    <p class='ocr_par' dir='ltr' id='par_1_112' title="bbox 1090 2421 1884 2456">
     <span class='ocr_line' id='line_1_112' title="bbox 1090 2421 1884 2456; baseline -0.008 -4"><span class='ocrx_word' id='word_1_842' title='bbox 1090 2425 1194 2456; x_wconf 86' lang='lat' dir='ltr'><strong>videat;</strong></span> <span class='ocrx_word' id='word_1_843' title='bbox 1211 2431 1270 2451; x_wconf 88' lang='lat' dir='ltr'><strong>cum</strong></span> <span class='ocrx_word' id='word_1_844' title='bbox 1288 2428 1378 2451; x_wconf 87' lang='lat' dir='ltr'><strong>autem</strong></span> <span class='ocrx_word' id='word_1_845' title='bbox 1397 2428 1424 2450; x_wconf 88' lang='lat' dir='ltr'><strong>te</strong></span> <span class='ocrx_word' id='word_1_846' title='bbox 1447 2423 1549 2450; x_wconf 90' lang='lat' dir='ltr'><strong>honore</strong></span> <span class='ocrx_word' id='word_1_847' title='bbox 1570 2421 1667 2454; x_wconf 77' lang='lat' dir='ltr'><strong>aﬂicio,</strong></span> <span class='ocrx_word' id='word_1_848' title='bbox 1684 2421 1778 2448; x_wconf 89' lang='lat' dir='ltr'><strong>orbem</strong></span> <span class='ocrx_word' id='word_1_849' title='bbox 1799 2427 1884 2447; x_wconf 89' lang='lat' dir='ltr'><strong>evoco</strong></span> 
     </span>
    </p>
   </div>
   <div class='ocr_carea' id='block_1_113' title="bbox 1091 2465 1884 2503">
    <p class='ocr_par' dir='ltr' id='par_1_113' title="bbox 1091 2465 1884 2503">
     <span class='ocr_line' id='line_1_113' title="bbox 1091 2465 1884 2503; baseline -0.008 -6"><span class='ocrx_word' id='word_1_850' title='bbox 1091 2469 1212 2498; x_wconf 83' lang='lat' dir='ltr'><strong>beneficii</strong></span> <span class='ocrx_word' id='word_1_851' title='bbox 1223 2473 1327 2496; x_wconf 87' lang='lat' dir='ltr'><strong>testem.</strong></span> <span class='ocrx_word' id='word_1_852' title='bbox 1338 2469 1558 2503; x_wconf 86' lang='lat' dir='ltr'><strong>Obtemperemus</strong></span> <span class='ocrx_word' id='word_1_853' title='bbox 1567 2474 1641 2501; x_wconf 78' lang='lat' dir='ltr'><strong>ergo,</strong></span> <span class='ocrx_word' id='word_1_854' title='bbox 1653 2473 1740 2500; x_wconf 90' lang='lat' dir='ltr'><strong>neque</strong></span> <span class='ocrx_word' id='word_1_855' title='bbox 1749 2465 1784 2493; x_wconf 84' lang='lat' dir='ltr'><strong>ad</strong></span> <span class='ocrx_word' id='word_1_856' title='bbox 1795 2470 1884 2492; x_wconf 85' lang='lat' dir='ltr'><strong>osten-</strong></span> 
     </span>
    </p>
   </div>
   <div class='ocr_carea' id='block_1_114' title="bbox 1091 2512 1883 2549">
    <p class='ocr_par' dir='ltr' id='par_1_114' title="bbox 1091 2512 1883 2549">
     <span class='ocr_line' id='line_1_114' title="bbox 1091 2512 1883 2549; baseline -0.006 -7"><span class='ocrx_word' id='word_1_857' title='bbox 1091 2515 1218 2542; x_wconf 88' lang='lat' dir='ltr'><strong>tationem</strong></span> <span class='ocrx_word' id='word_1_858' title='bbox 1233 2521 1383 2549; x_wconf 89' lang='lat' dir='ltr'><strong>precemur,</strong></span> <span class='ocrx_word' id='word_1_859' title='bbox 1404 2520 1490 2548; x_wconf 88' lang='lat' dir='ltr'><strong>neque</strong></span> <span class='ocrx_word' id='word_1_860' title='bbox 1508 2517 1600 2540; x_wconf 91' lang='lat' dir='ltr'><strong>contra</strong></span> <span class='ocrx_word' id='word_1_861' title='bbox 1622 2512 1747 2539; x_wconf 89' lang='lat' dir='ltr'><strong>inimicos</strong></span> <span class='ocrx_word' id='word_1_862' title='bbox 1764 2515 1883 2543; x_wconf 89' lang='lat' dir='ltr'><strong>nostros,</strong></span> 
     </span>
    </p>
   </div>
   <div class='ocr_carea' id='block_1_115' title="bbox 1092 2556 1882 2588">
    <p class='ocr_par' dir='ltr' id='par_1_115' title="bbox 1092 2556 1882 2588">
     <span class='ocr_line' id='line_1_115' title="bbox 1092 2556 1882 2588; baseline -0.006 -1"><span class='ocrx_word' id='word_1_863' title='bbox 1092 2568 1143 2588; x_wconf 89' lang='lat' dir='ltr'><strong>neu</strong></span> <span class='ocrx_word' id='word_1_864' title='bbox 1158 2559 1264 2587; x_wconf 90' lang='lat' dir='ltr'><strong>modum</strong></span> <span class='ocrx_word' id='word_1_865' title='bbox 1279 2559 1368 2586; x_wconf 88' lang='lat' dir='ltr'><strong>auxilii</strong></span> <span class='ocrx_word' id='word_1_866' title='bbox 1379 2559 1521 2586; x_wconf 86' lang='lat' dir='ltr'><strong>doceamus</strong></span> <span class='ocrx_word' id='word_1_867' title='bbox 1534 2565 1606 2585; x_wconf 89' lang='lat' dir='ltr'><strong>eum.</strong></span> <span class='ocrx_word' id='word_1_868' title='bbox 1628 2557 1693 2584; x_wconf 82' lang='lat' dir='ltr'><strong>Nam</strong></span> <span class='ocrx_word' id='word_1_869' title='bbox 1707 2557 1731 2584; x_wconf 91' lang='lat' dir='ltr'><strong>si</strong></span> <span class='ocrx_word' id='word_1_870' title='bbox 1742 2556 1882 2584; x_wconf 87' lang='lat' dir='ltr'><strong>causidicis</strong></span> 
     </span>
    </p>
   </div>
   <div class='ocr_carea' id='block_1_116' title="bbox 1093 2602 1883 2640">
    <p class='ocr_par' dir='ltr' id='par_1_116' title="bbox 1093 2602 1883 2640">
     <span class='ocr_line' id='line_1_116' title="bbox 1093 2602 1883 2640; baseline -0.006 -7"><span class='ocrx_word' id='word_1_871' title='bbox 1093 2611 1119 2634; x_wconf 93' lang='lat' dir='ltr'><strong>et</strong></span> <span class='ocrx_word' id='word_1_872' title='bbox 1132 2606 1281 2633; x_wconf 86' lang='lat' dir='ltr'><strong>rhetoribus</strong></span> <span class='ocrx_word' id='word_1_873' title='bbox 1295 2605 1365 2640; x_wconf 91' lang='lat' dir='ltr'><strong>apud</strong></span> <span class='ocrx_word' id='word_1_874' title='bbox 1380 2605 1500 2632; x_wconf 85' lang='lat' dir='ltr'><strong>forenses</strong></span> <span class='ocrx_word' id='word_1_875' title='bbox 1513 2604 1615 2639; x_wconf 88' lang='lat' dir='ltr'><strong>judicos</strong></span> <span class='ocrx_word' id='word_1_876' title='bbox 1629 2603 1766 2630; x_wconf 85' lang='lat' dir='ltr'><strong>tractanda</strong></span> <span class='ocrx_word' id='word_1_877' title='bbox 1781 2602 1883 2637; x_wconf 80' lang='lat' dir='ltr'><strong>negotia</strong></span> 
     </span>
    </p>
   </div>
   <div class='ocr_carea' id='block_1_117' title="bbox 1092 2647 1883 2681">
    <p class='ocr_par' dir='ltr' id='par_1_117' title="bbox 1092 2647 1883 2681">
     <span class='ocr_line' id='line_1_117' title="bbox 1092 2647 1883 2681; baseline -0.008 -2"><span class='ocrx_word' id='word_1_878' title='bbox 1092 2656 1182 2679; x_wconf 88' lang='lat' dir='ltr'><strong>nostra</strong></span> <span class='ocrx_word' id='word_1_879' title='bbox 1191 2651 1303 2678; x_wconf 84' lang='lat' dir='ltr'><strong>dicimus</strong></span> <span class='ocrx_word' id='word_1_880' title='bbox 1314 2655 1426 2681; x_wconf 84' lang='lat' dir='ltr'><strong>tantum,</strong></span> <span class='ocrx_word' id='word_1_881' title='bbox 1434 2649 1541 2677; x_wconf 93' lang='lat' dir='ltr'><strong>modum</strong></span> <span class='ocrx_word' id='word_1_882' title='bbox 1552 2653 1639 2676; x_wconf 87' lang='lat' dir='ltr'><strong>autem</strong></span> <span class='ocrx_word' id='word_1_883' title='bbox 1647 2648 1813 2676; x_wconf 88' lang='lat' dir='ltr'><strong>defensionis</strong></span> <span class='ocrx_word' id='word_1_884' title='bbox 1821 2647 1883 2681; x_wconf 84' lang='lat' dir='ltr'><strong>ipsis</strong></span> 
     </span>
    </p>
   </div>
   <div class='ocr_carea' id='block_1_118' title="bbox 1092 2694 1881 2734">
    <p class='ocr_par' dir='ltr' id='par_1_118' title="bbox 1092 2694 1881 2734">
     <span class='ocr_line' id='line_1_118' title="bbox 1092 2694 1881 2734; baseline -0.009 -8"><span class='ocrx_word' id='word_1_885' title='bbox 1092 2699 1276 2734; x_wconf 88' lang='lat' dir='ltr'><strong>relinquimus,</strong></span> <span class='ocrx_word' id='word_1_886' title='bbox 1293 2703 1322 2725; x_wconf 90' lang='lat' dir='ltr'><strong>ut</strong></span> <span class='ocrx_word' id='word_1_887' title='bbox 1348 2704 1396 2733; x_wconf 91' lang='lat' dir='ltr'><strong>pro</strong></span> <span class='ocrx_word' id='word_1_888' title='bbox 1422 2697 1505 2724; x_wconf 91' lang='lat' dir='ltr'><strong>lubito</strong></span> <span class='ocrx_word' id='word_1_889' title='bbox 1527 2703 1572 2723; x_wconf 89' lang='lat' dir='ltr'><strong>res</strong></span> <span class='ocrx_word' id='word_1_890' title='bbox 1594 2699 1698 2722; x_wconf 91' lang='lat' dir='ltr'><strong>nostras</strong></span> <span class='ocrx_word' id='word_1_891' title='bbox 1718 2694 1881 2728; x_wconf 86' lang='lat' dir='ltr'><strong>disponant:</strong></span> 
     </span>
    </p>
   </div>
   <div class='ocr_carea' id='block_1_119' title="bbox 1093 2737 1882 2779">
    <p class='ocr_par' dir='ltr' id='par_1_119' title="bbox 1093 2737 1882 2779">
     <span class='ocr_line' id='line_1_119' title="bbox 1093 2737 1882 2779; baseline -0.01 -6"><span class='ocrx_word' id='word_1_892' title='bbox 1093 2745 1177 2773; x_wconf 91' lang='lat' dir='ltr'><strong>multo</strong></span> <span class='ocrx_word' id='word_1_893' title='bbox 1192 2744 1274 2779; x_wconf 89' lang='lat' dir='ltr'><strong>magis</strong></span> <span class='ocrx_word' id='word_1_894' title='bbox 1286 2751 1348 2778; x_wconf 81' lang='lat' dir='ltr'><strong>erga</strong></span> <span class='ocrx_word' id='word_1_895' title='bbox 1365 2743 1446 2770; x_wconf 89' lang='lat' dir='ltr'><strong>Deum</strong></span> <span class='ocrx_word' id='word_1_896' title='bbox 1469 2743 1503 2769; x_wconf 88' lang='lat' dir='ltr'><strong>ita</strong></span> <span class='ocrx_word' id='word_1_897' title='bbox 1522 2741 1670 2768; x_wconf 84' lang='lat' dir='ltr'><strong>faciendum</strong></span> <span class='ocrx_word' id='word_1_898' title='bbox 1684 2745 1736 2767; x_wconf 88' lang='lat' dir='ltr'><strong>est.</strong></span> <span class='ocrx_word' id='word_1_899' title='bbox 1753 2738 1847 2766; x_wconf 87' lang='lat' dir='ltr'><strong>Dixisti</strong></span> <span class='ocrx_word' id='word_1_900' title='bbox 1857 2737 1882 2764; x_wconf 88' lang='lat' dir='ltr'><strong>ei</strong></span> 
     </span>
    </p>
   </div>
   <div class='ocr_carea' id='block_1_120' title="bbox 1093 2784 1881 2824">
    <p class='ocr_par' dir='ltr' id='par_1_120' title="bbox 1093 2784 1881 2824">
     <span class='ocr_line' id='line_1_120' title="bbox 1093 2784 1881 2824; baseline -0.01 -5"><span class='ocrx_word' id='word_1_901' title='bbox 1093 2799 1200 2820; x_wconf 88' lang='lat' dir='ltr'><strong>causam</strong></span> <span class='ocrx_word' id='word_1_902' title='bbox 1216 2795 1299 2823; x_wconf 89' lang='lat' dir='ltr'><strong>tuam,</strong></span> <span class='ocrx_word' id='word_1_903' title='bbox 1315 2789 1403 2817; x_wconf 88' lang='lat' dir='ltr'><strong>dixisti</strong></span> <span class='ocrx_word' id='word_1_904' title='bbox 1418 2797 1478 2824; x_wconf 58' lang='lat' dir='ltr'><strong>quas</strong></span> <span class='ocrx_word' id='word_1_905' title='bbox 1497 2795 1590 2823; x_wconf 85' lang='lat' dir='ltr'><strong>passus</strong></span> <span class='ocrx_word' id='word_1_906' title='bbox 1608 2787 1656 2815; x_wconf 83' lang='lat' dir='ltr'><strong>es?</strong></span> <span class='ocrx_word' id='word_1_907' title='bbox 1673 2793 1739 2814; x_wconf 87' lang='lat' dir='ltr'><strong>cave</strong></span> <span class='ocrx_word' id='word_1_908' title='bbox 1756 2785 1832 2813; x_wconf 79' lang='lat' dir='ltr'><strong>dicas</strong></span> <span class='ocrx_word' id='word_1_909' title='bbox 1845 2784 1881 2811; x_wconf 90' lang='lat' dir='ltr'><strong>illi</strong></span> 
     </span>
    </p>
   </div>
   <div class='ocr_carea' id='block_1_121' title="bbox 1095 2830 1878 2873">
    <p class='ocr_par' dir='ltr' id='par_1_121' title="bbox 1095 2830 1878 2873">
     <span class='ocr_line' id='line_1_121' title="bbox 1095 2830 1878 2873; baseline -0.011 -8"><span class='ocrx_word' id='word_1_910' title='bbox 1095 2844 1148 2873; x_wconf 91' lang='lat' dir='ltr'><strong>quo</strong></span> <span class='ocrx_word' id='word_1_911' title='bbox 1157 2841 1234 2872; x_wconf 81' lang='lat' dir='ltr'><strong>pacto</strong></span> <span class='ocrx_word' id='word_1_912' title='bbox 1247 2836 1293 2864; x_wconf 87' lang='lat' dir='ltr'><strong>tibi</strong></span> <span class='ocrx_word' id='word_1_913' title='bbox 1303 2835 1430 2863; x_wconf 89' lang='lat' dir='ltr'><strong>auxilium</strong></span> <span class='ocrx_word' id='word_1_914' title='bbox 1444 2834 1478 2862; x_wconf 88' lang='lat' dir='ltr'><strong>sit</strong></span> <span class='ocrx_word' id='word_1_915' title='bbox 1490 2832 1628 2862; x_wconf 86' lang='lat' dir='ltr'><strong>ferendum</strong></span> <span class='ocrx_word' id='word_1_916' title='bbox 1641 2841 1648 2848; x_wconf 68' lang='grc' dir='ltr'><strong><em>υ</em></strong></span> <span class='ocrx_word' id='word_1_917' title='bbox 1663 2831 1709 2860; x_wconf 86' lang='lat' dir='ltr'><strong>ille</strong></span> <span class='ocrx_word' id='word_1_918' title='bbox 1725 2830 1824 2868; x_wconf 87' lang='lat' dir='ltr'><strong>quippe</strong></span> <span class='ocrx_word' id='word_1_919' title='bbox 1835 2836 1878 2856; x_wconf 67' lang='lat' dir='ltr'><strong>uo</strong></span> 
     </span>
    </p>
   </div>
  </div>
