1978 3130
97 164 142 192 $05

96 229 129 248 Vll
141 220 199 256 quid
217 221 263 248 tibi
278 225 420 256 competat.
433 221 504 249 Sunt
516 225 603 249 autem
618 220 734 256 plurimi,
751 221 793 255 qui
808 219 880 247 mille

96 274 180 294 versus
193 266 263 293 inter
273 267 403 294 orandum
419 266 564 301 proferunt,
578 266 722 301 dicuntque
735 275 741 292 :
757 265 879 298 Domine,

96 312 124 339 da
138 310 197 338 mihi
218 312 343 346 corporis
356 312 505 344 sanitatem,
521 311 602 346 duplo
624 311 722 346 plures,
743 318 821 345 quam
835 310 882 337 ha-

96 358 150 389 beo,
162 357 315 389 facultates,
329 357 454 384 ulciscere
472 357 607 384 inimicum
630 364 716 383 meum
733 365 740 382 :
756 355 827 390 quod
841 359 882 383 est

97 403 187 438 ingenti
201 402 312 437 plenum
327 402 497 429 absurditate.
512 401 690 436 Quamobrem
705 401 745 427 his
758 400 882 427 omnibus

96 450 192 476 omissis
206 449 241 476 ita
256 448 389 476 orandum
400 448 614 483 precandumque
625 452 675 480 est,
687 452 716 474 ut
727 447 883 483 publicanus

96 496 134 523 ille
145 495 186 530 qui
207 495 341 522 dicebat:
364 495 432 522 Deus
451 495 575 530 propitius
595 499 647 521 esto
671 493 732 521 mihi
758 493 884 529 peccaturi

96 541 161 576 (an.
180 541 221 567 l8.
238 541 294 575 l3):
312 546 339 567 et
351 540 407 575 ipse
419 540 491 567 novit
508 547 561 575 quo
574 544 650 574 pacto
672 538 720 566 tibi
744 539 778 565 sit
797 539 883 573 opitu-

96 589 191 615 landum
207 597 214 614 :
229 596 293 615 nam
311 588 430 621 Quwrite,
444 588 539 622 inquit,
555 588 664 622 primum
675 595 778 621 regnum
790 585 848 618 Dei,
860 590 882 612 ct

95 636 141 662 lucc
154 635 237 661 omnia
248 635 403 669 adjicientur
417 634 484 660 vobis
499 631 604 668 (Matth.
615 632 641 660 6.
654 632 712 666 55).
729 631 773 659 Sic
783 632 882 666 itaque,

94 680 184 712 dilecti,
196 687 257 706 cum
274 680 367 707 labore
379 683 405 707 et
415 679 568 712 humilitate
581 677 811 713 philosophemur,
823 685 886 712 per-

95 727 214 753 cutientes
232 730 345 761 pectora
357 731 458 758 nostra,
478 725 702 760 quemadmodum
716 724 768 756 ille,
786 728 812 751 et
825 730 884 758 quae

96 774 198 809 petimus
218 780 421 807 consequemur
439 781 446 799 :
469 771 510 799 sin
527 772 565 798 ira
580 771 722 805 furoreque
736 770 806 805 pleni
821 777 882 804 prc-

96 827 187 848 cemur.
202 818 403 845 abominabiles
423 822 450 845 et
469 816 554 844 odiosi
573 816 642 852 apud
664 816 746 843 Deum
768 815 884 850 reperie-

96 872 156 891 mur.
171 864 353 891 Uonteramus
368 863 446 898 igitur
467 867 584 890 mentem
604 866 733 893 nostram,
761 861 884 887 bumilie-

96 918 147 936 mus
159 909 263 936 animas
277 913 398 941 nostras,
411 916 603 943 precemurque
621 915 669 943 pro
683 907 769 939 nobis,
786 914 885 941 proque

95 955 123 981 iis
134 955 175 989 qui
188 961 238 980 nos
251 954 377 981 molestia
391 953 546 982 affecerunt.
568 953 596 980 Si
610 960 724 988 namque
738 952 804 979 velis
816 952 886 986 judi-

95 1008 145 1028 cem
161 1000 193 1027 ad
216 1000 352 1027 auxilium
367 1000 463 1027 animae
487 1004 539 1027 tua:
553 999 713 1032 demulcere,
732 1003 758 1026 et
777 999 809 1025 ad
828 1003 886 1025 tuas

95 1051 174 1081 partes
187 1045 340 1079 attrahere,
361 1053 505 1080 numquam
520 1053 580 1073 eum
600 1051 692 1072 contra
705 1045 886 1072 adversarium

96 1097 160 1119 tuum
181 1091 402 1126 compellaveris.
426 1091 529 1118 Etenim
550 1091 648 1127 judicis
670 1091 739 1117 illius
763 1090 823 1117 talis
846 1094 887 1117 est

98 1147 164 1166 mos:
178 1139 229 1165 illis
244 1139 367 1165 maxime
382 1138 474 1165 annuit
492 1143 520 1165 et
538 1138 669 1172 postulata
689 1135 821 1168 concedit,
842 1135 887 1170 qui

97 1191 138 1219 pro
152 1184 267 1211 inimicis
285 1188 376 1215 arant,
392 1184 435 1218 qui
456 1191 508 1210 non
533 1187 595 1210 sunt
617 1182 720 1216 injuria:
743 1189 885 1214 memores,

96 1231 233 1265 quicontra
250 1230 380 1257 inimicos
402 1237 465 1257 suos
485 1237 537 1256 non
559 1229 717 1256 efferuntur.
733 1227 767 1254 Et
789 1232 888 1262 quanto

97 1276 171 1310 magis
184 1276 210 1302 bi
238 1283 270 1303 se
294 1275 334 1302 ita
359 1281 464 1310 gerunt,
491 1279 565 1302 tanto
590 1274 674 1309 magis
700 1274 768 1300 Deus
795 1280 888 1300 eorum

97 1322 208 1348 inimicos
221 1322 364 1349 ulciscitur
375 1343 382 1354 ,
397 1321 446 1348 nisi
454 1322 488 1348 ad
502 1321 682 1355 pcenitentiam
689 1323 887 1347 convertantur.

126 1367 150 1393 5.
165 1366 215 1393 Cur
227 1366 301 1393 Deus
320 1375 369 1393 nos
381 1367 482 1393 assidue
495 1367 580 1394 vexari
593 1366 730 1400 permittat.
744 1380 780 1385 -—
796 1365 888 1392 Videte

96 1420 152 1447 ergo
165 1433 172 1445 ,
188 1413 285 1439 fratres
297 1433 304 1444 ,
324 1420 360 1439 ne
379 1412 475 1447 injuria
489 1420 505 1439 a
519 1411 643 1447 quopiam
662 1411 777 1438 lacessiti
799 1410 888 1438 statim

97 1458 258 1492 indignemur
266 1463 295 1485 et
305 1459 333 1485 in
349 1458 482 1485 tristitiam
496 1458 626 1490 labamur,
642 1457 688 1485 sed
700 1456 890 1492 philosophan-

97 1509 131 1530 tes
152 1504 250 1539 gratias
273 1511 397 1538 agamus,
420 1508 605 1538 exspectantes
620 1503 746 1529 auxilium
764 1502 879 1529 Domini.

98 1549 183 1575 Annon
206 1553 318 1583 poterat
341 1549 412 1576 Deus
435 1553 497 1576 ante
520 1549 701 1584 precationem
723 1549 790 1575 bona
811 1547 888 1574 nobis

98 1595 229 1622 conferre?
244 1602 339 1622 annon
353 1595 433 1621 vitam
449 1595 541 1621 dolore
554 1601 664 1621 vacuam
678 1593 835 1625 concedere,
852 1598 890 1620 at-

98 1648 142 1674 que
165 1648 181 1668 a
204 1641 302 1676 quavis
322 1649 442 1668 aerumna
468 1641 621 1668 remotam?
640 1641 693 1668 Sed
711 1646 822 1676 utraque
846 1641 890 1668 ille

98 1694 193 1714 summo
208 1695 305 1714 amore
322 1688 395 1714 facit.
412 1688 465 1714 Cur
480 1688 552 1714 enim
567 1694 616 1714 nos
637 1687 727 1714 vexari
748 1687 887 1721 permittit,

99 1741 142 1760 nec
155 1735 224 1761 illico
234 1735 368 1761 auxilium
381 1733 524 1761 admovet?
538 1734 595 1767 Qua
602 1733 634 1761 de
647 1733 745 1761 causa?
761 1733 794 1760 Ut
803 1733 888 1768 ipsum

99 1779 194 1807 assidue
204 1779 339 1807 adeamus
349 1800 355 1811 ,
369 1779 426 1814 ejus
439 1780 604 1813 postulantes
618 1787 695 1815 opem
711 1800 718 1811 ,
734 1779 767 1806 ad
787 1779 886 1813 ipsum-

98 1832 143 1858 que
155 1825 354 1860 confugiamus.
367 1829 394 1852 et
406 1824 557 1859 frequenter
568 1826 654 1859 ipsum
662 1825 695 1852 ad
706 1825 832 1851 auxilium
840 1831 889 1852 νο-

99 1877 190 1896 ccmus.
203 1870 267 1898 Ideo
275 1871 402 1905 corporis
413 1871 527 1904 dolores,
539 1871 598 1898 ideo
607 1872 724 1905 penuria:
739 1870 869 1897 fructuum
880 1891 887 1904 ,

100 1916 153 1943 ideo
163 1917 263 1944 fames:
280 1922 310 1944 ut
326 1925 360 1945 ex
372 1917 543 1944 ltiszerumnis
556 1919 589 1944 ab
600 1917 644 1944 illo
656 1924 761 1951 semper
772 1916 889 1951 pendea-

100 1970 152 1989 mus
163 1983 170 1993 ,
185 1967 266 1997 atque
281 1963 326 1989 sic
340 1971 387 1997 per
402 1963 562 1998 temporales
574 1969 706 1989 aerumnas
719 1963 799 1989 vitam
813 1967 891 1989 (etcr-

100 2016 153 2036 nam
176 2010 201 2036 in
225 2009 416 2037 hmreditatem
444 2017 647 2044 consequamur.
671 2008 762 2043 Itaque
781 2016 829 2043 pro
849 2009 889 2036 his

101 2056 171 2082 etiam
187 2057 243 2084 Deo
257 2057 364 2092 gratias
378 2064 457 2092 agere
477 2056 604 2084 debemus
616 2077 624 2090 ,
638 2057 682 2091 qui
701 2055 791 2083 multis
803 2055 889 2083 modis

103 2102 234 2129 sanitatem
248 2108 277 2130 et
289 2102 406 2129 salutem
419 2102 521 2130 confert
534 2102 671 2130 animabus
681 2103 788 2129 nostris.
803 2101 890 2128 Homi-

101 2155 142 2175 Ies
153 2149 222 2176 enim
243 2149 267 2176 si
291 2149 439 2187 minimum-
450 2149 584 2183 quidpiam
598 2149 674 2176 nobis
687 2142 807 2176 beneficii
822 2157 887 2176 con-

102 2194 200 2221 tulerint
211 2216 218 2227 ,
232 2195 325 2230 iisque
339 2200 430 2229 postea
441 2195 482 2222 vel
495 2195 569 2222 inviti
584 2195 776 2229 aliquantulum
806 2196 890 2223 mole-

100 2240 151 2266 stiie
164 2241 311 2268 efferamus
322 2261 329 2272 ,
343 2241 433 2268 statim
451 2242 615 2275 exprobrant
629 2241 797 2275 beneﬁcium,
814 2243 847 2269 ita
861 2246 890 2269 ut

101 2286 167 2313 multi
181 2288 232 2314 sibi
247 2288 319 2322 ipsis
337 2288 495 2315 maledicant
512 2308 519 2321 ,
534 2288 604 2323 quod
622 2288 654 2315 ab
675 2288 708 2315 iis
730 2289 887 2316 beneficium

101 2332 203 2365 quodvis
216 2333 390 2368 acceperint:
409 2334 476 2361 Deus
496 2342 560 2362 vero
575 2342 626 2362 non
651 2334 705 2367 sic;
720 2335 768 2362 sed
792 2335 887 2363 etiam-

690 164 734 193 DE
753 162 985 192 PlENlTENTIA.
1008 162 1121 192 HOMIL.
1142 164 1176 193 ‘1.

1671 168 1722 195 506

934 220 957 247 si
972 220 1059 248 statim
1083 224 1143 255 post
1162 220 1257 248 collata
1275 220 1403 250 beneficia
1424 227 1605 251 contemnatur
1623 223 1723 252 afﬁcia-

935 270 1031 300 turque
1054 267 1213 295 Contumelia
1223 287 1231 300 ,
1247 267 1334 294 adhuc
1348 275 1407 295 sese
1421 274 1514 303 purgat
1527 289 1535 301 ,
1554 270 1724 304 rationesque

935 311 984 340 init
997 320 1058 340 cum
1073 312 1103 341 iis
1116 334 1123 345 ,
1137 313 1182 348 qui
1205 320 1234 340 se
1257 313 1353 348 injuria
1375 314 1521 342 aﬂ'ecerunt
1532 336 1540 347 ,
1554 315 1595 342 his
1615 316 1722 343 verbis:

937 357 1036 393 Popule
1045 366 1125 392 meus,
1136 358 1197 395 quid
1206 359 1254 394 feci
1267 359 1311 386 tibi
1324 358 1417 394 (ΜὶσΙι.
1433 360 1459 387 6.
1472 360 1518 395 5)?
1533 361 1583 395 Ipsi
1598 362 1722 389 nolebant

936 412 997 432 eum
1012 412 1109 432 vocare
1125 405 1208 432 Deum
1223 425 1230 438 ,
1245 405 1290 433 ille
1307 413 1371 433 vero
1385 413 1437 432 non
1453 406 1573 434 cessabat
1588 407 1658 441 ipsos
1673 415 1721 442 po—

935 450 1025 484 pulum
1041 457 1117 477 suum
1129 450 1283 478 nominare:
1299 450 1349 486 ipsi
1362 450 1506 478 dominium
1522 452 1704 480 detrectabant
1715 473 1723 485 ,

935 496 980 523 ille
995 504 1059 524 vero
1071 504 1124 523 non
1138 497 1251 532 pegabat
1268 505 1314 524 eos
1330 518 1336 530 ,
1352 497 1399 524 sed
1415 502 1443 524 ut
1456 505 1518 525 suos
1532 498 1661 526 tractabat
1675 519 1681 530 ,
1697 503 1725 527 et

935 542 968 569 ad
981 550 1010 569 se
1024 541 1144 569 trahebat
1154 543 1254 574 dicens,
1267 542 1365 578 Popule
1377 551 1457 576 meus,
1471 543 1533 578 quid
1547 544 1595 580 feci
1609 544 1671 571 tibi?
1683 547 1722 572 An

936 588 982 615 tibi
997 596 1127 616 onerosus
1139 588 1175 615 fui
1185 609 1193 623 ,
1210 589 1296 624 inquit
1310 610 1317 623 ,
1332 598 1366 616 an
1378 591 1467 624 gravis
1488 595 1515 617 et
1529 590 1676 618 molestus?
1691 592 1725 618 At

936 633 987 660 hoc
1001 642 1052 660 non
1065 639 1139 668 potes
1154 634 1263 661 dicere:
1280 634 1342 668 quin
1357 635 1461 662 etiamsi
1476 634 1527 662 hoc
1541 641 1623 668 esset,
1640 644 1725 670 neque

935 679 974 706 sic
985 679 1101 714 oportuit
1113 680 1216 707 resilire
1231 689 1237 706 :
1255 680 1318 713 Quis
1330 680 1396 707 enim
1412 686 1449 707 est
1463 681 1531 714 ﬁlius
1543 702 1550 713 ,
1565 689 1637 716 quem
1656 687 1727 716 pater

936 733 986 752 non
1001 726 1111 760 corrigat
1126 725 1218 760 (Hebr.
1234 725 1277 752 l2.
1294 725 1319 761 7)
1329 725 1470 753 ‘?Attatnen
1483 726 1534 754 hoc
1549 735 1601 754 non
1616 728 1726 761 potestis

936 770 1034 798 dicere.
1051 771 1083 798 Et
1103 771 1199 798 iterum
1213 771 1293 798 alibi:
1311 771 1384 803 Quod
1396 772 1542 799 invenerunt
1556 777 1640 806 patres
1653 773 1728 799 vestri

936 815 962 842 in
977 824 1015 842 me
1030 816 1147 843 delictum
1160 815 1224 850 (Jer.
1240 815 1266 842 2.
1281 816 1330 851 5)?
1346 816 1466 852 Magnum
1487 821 1514 844 ct
1534 817 1655 844 mirabile
1681 817 1724 844 di-

936 863 1108 897 ctumzquod
1135 863 1204 889 cnim
1234 863 1296 891 dicit
1319 863 1469 898 hujusmodi
1498 869 1553 890 est:
1570 863 1638 897 Quid
1664 871 1728 898 pec-

937 910 1020 937 cavi?
1045 911 1131 944 inquit
1149 911 1219 938 Deus
1240 909 1489 943 ltominibuszQuid
1513 910 1637 944 peccavi?
1658 910 1729 944 quod

937 964 1023 990 neque
1042 956 1112 983 servi
1133 964 1147 983 a
1172 956 1286 984 dominis
1302 956 1352 983 dici
1365 956 1524 983 concedunt.
1541 956 1631 991 Neque
1653 956 1728 996 dicit,

938 1001 1006 1035 Quid
1026 1001 1131 1037 peccavi
1153 1002 1179 1028 in
1192 1009 1259 1032 vos:
1282 1001 1328 1028 sed
1341 1022 1348 1034 ,
1367 1001 1395 1028 In
1419 1006 1507 1036 patres
1534 1006 1646 1028 vestros.
1670 1000 1726 1029 Ve—

939 1056 997 1074 rum
1013 1056 1099 1083 neque
1115 1050 1181 1080 hoc,
1197 1048 1250 1081 ait,
1267 1048 1378 1082 potestis
1392 1047 1491 1080 dicere,
1506 1048 1575 1083 quod
1592 1053 1728 1082 paternam

938 1101 1002 1128 erga
1015 1101 1057 1120 me
1073 1093 1235 1120 inimicitiam
1248 1094 1368 1120 servetis.
1389 1093 1479 1128 Neque
1497 1093 1568 1120 enim
1579 1093 1732 1128 progenito-

940 1146 984 1166 res
994 1143 1098 1166 vestros
1109 1139 1216 1173 permisi
1228 1146 1354 1172 umquam
1368 1139 1561 1174 providentiam
1578 1146 1663 1166 meam
1688 1139 1730 1165 in-

939 1193 1043 1216 cusare,
1058 1185 1083 1212 in
1107 1192 1188 1220 parvo
1207 1191 1253 1212 aut
1277 1193 1374 1220 magno
1395 1185 1544 1220 despiciens
1563 1193 1620 1212 eos.
1640 1184 1733 1219 Neque

940 1234 1094 1268 simpliciter
1107 1234 1174 1260 dixit
1194 1241 1200 1259 :
1220 1233 1288 1266 Quid
1303 1233 1452 1260 habuerunt
1467 1237 1556 1266 patres
1570 1232 1659 1264 vestri,
1672 1231 1730 1263 sed,

942 1279 1009 1312 Quid
1028 1279 1195 1306 invenerunt?
1221 1278 1347 1313 Quamvis
1366 1278 1448 1305 multa
1469 1277 1633 1312 quaesierint,
1648 1276 1730 1303 multa

940 1325 1147 1360 circumquaque
1171 1325 1304 1351 moverint
1325 1327 1364 1351 tot
1385 1323 1461 1350 annis
1477 1329 1536 1349 meo
1555 1321 1605 1349 sub
1619 1321 1732 1355 imperio

941 1370 1076 1405 degentes,
1092 1370 1194 1397 nullum
1209 1369 1368 1397 invenerunt
1386 1369 1413 1396 in
1432 1375 1476 1395 me
1495 1367 1633 1395 delictum.
1652 1366 1733 1401 lgitur

940 1415 1035 1442 horum
1045 1416 1163 1442 omnium
1171 1422 1249 1442 causa
1264 1414 1417 1449 frequenter
1428 1413 1461 1440 ad
1470 1421 1530 1440 eum
1539 1412 1732 1447 confugiamus,

940 1467 968 1491 et
981 1463 1007 1490 in
1021 1462 1094 1490 omni
1106 1470 1221 1490 maerore
1233 1461 1438 1489 consolationem
1454 1460 1512 1494 ejus
1525 1465 1691 1494 quzcramus,
1706 1458 1732 1484 in

941 1509 1013 1536 omni
1028 1509 1178 1537 calamitate
1193 1509 1250 1543 ejus
1263 1506 1432 1540 solutionem,
1444 1505 1501 1541 ejus
1512 1504 1731 1536 misericordiam,

942 1555 968 1582 in
981 1555 1053 1581 omni
1075 1554 1220 1582 tentatione
1242 1553 1300 1588 ejus
1324 1552 1450 1578 auxilium
1471 1554 1734 1585 :quantumcumque

941 1601 1011 1628 enim
1026 1600 1125 1627 malum
1140 1599 1228 1632 fuerit,
1252 1602 1465 1633 quantacumque
1491 1594 1648 1623 calamitatis
1675 1602 1732 1621 ma-

941 1646 1061 1682 gnitudo,
1075 1647 1164 1673 omnia
1179 1645 1223 1672 ille
1237 1644 1341 1671 solvere
1353 1647 1380 1669 et
1389 1649 1513 1670 amovere
1528 1645 1630 1675 potest:
1648 1646 1734 1674 neque

942 1693 993 1720 hoc
1006 1696 1116 1724 tantum,
1132 1691 1177 1718 sed
1191 1698 1297 1717 omnem
1307 1689 1486 1718 securitatem,
1497 1687 1631 1719 virtutem,
1643 1692 1733 1713 veram

941 1737 1064 1772 gloriam,
1080 1735 1288 1763 incolumitatem
1304 1734 1423 1768 corporis
1434 1754 1442 1766 ,
1457 1731 1652 1768 philosophiam
1678 1730 1734 1757 ani.

941 1791 1003 1816 mae,
1016 1790 1090 1818 spem
1105 1782 1211 1813 bonam,
1227 1785 1291 1807 etut
1303 1788 1354 1807 non
1369 1779 1446 1806 facile
1460 1785 1608 1812 peccemus,
1620 1777 1645 1804 id
1658 1776 1735 1803 nobis

942 1828 1000 1862 ejus
1012 1827 1116 1854 bonitas
1130 1825 1259 1853 conferet.
1280 1824 1319 1852 Ne
1344 1825 1433 1856 itaque
1459 1823 1621 1857 ingratorum
1642 1829 1734 1849 servo-

941 1881 1000 1900 rum
1014 1880 1088 1900 more
1097 1878 1304 1903 murmurcmus,
1315 1877 1400 1905 neque
1410 1869 1549 1896 Dominum
1563 1868 1734 1900 incuscmus;

942 1919 988 1947 sed
1000 1919 1026 1946 in
1042 1918 1165 1946 omnibus
1177 1917 1275 1952 gratias
1289 1923 1398 1951 agamus
1408 1936 1415 1948 ,
1431 1919 1459 1941 et
1476 1922 1555 1941 unum
1571 1913 1655 1940 solum
1676 1920 1735 1939 ma-

941 1965 996 1993 lum
1011 1971 1071 1992 esse
1088 1968 1221 1998 putemus.
1242 1969 1338 1996 nempe
1353 1961 1380 1988 in
1395 1968 1454 1988 eum
1470 1967 1592 1995 peccare.
1613 1959 1700 1993 Atque
1711 1958 1735 1985 si

942 2012 977 2039 ita
989 2019 1052 2046 erga
1072 2011 1156 2038 Deum
1179 2008 1269 2036 affecti
1296 2008 1390 2040 simus,
1403 2014 1456 2033 non
1468 2006 1587 2038 morbus,
1603 2012 1655 2031 non
1669 2011 1735 2039 pau-

942 2062 1032 2093 pertas
1043 2076 1050 2089 ,
1067 2064 1119 2083 non
1134 2054 1276 2091 ignominia
1288 2075 1295 2088 ,
1312 2061 1364 2081 non
1378 2053 1502 2080 sterilitas
1522 2051 1666 2086 fructpum,
1682 2057 1736 2076 non

943 2103 1014 2130 aliud
1025 2102 1161 2138 quidpiam
1172 2108 1276 2133 eorum,
1288 2107 1347 2135 quae
1361 2099 1430 2126 inter
1445 2097 1514 2125 mala
1529 2100 1717 2130 computantur
1727 2115 1734 2128 ,

943 2158 992 2179 nos
1006 2149 1137 2184 excipiet;
1152 2147 1198 2175 sed
1214 2154 1306 2182 puram
1321 2150 1474 2180 castamque
1487 2144 1646 2179 voluptatem
1663 2150 1735 2169 sem—

943 2203 990 2230 per
1005 2195 1086 2228 nacti,
1103 2195 1183 2221 etiam
1198 2193 1284 2220 futura
1297 2192 1367 2219 bona
1380 2197 1576 2224 consequemur
1594 2197 1600 2214 :
1613 2188 1695 2223 gratia
1711 2191 1738 2214 et

943 2242 1106 2276 benignitate
1125 2239 1229 2267 Domini
1243 2238 1326 2266 nostri
1340 2237 1402 2264 Jesu
1418 2235 1535 2268 Christi,
1547 2235 1651 2269 quicum
1665 2232 1736 2260 Patri

943 2288 1036 2323 gloria,
1051 2294 1103 2314 una
1116 2294 1176 2314 cum
1187 2290 1278 2312 sancto
1290 2284 1399 2318 Spiritu,
1412 2290 1482 2310 nunc
1497 2286 1524 2309 et
1541 2287 1656 2315 semper,
1673 2285 1699 2307 et
1711 2279 1737 2306 in

944 2334 1040 2362 saecula
1055 2333 1222 2361 saeculorum.
1237 2331 1332 2358 Amen.

102 2447 234 2470 BJL‘SDEM
263 2448 404 2470 HOMILIA
428 2448 468 2469 DE
483 2448 613 2470 JEJUNIO
635 2449 675 2470 ET
697 2449 729 2470 ΙΝ
750 2448 854 2470 -ῘΟΝΔΜ
877 2449 887 2469 Ι

939 2447 1080 2472 PHETAM,
1103 2446 1143 2467 ET
1165 2444 1341 2471 νΔΝιΕιΕΜ,
1363 2443 1404 2464 ΕΤ
1424 2441 1503 2463 τιιιῖε
1530 2440 1668 2468 PUEROS,
1699 2439 1740 2461 Π

271 2499 317 2520 DE
340 2498 557 2520 ΡΟΕΝΙΤΕΝΤΙΔ.
580 2499 675 2520 DICTA
697 2499 752 2520 EST
773 2498 882 2520 AUTEM

950 2496 1116 2519 SACBOBUM
1137 2496 1188 2516 JEJ
1193 2494 1337 2516 υΝιοιιυΜ
1358 2491 1548 2515 INGRESSUM.

794 2570 908 2578 -ι

390 2642 499 2662 noema
518 2642 534 2662 v
557 2634 607 2670 (α).

138 2681 162 2709 1.
176 2681 248 2709 Laeta
262 2681 342 2709 nobis
354 2680 435 2709 hodie
447 2688 478 2708 ac
491 2680 583 2707 festiva
597 2679 746 2710 celebritas,
760 2679 892 2713 solitoque
908 2677 918 2688 ⁸

107 2725 225 2755 illustrior
238 2733 336 2755 C(BIIJS.
352 2727 480 2760 Quasnam
490 2733 555 2761 ergo
565 2725 661 2752 causa?
673 2725 770 2760 Jejunii
783 2725 893 2758 praecla-

108 2779 159 2800 rum
172 2781 237 2808 opus
253 2773 302 2801 hoc
316 2780 378 2801 esse
393 2772 472 2804 novi,
487 2771 581 2806 jejunii
601 2778 653 2798 non
676 2770 829 2805 praesentis,
847 2769 893 2796 sed

108 2820 259 2854 exspectati.
277 2819 344 2847 illud
363 2825 479 2852 namque
496 2825 545 2844 nos
565 2817 616 2844 huc
629 2816 662 2843 ad
676 2821 812 2851 paternam
828 2822 893 2842 con-

139 2888 171 2918 (tt)
181 2888 269 2914 Collata
278 2895 336 2914 cum
349 2891 404 2913 Mss.
412 2887 491 2918 Regiis
500 2886 568 2917 1828,
582 2886 649 2916 1829,
661 2886 736 2911 2421.

910 2560 948 2585 ο-

957 2569 1058 2576 --

948 2631 1066 2666 gregavit
1074 2629 1182 2657 domum
1194 2637 1199 2655 :
1211 2627 1276 2655 illud
1286 2627 1364 2655 etiam
1376 2633 1422 2654 eos
1432 2626 1476 2660 qui
1487 2624 1599 2652 antehac
1610 2624 1740 2659 pigriores

947 2676 1053 2703 fuerunt
1065 2696 1072 2708 ,
1087 2675 1119 2702 ad
1136 2678 1269 2701 maternas
1279 2673 1287 2688 ¹
1302 2671 1408 2699 reduxit
1421 2677 1525 2697 manus.
1548 2670 1576 2697 Si
1590 2676 1654 2696 vero
1669 2668 1740 2703 quod

947 2726 1117 2757 exspectetur
1130 2721 1227 2753 solum,
1243 2723 1344 2747 tantum
1357 2718 1436 2745 studii
1451 2717 1526 2744 nobis
1541 2715 1662 2751 ingessit,
1678 2722 1739 2742 cum

947 2769 1099 2805 apparuerit
1113 2767 1312 2801 adveneritque,
1323 2769 1448 2800 quantam
1460 2764 1486 2791 in
1502 2764 1578 2791 nobis
1590 2767 1740 2790 veneratio-

949 2823 1010 2842 nem
1025 2813 1141 2842 efficiet?
1153 2813 1196 2841 Sic
1206 2817 1233 2839 et
1245 2812 1348 2843 civitas,
1361 2810 1478 2846 principe
1491 2808 1628 2837 tremendo
1639 2808 1741 2843 ingres—

984 2884 990 2898 ¹
1006 2884 1061 2908 Sav.
1075 2884 1100 2906 cl
1113 2886 1175 2905 unus
1187 2883 1253 2911 Heg,
1267 2882 1389 2910 paternas.
