1978 3130
229 165 279 193 307

228 230 301 256 suro,
315 228 422 250 omnem
442 219 540 248 omittit
557 219 698 253 desidiam,
720 219 868 256 majorique
891 219 1022 247 excitatur

227 267 327 295 studio.

263 312 397 340 Daemones
416 312 543 347 jejunium
565 311 767 339 Christianorum
785 315 908 338 metuunt.
921 325 956 330 —
969 310 1022 338 Sed

228 359 298 386 haud
313 358 406 386 timete
420 357 587 386 tremendum
602 357 748 392 principem
761 357 892 392 jejunium
911 356 1022 384 audien-

228 409 269 432 tes
285 412 291 431 :
306 411 359 431 non
377 404 448 431 enim
463 403 550 436 vobis,
564 402 611 429 sed
631 402 825 429 daemoniorum
846 406 948 429 natura:
968 407 1023 429 trc-

228 449 356 477 mendum
367 454 418 477 est.
432 449 537 476 Etenim
548 448 570 475 si
582 448 711 475 lunaticus
722 447 801 475 fuerit
812 448 882 483 quis,
892 448 985 482 jejunii
999 447 1024 474 ci

228 495 322 522 faciem
336 494 458 527 ostende,
472 499 552 529 atque
565 493 696 528 lapidibus
711 493 776 528 ipsis
789 493 951 520 immobilior
964 500 1023 520 ma-

230 547 275 567 net
297 540 393 567 timore
410 540 580 572 constrictus,
593 543 621 566 et
633 538 713 566 veluti
729 538 834 566 vinculo
846 538 960 574 quodam
975 538 1024 565 de-

230 590 319 613 tentus
335 594 342 613 :
356 586 435 620 idque
450 585 628 620 potissimum,
639 592 699 612 cum
710 584 805 612 viderit
816 584 918 619 jejunio
932 584 1025 619 adjun-

228 637 300 658 ctam
319 638 439 659 sororem
448 629 719 665 contubernalemque
729 629 837 665 jejunii,
853 630 1000 657 orationem
1017 638 1023 655 :

229 676 290 704 ideo
304 676 424 704 Christus
435 675 517 703 dicit:
532 675 588 702 Hoc
597 684 676 711 genus
689 684 740 702 non
753 675 854 710 ejicitur
865 676 914 703 nisi
928 676 954 703 in
968 684 1026 703 ora-

228 724 296 750 tione
314 727 338 750 et
355 723 456 758 jejunio
470 721 577 758 (Matth.
591 723 635 750 17.
650 721 708 758 20).
728 722 795 750 Cum
817 723 906 758 itaque
927 728 1026 750 nostra:

228 768 322 795 salutis
336 767 428 795 hostes
437 768 476 795 sic
487 772 670 802 persequatur,
681 772 761 803 atque
773 768 889 796 inimicis
901 768 960 796 vita:
974 776 1024 795 no-

229 818 293 840 stra:
308 818 361 840 tam
377 814 412 840 sit
426 813 573 840 timendum
583 834 591 845 ,
605 820 696 841 amare
711 818 738 841 et
747 813 858 849 diligere
870 813 897 841 id
909 818 1024 849 oportet,

230 866 282 886 non
298 858 393 886 timere
408 867 415 884 :
429 859 451 885 si
466 858 538 886 enim
553 858 700 886 timendum
713 863 754 886 est
766 880 774 892 ,
795 859 910 886 ebrietas
924 864 952 886 et
966 867 1026 886 cra-

229 904 303 939 pula,
312 912 365 931 non
375 904 505 938 jejunium
519 904 606 931 timeri
619 904 709 932 debet.
723 904 768 932 Illa
779 905 909 940 siquidem
920 910 1026 933 nostras

231 953 291 983 post
313 953 384 985 terga
408 949 492 984 ligans
514 957 618 983 manus,
638 950 763 977 vitiorum
786 951 929 986 tyrannidi,
945 951 1026 978 veluti

230 995 334 1022 cuidam
345 1002 432 1029 prava:
441 994 567 1027 dominae,
577 1001 671 1022 servos
683 1002 732 1022 nos
741 996 911 1031 captivosque
920 996 1006 1024 reddit
1018 1005 1025 1023 :

229 1040 359 1074 jejunium
375 1047 438 1067 vero
450 1047 543 1067 servos
557 1040 707 1067 existentes
719 1048 768 1068 nos
781 1045 862 1076 atque
878 1041 971 1076 ligatos
985 1042 1024 1069 in-

231 1086 353 1119 veniens,
362 1085 467 1113 vincula
478 1086 557 1113 solvit
569 1091 596 1113 et
607 1086 746 1122 tyrannide
758 1086 861 1120 liberat,
874 1088 1026 1122 pristinam-

230 1138 283 1165 que
295 1131 322 1158 in
336 1131 484 1159 libertatem
499 1131 611 1158 reducit.
627 1131 708 1166 Igitur
722 1132 829 1167 quando
842 1133 963 1161 inimicos
974 1141 1024 1161 no-

229 1182 300 1204 stros
323 1181 467 1212 expugnat,
487 1177 667 1212 servituteque
688 1185 738 1205 nos
758 1178 869 1210 liberat,
890 1183 970 1214 atque
992 1179 1025 1206 ad

230 1223 346 1257 priorem
358 1223 460 1250 reducit
472 1223 632 1257 libertatem,
642 1232 720 1259 quam
735 1224 814 1252 aliam
826 1225 953 1260 majorem
966 1226 1025 1261 ejus

230 1275 293 1303 erga
309 1273 429 1296 nostrum
439 1276 524 1304 genus
537 1269 662 1297 amicitia:
676 1271 807 1298 rationem
823 1272 959 1306 exquiris?
974 1272 1024 1300 Et-

232 1315 303 1342 enim
325 1314 469 1342 maximum
492 1315 592 1342 amoris
609 1315 736 1344 indicium
756 1316 781 1343 id
801 1324 862 1344 esse
876 1317 989 1350 videtur,
1003 1319 1025 1346 si

231 1360 339 1388 eosdem
354 1361 492 1389 nobiscum
505 1367 577 1389 amet
589 1363 659 1397 quis,
673 1368 700 1390 et
710 1363 772 1391 odio
785 1370 969 1400 prosequatur.

267 1406 452 1434 Monachorum
465 1408 530 1434 laus.
544 1422 580 1428 —
594 1408 640 1435 Vis
653 1409 767 1442 discere,
780 1415 894 1445 quantus
907 1412 1022 1439 homini-

232 1452 282 1479 bus
294 1457 404 1479 ornatus
417 1453 452 1480 sit
465 1453 605 1488 jejunium,
620 1459 747 1490 quantum
763 1461 879 1484 tutamen
895 1464 926 1484 ac
940 1462 1026 1485 custo-

230 1500 291 1527 dia?
303 1499 442 1527 considera
456 1500 560 1528 beatum
575 1506 654 1536 atque
666 1502 823 1530 admirabile
834 1504 1023 1532 monachorum

231 1553 325 1580 genus.
345 1546 377 1573 Hi
398 1554 513 1582 namque
531 1547 672 1575 tumultum
686 1549 775 1576 saeculi
791 1550 931 1584 fugientes,
945 1556 1025 1586 atque

230 1593 264 1620 ad
278 1593 333 1627 ipsa
345 1593 474 1620 montium
487 1593 623 1620 cacumina
632 1599 781 1628 currentes,
792 1596 895 1630 tuguria
906 1596 931 1623 in
940 1597 1024 1624 eremi

230 1638 320 1672 quiete
344 1638 424 1665 veluti
448 1638 474 1665 in
498 1639 640 1673 tranquillo
661 1639 776 1674 quodam
799 1647 877 1675 portu
902 1641 1022 1676 ligentes,

230 1684 360 1718 jejunium
372 1691 421 1711 ceu
434 1685 588 1712 commercii
601 1685 715 1720 vitaeque
726 1686 827 1714 socium
839 1693 1022 1722 susceperunt.

231 1731 320 1763 Quare
339 1731 448 1766 angelos
472 1739 505 1758 ex
529 1731 679 1758 hominibus
701 1732 760 1759 illos
781 1732 844 1760 fecit
864 1742 870 1759 :
892 1741 945 1761 non
965 1734 1024 1762 illos

231 1777 326 1809 modo,
339 1777 386 1804 sed
398 1782 425 1804 et
439 1777 465 1804 in
480 1777 588 1805 urbibus
605 1783 734 1813 quotquot
747 1786 777 1806 se
791 1779 935 1807 tolerantes
948 1780 1024 1807 inve-

231 1823 281 1855 nit,
304 1822 338 1850 ad
360 1823 445 1857 ipsum
469 1823 644 1858 philosophia
665 1824 769 1851 culmen
791 1825 890 1852 evehit.
910 1825 976 1853 Nam
998 1831 1024 1853 et

231 1868 317 1895 Moses
340 1873 367 1895 et
390 1868 471 1900 Elias,
493 1869 683 1903 prophetarum
702 1870 728 1897 in
745 1870 834 1898 Veteri
853 1870 1024 1899 Testamento

233 1918 329 1944 turres,
344 1914 447 1941 tametsi
458 1922 488 1941 ex
500 1914 559 1941 aliis
572 1914 688 1942 illustres
698 1916 838 1950 magnique
851 1915 1021 1951 haberentur,

232 1966 263 1986 ae
273 1959 359 1986 multa
376 1959 471 1986 ﬁducia
485 1959 644 1994 gauderent;
667 1964 755 1987 tamen
776 1961 799 1988 si
817 1962 923 1996 quando
941 1962 1023 1990 Deum

231 2004 356 2031 volebant
377 2004 452 2031 adire
471 2009 498 2032 et
519 2005 628 2040 alloqui,
644 2010 771 2040 quantum
784 2005 884 2034 homini
899 2008 1024 2042 possibile

231 2055 300 2083 erat,
316 2050 351 2077 ad
365 2050 415 2078 hoc
428 2051 624 2085 confugiebant,
638 2057 717 2086 atque
732 2059 778 2086 per
791 2051 870 2087 hujus
882 2060 976 2080 manus
990 2053 1023 2080 ad

232 2096 314 2123 Deum
325 2096 499 2124 ducebantur.
517 2097 620 2124 Idcirco
634 2097 702 2123 Dens
720 2097 854 2125 hominem
866 2105 881 2125 a
894 2098 1024 2133 principio

230 2141 340 2174 faciens,
356 2142 426 2169 illico
440 2142 556 2169 delatum
571 2150 632 2170 eum
645 2142 740 2177 jejunii
753 2144 875 2171 manibus
888 2151 1024 2172 commen-

233 2186 313 2219 davit,
326 2187 406 2214 veluti
421 2188 471 2222 pia:
481 2187 640 2222 amabilique
650 2188 729 2215 matri
739 2192 766 2215 et
776 2189 908 2223 magistrae
915 2190 1024 2224 optimae

232 2233 410 2260 committens.
425 2233 490 2261 Nam
505 2233 543 2260 Ab
556 2234 623 2260 omni
639 2234 708 2269 ligno
725 2235 839 2269 paradisi
856 2235 981 2268 eomedes,
993 2236 1024 2263 de

229 2278 299 2313 ligno
317 2286 374 2304 vero
393 2279 503 2305 scientim
514 2278 573 2305 boni
583 2284 605 2305 et
619 2279 679 2306 mali
694 2288 743 2306 mm
756 2281 888 2307 comedetis
905 2281 980 2316 (Gen.
993 2283 1021 2310 2.

231 2323 276 2351 16.
294 2323 337 2359 Π)
351 2334 357 2351 :
371 2322 397 2350 id
410 2323 513 2359 species
526 2323 622 2360 jejunii
639 2329 689 2353 est.
709 2326 736 2353 Si
761 2330 849 2353 autem
862 2326 888 2353 in
900 2326 1024 2361 paradiso

229 2367 358 2402 jejunium
381 2369 561 2396 necessarium
584 2370 643 2403 l'uit,
668 2376 742 2398 extra
765 2371 916 2405 paradisum
939 2373 1023 2399 multo

230 2413 314 2448 magis
331 2413 372 2441 :si
391 2419 453 2442 ante
471 2415 575 2451 plagam
596 2416 668 2443 utilis
685 2416 816 2444 medicina
830 2417 926 2451 fuerat,
941 2418 1024 2445 multo

230 2460 317 2495 magis
334 2465 394 2495 post
407 2461 509 2496 plagam
526 2471 532 2488 :
549 2462 571 2489 si
587 2462 699 2490 necdum
713 2463 782 2491 bello
795 2464 966 2498 cupiditatum
982 2465 1024 2492 in-

229 2511 356 2541 surgente
366 2507 443 2534 nobis
458 2515 530 2535 arma
545 2507 650 2536 fuerant
663 2515 824 2544 opportuna,
840 2511 924 2538 multo
936 2512 1022 2546 magis

231 2558 292 2587 post
307 2556 408 2580 tantum
421 2554 593 2588 cupiditatum
607 2556 727 2590 praelium
740 2565 754 2583 a
768 2556 934 2585 daemonibus
946 2558 1023 2586 nobis

231 2598 343 2631 illatum,
358 2600 537 2628 necessarium
559 2601 635 2629 nobis
657 2606 698 2629 est
719 2603 813 2637 jejunii
826 2604 1020 2631 commilitium.

231 2645 259 2672 Si
272 2644 341 2672 hanc
352 2645 469 2673 audisset
479 2653 570 2674 vocem
585 2647 681 2680 Adam,
697 2656 862 2683 nequaquam
877 2650 1021 2676 secundam
1054 2663 1058 2666 -

230 2690 349 2719 audisset
363 2701 370 2718 :
386 2690 467 2718 Terra
478 2700 513 2725 cs,
525 2698 547 2719 et
558 2693 584 2719 in
595 2698 686 2720 terram
698 2696 825 2722 reverteris
837 2694 911 2731 (Gen.
925 2696 952 2723 5.
966 2697 1021 2731 l9).

230 2738 282 2765 Seu
296 2739 420 2773 quoniam
431 2738 499 2766 hanc
509 2739 615 2774 quidem
627 2745 807 2776 transgressus
817 2746 867 2775 est,
881 2747 1022 2778 propterea

230 2791 303 2811 mors
317 2788 345 2811 et
359 2792 430 2812 curm
450 2789 477 2812 et
495 2793 621 2813 {erumnas
643 2791 670 2813 et
691 2787 806 2814 tristitiae
827 2792 854 2814 ct
875 2788 927 2815 vita
949 2789 1021 2816 omni

230 2836 315 2859 morte
329 2830 436 2866 gravior
451 2840 457 2858 :
473 2837 612 2866 propterea
628 2833 712 2867 spinas
726 2838 753 2860 et
767 2834 866 2866 tribuli,
881 2839 1021 2870 propterea

230 2875 332 2905 labores
347 2882 372 2905 et
386 2877 501 2913 dolores,
515 2878 619 2914 vitaque
632 2879 759 2915 angustiis
771 2879 859 2914 plena.

582 163 610 191 S.
631 162 770 191 JOANNIS
788 161 1026 190 CHRVSOSTOMI
1046 161 1202 190 ARCllIEP.
1223 163 1493 193 CONSTANTINOP.

1822 165 1874 192 sna

1113 219 1152 247 De
1167 221 1268 256 jejunio
1287 222 1388 248 ltetatur
1410 221 1488 250 Deus.
1519 221 1670 251 Panitentt'a
1693 224 1802 258 fervens,
1817 224 1876 251 licet

1076 265 1166 300 brevis,
1182 267 1263 294 multa
1275 273 1377 302 peccata
1390 268 1465 295 delet.
1477 283 1512 291 -ι
1526 267 1619 296 Vidisti
1631 269 1766 304 quomodo
1776 269 1875 297 irasci-

1077 318 1120 340 tur
1135 314 1204 341 Deus
1219 313 1321 349 jejunio
1339 315 1451 349 spreto?
1471 314 1544 342 disce
1564 320 1590 342 et
1611 316 1745 350 quomodo
1767 315 1876 343 laetatur

1074 359 1175 394 jejunio
1188 359 1328 387 honorato.
1342 359 1571 393 Quemadmodum
1579 361 1650 388 enim
1660 361 1762 396 jejunio
1769 365 1874 395 spreto,

1077 406 1213 440 spernenti
1226 405 1385 440 supplicium
1400 405 1495 433 inﬂixit
1508 411 1620 434 mortem
1634 416 1641 434 :
1657 407 1696 434 sic
1714 407 1813 434 iterum
1827 414 1876 434 eo-

1077 452 1138 479 dem
1158 451 1299 485 honorato,
1315 452 1349 479 de
1370 456 1456 479 morte
1471 456 1588 480 revocat.
1601 452 1668 479 Nam
1680 457 1708 480 et
1717 453 1813 480 volens
1826 452 1875 480 tibi

1077 497 1218 525 ostendere
1231 498 1269 525 rei
1281 498 1415 531 virtutem,
1428 502 1584 532 potestatem
1598 498 1647 533 ipsi
1658 498 1731 526 dedit
1741 503 1803 533 post
1812 506 1875 526 sen-

1079 545 1200 577 tentiam,
1215 549 1274 579 post
1287 545 1485 577 abductionem,
1499 545 1627 573 abductos
1640 545 1674 573 ad
1689 550 1805 573 mortem
1817 554 1876 573 me-

1077 590 1120 616 dia
1133 590 1166 617 de
1181 591 1222 617 via
1237 598 1347 626 rapere,
1368 595 1448 626 atque
1469 591 1597 618 reducere
1616 591 1650 618 ad
1670 591 1772 625 vitam;
1795 591 1876 626 idque

1078 643 1131 663 non
1146 636 1172 663 in
1186 635 1290 664 duobus
1306 637 1433 669 tribusve,
1447 641 1492 664 aut
1503 637 1594 672 viginti
1608 637 1772 671 hominibus,
1786 638 1835 666 sed
1848 639 1875 666 in

1078 681 1202 709 universo
1216 682 1389 709 Ninivitarum
1403 683 1499 717 populo
1511 691 1519 715 ;
1532 688 1560 711 et
1578 683 1671 712 urbem
1687 692 1812 720 magnam
1825 685 1874 713 ad-

1079 730 1279 765 mirabilemque
1297 738 1328 759 ac
1349 731 1462 767 genibus
1483 732 1561 759 flexis
1575 732 1721 767 jacentem,
1737 732 1771 759 ad
1787 733 1872 767 ipsum

1079 775 1232 804 barathrum
1246 777 1301 812 jam
1316 778 1486 806 inclinantem
1495 783 1584 813 caput,
1596 779 1748 806 venientem
1759 779 1873 813 desuper

1079 821 1182 856 plagam
1194 827 1373 857 accepturam,
1387 824 1466 851 veluti
1477 824 1599 858 quasdam
1608 825 1691 852 virtus
1704 824 1822 858 desuper
1831 824 1873 852 ad~

1078 867 1171 895 volans
1193 876 1226 896 ex
1250 874 1325 903 porta
1348 870 1442 897 mortis
1462 870 1569 905 eripuit,
1588 875 1667 906 atque
1684 870 1718 898 ad
1733 870 1814 898 vitam
1829 878 1872 898 re-

1080 912 1165 941 duxit.
1188 913 1240 941 Sed
1263 914 1285 941 si
1300 915 1413 945 videtur,
1431 919 1458 942 et
1470 916 1553 950 ipsam
1568 916 1706 943 audiamus
1722 915 1871 944 historiam.

1080 959 1190 987 Factum
1205 965 1251 993 est,
1266 961 1359 996 inquit,
1374 962 1474 988 verbum
1488 962 1592 989 Domini
1603 963 1637 989 ad
1650 962 1756 995 Ionam,
1769 963 1854 990 dicens
1864 971 1874 990 :

1080 1006 1163 1042 Surge
1175 1012 1199 1034 et
1211 1008 1274 1034 vade
1287 1008 1314 1035 in
1325 1008 1435 1036 Niniuen
1447 1009 1572 1036 civitatem
1583 1009 1703 1045 grandem
1717 1009 1792 1043 (Jan.
1807 1011 1833 1038 1.
1846 1011 1874 1038 l.

1078 1051 1117 1087 2).
1140 1053 1235 1080 Statim
1250 1061 1283 1080 ex
1299 1054 1355 1089 ipsa
1376 1054 1448 1081 urbis
1468 1055 1649 1089 magnitudine
1663 1056 1719 1082 vult
1733 1055 1806 1083 illum
1822 1055 1874 1084 ﬂc-

1078 1105 1150 1128 ctcre
1160 1121 1167 1133 ,
1184 1100 1298 1128 futuram
1314 1101 1462 1136 praevidens
1476 1101 1611 1137 propheta:
1625 1101 1724 1137 fugam.
1738 1102 1791 1130 Sed
1804 1111 1876 1138 pra:-

1078 1146 1237 1174 dicationem
1251 1145 1389 1175 audiamus
1402 1157 1408 1175 :
1419 1148 1508 1174 Adhuc
1519 1153 1568 1175 tres
1575 1148 1628 1175 dies
1638 1149 1658 1182 ¹,
1671 1154 1694 1176 et
1708 1148 1802 1175 Ninioe
1812 1149 1874 1175 sub-

1078 1196 1185 1219 oertetur
1198 1191 1224 1227 (.l
1229 1200 1271 1220 on.
1283 1191 1310 1218 '5.
1320 1190 1358 1226 4).
1379 1193 1411 1220 Et
1425 1193 1501 1229 cujus
1514 1194 1552 1221 rei
1566 1194 1650 1229 gratia
1659 1214 1667 1227 ,
1682 1201 1742 1229 quae
1754 1193 1874 1222 facturus

1078 1245 1107 1265 es
1118 1238 1186 1265 mala
1201 1238 1338 1273 praedicis?
1361 1239 1393 1268 Ut
1412 1247 1464 1266 non
1483 1238 1577 1266 faciam
1589 1247 1649 1275 quae
1662 1239 1790 1274 praedico.
1804 1239 1875 1266 Pr0<

1079 1289 1168 1318 pterea
1178 1288 1205 1312 ct
1215 1284 1362 1319 gehennam
1374 1285 1489 1312 minatus
1499 1290 1549 1318 est,
1558 1293 1611 1320 quo
1616 1285 1648 1313 ad
1659 1286 1808 1321 gehennam
1818 1293 1876 1313 non

1078 1330 1200 1358 abducat.
1211 1331 1351 1365 Terreant,
1360 1332 1504 1367 inquit,vos
1512 1333 1602 1366 verba,
1611 1340 1645 1360 ne
1651 1340 1694 1360 res
1700 1333 1873 1360 conturbent.

1077 1375 1159 1411 Cujus
1172 1381 1259 1404 autem
1279 1378 1317 1405 rei
1336 1378 1419 1413 gratia
1442 1378 1600 1413 prteliuitum
1626 1379 1740 1413 spatium
1762 1379 1795 1406 ad
1818 1384 1873 1406 tam

1077 1423 1158 1450 breve
1171 1428 1274 1458 tempus
1288 1424 1407 1459 redegit?
1419 1425 1477 1458 Quo
1492 1430 1519 1452 et
1529 1425 1701 1452 barbarorum
1715 1426 1804 1453 discas
1818 1426 1874 1453 vir-

1077 1473 1171 1502 tutem,
1186 1470 1245 1496 dico
1255 1474 1343 1497 autem
1356 1470 1544 1503 Ninivitarum,
1557 1470 1600 1506 qui
1615 1471 1698 1498 tribus
1710 1471 1804 1499 diebus
1815 1477 1874 1498 tan-

1078 1519 1130 1541 tam
1147 1520 1315 1549 peccatorum
1338 1516 1404 1543 iram
1426 1517 1530 1544 solvere
1545 1521 1686 1551 potuerunt
1703 1526 1709 1544 :
1725 1522 1805 1552 atque
1825 1518 1874 1545 Dei

1077 1561 1246 1589 clementiam
1259 1562 1409 1596 admireris,
1426 1563 1504 1590 trium
1518 1563 1620 1590 dierum
1635 1564 1792 1598 pmnitentia
1805 1571 1874 1591 c0n-

1077 1607 1142 1634 tenti
1156 1611 1195 1634 tot
1209 1615 1257 1642 pro
1272 1608 1387 1642 peccatis
1403 1617 1409 1634 :
1425 1613 1506 1643 tuque
1527 1608 1713 1643 desperatione
1735 1616 1788 1635 non
1808 1616 1874 1636 cor-

1077 1660 1156 1686 ruas,
1178 1654 1226 1680 etsi
1249 1654 1346 1681 millies
1367 1655 1527 1689 peccaveris.
1549 1654 1780 1688 Quemadmodum
1799 1655 1872 1681 enim

1076 1699 1164 1726 anima
1179 1699 1307 1734 pigritans
1326 1704 1406 1734 atque
1426 1700 1570 1735 negligens,
1584 1707 1743 1735 quamquam
1757 1700 1872 1727 mnltum

1077 1746 1110 1773 ad
1124 1747 1305 1781 paenitentiam
1322 1748 1448 1782 temporis
1461 1748 1582 1783 accipiat,
1593 1747 1658 1775 nihil
1673 1751 1801 1782 operatur
1814 1755 1872 1774 ma-

1076 1800 1168 1827 gnum,
1184 1801 1270 1828 neque
1284 1793 1335 1820 sibi
1355 1793 1405 1828 ipsi
1428 1794 1511 1822 Deum
1531 1793 1654 1821 conciliat
1668 1793 1703 1821 ob
1717 1793 1847 1821 desidiam
1862 1802 1869 1819 :

1077 1839 1115 1866 sic
1137 1839 1180 1874 qui
1205 1840 1342 1874 proposito
1362 1839 1455 1873 fervet,
1470 1844 1550 1876 atque
1570 1841 1651 1867 multa
1673 1848 1734 1868 cum
1755 1840 1870 1875 diligen-

1077 1885 1112 1911 tia
1137 1885 1319 1919 pmnitentiam
1339 1886 1475 1919 ostendit,
1490 1886 1563 1914 brevi
1585 1886 1711 1921 temporis
1730 1891 1867 1914 momento

1077 1931 1188 1966 longtevi
1223 1933 1350 1967 temporis
1381 1938 1487 1968 peccata
1522 1933 1612 1960 delere
1638 1933 1745 1968 poterit.
1775 1933 1868 1961 Nonne

1077 1978 1156 2005 tertio
1175 1978 1269 2005 Petrus
1287 1979 1409 2014 negavit?
1429 1987 1517 2006 nonne
1533 1980 1610 2006 tertio
1623 1987 1683 2006 cum
1697 1980 1870 2014 juramento?

1076 2031 1165 2050 nonne
1179 2024 1236 2050 vilis
1250 2024 1387 2059 cujusdam
1407 2025 1511 2052 ancillae
1532 2025 1612 2052 verba
1638 2025 1734 2052 timens
1763 2025 1870 2060 (Matth.

1075 2070 1121 2097 ‘26.
1144 2069 1188 2097 69.
1209 2070 1282 2105 70)?
1303 2071 1371 2104 Quid
1394 2071 1475 2106 ergo?
1494 2071 1646 2106 oportuitne
1664 2071 1738 2098 illum
1759 2072 1794 2099 ad
1815 2079 1871 2106 pot-

1077 2115 1213 2142 nitentiam
1241 2115 1339 2143 nullzos
1366 2123 1450 2143 annos
1479 2116 1584 2144 terere?
1604 2116 1799 2151 Nequaquam,
1824 2116 1871 2144 sed

1075 2160 1168 2187 eadem
1182 2165 1259 2188 nocte
1272 2160 1361 2195 lapsus
1376 2165 1417 2188 est
1430 2165 1458 2188 et
1469 2165 1574 2188 erectus
1586 2182 1593 2194 ,
1609 2161 1759 2196 vulnusque
1772 2167 1801 2189 et
1812 2170 1870 2189 me-

1075 2205 1189 2232 dicinam
1207 2206 1310 2240 accepit
1327 2215 1334 2233 :
1349 2207 1487 2241 mgrotavit
1498 2228 1505 2239 ,
1520 2211 1600 2242 atque
1612 2207 1645 2234 ad
1659 2207 1777 2242 priorem
1792 2208 1872 2235 rediit

1076 2251 1226 2278 sanitatem.
1249 2251 1368 2285 Qualiter
1391 2257 1417 2279 et
1437 2252 1589 2287 quomodo?
1613 2253 1692 2280 Flens
1713 2257 1741 2280 et
1765 2253 1871 2288 lugens,

1076 2296 1130 2324 imo
1141 2304 1194 2324 non
1205 2297 1284 2324 modo
1296 2297 1374 2329 flens,
1386 2298 1432 2325 sed
1443 2298 1526 2325 multo
1538 2305 1597 2325 cum
1609 2297 1696 2325 studio
1708 2303 1736 2325 et
1750 2298 1846 2326 affectu
1860 2306 1870 2326 :

1075 2347 1215 2377 propterea
1225 2343 1387 2378 evangelista
1401 2351 1453 2370 non
1467 2344 1532 2371 dixit
1542 2344 1667 2378 quoniam
1682 2344 1770 2371 solum
1781 2344 1870 2377 ﬂevit;

1074 2389 1121 2416 sed
1134 2410 1141 2422 ,
1168 2389 1249 2417 Flevit
1282 2398 1368 2417 amare
1395 2389 1474 2426 (Ibid.
1492 2399 1516 2418 υ.
1536 2390 1600 2425 75).
1615 2391 1649 2418 Et
1660 2391 1757 2425 qualis,
1773 2391 1870 2426 inquit,

1075 2442 1227 2471 quantaque
1240 2437 1317 2464 fuerit
1332 2437 1508 2472 lacrymarum
1519 2437 1569 2470 vis,
1585 2444 1675 2465 Sermo
1690 2437 1780 2465 nullus
1794 2441 1870 2471 pote-

1074 2483 1109 2510 rit
1134 2483 1268 2518 explicare
1286 2492 1294 2511 :
1312 2484 1368 2519 ipse
1393 2489 1482 2511 autem
1505 2491 1594 2511 rerum
1615 2484 1705 2511 exitus
1729 2482 1871 2511 manifesto

1074 2529 1198 2556 ostendit.
1213 2529 1318 2557 Etenim
1330 2537 1437 2565 gravem
1452 2534 1512 2565 post
1524 2530 1599 2557 illum
1610 2537 1717 2562 casum;
1731 2537 1795 2556 nam
1809 2529 1869 2556 nul-

1074 2575 1129 2602 lum
1151 2575 1285 2610 negationi
1307 2583 1356 2610 par
1377 2576 1474 2603 malum
1492 2575 1559 2603 :sed
1576 2579 1663 2602 tamen
1684 2580 1746 2609 post
1767 2579 1868 2601 tantum

1075 2621 1183 2653 malum,
1199 2621 1295 2652 iterum
1305 2629 1366 2649 eum
1377 2621 1409 2649 ad
1421 2622 1536 2656 priorem
1552 2621 1679 2649 honorem
1691 2621 1805 2654 revexit,
1820 2620 1870 2647 Ec-

1074 2669 1163 2696 clesiae
1178 2668 1362 2703 prarfecturam
1381 2669 1430 2704 ipsi
1445 2676 1491 2703 per
1501 2669 1654 2695 universum
1670 2666 1800 2694 mundum
1815 2672 1868 2693 tra—

1074 2715 1141 2742 didit
1157 2723 1164 2741 :
1177 2714 1302 2750 quodque
1313 2714 1431 2742 omnium
1447 2719 1487 2741 est
1500 2713 1650 2746 sublimius,
1665 2712 1783 2740 ostendit
1793 2712 1867 2739 nobis

1107 2794 1114 2809 |
1132 2793 1168 2817 sic
1176 2792 1265 2823 legitur
1276 2798 1290 2817 a
1302 2793 1385 2822 primis
1394 2790 1505 2816 Ecclesiae
1516 2790 1611 2824 sicariis
1620 2790 1645 2824 ita
1657 2793 1712 2824 t.x_x
1731 2789 1869 2824 lutet-preti-

1074 2825 1129 2849 bus.
1142 2820 1250 2856 Vulgata,
1262 2827 1290 2848 ut
1304 2820 1329 2848 in
1339 2824 1452 2856 tiehrteo,
1475 2823 1559 2856 adhuc
1571 2820 1806 2856 quadragintaaies.
1817 2823 1866 2856 etc.

1073 2850 1227 2886 Origenesfin
1245 2850 1310 2878 hum.
1329 2855 1387 2886 dicit
1402 2850 1535 2886 secundum
1553 2850 1676 2879 ltebrteos’
1685 2852 1769 2882 scribi,
1789 2850 1870 2878 aliud

1074 2884 1235 2922 clulidruginta
1249 2889 1296 2911 tres
1309 2884 1378 2917 dies;
1390 2884 1433 2909 sed
1444 2884 1540 2911 labitur.
