1978 3130
74 171 114 199 507

73 231 162 260 τίθεται
179 226 321 263 ρᾳθυμίαν,
332 225 377 251 καὶ
391 224 420 250 ἐν
431 221 532 249 πλείονι
547 220 709 247 καθίσταται
725 219 758 254 τῇ
776 216 887 263 σπουδῇ.

107 261 184 300 Ἀλλά
199 261 236 306 μὴ
251 261 380 305 νπτήξητε
401 266 515 302 φοϐερὸν
540 266 658 300 ἄρχοντα
684 263 733 298 τὴν
763 261 890 295 νηστείαν

71 305 235 347 ἀκούσαντεςέ
250 314 281 340 ού
293 314 347 348 γὰρ
359 313 425 347 ἡμῖν
439 313 498 338 ἐστι
512 309 624 354 φοϐερά,
637 307 762 354 ἀλλὰ-τῃ.
768 306 822 332 τῶν
830 305 890 354 δαιῖ

73 363 148 399 μόνων
164 359 251 394 φύσει.
278 358 338 384 Ἐἀν
362 354 584 391 σεληνιαζὸμενος
638 349 890 399 τιςμδεῐξονμὺτῷ

71 394 180 442 νηστείας
192 403 346 439 πρόσωπον,
365 400 412 427 καὶ
423 399 478 426 τῶν
491 399 573 425 λίθων
592 396 681 442 αὐτῶν
693 394 889 442 ἁκινητότερος

71 437 132 485 μένει
146 447 182 482 τῷ
205 437 282 481 φόὸῳ
307 443 490 480 πηγνύμενος,
513 442 560 469 καὶ
585 440 711 475 καθάπερ
730 437 823 485 δεσμῷ
836 446 890 485 τινι

70 482 243 528 κατεχόμενος,
262 490 309 517 καὶ
322 489 439 525 μάλιστα
453 488 516 515 ὅταν
537 487 579 521 ι’δῃ
603 487 636 520 τῇ
654 483 766 528 νηστείᾳ
787 482 890 519 συμϐε-

71 527 190 572 ῦλημένην
203 534 254 570 τὴν
271 533 391 568 ἀδελφὴν
404 532 454 566 τῆς
463 530 590 566 νηστείας
607 530 654 556 καὶ
668 527 812 564 ὁμόζυγον,
839 529 888 562 τὴν

70 582 144 616 εὐχήν.
159 580 207 605 Διά
225 578 307 605 τοῦτο
322 577 368 604 καὶ
388 578 401 604 6
415 575 531 611 Χριστός
552 582 628 610 φησιο
646 573 682 601 Τὸ
697 573 785 608 γένος
800 571 888 599 τοῦτο

69 628 113 653 ci'x
136 623 298 658 ἐξέρχεται,
317 623 344 649 εί
365 621 407 656 μὴ
429 621 463 647 ἐν
485 618 642 654 προσευχῇ
669 617 719 645 καὶ
748 616 886 650 νηστείᾳ.

70 671 138 696 Ὅταν
149 666 193 694 οὖν
213 667 279 699 τοὺς
301 665 447 701 πολεμίους
465 665 514 700 τῆς
537 663 675 699 σωτηρίας
688 662 738 697 τῆς
750 661 888 697 ἡμετέρας

69 713 139 744 οὕτως
148 711 257 746 ἐλαύνῃ,
272 711 322 737 καὶ⁵
338 711 393 742 τοῖς
407 708 513 744 ἐχθροῖς
527 707 576 742 τῆς
589 707 662 742 ζωῆς
676 707 693 741 ή
698 706 757 741 μῶν
771 705 857 737 οὕτως

69 756 164 792 φοϐερὰ,
183 755 271 790 φιλεῖν
295 754 380 789 αὐτὴν
397 753 444 780 καὶ
466 751 649 784 ἀσπάζεσθαι,
665 751 726 786 οὐχὶ
739 751 888 777 δεδοικέναι

68 802 119 837 χρή’
130 801 152 827 εἰ
171 800 225 834 γὰρ
240 798 384 833 φοὸεῖσθαι
406 797 446 824 δεῖ
467 796 551 832 μέθην
570 796 617 823 καὶ
632 795 799 830 ἀδηφαγίαν,
828 793 890 828 οὐχὶ

68 845 175 880 νηστείαν
186 842 332 878 φοϐεῖσθαι
348 842 412 878 χρή.
431 840 536 876 Ἐκείνη
549 840 597 875 μὲν
609 839 664 875 γὰρ
673 839 761 865 ὀπίσω
775 838 825 870 τὰς
833 839 889 873 χεῖ-

69 897 108 925 (/1;
130 887 203 923 ὴμῶν
220 887 342 922 δήσασα,
366 887 400 921 τῇ
417 884 553 920 τυραννίδι
566 883 619 910 τῶν
642 882 747 914 παθῶν,
761 882 888 918 καθάπερ

69 934 109 960 τινὶ
126 931 248 967 δεσποίνῃ
275 930 396 966 χαλεπῇ,
416 929 526 960 δούλους
542 928 588 955 καὶ
610 926 800 963 αἰχμαλώτους
815 926 888 952 ἐκδί-

67 977 140 1002 δωσιν·
157 975 209 1011 ἡδὲ
221 974 340 1010 νηστεία.
350 973 426 1010 [510]
440 972 614 1004 δουλεύοντας
630 972 646 1006 ή
651 972 705 1006 μᾶς
715 971 761 998 καὶ
776 970 889 1006 δεδεμέ-

69 1031 117 1053 νους
137 1020 262 1056 εὑροῦσα,
283 1019 378 1055 ἀνίησι
392 1018 446 1045 τῶν
466 1017 584 1053 δεσμῶν,
599 1017 766 1044 ἀπαλλάττει
780 1015 829 1051 τῆς
840 1024 887 1042 τυ-

69 1066 177 1100 ραννίδος,
190 1065 238 1091 καὶ
254 1064 329 1100 πρὸς
342 1063 391 1099 τὴν
406 1062 564 1097 ἐλευθερίαν
576 1062 708 1095 ἐπανάγει
722 1060 773 1095 τὴν
787 1060 887 1096 προτέ-

69 1119 116 1146 ραν.
132 1109 212 1136 Ὀταν
225 1106 274 1135 οὖν
294 1108 342 1135 καὶ
360 1108 415 1139 τοῖς
428 1106 534 1142 ἐχθροῖς
546 1106 562 1141 ἡ
567 1105 624 1141 μῶν
638 1105 754 1140 πολεμῇ,
768 1104 815 1131 καὶ
828 1104 888 1131 δου-

67 1155 126 1185 λείας
139 1152 310 1187 ἀπαλλάττῃ,
326 1151 374 1178 καὶ
391 1150 459 1186 πρὸς
478 1148 636 1185 ἐλευθερίαν
651 1148 786 1183 ἐπανάγῃ,
809 1147 888 1174 ποίαν

69 1198 145 1232 ἑτέραν
158 1195 269 1231 μείζονα
284 1195 378 1229 ζητεῖς
401 1192 537 1226 ἀπόδειξιν
550 1193 599 1228 τῆς
613 1192 704 1227 φίλιας
723 1191 817 1224 αύτοῦ,
839 1191 888 1226 τῆς

130 1241 157 1266 τὸ
169 1240 246 1274 γένος
259 1239 296 1265 τὸ
313 1238 463 1274 ἡμέτερον;
473 1237 601 1273 ,Μεγίστη
615 1236 669 1272 γὰρ
682 1236 772 1271 φιλίας
781 1235 888 1263 ἀπόδει-

67 1285 97 1318 ξις
108 1283 169 1311 εἶναι
180 1284 255 1311 δοκεῖ
269 1283 305 1310 τὸ
319 1283 384 1315 τοὺς
396 1283 494 1314 αὐτοὺς
511 1282 575 1317 ἡμῖν
587 1281 674 1316 φιλεῖν
694 1280 741 1307 καὶ
756 1281 855 1316 μισεῖν.

94 1356 176 1382 Βούλει
193 1355 302 1391 μαθεῖν,
311 1355 375 1386 ὅσος
392 1353 494 1389 κόσμος
509 1353 663 1388 ἀνθρώποις
678 1353 694 1388 ἠ
708 1352 888 1388 νηστεία,ὅση

67 1399 156 1435 φυλακὴ
186 1399 233 1425 καὶ
258 1398 418 1432 ἀσφάλεια;
451 1397 577 1432 ἐννόησόν
616 1405 661 1432 μοι
695 1396 726 1423 τὸ
753 1396 888 1432 μακάριον

68 1445 104 1470 καὶ
118 1442 267 1478 θαυμαστὸν
283 1442 343 1469 τῶν
363 1441 535 1477 μοναζόντων
549 1440 638 1474 γένος.
658 1436 739 1467 Οὗτοι
755 1441 810 1477 γάρ
824 1442 889 1473 τοὺς

67 1488 89 1513 ὲν
99 1487 164 1522 μέσῳ
177 1486 312 1522 θορύϐους
328 1485 472 1520 φυγόντες,
487 1485 534 1512 καὶ¹
552 1484 620 1520 πρὸς
633 1484 682 1516 τὰς
698 1485 821 1520 κορυφὰς
834 1485 889 1512 τῶν

67 1530 137 1564 ιρέων
154 1530 360 1565 ἀναδραμόντες
370 1549 377 1559 ,
392 1529 439 1555 καὶ
456 1528 507 1560 τὰς
523 1527 644 1559 καλύϐας
661 1528 691 1554 ἐν
709 1530 742 1563 τῇ
756 1529 806 1563 τῆς
821 1530 889 1565 ἐρη-

69 1574 120 1609 μίας
132 1574 238 1609 ἠσυχίᾳ,
257 1573 389 1608 καθάπερ
404 1573 433 1600 ἐν
451 1572 573 1607 εὐδιεινῷ
589 1580 641 1598 τινι
654 1571 745 1607 λιμένι
765 1573 889 1608 πηξάμε-

67 1627 107 1650 νοι,
118 1617 212 1652 ταύτην
235 1616 411 1651 συνέμπορον
424 1617 471 1642 καὶ
488 1615 669 1649 συγκοινωνὸν
683 1615 730 1642 τοῦ
746 1615 804 1650 βίου
822 1624 889 1642 παν-

67 1662 102 1693 τὸς
115 1661 211 1687 ἔλαϐον.
237 1659 392 1694 Τοιγαροῦν
411 1659 458 1685 καὶ¹
474 1658 607 1693 ἀγγέλους
622 1659 720 1690 αὐτοὺς
733 1659 764 1691 ἐξ
785 1659 889 1695 ἀνθρώ-

68 1714 114 1732 πων
127 1704 260 1740 ἐποίησεν,
279 1705 334 1730 οὐκ
347 1703 466 1735 ἐκείνους
477 1703 505 1729 δέ
519 1703 629 1738 μόνους,
644 1703 713 1730 ἀλλά
725 1704 772 1730 καὶ
783 1705 812 1730 ἐν
828 1705 889 1735 ταῖς

68 1750 159 1775 πόλεσιν
172 1750 249 1780 ὅσους
267 1748 303 1775 ἂν
318 1747 387 1784 εὖρῃ
411 1747 606 1782 προσιεμένους
623 1747 718 1783 αὐτὴν,
735 1748 803 1783 πρὸς
823 1748 890 1774 αὐτὸ

68 1793 107 1828 τῆς
121 1792 276 1828 φιλοσοφίας
302 1792 400 1825 ἀνάγει
416 1791 447 1817 τὸ
463 1790 539 1826 ὕψος.
561 1791 617 1818 Καὶ
628 1791 683 1826 γὰρ
704 1792 825 1826 Μωῡσῆς
842 1792 890 1819 καὶ

73 1841 159 1872 Ἠλίας,
171 1841 196 1867 οἱ
215 1840 322 1876 πύργοι
338 1839 393 1866 τῶν
413 1840 442 1865 ἐν
458 1840 490 1874 τῇ
506 1839 613 1874 ΙΙαλαιᾷ
632 1840 889 1875 προφητῶν,καίτοι

68 1885 104 1911 xx".
116 1884 163 1913 ἀπὸ
169 1884 221 1911 τῶν
233 1885 329 1912 ἄλλων
345 1883 420 1915 ὄντες
434 1883 555 1918 λαμπροὶ
570 1883 616 1910 καὶ
629 1883 750 1918 μεγάλοι,
760 1885 808 1911 καὶ
825 1884 890 1911 πολ-

68 1929 106 1964 λὴν
124 1929 226 1964 ἔχοντες
249 1928 424 1964 παρρησίαν,
438 1927 482 1953 ὅτε
501 1927 644 1954 ἐὸούλοντο
670 1927 831 1963 προσελθεῖν
851 1929 889 1964 τῷ

68 1974 114 2009 Θεῷ
131 1974 173 2000 καὶ
192 1972 388 2007 διαλεχθῆναι,
406 1971 443 2002 ὡς
468 1970 604 2006 ἀνθρώπῳ
626 1971 737 1998 δυνατὸν
752 1970 803 2007 ἦν,
821 1973 889 2008 πρὸς

67 2015 151 2050 ταύτην
165 2015 324 2048 κατέφυγον
334 2034 342 2046 ,
358 2013 405 2039 καὶ
421 2012 464 2038 διὰ
478 2012 533 2039 τῶν
549 2013 652 2048 ταύτης
666 2013 742 2049 αύτῷ
756 2015 890 2049 προσεφέ-

68 2067 130 2092 ροντο
142 2058 248 2094 χειρῶν.
263 2057 319 2084 Διά
331 2057 411 2084 τοῦτο
426 2056 474 2084 καλ⁴
486 2057 499 2083 6
512 2056 578 2088 Θεὸς
588 2057 634 2084 τὸν
647 2058 790 2093 ἄνθρωπον
805 2059 889 2086 ποιῶν

67 2104 91 2135 ἐξ
102 2105 190 2138 ἀρχῆς,
200 2104 307 2135 εὐθέως
320 2103 402 2129 αὑτὸν
415 2104 474 2134 ταῖς
486 2102 537 2137 τῆς
549 2102 677 2138 νηστείας
692 2102 783 2139 φέρων
800 2112 890 2139 παρα-

67 2148 178 2174 κατέθετο
192 2147 302 2184 χερσὶν,
320 2146 415 2182 ῶσπερ
433 2146 602 2182 φιλοστόργῳ
619 2146 703 2182 μητρὶ
723 2147 770 2173 καὶ
787 2147 887 2184 ἀρίστῃ

66 2191 198 2227 διδασκάλῳ
210 2191 262 2227 τὴν
287 2191 395 2217 ἐκείνου
416 2190 553 2226 σωτηρίαν
574 2190 735 2226 ἐγχειρίζων
757 2192 836 2227 αὐτῇ.
852 2192 889 2218 Τὸ

66 2235 119 2270 γὰρ,
139 2237 205 2263 Ἀπὸ
226 2234 346 2268 παντὸς
365 2235 460 2267 ξύλου
478 2235 532 2262 τοῦ
551 2234 736 2269 παραδείσου
751 2241 764 2256 ι
775 2235 889 2270 βρώσει

67 2278 142 2313 ραγῇ,
158 2279 215 2306 ἀπὸ
231 2279 267 2305 δὲ
281 2278 338 2305 τοῦ
354 2278 449 2311 ξύλου
473 2278 528 2305 τοῦ
548 2277 707 2313 γινώσκειν
728 2279 826 2306 καλὸν
838 2281 887 2307 καί

67 2323 182 2356 πονηρὸν
195 2325 231 2350 οὐ
258 2322 412 2358 φὰγεσθε·
433 2322 560 2358 νηστείας
580 2320 650 2354 εἶδός
663 2324 747 2350 ἐστιν.
766 2324 798 2351 Et
816 2325 845 2352 δὲ
858 2326 887 2352 ἐν

68 2368 204 2404 παραδείσῳ
216 2367 358 2402 ἀναγκαία
369 2369 386 2402 ἡ
399 2368 521 2403 νηστεία,
534 2367 623 2403 πολλῷ
637 2368 738 2404 μᾶλλον
750 2370 829 2402 ἐκτὸς
838 2370 887 2397 τοῦ

67 2411 213 2446 παραδείσου
229 2420 237 2428 ⁸
255 2413 282 2439 ει
301 2411 357 2448 πρὸ
373 2412 422 2447 τῆς
445 2411 553 2447 πληγῆς
569 2413 703 2448 χρήσιμον
724 2413 756 2439 τὸ
778 2414 888 2450 φάρμα-

67 2462 114 2487 κον,
132 2455 218 2491 πολλῷ
241 2456 346 2492 μᾶλλον
364 2455 436 2491 μετὰ
455 2455 506 2491 τὴν
524 2455 647 2491 πληγήν
663 2457 687 2483 εί
712 2457 824 2492 μηδέπω
839 2459 885 2486 τοῦ

68 2499 168 2534 πολέμου
181 2499 235 2527 τῶν
251 2499 408 2535 ἐπιθυμιῶν
421 2499 586 2530 ἀναστάντος
603 2500 755 2536 ἐπιτήδειον
771 2502 837 2537 ἡμῖν
856 2503 887 2529 τὸ

67 2542 134 2569 ὅπλον
151 2541 194 2578 ἦν,
209 2543 300 2579 πολλῷ
321 2543 421 2578 μᾶλλον
437 2542 507 2578 μετὰ
519 2543 568 2579 τὴν
581 2544 716 2579 τοσαύτην
731 2545 821 2580 μάχην
836 2546 886 2581 τὴν

41 2597 47 2607 ι
68 2586 112 2612 ἀπὸ
124 2587 174 2613 τῶν
187 2586 343 2623 ἐπιθυμιῶν
354 2607 361 2619 ,
372 2586 422 2622 τὴν
436 2586 489 2613 ἀπὸ
504 2586 557 2613 τῶν
579 2587 715 2622 δαιμόνων
725 2609 732 2621 ,
746 2589 885 2623 ἀναγκαία

67 2630 80 2663 ἡ
93 2630 159 2665 παρὰ
172 2631 219 2666 τῆς
230 2631 361 2666 νηστείας
383 2630 536 2665 συμμαχία.
553 2630 584 2656 Εἰ
600 2630 701 2666 ταύτης
713 2632 814 2667 ἤκουσε
835 2634 886 2668 τῆς

68 2675 145 2709 φωνῆς
159 2674 173 2699 6
191 2675 287 2710 Ἀδάμ,
302 2674 354 2700 οὐκ
369 2674 402 2701 ἂν
417 2674 516 2709 ἢκουσε
529 2674 576 2708 τῆς
592 2674 720 2710 δευτέρας
729 2676 779 2711 τῆς
790 2676 885 2710 λεγού-

69 2724 120 2751 σης.
129 2717 170 2751 Γῆ
180 2716 215 2750 εί,
228 2718 278 2744 καὶ
290 2719 334 2750 εις
345 2717 404 2753 γῆν·
416 2717 570 2752 ἁπελεύσῃ
583 2726 591 2733 ·
604 2717 661 2744 ἀλλ’
672 2719 767 2754 ἐπειδὴ
781 2720 883 2756 ταύτης

69 2762 219 2796 ταρήκουσε,
237 2762 282 2791 διὰ
296 2762 375 2789 τοῦτο
389 2762 502 2794 θάνατος
520 2763 566 2789 καὶ
583 2763 723 2798 φροντίδες
744 2765 790 2791 καὶ
807 2765 883 2792 πόνοι

70 2805 107 2831 καὶ
127 2806 236 2841 ἀθυμίαι
259 2806 307 2833 καὶ
327 2805 386 2842 ζωὴ
407 2805 521 2833 θανάτου
546 2807 646 2838 παντὸς
671 2806 823 2844 βαρυτέρα·
839 2808 882 2838 διὰ

95 2879 105 2893 ⁸
117 2885 177 2912 {Inus
192 2888 282 2920 Regius
294 2891 321 2914 el
331 2887 408 2914 Savil.
423 2886 464 2912 τοῦ
475 2887 497 2913 ἰν
507 2888 541 2921 τῷ
553 2887 697 2920 παραδείσῳ.

663 160 708 188 DE
726 155 965 187 PCENITENTIA.
982 157 1098 186 HOMIL.
1119 159 1151 187 ν.

1729 159 1781 189 608

942 215 1023 243 τοῦτο
1041 216 1158 244 ἄκανθαι
1171 215 1218 243 καὶ
1229 216 1359 252 τρίὸολοι,
1377 217 1422 244 διὰ
1436 218 1515 246 τοῦτο
1529 219 1606 246 πόνοι
1621 220 1669 248 καὶ
1685 219 1779 255 ὠδῖνες

942 259 989 285 καὶ
1005 259 1062 294 βίος
1073 259 1231 294 ἐπίμοχθος.

978 302 1056 334 Εἶδες
1074 304 1133 335 πῶς
1148 305 1162 330 6
1176 303 1243 335 Θεὸς
1263 304 1413 338 ἀγανακτεῖ
1427 308 1555 342 νηστείας
1573 307 1756 344 ὑϐριζομένης
1770 317 1778 342 ;

943 346 1013 380 μάθε
1027 348 1074 374 καὶ
1087 347 1146 379 πῶς
1159 347 1334 383 εὐφραίνεται
1350 351 1476 384 νηστείας
1494 352 1663 388 τιμωμένης.
1674 352 1781 389 ’Ὠσπερ

940 390 995 426 γάρ
1006 391 1184 426 ὑϐρισθείσης
1201 392 1286 427 αὐτῆς
1301 392 1418 420 θάνατον
1441 394 1560 430 ἐπέθηκε
1581 395 1620 430 τῷ
1637 395 1780 431 ὑϐρίσαντι

939 433 970 460 τὸ
992 434 1147 470 ἐπιτίμιον,
1170 434 1242 462 οὕτω
1267 435 1349 462 πάλιν
1367 437 1530 472 τιμηθείσης
1554 438 1640 474 αὐτῆς
1664 438 1780 466 θάνατον

940 477 1133 505 ἀνεκαλέσατο.
1154 479 1209 505 Καὶ
1228 479 1283 515 γάρ
1297 479 1460 516 βουλόμενός
1479 490 1520 508 σοι
1537 480 1623 514 δεῖξαι
1636 482 1684 509 τοῦ
1707 483 1780 518 πρά-

940 527 1047 555 γματος
1060 521 1111 557 τὴν
1134 521 1260 557 δύναμιν,
1279 522 1380 549 ἔδωκεν
1395 522 1521 555 ἐξουσίαν
1537 525 1606 560 αὐτῇ
1626 525 1697 559 μετὰ
1713 525 1780 552 ἀπό⁴

940 572 1033 598 φασιν,
1047 565 1117 600 μετὰ
1141 566 1302 602 ἀπαγωγὴν,
1318 567 1383 598 τοὺς
1398 568 1590 603 ἀπαγομένους
1606 568 1655 603 τὴν
1669 569 1716 595 ἐπὶ
1730 569 1780 596 θά-

940 616 1020 635 νατον
1034 610 1066 635 ἐκ
1080 609 1166 645 μέσης
1179 610 1335 646 ἀναρπάσαι
1346 611 1397 645 τῆς
1406 611 1479 644 ὁδοῦ,
1491 612 1615 648 καὶπρὸς
1628 612 1700 648 ζωὴν
1712 621 1779 647 μετ·

939 653 1068 687 αγαγεῖν·
1084 654 1131 680 καὶ
1149 653 1228 680 τοῦτο
1241 655 1291 681 οὐκ
1306 655 1352 681 ἐπὶ
1369 655 1425 688 δύο,
1443 655 1460 690 ἢ
1475 656 1523 682 καὶ
1537 656 1621 691 τριῶν
1638 657 1686 683 καὶ
1705 657 1778 683 εἰκο-

941 704 983 722 σιν
997 696 1148 732 ἀνθρώπων
1166 698 1304 733 ἐποίησεν,
1320 698 1388 725 ἀλλὰ
1402 699 1450 725 καὶ
1462 700 1546 735 δῆμον
1558 700 1716 736 ὁλόκληρον,
1729 699 1779 736 τὴν

939 740 993 766 τῶν
1008 741 1159 768 Νινευῖτῶν
1174 742 1250 768 πόλιν
1266 742 1388 778 μεγάλην
1408 743 1456 770 καὶ
1473 743 1633 780 θαυμαστὴν
1652 745 1699 771 ἐπὶ
1712 745 1777 779 γόνυ

939 785 1079 820 κειμένην,
1091 787 1157 822 παρ’
1167 787 1234 813 αὐτὸ
1247 787 1277 813 τὸ
1293 786 1430 823 βάραθρον
1445 788 1493 823 τὴν
1507 788 1627 823 κεφαλὴν
1639 788 1777 821 κλίνασαν,

939 828 986 855 καὶ
1002 829 1152 864 μέλλουσαν
1166 831 1215 866 τὴν
1228 831 1332 858 ἄνωθεν
1345 831 1499 867 φερομένην
1516 833 1642 867 δέχεσθαι
1657 833 1776 868 πληγὴν,

939 871 1064 909 καθάπερ
1079 882 1122 905 τις
1143 874 1247 901 ἄνωθεν
1261 876 1400 902 ἐπιπτᾶσα
1422 875 1552 911 δύναμις,
1566 876 1613 902 καὶ
1635 875 1666 908 ἐξ
1686 877 1778 903 αὐτῶν

937 920 1046 954 ἥρπασε
1071 919 1126 946 τῶν
1142 920 1189 947 τοῦ
1207 920 1324 947 θανάτου
1349 920 1424 957 [511]
1445 921 1556 953 πυλῶν,
1570 922 1619 949 καὶ
1636 921 1705 958 πρὸς
1727 922 1778 958 τὴν

938 962 1010 997 ζωὴν
1025 963 1210 998 ἐπανήγαγεν.
1237 964 1307 990 Ἀλλ’
1328 965 1352 990 εί
1367 965 1450 996 δοκεῖ,
1462 965 1509 992 καὶ
1526 965 1576 999 τῆς
1590 965 1711 1001 ἱστορίας
1727 966 1778 992 αὺ-

937 1007 987 1041 τῆς
1006 1007 1214 1042 ἐπακούσωμεν.
1228 1008 1281 1034 Καὶ
1296 1008 1431 1043 ἐγένετο,
1444 1009 1522 1043 φησὶ,
1537 1009 1630 1042 λόγος
1652 1010 1775 1044 Κυρίου,

938 1049 1013 1084 πρὸς
1034 1050 1138 1077 Ἰωνᾶν
1153 1051 1249 1085 λέγων
1267 1060 1273 1066 ·
1299 1051 1460 1086 Ἀνάστηθι
1481 1052 1530 1079 καὶ
1550 1053 1710 1088 πορεύθητι
1732 1055 1777 1086 εὶς

937 1093 1041 1120 Νινευῒ
1066 1093 1123 1128 τὴν
1161 1096 1253 1121 πόλιν
1286 1095 1344 1129 τὴν
1377 1095 1524 1131 μεγάλην.
1554 1095 1662 1129 Εὐθέως
1694 1097 1776 1124 αὑτὸν

938 1137 991 1164 ἀπὸ
1017 1137 1064 1164 τοῦ
1091 1138 1223 1173 μεγέθους
1255 1139 1307 1174 τῆς
1328 1139 1433 1172 πόλεως
1457 1140 1618 1176 δυσωπῆσαι
1639 1140 1775 1175 βούλεται,

938 1182 986 1217 τὴν
1007 1181 1157 1217 μέλλουσαν
1178 1182 1312 1217 προειδὼς
1340 1183 1387 1209 τοῦ
1413 1183 1553 1219 προφήτου
1583 1185 1684 1220 φυγήν.
1704 1185 1775 1212 ’Δλλ’

939 1225 1102 1260 ἀκούσωμεν
1118 1226 1165 1252 καὶ
1181 1225 1227 1252 τοῦ
1241 1226 1418 1262 κηρύγματος
1430 1235 1437 1242 ·

975 1309 1037 1335 Ἔτι
1051 1308 1130 1343 τρεῖς
1148 1309 1267 1343 ἡμέραι,
1283 1309 1331 1336 καί
1359 1309 1462 1336 Νινευῒ
1483 1311 1774 1346 καταστραφήσεται.

938 1352 993 1379 Καὶ
1005 1352 1078 1384 τίνος
1091 1353 1185 1379 ἕνεκεν
1201 1353 1219 1379 ἃ
1229 1353 1336 1388 μέλλεις
1353 1353 1428 1380 δεινὰ
1441 1356 1529 1381 ποιεῖν
1545 1355 1689 1391 προλέγεις
1699 1365 1706 1389 ;
1717 1356 1776 1383 Ἵνα

940 1395 977 1431 μὴ
995 1397 1099 1431 ποιήσω
1127 1396 1145 1423 ἃ
1161 1397 1297 1432 προλέγω.
1321 1397 1370 1424 Διά
1387 1396 1466 1425 τοῦτο
1481 1399 1529 1425 καὶ
1542 1399 1653 1433 γέενναν
1662 1400 1777 1436 ἠπείλη-

939 1448 995 1472 σεν,
1016 1440 1060 1467 ἵνα
1078 1440 1116 1476 μὴ
1141 1441 1274 1477 ἀπαγάγῃ
1298 1442 1339 1473 είς
1363 1441 1477 1476 γέενναν
1495 1450 1502 1457 ο
1521 1443 1657 1476 Φοὸείτω,
1673 1443 1775 1479 φησὶν,

939 1485 1012 1519 ὑμᾶς
1027 1485 1062 1511 τὰ
1074 1485 1195 1520 ῥήματα,
1211 1485 1258 1511 καὶ
1276 1485 1313 1520 μὴ
1335 1485 1457 1513 λυπείτω
1472 1486 1506 1513 τὰ
1520 1487 1681 1522 πράγματα.
1697 1488 1776 1521 Τίνος

937 1528 967 1555 δέ
980 1528 1074 1555 ’ἐνεκεν
1093 1528 1142 1554 καὶ
1157 1528 1209 1564 τὴν
1227 1528 1397 1564 προθεσμίαν
1413 1530 1453 1561 είς
1469 1529 1540 1556 οὕτω
1559 1531 1651 1558 στενὸν
1665 1532 1776 1567 συνάγει

938 1572 1033 1607 χρόνον
1044 1580 1051 1605 ;
1064 1573 1122 1599 Ἵνα
1134 1573 1180 1599 καὶ
1196 1573 1246 1609 τὴν
1259 1573 1313 1599 τῶν
1327 1573 1473 1609 βαρϐάρων
1486 1574 1575 1611 μάθῃς
1587 1575 1698 1611 ἀρετὴν,
1711 1575 1777 1613 βαρ-

939 1616 1030 1649 ϐάρων
1048 1616 1120 1650 λέγω
1135 1617 1189 1643 τῶν
1201 1617 1352 1644 Νινευῖτῶν
1368 1619 1397 1644 ἐν
1412 1619 1501 1653 τρισὶν
1515 1619 1632 1654 ήμέραις
1647 1620 1776 1656 δυνηθέν-

938 1669 994 1687 των
1003 1659 1139 1695 τοσαύτην
1155 1661 1363 1696 ἁμαρτημάτων
1381 1661 1466 1697 ὀργὴν
1480 1663 1639 1695 καταλῦσαι,
1667 1664 1715 1690 καὶ
1726 1664 1776 1700 τὴν

938 1704 986 1731 τοῦ
1000 1704 1068 1731 Θεοῦ
1086 1704 1292 1740 φιλανθρωπίαν
1307 1705 1450 1741 θαυμάσῃς
1464 1707 1592 1742 μετανοίᾳ
1607 1708 1690 1742 τριῶν
1705 1709 1775 1744 ἡμε-

941 1748 995 1785 ρῶν
1014 1747 1193 1784 ἀρκεσθέντος
1214 1748 1284 1784 ὑπὲρ
1309 1749 1444 1776 τοσούτων
1458 1750 1712 1786 πλημμελημάτων,
1729 1753 1776 1780 καὶ

939 1793 1021 1824 αὐτὸς
1035 1792 1072 1828 μὴ
1084 1792 1242 1828 καταπέσῃς
1257 1794 1297 1824 είς
1310 1793 1476 1827 ἀπόγνωσιν,
1487 1794 1539 1821 κᾶν
1558 1795 1642 1830 μυρία.
1651 1796 1776 1832 ἡμαρτη‹

940 1835 996 1868 κὼς
1008 1833 1052 1872 ᾖς.
1066 1836 1173 1871 ’Ὠσπερ
1188 1836 1242 1871 γάρ
1255 1837 1270 1862 6
1284 1836 1388 1872 νωθρὸς
1401 1836 1451 1871 τὴν
1465 1837 1553 1873 ψυχὴν
1571 1839 1618 1865 καὶ
1633 1839 1775 1875 ὀλίγωρος,

940 1879 992 1907 κᾶν
1020 1879 1103 1906 πολὺν
1125 1879 1195 1915 λάῦῃ
1220 1880 1289 1915 πρὸς
1313 1880 1457 1915 μετάνοιαν
1485 1882 1590 1916 χρόνον,
1612 1882 1687 1910 οὐδὲν
1703 1883 1776 1918 μέγα

940 1923 1095 1959 ἐργάζεται,
1109 1923 1171 1950 οὐδὲ
1194 1923 1358 1957 καταλλάξει
1373 1925 1420 1951 τὸν
1436 1925 1503 1952 Θεὸν
1518 1925 1606 1961 ἑαυτῷ
1628 1926 1673 1953 διὰ
1688 1927 1775 1962 ῥαθυ-

941 1968 1006 2002 μίαν
1017 1976 1024 1983 ⁸
1041 1967 1128 1999 οὕτως
1142 1968 1156 1994 6
1174 1967 1385 2004 διεγηγερμένος
1408 1969 1456 1995 καὶ
1478 1970 1512 2004 τῇ
1536 1970 1675 2006 προθυμίᾳ
1693 1971 1774 2005 ζέων,

940 2011 987 2038 καὶ
1002 2011 1071 2047 μετά
1085 2011 1186 2046 πολλῆς
1198 2012 1248 2047 τῆς
1259 2012 1376 2048 σπουδῆς
1393 2012 1442 2047 τὴν
1461 2014 1606 2048 μετάνοιαν
1620 2014 1775 2042 ἐπιδεικνύ-

941 2064 1030 2090 μενος,
1046 2055 1093 2082 καὶ
1109 2056 1138 2082 ἐν
1153 2055 1269 2092 βραχείᾳ
1287 2055 1383 2091 καιροῦ
1402 2057 1471 2092 ῥοπῇ
1488 2056 1586 2083 πολλοῦ
1601 2058 1697 2093 χρόνου
1721 2067 1775 2087 πα-

940 2097 1111 2135 ραπτώματα
1125 2099 1256 2133 ἀφανίσαι
1278 2098 1432 2134 δυνήσεται.
1453 2099 1520 2134 Οὐχὶ
1537 2099 1626 2135 τρίτον
1639 2101 1654 2126 6
1672 2101 1778 2137 Πέτρος,

939 2142 1090 2177 ὴρνήσατο;
1102 2142 1161 2177 οὐχὶ
1173 2142 1232 2176 μεθ’
1242 2142 1325 2177 ὅρκου
1340 2142 1370 2169 τὸ
1381 2143 1471 2177 τρίτον
1481 2151 1488 2176 ;
1499 2143 1559 2178 ούχὶ
1572 2143 1773 2180 θεραπαινιδίου

938 2185 1010 2217 τινὸς
1024 2185 1149 2218 εὐτελοῦς
1160 2186 1270 2221 ῥήματα
1282 2185 1391 2218 δείσας;
1404 2186 1436 2212 Τί
1449 2184 1494 2213 οὖν
1504 2195 1511 2220 ;
1522 2188 1653 2215 ἐνιαυτῶν
1666 2189 1779 2219 πολλῶνΓ

939 2226 1047 2262 ἐδέησεν
1063 2227 1136 2262 αύτῷ
1153 2228 1220 2262 πρὸς
1236 2227 1399 2263 μετάνοιαν;
1423 2228 1570 2263 Οὐδαμῶς·
1584 2229 1643 2256 ἀλλ’
1654 2230 1722 2266 αὐτῇ
1737 2233 1777 2269 τῇ⁴

939 2270 1015 2298 νυκτὶ
1030 2271 1077 2297 καὶ
1087 2270 1221 2306 ώλίσθησε
1237 2271 1284 2298 καὶ
1301 2271 1412 2307 ἀνέστη,
1427 2272 1475 2299 καὶ
1489 2272 1538 2307 τὴν
1551 2272 1657 2309 πληγὴν
1674 2275 1722 2301 καὶ
1741 2276 1772 2302 τὸ

938 2315 1083 2350 φάρμακον
1097 2313 1214 2348 ἐδέξατο,
1221 2315 1268 2342 καὶ
1281 2315 1508 2350 ἠρρώστησε,κα“ι
1522 2316 1591 2352 πρὸς
1602 2310 1652 2352 τὴν
1666 2317 1777 2352 ὑγίειαν,

937 2359 1080 2395 ἐπανῆλθε.
1093 2359 1155 2391 Πῶς
1177 2360 1224 2386 καὶ
1234 2360 1294 2387 τίνα
1305 2360 1420 2395 τρόπον;
1434 2360 1562 2393 Κλαύσας
1573 2363 1620 2393 καὶ
1635 2363 1772 2400 ἀποδυρά-

939 2411 1017 2438 μενος
1026 2413 1032 2418 ·
1050 2403 1150 2439 μᾶλλον
1164 2403 1192 2430 δέ
1202 2404 1232 2430 ού
1249 2403 1370 2435 κλαύσας
1384 2404 1487 2438 ἁπλῶς,
1503 2404 1570 2432 ἀλλὰ
1582 2406 1653 2441 μετά
1669 2407 1770 2443 πολλῆς

938 2446 1054 2482 σπουδῆς
1061 2447 1107 2474 καὶ
1114 2447 1259 2479 διαθέσεως
1268 2456 1275 2464 ·
1286 2448 1334 2474 καὶ
1345 2447 1389 2474 διὰ
1402 2448 1480 2475 τοῦτο
1491 2450 1505 2476 6
1517 2449 1713 2486 εὐαγγελιστὴς
1720 2452 1771 2479 οὐκ

937 2489 1023 2523 εἶπεν,
1038 2491 1079 2517 ὅτι
1100 2491 1232 2519 ἔκλαυσεν
1254 2492 1358 2525 ἁπλῶς,
1377 2492 1445 2525 ἀλλ’,
1469 2494 1624 2522 Ἕκλαυσε
1646 2496 1768 2530 πικρῶς.

936 2536 990 2562 Καὶ
1001 2536 1109 2571 ποταπὴ
1124 2536 1178 2563 τῶν
1193 2536 1318 2572 δακρύων
1334 2538 1447 2567 ἐκείνων
1464 2538 1615 2574 ἡδύναμις,
1632 2541 1709 2575 φησὶ,
1726 2541 1771 2568 λό-

936 2588 983 2614 γος
1006 2581 1055 2615 μὲν
1076 2580 1164 2612 οὐδεὶς
1180 2582 1353 2618 παραστῆσαι
1370 2583 1559 2620 δυνήσεται-ὴ
1577 2585 1606 2612 δὲ
1621 2585 1675 2613 τῶν
1699 2595 1771 2621 πρα-

935 2624 1048 2659 γμάτων
1062 2624 1174 2657 ἔκϐασις
1188 2625 1310 2652 δείκνυσι
1330 2626 1432 2661 σαφῶς.
1447 2628 1525 2655 Μετὰ
1538 2629 1593 2664 γὰρ
1609 2629 1639 2655 τὸ
1651 2630 1771 2665 χαλεπὸν

935 2668 1022 2695 ἐκεῖνο
1039 2668 1138 2703 πτῶμα
1156 2676 1162 2683 ·
1178 2670 1320 2705 ἀρνήσεως
1341 2670 1396 2706 γὰρ
1417 2671 1493 2698 οὐδὲν
1519 2672 1575 2698 ἴσον
1595 2674 1680 2700 κακόν
1691 2682 1699 2688 ·
1710 2674 1768 2702 ἀλλ’

934 2712 1009 2746 ὅμως
1027 2711 1096 2748 μετὰ
1110 2713 1236 2740 τοσοῦτον
1251 2713 1335 2740 κακὸν
1350 2715 1430 2741 πάλιν
1450 2715 1532 2743 αὐτὸν
1549 2717 1617 2752 πρὸς
1625 2717 1675 2752 τὴν
1695 2727 1767 2753 προ-

933 2756 1015 2792 τέραν
1025 2757 1183 2792 ἐπανήγαγε
1200 2758 1291 2793 τιμὴν,
1307 2759 1353 2785 καὶ
1368 2759 1418 2795 τὴν
1437 2761 1597 2789 ἐπιστασίαν
1616 2762 1665 2798 τῆς
1678 2764 1770 2792 οἰκουι

935 2801 1049 2835 μενικῆς
1078 2801 1240 2836 Ἐκκλησίας
1265 2803 1414 2838 ἐνεχείρισε
1430 2812 1437 2820 ·
1451 2804 1498 2831 καὶ
1513 2804 1528 2830 ὃ
1543 2805 1653 2833 πάντων
1675 2807 1768 2842 μεῖζόν

932 2844 1017 2875 ἐστιν.
1029 2844 1168 2877 ἀπέδειξεν
1182 2847 1247 2881 ἡμῖν
1257 2846 1338 2873 αὑτὸν
1350 2847 1435 2874 πλείω
1447 2848 1501 2874 τῶν
1513 2849 1669 2877 ἀποστόλων
1679 2851 1769 2879 ἀπάνι-

933 2895 986 2915 των
1001 2887 1096 2924 ἔχοντα
1112 2889 1161 2926 τὴν
1175 2890 1220 2926 ,είς
1234 2890 1279 2918 τὸν
1294 2890 1432 2927 Δεσπότην
1458 2892 1579 2928 ἀγάπην.
1595 2893 1687 2927 Πέτρε
1701 2895 1768 2927 γάρ.
