1978 3130
148 188 194 215 10')
759 187 804 215 DE
822 186 957 215 NENITI

1015 185 1058 212 I‘A.
1080 183 1196 212 HOMIL.
1219 183 1249 210 V.

149 254 206 273 eum
219 252 280 280 erga
297 245 445 274 Dominum
464 246 592 282 majorem
606 253 684 281 quam
698 253 792 273 omnes
811 244 946 279 apostolos

151 292 283 318 caritatem
303 291 446 320 habuisse.
469 293 554 326 Patre,
572 292 672 327 inquit,
686 292 772 326 diligis
786 299 826 318 me
839 290 895 326 plus
909 290 947 317 liis

154 337 239 371 (Joan.
253 337 298 363 2i.
311 337 376 372 15)?
387 338 459 367 Huic
471 343 559 366 autem
573 338 605 365 ad
620 338 723 364 virtutis
739 337 868 363 rationem
883 335 946 362 nihil

153 391 214 411 sane
229 391 276 418 par
290 384 382 411 fuerit.
400 385 460 419 Quo
470 392 533 411 vero
546 384 655 411 minime
669 382 742 410 dicas
754 382 849 409 merito
865 382 947 408 Deum

153 430 274 457 Ninivitis
290 431 436 465 ignovisse,
452 430 572 457 barbaris
586 429 736 456 hominibus
757 432 783 455 et
802 427 949 462 insipienti-

154 476 201 502 bus
217 485 223 501 :
239 475 336 503 Servus
349 477 427 507 enim,
443 476 537 511 inquit,
554 477 665 502 nesciens
676 475 829 501 voluntatem
842 473 947 505 domini,

153 527 174 547 et
190 530 238 547 non
255 522 363 556 faciens,
379 521 506 555 vapulabit
521 521 607 555 paucis
618 520 691 556 (Luc.
707 520 750 547 12.
765 520 828 552 48):
843 522 872 545 ut
886 525 950 552 ergo

154 566 203 592 hoc
230 573 283 593 non
311 566 397 600 dicas,
420 567 526 593 Petrum
550 567 595 593 libi
618 567 644 593 in
666 566 783 592 tnedium
809 569 950 599 propterea

155 612 228 639 duxit
237 612 258 643 ¹,
270 620 379 638 servum
392 613 554 639 voluntatem
569 611 672 638 Domini
684 611 798 637 maxime
809 609 948 636 scientem.

155 656 206 684 Sed
224 662 314 684 tamen
331 657 373 683 hic
385 657 455 684 idem
467 664 578 691 peccans
590 656 705 682 maximo
717 660 836 690 peccato,
849 653 951 688 respice

157 709 285 738 quantum
297 703 332 730 ad
345 703 448 730 ﬁduciae
466 703 571 730 culmen
586 701 673 729 rediit.

193 760 231 786 0b
243 765 347 794 peccata
357 768 494 795 numquam
509 759 702 794 desperandum.
718 757 842 793 ——lgilur
857 761 883 784 et
895 756 953 790 ipse

159 808 275 842 peccatis
284 806 411 834 admissis
429 814 463 834 ne
474 807 589 832 animum
602 804 777 839 despondeas.
794 803 870 837 Quod
881 801 951 829 euim

159 854 183 880 in
197 858 308 888 peccato
322 853 439 888 gravius,
451 858 491 880 est
505 853 531 879 in
547 857 656 887 peccato
670 857 741 878 stare
758 859 764 877 :
779 855 806 877 et
823 848 891 884 quod
907 856 952 882 pe-

159 899 200 934 jus
212 900 237 925 in
251 906 317 926 casu
327 920 334 932 ,
349 904 389 926 est
401 899 491 934 jacere
502 899 526 925 in
541 906 583 925 eo.
604 898 659 924 Hoc
674 901 701 924 et
714 897 811 924 Paulus
829 896 908 922 dellet
927 899 954 921 et

161 945 329 980 ingemiscit,
347 945 398 972 hoc
417 944 482 971 ﬂetu
506 944 614 979 dignum
632 951 692 970 esse
716 943 801 969 dicit:
817 940 858 967 Ne
868 943 932 976 [orte
944 959 952 972 ,

161 993 254 1029 inquit,
269 1000 327 1018 cum
342 999 430 1018 venero
444 991 477 1017 ad
489 998 540 1021 vos,
552 989 663 1016 humiliet
678 997 717 1015 me
730 988 807 1021 Deus,
824 991 846 1013 et
856 987 954 1021 lugeam

162 1041 253 1066 multo:
267 1047 298 1065 ea:
318 1039 349 1064 iis
366 1038 407 1073 qui
427 1045 478 1064 nun
503 1037 588 1063 solum
609 1040 798 1070 peccaverunt,
814 1032 860 1060 sed
875 1040 909 1059 ex
923 1032 954 1058 iis

161 1085 205 1120 qui
227 1084 400 1120 pmniterttiaut
418 1091 468 1109 non
487 1086 590 1118 egerunt
607 1089 681 1116 super
701 1079 858 1115 impudicitia
872 1083 894 1105 et
907 1077 955 1104 int-

162 1131 285 1158 munditia
299 1135 323 1156 et
335 1130 511 1165 fornicatione,
521 1136 596 1163 quant
609 1128 721 1162 fecerunt
734 1125 761 1161 (2
769 1124 826 1152 Cor.
838 1123 879 1151 12.
896 1122 953 1157 21).

162 1177 200 1204 Ad
225 1176 411 1211 ptenitentiam
438 1183 503 1202 vero
536 1174 613 1208 quale
635 1171 824 1207 congruentius
851 1174 955 1204 tempus

162 1227 251 1257 posset
263 1221 393 1248 accedere
403 1220 497 1255 jejunii
512 1224 631 1253 tempore
643 1218 655 1245 ?

196 1279 222 1305 5.
246 1277 302 1305 Sed
323 1277 357 1304 ad
379 1276 518 1304 historiam
542 1280 716 1302 revertamur.
742 1273 852 1300 Audiens
873 1276 957 1299 autem

162 1324 285 1358 prapheta
296 1323 371 1349 verba
386 1323 456 1355 Iuec,
478 1321 603 1348 descendit
614 1321 640 1346 in
654 1320 765 1355 Joppen,
781 1324 806 1346 ut
822 1321 918 1354 fugeret
931 1319 957 1345 in

160 1369 268 1396 Tltarsis
290 1377 306 1395 a
320 1369 386 1404 [acie
403 1367 506 1394 Domini
530 1366 602 1402 (Jon.
622 1366 648 1393 ‘l.
670 1366 709 1401 3).
725 1365 845 1399 Quonam
871 1364 955 1397 iugis,

162 1415 262 1441 homo?
277 1413 407 1449 numquid
421 1412 544 1440 audivisti
558 1411 715 1447 prophetam
729 1410 864 1437 dicentem
881 1418 887 1436 :
901 1409 958 1442 Quo

161 1460 202 1486 ibo
211 1468 226 1485 α
234 1459 325 1494 spiritu
335 1463 419 1490 tuo,et
432 1467 481 1493 quo
492 1466 507 1483 a
521 1457 584 1493 facie
596 1461 638 1483 tua
646 1457 742 1492 fugiam
752 1455 832 1490 (Psal.
844 1455 905 1481 158.
916 1454 957 1488 7)?

163 1507 192 1534 In
204 1507 317 1534 terram?
329 1506 382 1535 Sed
397 1506 500 1532 Domini
513 1509 548 1531 est
561 1509 626 1531 terra
633 1509 655 1530 et
669 1502 798 1538 plenitudo
807 1503 860 1538 ejus
871 1501 956 1536 (Psal.

163 1554 208 1580 25.
222 1555 258 1587 Ι).
272 1553 313 1579 Ad
327 1551 480 1579 infernum?
497 1550 527 1577 Si
541 1550 707 1582 descendere,
722 1549 817 1582 inquit,
836 1549 861 1574 in
875 1547 956 1582 infir-

164 1609 235 1632 num,
253 1599 326 1626 ades.
343 1598 370 1625 in
384 1596 533 1625 etelumne?
545 1596 575 1623 Si
586 1595 721 1622 escendero
736 1595 762 1620 in
774 1593 875 1626 mlum,
891 1592 958 1618 tuit-

164 1645 326 1682 lices(Psal.
336 1645 398 1672 158.
411 1644 498 1680 8).An
512 1645 537 1670 in
553 1642 646 1669 mare?
661 1641 695 1667 Et
705 1641 768 1673 illic,
784 1640 877 1674 inquit,
893 1644 959 1665 tene-

164 1693 198 1718 bit
214 1700 252 1718 me
266 1692 370 1718 dextera
392 1695 435 1716 tua
450 1689 502 1726 (Ib.
525 1696 548 1716 υ.
563 1689 617 1723 10).
639 1687 717 1721 Quod
739 1692 765 1713 et
779 1686 839 1712 huic
860 1685 957 1712 evenit.

165 1738 217 1764 Sed
231 1738 282 1764 tale
296 1742 338 1764 est
353 1739 500 1771 peccatum,
513 1739 541 1761 ut
552 1734 585 1760 ad
597 1732 772 1768 ignorantiam
782 1731 891 1757 multam
903 1729 962 1756 red-

166 1784 218 1818 igat
239 1783 369 1809 animam.
390 1781 455 1808 Nam
476 1781 543 1808 sicut
556 1781 599 1814 qui
613 1779 742 1814 gravitate
764 1777 858 1810 capitis
871 1777 959 1803 ebrie-

166 1834 271 1863 tateque
287 1833 422 1860 tenentur,
437 1826 517 1854 stulte
532 1833 562 1853 ac
578 1831 676 1852 temere
698 1825 828 1856 feruntur,
840 1823 962 1858 quamvis

167 1875 355 1910 pnccipitium,
370 1874 491 1909 quamvis
501 1872 669 1905 barathrum,
680 1875 707 1898 et
719 1871 788 1897 aliud
800 1870 861 1905 quid
875 1869 961 1896 simile

166 1921 262 1953 subsit,
271 1920 418 1947 concidunt
428 1919 531 1946 incaute
548 1927 554 1945 :
571 1918 610 1945 sic
624 1918 667 1952 qui
678 1923 805 1944 corruunt
826 1918 852 1943 in
869 1925 962 1951 pecca-

168 1971 222 1993 tum
233 1965 335 1998 ,veluti
352 1965 480 1992 ebrietate
497 1963 610 1991 actionis
631 1963 764 1990 desiderio
777 1962 879 1989 detenti
891 1983 897 1994 ,
914 1969 963 1989 ne-

168 2013 254 2038 sciunt
267 2011 332 2046 quid
343 2011 455 2042 faciunt,
471 2018 524 2037 non
534 2010 685 2045 prtesentia,
700 2016 752 2035 non
767 2008 853 2035 futura
864 2008 961 2043 praevi-

168 2058 269 2085 dentes.

216 2115 365 2142 Similitudo
386 2115 565 2149 pulcherrima.
587 2129 622 2133 —-
635 2113 777 2140 Dominum
788 2133 803 2146 ,,
815 2112 857 2139 dic
878 2112 942 2138 mihi
955 2132 962 2144 ,

171 2161 255 2196 iugis?
269 2161 418 2194 Parumper
433 2161 511 2194 igitur
524 2167 612 2192 mane,
623 2165 702 2194 atque
714 2166 760 2193 per
773 2166 861 2185 rerum
877 2157 964 2184 disces

172 2213 316 2237 eventum.
332 2213 356 2233 te
371 2214 458 2241 neque
475 2207 573 2240 maris,
589 2206 659 2233 servi
672 2205 730 2240 ejus
743 2226 750 2239 ,
769 2213 846 2239 posse
871 2212 964 2231 manus

171 2255 296 2289 ellugere.
311 2254 359 2280 Vix
379 2254 450 2280 enim
467 2254 553 2280 navim
569 2253 618 2279 iste
629 2252 837 2282 conscenderat,
857 2258 916 2278 cum
934 2250 964 2277 il-

172 2301 213 2328 lul
228 2300 327 2327 llucttts
338 2300 442 2331 extulit,
459 2300 484 2325 in
498 2299 631 2333 altumque
643 2298 748 2330 levavit,
764 2302 791 2324 et
805 2297 884 2325 veluti
898 2297 961 2323 lide-

173 2346 204 2372 lis
228 2346 326 2372 ancilla
349 2352 509 2372 conservum
533 2344 670 2371 inveniens
690 2343 851 2378 fugientem,
866 2343 911 2378 qui
932 2350 964 2369 ex

172 2391 271 2418 domini
286 2391 364 2417 bonis
387 2390 522 2425 quidpiam
542 2390 717 2423 surripuerit,
732 2396 860 2422 nusquam
884 2388 917 2414 ab
933 2395 965 2414 eo

173 2438 289 2469 recedit,
304 2436 432 2469 millcque
456 2435 643 2469 impedimenta
666 2435 762 2469 ingerit
775 2434 965 2468 recipientibus

173 2485 243 2511 illum
254 2503 262 2516 ,
276 2482 366 2518 quoad
384 2483 470 2517 ipsum
491 2482 625 2508 vindicans
641 2481 749 2508 reducat
765 2481 821 2507 :sic
843 2485 870 2506 et
893 2487 966 2506 mare

174 2538 331 2558 Conservum
355 2529 495 2556 inveniens
519 2535 545 2555 et
566 2535 727 2564 agnoscens,
753 2527 827 2554 mille
853 2526 966 2561 impedi-

176 2581 261 2604 menta
277 2576 368 2603 nautis
382 2575 495 2606 excitat,
510 2574 618 2601 turbans
628 2594 635 2606 ,
649 2573 780 2605 clamans,
795 2580 847 2599 non
862 2573 887 2599 in
898 2571 964 2606 judi-

175 2623 242 2649 cium
258 2621 386 2652 trahens,
401 2620 448 2647 sed
460 2621 623 2647 comminans
636 2627 729 2646 navem
743 2619 897 2654 demergere
906 2626 966 2645 cum

176 2670 278 2702 nautis,
293 2669 344 2695 nisi
364 2675 524 2695 cunsrrvum
544 2675 620 2694 suum
639 2667 689 2693 sibi
710 2665 883 2693 reddiderint.
900 2664 967 2697 Quid

176 2724 236 2750 ergo
251 2720 351 2746 nantm,
369 2713 411 2739 his
419 2711 642 2747 Contingentibus?
653 2712 756 2737 Jactum
767 2731 773 2742 ,
791 2710 884 2744 inquit,
895 2717 968 2736 vaso-

175 2770 228 2787 rant
244 2763 376 2796 fecerunt,
391 2758 462 2784 navis
482 2765 538 2784 vero
553 2764 710 2792 nequaquam
721 2755 883 2782 allevtabatur
895 2754 969 2790 (Jan.

178 2809 201 2836 Ι.
213 2808 240 2842 5)
256 2811 363 2835 :totum
387 2806 459 2833 enim
478 2804 562 2832 adhuc
582 2811 650 2831 onus
671 2802 815 2835 manebat,
831 2801 968 2836 propheta:

207 2909 215 2923 =
235 2905 311 2934 Duxi,
323 2905 396 2936 juxta
406 2903 479 2928 savii.

1739 177 1791 205 ΜΟ

1004 250 1102 277 corpus
1117 242 1234 274 scilicet,
1244 248 1311 268 onus
1322 248 1417 276 grave,
1431 247 1485 267 non
1499 247 1531 268 ex
1546 243 1639 267 natura
1654 247 1790 274 corporis.

1001 289 1048 317 sed
1062 289 1096 316 ob
1117 287 1220 323 pondus
1233 287 1350 322 peccati;
1365 286 1431 313 nihil
1451 286 1523 313 enim
1534 291 1586 313 tam
1600 293 1742 313 onerosum
1765 290 1792 311 et

1001 343 1090 370 grave.
1106 342 1184 369 quam
1203 337 1339 368 peccatum
1356 338 1381 359 et
1397 332 1585 360 inobedientia.
1602 332 1742 367 Propterea
1768 337 1793 358 et

1002 380 1144 407 Zacharias
1159 380 1184 406 id
1202 379 1299 413 plumbi
1321 378 1442 412 ﬁguravit
1465 377 1636 405 similitudine
1653 377 1749 413 (Zach.
1767 377 1794 405 5.

1002 428 1028 463 7)
1042 438 1049 454 :
1063 427 1146 454 David
1161 434 1224 453 vero
1238 425 1365 453 describit
1378 424 1435 459 ejus
1455 428 1593 457 naturam,
1607 424 1699 452 dicens
1715 433 1722 450 :
1737 423 1794 450 Ini-

1002 474 1108 508 quitates
1130 480 1194 499 mete
1217 479 1386 507 supergressa
1405 475 1461 497 sunt
1476 474 1552 504 caput
1571 478 1670 501 meum,
1685 474 1709 496 et
1731 470 1795 496 sicut

1002 528 1066 546 anus
1076 527 1152 554 grave
1164 523 1274 554 gravatw
1287 522 1345 544 sunt
1357 525 1434 550 super
1447 524 1485 542 me
1504 514 1589 550 (Psal.
1607 515 1650 541 57.
1716 514 1794 542 Chri-

1003 570 1060 593 stus
1084 570 1171 592 autetn
1195 565 1227 592 iis
1242 565 1286 599 qui
1306 564 1331 591 in
1349 564 1464 598 peccatis
1483 562 1573 589 multis
1587 562 1723 594 vixerant,
1739 562 1795 588 cla«

1004 612 1092 638 mabat
1108 621 1114 638 :
1131 611 1217 638 Venite
1241 611 1274 637 ad
1295 619 1335 637 me
1356 618 1440 636 omnes
1460 609 1501 644 qui
1524 608 1644 635 laboratis
1655 613 1677 634 et
1699 607 1796 634 onerati

1004 659 1072 692 estis,
1092 663 1114 685 et
1127 667 1172 694 ego
1186 658 1300 691 reﬁciant
1310 665 1352 684 vos
1364 655 1470 692 (Matth.
1488 656 1531 682 ll.
1545 655 1603 690 28).
1623 655 1709 687 Ipsum
1732 660 1795 687 ergo

1005 709 1140 739 peccatum
1151 703 1274 738 scapham
1284 707 1346 729 tunc
1353 701 1489 736 gravabat,
1499 706 1526 728 et
1534 700 1717 727 demersurum
1726 703 1794 726 erat:

1004 749 1085 776 Jonas
1107 757 1171 776 vero
1190 748 1339 776 dormiebat
1359 752 1386 774 et
1400 746 1537 773 stertebat.
1563 745 1658 772 Gravis
1680 744 1724 771 ille
1744 751 1796 770 non

1005 795 1147 830 voluptatis
1160 799 1216 822 erat
1230 801 1340 821 somnus
1350 814 1357 825 ,
1372 792 1419 820 sed
1444 791 1566 819 mteroris
1576 812 1583 822 ,
1601 798 1652 816 non
1665 789 1776 824 pigritim
1787 809 1795 821 ,

1005 841 1222 869 scdal‘llietionis.
1245 839 1310 866 Nam
1332 838 1376 873 qui
1397 846 1430 865 ex
1445 837 1600 864 domesticis
1623 836 1692 863 bene
1709 834 1796 861 allecti

1006 893 1076 919 sunt,
1091 888 1145 914 cito
1160 890 1265 921 peccata
1285 885 1401 911 sentiunt
1414 893 1420 911 :
1433 883 1503 918 quod
1523 887 1549 909 et
1562 882 1599 908 illi
1614 881 1718 908 accidit.
1734 880 1798 907 Post

1005 933 1176 961 commissum
1197 932 1267 958 enitn
1289 936 1446 964 peceatum,
1469 928 1571 964 peccati
1590 928 1663 953 novit
1683 926 1798 961 gravita-

1007 984 1078 1006 tem:
1097 986 1157 1005 nam
1178 976 1306 1011 ejusmodi
1322 981 1373 1002 est.
1399 975 1466 1002 Cum
1494 974 1564 1001 enirn
1585 973 1683 1000 factum
1703 971 1798 1002 luerit,

1007 1030 1070 1052 tunc
1085 1024 1189 1051 dolores
1207 1022 1362 1057 parturienti
1383 1021 1479 1048 anima:
1504 1020 1601 1047 excitat
1621 1022 1712 1045 contra
1728 1017 1799 1051 leges

1007 1076 1104 1098 nostra:
1129 1070 1283 1097 nativitatis.
1299 1069 1354 1096 Nos
1375 1068 1446 1095 enim
1469 1074 1529 1094 cum
1550 1067 1663 1100 primum
1686 1064 1740 1091 nati
1756 1071 1800 1090 su-

1007 1126 1077 1150 mus,
1095 1117 1251 1152 parturienti
1277 1115 1383 1142 dolores
1405 1114 1533 1141 solvimus
1548 1122 1554 1139 :
1571 1112 1634 1139 illud
1649 1115 1739 1138 autem
1763 1110 1800 1136 si-

1007 1165 1061 1190 mul
1085 1163 1184 1190 editum
1207 1161 1331 1189 distrahit
1350 1160 1487 1187 doloribus
1501 1159 1634 1194 parientes
1649 1157 1734 1191 ipsum
1750 1163 1799 1183 co—

1008 1210 1160 1245 gitationes.
1191 1207 1259 1240 Quid
1294 1215 1374 1242 porro
1404 1204 1589 1240 gubernator?
1615 1202 1750 1234 Accessit,
1774 1205 1802 1228 et

1008 1256 1063 1282 ait:
1078 1255 1160 1290 Surge
1170 1276 1177 1287 ,
1189 1259 1211 1281 et
1231 1254 1317 1279 invoca
1339 1252 1475 1279 Dominum
1498 1249 1580 1276 Dauni
1604 1253 1673 1275 tuum
1688 1247 1760 1283 (Jan.
1775 1247 1799 1273 ί.

1009 1303 1048 1335 6).
1063 1301 1130 1328 Novi
1145 1301 1251 1327 demum
1266 1300 1321 1334 ipsa
1332 1297 1495 1332 experientia
1509 1297 1639 1323 insuetam
1657 1295 1728 1321 illaut
1741 1301 1802 1320 esse

1010 1348 1153 1383 procellunt
1167 1367 1174 1379 ,
1197 1351 1276 1379 atque
1291 1345 1358 1371 adeo
1375 1344 1474 1370 illatam
1490 1342 1591 1376 pingant
1617 1339 1731 1372 majores
1751 1338 1802 1364 hu-

1010 1402 1086 1422 mana
1110 1393 1238 1420 industria
1261 1391 1365 1422 ﬂuctus,
1383 1390 1428 1416 ubi
1441 1387 1627 1424 gubernatoris
1644 1392 1737 1412 manus
1750 1393 1802 1411 non

1011 1439 1169 1474 prodessent
1183 1447 1189 1464 2
1205 1437 1314 1464 alterius
1333 1435 1404 1463 enim
1427 1433 1536 1468 majoris
1557 1430 1741 1466 gubernatoris
1764 1429 1803 1456 rei

1011 1486 1082 1513 illius
1103 1491 1197 1516 casus,
1225 1482 1295 1509 lnmc
1323 1481 1476 1508 universum
1505 1478 1608 1505 scilicet
1630 1474 1802 1511 gubernantis

1012 1531 1137 1558 mundum
1151 1550 1158 1562 ,
1172 1537 1222 1563 Ope
1235 1533 1313 1560 atque
1326 1533 1442 1560 superno
1463 1524 1598 1559 indigebat
1610 1522 1717 1549 auxilio.
1741 1521 1804 1547 Pro-

1012 1582 1102 1611 pterea
1118 1580 1146 1603 et
1166 1575 1203 1602 illi
1218 1582 1305 1601 remos
1328 1579 1354 1600 ct
1368 1572 1426 1599 vela
1439 1577 1465 1598 et
1480 1570 1557 1597 funes
1579 1573 1658 1603 atque
1679 1568 1804 1594 universa

1012 1623 1186 1653 dimittentcs,
1202 1627 1295 1646 manus
1308 1626 1322 1645 a
1335 1617 1506 1652 remigatione
1520 1615 1652 1642 traductas
1669 1614 1694 1640 in
1709 1613 1803 1640 cadum

1012 1667 1175 1698 tendebant,
1192 1666 1327 1699 Deumque
1351 1663 1470 1690 orabant.
1498 1661 1547 1689 Ubi
1567 1668 1632 1687 vero
1657 1667 1743 1694 neque
1765 1659 1805 1685 sic

1012 1714 1200 1749 profecerunt,
1220 1712 1363 1743 Miserunt,
1386 1709 1484 1744 inquit,
1505 1713 1606 1738 sortes;
1624 1713 1683 1733 sors
1697 1706 1804 1732 dcmlllll

1014 1759 1129 1795 prodidit
1143 1758 1261 1785 noxium.
1282 1757 1314 1783 lli
1325 1763 1388 1783 vero
1409 1761 1496 1789 neque
1508 1754 1547 1780 sic
1562 1752 1721 1786 arripientes
1743 1758 1804 1777 eum

1013 1806 1207 1833 demerscrunt.
1222 1803 1268 1829 sed
1283 1805 1354 1828 tanto
1366 1800 1490 1831 tumultu,
1507 1803 1578 1825 tanta
1594 1800 1751 1831 tempestate
1764 1795 1806 1821 in-

1013 1852 1165 1882 cumbente,
1175 1849 1257 1876 veluti
1271 1847 1351 1874 multa
1364 1847 1389 1873 in
1403 1846 1502 1881 quiete.
1514 1845 1553 1871 sic
1564 1842 1692 1878 judicium
1706 1841 1732 1867 in
1745 1840 1804 1867 navi

1014 1902 1176 1928 statuentes,
1192 1899 1220 1922 ut
1243 1902 1289 1928 pro
1313 1900 1342 1920 se
1355 1892 1518 1926 loqueretur,
1532 1897 1614 1924 seque
1634 1887 1804 1919 defenderet,

1015 1945 1037 1971 ei
1049 1943 1234 1978 permiserunt,
1244 1945 1322 1974 atque
1335 1943 1429 1965 cuncta
1444 1935 1535 1964 subtili
1549 1943 1609 1962 cum
1626 1933 1748 1968 indagine
1760 1939 1807 1959 ex-

1015 1990 1164 2025 quirebant,
1180 1987 1260 2014 veluti
1283 1986 1401 2012 rationes
1423 1990 1515 2010 eorttm
1526 2003 1533 2014 ,
1550 1989 1609 2015 qua",
1622 1979 1805 2011 decreverint,

1016 2036 1095 2063 alicui
1116 2033 1255 2062 reddituri.
1270 2032 1336 2059 Audi
1359 2031 1438 2065 igitur
1450 2037 1497 2057 eos
1513 2029 1581 2055 sicut
1593 2027 1619 2054 in
1633 2026 1733 2061 judicio
1747 2033 1807 2051 run-

1016 2087 1058 2109 cta
1072 2081 1266 2116 perquirentes.
1287 2076 1362 2109 Quod
1376 2083 1443 2110 opus
1464 2078 1504 2101 est
1521 2072 1612 2100 tuum?
1631 2072 1700 2098 unde
1715 2071 1808 2097 venis?

1016 2135 1069 2163 quo
1089 2126 1181 2154 vadis?
1192 2133 1243 2160 qua
1259 2123 1291 2151 de
1305 2124 1414 2157 regione
1425 2121 1435 2140 ν
1449 2129 1502 2155 quo
1517 2120 1551 2147 de
1564 2119 1660 2154 populo
1672 2126 1701 2145 es
1714 2118 1761 2144 tu?
1776 2117 1808 2144 Et

1016 2173 1123 2208 quidem
1150 2170 1292 2198 accusabat
1317 2176 1409 2200 mare,
1438 2166 1588 2193 acclamans
1613 2169 1704 2192 contra
1729 2170 1809 2190 :sors

1017 2219 1159 2247 damnabat
1178 2222 1201 2244 et
1218 2215 1399 2244 testimonium
1415 2218 1506 2240 contra
1528 2211 1642 2243 ferebat;
1658 2210 1704 2237 sed
1719 2214 1808 2236 tamen

1017 2274 1104 2301 neque
1128 2264 1194 2291 mari
1209 2268 1301 2290 contra
1316 2261 1482 2288 exclamante
1494 2280 1500 2290 ,
1517 2265 1603 2292 neque
1625 2261 1696 2284 sorte
1716 2264 1747 2282 ex
1763 2255 1809 2282 ad-

1017 2321 1095 2341 verso
1109 2310 1287 2339 testimonium
1310 2307 1455 2338 reddente,
1474 2304 1634 2332 sententiam
1659 2302 1746 2329 adlmc
1763 2302 1810 2328 da-

1017 2361 1099 2391 bant,
1114 2358 1159 2385 sed
1176 2356 1255 2383 veluti
1273 2355 1299 2382 in
1311 2353 1411 2389 judicio
1432 2357 1458 2379 et
1478 2349 1678 2377 accusatoribus
1694 2355 1811 2382 przescn-

1020 2407 1099 2436 tibus,
1116 2410 1142 2431 et
1155 2403 1267 2430 testibus
1280 2399 1450 2431 instantibus,
1464 2397 1568 2424 indiciis
1579 2400 1658 2430 atque
1668 2401 1810 2428 argumen-

1019 2452 1053 2478 tis
1064 2449 1207 2480 veridicis,
1222 2455 1274 2474 non
1299 2446 1371 2480 prius
1393 2444 1496 2478 judiees
1518 2442 1676 2470 sententiam
1703 2440 1809 2470 ferunt,

1019 2504 1096 2532 quam
1108 2493 1273 2522 damnandus
1282 2492 1337 2527 ipse
1347 2489 1460 2525 preprice
1470 2489 1504 2516 sit
1512 2492 1649 2514 accusator
1661 2485 1760 2519 culpze:
1773 2484 1811 2511 sic

1020 2531 1046 2571 et
1059 2543 1083 2569 hi
1095 2547 1192 2573 nautzn,
1204 2539 1325 2566 homines
1336 2536 1440 2564 barbari
1452 2540 1478 2563 et
1492 2533 1632 2562 insensati.
1645 2540 1716 2563 eum,
1728 2531 1772 2566 qui
1785 2531 1811 2557 in

1018 2587 1125 2622 judiciis
1133 2590 1185 2616 est.
1193 2584 1312 2611 ordinem
1324 2583 1461 2609 imitantur
1469 2590 1475 2607 :
1484 2585 1510 2607 et
1519 2579 1543 2606 id
1554 2578 1670 2613 quidem.
1679 2581 1754 2604 tanto
1761 2583 1815 2603 me-

1022 2639 1060 2665 tu,
1073 2630 1257 2660 totlluctihus,
1269 2632 1339 2654 tanta
1352 2628 1424 2662 ipsos
1435 2626 1626 2653 circumstante
1639 2622 1755 2657 procella
1767 2642 1773 2652 ,
1786 2625 1814 2648 et

1022 2678 1088 2705 mari
1104 2684 1189 2711 neque
1202 2675 1243 2701 vel
1266 2674 1397 2708 respirare
1417 2671 1588 2706 permittente
1603 2679 1609 2696 :
1627 2673 1726 2696 tantum
1742 2667 1814 2694 lure-

1024 2725 1068 2751 hat
1091 2723 1254 2755 sonabatque
1268 2721 1461 2752 continuosqne
1474 2716 1570 2744 fluetus
1585 2714 1724 2742 excitabat.
1737 2713 1814 2740 Unda

1024 2771 1103 2805 igitur
1123 2773 1195 2795 tanta
1209 2767 1260 2794 fuit
1274 2765 1441 2801 providentia
1465 2771 1525 2797 erga
1543 2760 1718 2796 prophetam?
1729 2760 1749 2786 Α
1768 2759 1814 2786 Dei

1024 2804 1232 2849 dispensatione.
1259 2812 1362 2838 Etenim
1387 2809 1436 2836 hoc
1453 2809 1509 2835 lieri
1536 2808 1605 2833 Deus
1627 2804 1813 2841 permittebat,

1026 2861 1180 2896 prophetam
1191 2859 1231 2884 vel
1246 2865 1278 2884 ex
1294 2857 1335 2882 his
1350 2854 1497 2882 admonens
1508 2873 1514 2884 ,
1532 2857 1559 2879 ut
1576 2854 1728 2878 mansuetus
1743 2853 1815 2876 esset

1026 2894 1057 2933 ac
1072 2906 1143 2933 mitis
1153 2925 1160 2939 ,
1174 2903 1249 2939 quasi
1260 2902 1292 2930 ad
1307 2909 1366 2930 cum
1387 2900 1506 2928 clamans
1518 2919 1525 2932 ,
1541 2901 1568 2925 ct
1582 2896 1673 2924 dicens
1689 2903 1695 2922 :
1709 2894 1817 2922 Imitare
