1978 3130
190 162 238 189 ΞΗ

193 234 308 264 nautas,
330 230 453 260 homines
478 234 627 266 insensatos
653 247 660 264 :
688 240 818 275 siquidem
843 241 869 269 hi
893 250 979 279 neque

190 282 268 301 unam
282 282 412 311 spernunt
423 280 538 308 animam
549 303 556 314 ,
574 291 660 318 neque
672 286 717 312 uni
734 291 778 314 tuo
793 296 845 315 non
867 295 980 324 parcunt

189 323 310 356 corpori;
324 329 349 350 ιιι
364 330 426 352 Vero
437 326 586 356 universam
600 331 691 359 urbem
703 337 741 360 tot
752 334 831 361 millia
841 334 977 364 hominum

190 365 343 402 habentem,
356 376 483 404 quantum
499 373 524 400 in
540 378 565 401 te
579 375 626 402 fuit
637 397 644 409 ,
656 380 801 412 exposuisti
817 390 823 406 :
840 385 866 408 et
878 381 903 408 hi
917 383 977 417 qui-

189 411 265 444 dem,
287 421 422 450 comperta
437 418 566 446 malorum
581 427 688 449 suorum
700 431 778 451 causa
788 446 796 458 ,
811 433 865 453 non
878 427 977 462 itnpetu

189 458 222 485 ad
247 459 444 490 damnationem
466 464 586 498 irruunt;
602 472 629 495 tu
643 477 707 497 vero
719 490 727 503 ,
743 471 769 498 in
792 472 867 500 nullo
887 475 977 502 valens

188 503 317 533 Ninivitas
336 516 479 543 accusare,
491 511 640 541 demersisti
659 523 706 544 eos
728 522 808 553 atque
829 521 976 554 perdidisti.

189 550 228 578 ’l‘tt
241 573 248 584 ,
267 561 310 580 me
332 557 504 590 prmcipiente
525 566 573 586 eos
597 561 631 588 ad
646 562 758 591 salutem
783 569 825 593 tua
851 567 978 601 praedica—

189 597 261 625 tione
275 607 399 628 revocare
412 623 419 634 ,
435 611 488 630 non
504 606 633 639 paruisti;
650 608 675 634 hi
690 615 778 637 autem
801 613 906 640 nemine
927 622 976 642 au-

188 641 244 669 dito
259 644 324 671 nihil
338 654 389 673 non
411 654 492 682 agunt
512 655 539 677 et
557 652 713 686 moliuntur,
727 663 780 690 quo
795 661 820 685 te
835 659 943 687 noxium
961 668 976 688 a

188 689 317 723 supplicio
331 699 466 720 revocent.
483 694 588 724 Etenim
603 703 663 733 post
678 700 761 734 ipsam
775 704 855 731 maris
868 713 976 734 accusa-

189 733 298 768 tionem,
315 742 374 770 post
388 739 515 767 indicium
530 743 620 776 sortis,
635 752 694 772 cum
708 747 842 776 incusaret
863 758 922 779 sese
936 753 976 780 fu-

186 785 300 814 gamque
322 782 459 817 fateretur,
474 794 559 821 neque
578 789 618 816 sic
636 789 769 819 irrtterunt
784 795 817 821 ad
837 797 975 831 prophetae

187 831 279 852 necetn
292 846 299 858 ,
315 827 361 854 sed
384 829 534 859 nitebantur
548 838 628 869 atque
645 838 734 865 omnia
756 827 904 874 faciebant,
921 852 974 879 quo

186 876 248 896 eutn
260 878 346 906 neque
359 879 419 908 post
431 875 489 910 ejus
501 880 742 911 manifestissimum
757 887 861 922 culpam
874 888 976 916 violen-

187 915 230 942 tiae
251 918 332 945 maris
356 927 531 955 exponerent.
547 925 600 954 Sed
614 936 666 956 non
691 915 860 965 permittebat
885 944 973 969 mare,

185 961 228 988 vel
244 964 330 997 potius
345 965 424 1000 Deus,
439 969 515 997 sicuti
529 979 575 1006 per
589 979 683 1002 nautas
694 985 753 1004 eum
765 998 772 1010 ,
787 979 820 1006 ita
836 985 862 1007 et
874 990 920 1016 per
930 990 974 1010 ce-

187 1010 241 1033 tum
253 1008 285 1035 ad
299 1017 391 1038 sanum
406 1015 547 1043 consilium
562 1018 690 1048 reducere
703 1023 803 1051 volens.
816 1008 881 1053 Nani
901 1033 974 1063 post-

185 1060 264 1086 quam
278 1057 397 1085 anditum
410 1065 451 1087 cst
460 1081 467 1094 ,
484 1061 574 1090 Tollite
594 1073 647 1099 me,
660 1072 682 1093 et
693 1069 781 1096 mittite
794 1079 832 1097 me
845 1073 871 1098 in
886 1057 955 1100 "iure
964 1095 972 1108 ,

183 1101 322 1128 etcenabit
345 1111 414 1131 mare
427 1114 443 1132 α
463 1107 531 1135 vobis
560 1109 634 1144 (Ion.
658 1113 683 1139 1.
701 1114 764 1149 12),
779 1116 880 1145 viribus
892 1101 974 1147 coua:

184 1144 281 1198 bantur
294 1147 319 1174 in
335 1149 436 1178 aridam
453 1153 576 1187 evadere,
590 1157 637 1185 scd
651 1144 818 1195 nequaquam
833 1165 973 1198 permitte-

183 1189 248 1218 bant
262 1192 368 1223 ﬂuctus.

217 1238 305 1289 4.‘Tu
330 1247 437 1277 autetn,
466 1249 688 1281 quemadmodum
713 1253 856 1289 fugientem
881 1258 970 1287 vidisti

183 1285 356 1320 prophetam,
381 1291 442 1317 audi
456 1299 516 1320 eum
531 1299 557 1322 et
569 1297 738 1327 confitentem
751 1309 786 1328 ex
802 1303 970 1334 inferioribus

182 1330 216 1356 de
226 1332 276 1358 ceti
288 1339 389 1362 ventre.
409 1336 475 1365 lllud
488 1340 593 1374 quidem
608 1343 689 1372 veluti
710 1345 791 1374 homo
813 1357 905 1383 passus
917 1358 968 1386 est,

182 1375 196 1386 1.
203 1383 213 1386 Α
222 1384 230 1386 Α
399 1382 404 1386 ⁵
497 1385 501 1386 ⁷

182 1375 232 1404 hoc
254 1385 318 1406 vero
330 1382 404 1415 quasi
427 1385 555 1419 propheta
576 1391 701 1419 ostendit.
727 1394 867 1429 Accipiens
891 1375 970 1433 igitui'

180 1429 241 1450 eum
255 1432 338 1460 mare,
354 1429 434 1457 veluti
457 1431 483 1459 in
505 1434 619 1468 quodam
633 1445 740 1468 carcere
762 1440 788 1468 in
809 1444 860 1471 ceti
876 1451 969 1475 ventre

179 1468 310 1503 deposuit,
327 1473 427 1502 salvum
453 1477 564 1507 Domino
582 1481 717 1517 fugitivum
741 1494 870 1516 servans:
884 1499 969 1526 neque

178 1522 255 1543 acres
268 1519 344 1546 unda:
361 1523 537 1557 suscipientes
559 1528 767 1566 suﬂ‘ocaverunt,
790 1543 876 1571 neque
893 1519 968 1566 ceius

179 1561 254 1571 “tu,
282 1563 287 1569 .
324 1565 329 1570 .
409 1568 413 1571 .

179 1561 256 1589 undis
281 1563 345 1598 ipsis
360 1568 447 1595 acrior
460 1571 485 1596 in
501 1579 592 1601 ventre
607 1578 758 1612 oppressit,
775 1581 821 1608 sed
833 1561 966 1618 lservavit,

179 1606 209 1618 ...Ι
227 1608 272 1618 ..μιν
282 1617 288 1618 κ
433 1614 438 1618 ι
479 1617 482 1618 ⁷

177 1606 210 1632 ad
227 1608 372 1645 urbemque
392 1614 514 1648 reduxit;
536 1623 563 1645 et
580 1627 654 1649 mare
678 1629 704 1650 et
726 1630 801 1654 cetus
814 1633 906 1656 contra
920 1606 966 1658 na:

177 1656 263 1680 turam
286 1656 520 1697 obtemperaruut,
537 1673 591 1700 quo
608 1675 657 1702 per
675 1671 763 1698 omnia
780 1656 965 1708 propheta

175 1703 332 1730 strueretur.
352 1704 466 1735 Veniens
491 1710 571 1744 igitur
594 1712 620 1740 in
641 1714 785 1750 civitatem,
806 1722 964 1750 sententiam

176 1745 249 1800 legit,
258 1749 338 1777 veluti
351 1753 466 1786 regalem
480 1757 630 1792 epistolam,
643 1768 735 1795 pwnas
747 1771 760 1790 a
775 1772 838 1800 rege
853 1767 965 1796 indictas

176 1790 315 1827 ferentem,
340 1801 367 1823 et
387 1798 517 1828 clamabat
540 1790 756 1835 dicens-:Adltuc
780 1790 829 1838 tr;
853 1812 916 1847 dies,
940 1820 965 1842 et

182 1836 213 1847 ,η
235 1839 239 1844 ,
314 1841 320 1847 ,
452 1846 473 1847 η

175 1836 268 1866 Ninive
280 1841 434 1871 subvertctur
447 1846 518 1881 (Jan.
531 1849 557 1876 5.
575 1851 613 1885 4).

212 1882 368 1914 Pwnitentia.’
384 1898 415 1915 ac
430 1891 526 1925 jejtmit'
540 1895 576 1921 vis
594 1905 697 1932 magna;
714 1900 872 1937 abstinentia,
885 1913 964 1934 mater

172 1929 297 1958 sanitatis.
314 1948 350 1954 —
365 1935 513 1966 Audierunt
527 1940 565 1968 illi
582 1942 648 1976 haec,
668 1953 755 1981 neque
775 1957 826 1976 non
840 1929 962 1982 credide-

172 1981 244 2009 runt,
261 1985 346 2013 neque
362 1982 551 2020 neglexerunt,
570 1989 617 2016 sed
639 1991 708 2020 illico
725 2001 819 2024 cursus
842 2001 961 2028 onmiutn

173 2027 240 2049 unus
254 2023 286 2049 ad
297 2024 438 2060 jejunium,
453 2030 569 2060 virorum
583 2037 777 2074 mulierumque
787 2063 794 2074 ,
809 2050 959 2079 servorum,

173 2067 291 2079 ,ιη-,μὴ
357 2073 362 2078 .
401 2075 406 2079 .

734 2067 741 2074 _
756 2067 773 2068 η
788 2067 794 2074 ,
809 2067 848 2070 ---
860 2067 957 2079 .-......,

170 2067 306 2102 berorum,
322 2073 482 2110 principum,
497 2079 674 2117 subditormn,
691 2085 816 2119 juvenum
828 2110 836 2123 ,
854 2099 957 2127 senum,

170 2120 330 2150 puerorum;
343 2127 429 2155 neque
441 2123 662 2157 irrationabilium
678 2137 770 2161 natura
786 2135 911 2166 immunis
926 2120 959 2167 ab

168 2162 368 2220 :o'eratofficio
385 2175 391 2192 :
407 2167 504 2203 ubique
527 2179 629 2207 saccus,
651 2176 748 2213 ubique
768 2181 846 2215 cinis,
862 2185 958 2220 ubique

623 2203 628 2207 ,
718 2203 747 2206 μ.-
770 2203 835 2209 _....-
863 2203 914 2212 ...ιη
927 2203 956 2214 ..υ

168 2203 245 2232 ﬂetus
255 2212 282 2234 et
296 2210 420 2243 ejulatus.
446 2214 512 2243 Natu
528 2223 555 2245 et
570 2219 627 2254 ipse
641 2203 791 2254 diademate
807 2203 887 2263 caput
910 2203 956 2258 or-

168 2257 254 2286 natus,
271 2262 286 2282 a
300 2259 381 2291 regali
396 2260 561 2291 descendens
581 2266 685 2300 throno,
707 2278 813 2300 saccum
828 2257 878 2303 sibi
892 2277 956 2304 sub-

167 2300 404 2332 stravit,cincrem
428 2310 535 2344 sparsit,
558 2317 638 2348 atque
659 2315 697 2343 sic
721 2318 814 2347 urbem
831 2323 956 2356 periculis

166 2346 264 2379 eripuit
277 2356 284 2374 :
296 2354 321 2403 et
335 2358 389 2378 rem
403 2355 509 2387 quidem
523 2365 618 2386 novam
631 2361 720 2390 videre
733 2370 799 2399 erat,
812 2346 954 2403 pbrpuram

165 2397 245 2418 sacco
266 2393 414 2424 cedentem.
442 2400 516 2434 Quod
542 2405 612 2432 enim
635 2414 750 2442 purpura
776 2393 903 2448 nequivrit,
928 2416 954 2443 id

164 2444 258 2465 saccus
287 2443 372 2474 potuit
401 2448 500 2481 :quod
532 2457 718 2482 consummare
745 2457 867 2487 diadetna
901 2470 953 2490 non

165 2484 264 2518 valuit,
288 2486 339 2514 hoc
353 2489 420 2518 cinis
435 2493 554 2526 perfecit.
576 2497 657 2526 Vides
671 2504 805 2535 quomodo
830 2506 900 2533 haud
927 2509 952 2535 itt

163 2537 275 2559 vacuum
298 2534 362 2566 dixi,
377 2545 428 2565 non
450 2539 589 2575 jejunium.
615 2548 662 2574 sed
681 2534 836 2579 ebrietatem
858 2562 952 2589 crapu-

165 2577 266 2589 ,ωηλ
296 2582 313 2589 ,.
376 2584 380 2589 .
493 2587 497 2589 .

164 2577 270 2614 lamquc
296 2582 382 2610 timeri
395 2587 563 2619 oportuisse?
580 2591 645 2619 Nam
667 2595 783 2625 ebrietas
796 2604 823 2626 et
843 2577 951 2636 crapitla

164 2625 252 2636 .._|.—-»»
271 2631 304 2636 -ικ
331 2633 336 2636 -
512 2635 516 2636 ⁷

163 2625 254 2652 urbem
269 2631 381 2656 stantem
395 2635 546 2668 concussit,
563 2638 595 2664 ad
609 2645 751 2676 casumque
766 2649 858 2673 nutare
878 2625 951 2676 εἴπη-

162 2671 246 2704 pulit:
265 2674 394 2708 jejunium
416 2684 552 2709 nutantem
568 2684 652 2719 ipsam
671 2695 845 2726 casuramque
860 2693 949 2722 firma-

578 2717 584 2719 _
803 2717 844 2726 ,η

161 2717 207 2744 vit.
234 2718 300 2747 Cum
325 2720 375 2749 hoc
399 2728 424 2751 et
445 2725 536 2755 Daniel
558 2729 664 2759 leonum
685 2734 820 2770 ingressus
845 2739 948 2775 lacum,

159 2765 234 2798 quasi
259 2774 318 2794 cum
343 2769 435 2798 ovibus
457 2777 602 2804 mansuetis
622 2785 741 2808 versatus
765 2783 856 2811 exivit.
883 2765 948 2815 Nani

158 2814 302 2839 aestuantes
313 2813 361 2847 ira,
370 2819 471 2845 torvum
482 2821 702 2859 mortiferumque
711 2828 891 2864 respicientes,
902 2840 949 2866 apo

159 2857 272 2890 positam
288 2867 341 2889 non
365 2864 507 2900 tangebant
529 2875 658 2905 mensam,
675 2872 721 2900 scd
742 2873 798 2909 ipsa
813 2857 947 2909 cxcitanic

581 168 607 197 8.
628 169 767 200 JOANNIS
785 171 1022 202 CIIRYSOSTOMI
1041 174 1198 204 ARCIIIEP.
1219 177 1482 211 CONSTANTINOP.

1769 188 1822 217 312

1034 240 1126 263 natura
1142 237 1218 273 (nihil
1229 241 1300 268 enim
1311 242 1425 271 ferocius
1438 245 1489 272 illis
1498 245 1610 282 bestiis),
1625 252 1652 276 et
1666 248 1736 276 fame
1747 249 1820 285 (nam

1033 286 1059 309 et
1074 288 1175 317 septem
1197 285 1290 314 diebus
1305 296 1357 315 non
1378 296 1534 324 acceperant
1547 293 1644 328 cibum)
1666 294 1748 321 velttti
1761 303 1823 322 car-

1033 329 1112 356 nilice
1125 331 1240 365 quodam
1266 332 1426 362 intrinsecus
1440 342 1559 372 urgente,
1584 343 1663 374 utque
1686 348 1738 367 non
1762 348 1822 374 pro-

1032 374 1119 409 phetae
1131 377 1231 404 viscera
1246 378 1429 414 discerperent
1449 382 1580 411 clamante
1594 385 1614 417 ⁸,
1637 384 1724 412 cibum
1744 393 1820 413 reve-

1032 419 1076 446 riti
1088 425 1160 448 sunt.
1170 422 1236 449 Cum
1248 423 1299 451 hoc
1306 429 1361 452 tres
1367 426 1440 460 pueri
1450 426 1477 453 in
1486 426 1675 463 Babylonicum
1683 430 1818 458 caminum

1032 465 1161 501 ingressi,
1176 472 1254 503 atque
1268 469 1294 496 in
1311 470 1370 505 igne
1385 471 1468 499 multo
1479 473 1560 500 etiam
1575 478 1695 508 tempore
1709 477 1818 509 versati,

1032 513 1091 549 igne
1105 514 1162 549 ipso
1176 514 1316 550 fulgidiora
1330 524 1440 552 corpora
1454 518 1592 552 habentes,
1612 528 1713 556 egressr
1737 527 1818 550 sunt:

1032 566 1191 594 quamquam
1206 561 1228 587 si
1244 569 1305 589 vere
1319 562 1386 597 ignis
1402 568 1458 591 erat
1469 564 1535 599 ignis
1550 565 1604 599 ille,
1619 567 1753 601 quomodo
1761 576 1819 602 qua:

1031 604 1099 639 ignis
1111 609 1173 632 sunt
1185 611 1272 640 partes
1285 615 1337 634 non
1356 608 1500 643 implebat?
1513 610 1535 637 si
1545 617 1659 646 corpora
1672 616 1749 640 erant
1764 613 1817 646 illa,

1030 650 1164 684 quomodo
1184 651 1226 685 iis,
1237 660 1296 687 qua:
1322 655 1478 688 corporibus
1492 657 1645 691 contingere
1665 662 1817 686 consueve-

1029 699 1107 728 runt,
1124 703 1177 723 non
1195 697 1402 732 contingebant?
1420 699 1578 733 Quomodo?
1593 701 1725 736 jejunium
1739 703 1819 730 inter-

1029 749 1091 777 roga
1102 762 1109 774 ,
1122 747 1148 769 et
1168 744 1353 778 respondebit,
1379 745 1479 780 tibique
1499 748 1610 782 :enigma
1632 749 1718 776 solvet
1735 759 1742 776 :
1757 758 1818 779 vero

1028 796 1143 824 namque
1161 789 1209 817 fuit
1229 792 1350 827 anigma.
1364 793 1468 820 Etenim
1483 802 1624 829 corporum
1647 801 1742 824 natura
1756 805 1818 825 cum

1028 840 1122 862 natura
1145 836 1212 871 ignis
1226 837 1355 872 certabat,
1367 846 1563 875 corporumque
1582 842 1691 869 victoria
1718 844 1816 871 evenit.

1029 882 1121 910 Vidisti
1145 891 1259 919 pugnam
1278 886 1453 914 admiratione
1476 888 1601 923 dignam?
1625 889 1715 917 vidisti
1734 890 1818 925 magis

1027 927 1209 956 admirabilem
1223 930 1381 958 victoriam?
1398 931 1478 966 Igitur
1489 932 1618 967 jejunium
1633 934 1740 968 mirare,
1753 943 1817 970 pro-

1027 973 1121 1008 nisque
1137 975 1258 1003 manibus
1280 977 1405 1012 suscipe:
1423 978 1527 1012 quando
1540 979 1611 1006 enim
1630 984 1657 1007 et
1670 980 1696 1007 in
1711 981 1817 1008 camino

1026 1017 1078 1046 fert
1088 1026 1182 1054 opem,
1197 1025 1276 1055 atque
1290 1021 1315 1049 in
1327 1022 1433 1050 leonum
1449 1024 1563 1051 custodit
1578 1025 1634 1053 lacu
1644 1047 1651 1057 ,
1663 1020 1814 1053 daemones-

1025 1072 1077 1099 que
1099 1066 1188 1100 fugat,
1208 1072 1235 1093 et
1260 1067 1304 1095 Dei
1327 1073 1433 1095 revocat
1445 1070 1619 1102 sententiam,
1638 1071 1817 1107 vitiorumque

1026 1109 1142 1138 furorem
1157 1113 1314 1147 supprimit,
1330 1118 1358 1140 et
1376 1114 1409 1141 ad
1428 1115 1512 1150 ipsam
1526 1123 1575 1143 nos
1588 1116 1691 1144 reducit
1706 1117 1816 1145 liberta-

1026 1161 1093 1189 tem,
1107 1158 1301 1194 plurimumque
1320 1160 1346 1187 in
1368 1161 1465 1188 nostris
1483 1162 1686 1197 cogitationibus
1699 1164 1814 1198 quietem

1025 1203 1157 1237 insinuat;
1171 1205 1305 1239 quomodo
1317 1213 1370 1233 non
1384 1212 1511 1235 extrema:
1520 1207 1599 1236 fuerit
1610 1209 1720 1236 insaniae
1732 1209 1795 1236 illud
1805 1230 1814 1242 ,

1025 1253 1063 1276 tot
1084 1254 1210 1285 tantaque
1223 1251 1248 1278 in
1264 1252 1387 1279 manibus
1407 1252 1508 1281 habens
1523 1253 1603 1287 bona,
1626 1254 1718 1289 fugere
1733 1259 1760 1282 et
1783 1255 1816 1282 ti-

1024 1296 1116 1323 mere?
1130 1297 1258 1330 Maccrat,
1272 1298 1370 1333 inquis,
1384 1306 1480 1334 corpus
1494 1305 1612 1327 nostrum
1628 1300 1816 1336 infirmumque

1023 1342 1143 1369 reddit’.
1170 1343 1221 1370 Sed
1246 1349 1373 1379 quantum
1393 1345 1512 1372 exterior
1530 1346 1610 1374 homo
1624 1347 1814 1382 corrumpitur.

1024 1394 1125 1417 tantum
1140 1390 1250 1418 interior
1273 1391 1353 1419 homo
1371 1399 1513 1420 renovatur
1536 1393 1569 1421 de
1582 1394 1626 1422 die
1646 1394 1673 1421 in
1688 1394 1758 1422 diem
1774 1395 1812 1429 (Ξ.

1022 1436 1081 1464 Cor.
1093 1438 1120 1464 Δ.
1136 1438 1180 1473 l6)
1192 1446 1198 1464 ε
1209 1437 1263 1465 imo
1273 1438 1295 1466 si
1306 1447 1361 1466 rem
1375 1439 1527 1474 diligentius
1537 1440 1653 1468 volueris
1667 1440 1775 1474 intueri,
1786 1447 1815 1468 et

1021 1483 1142 1511 sanitatis
1156 1483 1284 1519 baturque
1300 1485 1461 1513 habitudinis
1479 1491 1590 1513 matrem
1599 1494 1660 1514 esse
1672 1487 1759 1522 ipsum
1770 1488 1813 1515 in-

1020 1529 1121 1556 venies.
1134 1529 1221 1564 Atque
1241 1530 1263 1556 si
1275 1531 1341 1558 mcis
1355 1532 1523 1559 sermonibtts
1538 1531 1651 1567 dcrogas
1667 1533 1758 1565 fidem,
1778 1533 1812 1561 de

1021 1574 1061 1602 his
1072 1575 1188 1603 medicos
1204 1581 1372 1610 percontare,
1396 1576 1498 1612 ipsique
1516 1578 1609 1604 eadem
1624 1578 1670 1606 tibi
1694 1578 1809 1606 manife-

1019 1621 1085 1648 stius
1098 1621 1278 1656 explicabunt,
1295 1623 1340 1658 qui
1357 1623 1543 1650 abstinentiam
1558 1630 1670 1651 matrem
1690 1625 1810 1652 sanitatis

1018 1667 1153 1702 appellant
1167 1677 1174 1694 :
1198 1669 1295 1703 pcdutn
1316 1678 1379 1697 vero
1393 1670 1510 1702 dolores,
1521 1675 1549 1698 et
1576 1671 1748 1706 gravedinem
1762 1679 1809 1699 ca-

1018 1713 1276 1748 pitis,apoplexiam,
1303 1715 1445 1749 vomicam,
1468 1716 1643 1751 bydropisim,
1660 1717 1809 1744 inﬂamma-

1018 1759 1103 1786 tiones
1116 1767 1147 1787 ac
1161 1764 1290 1793 tumores,
1307 1761 1430 1796 millcque
1444 1761 1595 1789 morborutn
1619 1763 1734 1790 aliorum
1755 1768 1808 1790 tor-

1016 1809 1116 1837 rentes,
1132 1813 1147 1832 a
1161 1805 1280 1833 delicatis
1295 1807 1360 1834 cibis
1375 1808 1534 1842 crapulaque
1548 1809 1691 1842 provenire
1704 1808 1805 1842 dicunt,

1016 1851 1092 1885 quasi
1105 1858 1120 1877 a
1133 1851 1247 1885 pessimo
1258 1852 1372 1887 quodam
1387 1852 1458 1880 fonte
1474 1861 1569 1888 pravos
1581 1854 1694 1888 rivulos,
1709 1854 1806 1881 bonam

1015 1897 1135 1931 corporis
1169 1897 1371 1932 habitudinem,
1397 1903 1424 1926 ct
1446 1899 1542 1926 anima:
1569 1906 1661 1926 sanam
1689 1903 1806 1928 mentem

1014 1942 1152 1970 hedentes.

1048 1989 1076 2016 5.
1092 1989 1130 2017 Ne
1144 1990 1223 2024 igitur
1233 1990 1364 2025 jejunium
1378 1991 1518 2019 timeamus
1529 2012 1536 2024 ,
1550 1996 1612 2019 tota
1627 1992 1705 2019 nobis
1716 1992 1805 2020 exclu-

1013 2034 1079 2062 dens
1091 2036 1170 2063 mala.
1187 2035 1276 2070 Neque
1289 2037 1359 2063 enim
1371 2045 1420 2072 ego
1434 2044 1480 2064 vos
1491 2038 1548 2064 sine
1562 2045 1641 2064 causa
1652 2038 1677 2065 id
1688 2045 1784 2065 moneo
1793 2058 1802 2070 ,

1012 2081 1059 2108 sed
1075 2082 1199 2117 quoniant
1211 2082 1319 2116 quidem
1334 2083 1462 2117 plurimos
1476 2083 1556 2111 video
1579 2083 1703 2111 homines
1723 2084 1803 2119 pigri-

1012 2132 1097 2155 tantes
1108 2133 1135 2156 et
1145 2128 1326 2156 detrectantes
1338 2137 1390 2156 non
1406 2137 1484 2157 secus
1498 2138 1530 2158 ac
1543 2131 1566 2157 si
1575 2131 1690 2158 horridae
1699 2131 1802 2158 cuidam

1011 2173 1115 2200 mulieri
1126 2173 1205 2200 dandi
1221 2174 1247 2200 in
1262 2182 1355 2201 manus
1369 2174 1466 2207 forent,
1479 2175 1609 2202 ebrietate
1620 2175 1700 2203 hodie
1711 2183 1804 2210 crapu-

1011 2219 1088 2254 laque
1102 2219 1204 2254 seipsos
1226 2226 1438 2255 corrumpentes,
1456 2221 1515 2248 ideo
1529 2228 1626 2249 moneo
1640 2229 1674 2249 ne
1688 2223 1748 2257 quis
1762 2222 1802 2249 fu-

1011 2271 1096 2292 tttram
1111 2274 1125 2293 a
1138 2267 1241 2301 jejunio
1260 2267 1400 2294 utilitatem
1414 2268 1473 2302 gula
1494 2268 1662 2303 ingluvieque
1676 2268 1799 2303 perimat.

1009 2311 1074 2338 Natn
1089 2311 1133 2346 qui
1145 2312 1275 2339 stomachi
1292 2313 1355 2339 vitio
1368 2313 1443 2340 cibos
1456 2313 1605 2347 fastidiunt,
1616 2321 1676 2341 cum
1691 2322 1800 2348 asperas

1008 2362 1068 2384 sunt
1080 2357 1226 2385 medicinas
1238 2358 1384 2393 accepturi,
1398 2359 1420 2385 si
1432 2359 1512 2385 nimia
1528 2367 1587 2386 sese
1595 2367 1655 2386 esca
1667 2360 1798 2394 repleaut,

1007 2406 1086 2437 atque
1104 2403 1143 2429 sic
1155 2403 1312 2430 tnedicinatn
1337 2403 1483 2440 accipiant,
1497 2404 1669 2432 acerbitatem
1692 2405 1798 2440 quidem

1007 2448 1079 2474 illam
1096 2449 1277 2482 pertulerunt,
1294 2449 1406 2476 utilitate
1430 2457 1492 2476 vero
1505 2450 1685 2483 exciderunt,
1710 2459 1797 2478 remeo

1006 2494 1050 2521 dio
1070 2494 1249 2522 difficiliorem
1271 2495 1398 2523 adversus
1425 2503 1520 2530 pravos
1534 2496 1661 2524 humores
1682 2504 1798 2532 pugnam

1006 2545 1139 2574 parantes.
1156 2540 1336 2574 Quamobrem
1349 2541 1444 2569 medici
1458 2549 1505 2569 eos
1520 2542 1667 2569 incuznatos
1679 2542 1797 2569 dormire

1002 2587 1112 2622 jubent,
1127 2595 1180 2623 quo
1193 2588 1276 2615 virtus
1291 2589 1371 2616 totius
1391 2589 1530 2616 medicina:
1551 2589 1642 2616 statim
1664 2589 1796 2617 morbosis

1004 2639 1127 2660 occurrat
1140 2633 1306 2662 humoribus.
1326 2634 1369 2661 Sic
1383 2638 1410 2661 et
1421 2634 1523 2668 jejunio
1537 2635 1684 2669 contingit:
1704 2635 1727 2663 si
1753 2641 1794 2662 te-

1005 2678 1090 2712 ipsum
1107 2678 1186 2705 hodie
1201 2678 1282 2706 multa
1295 2679 1416 2706 obrueris
1430 2679 1558 2706 ebrietate
1568 2701 1575 2712 ,
1591 2680 1707 2707 crastina
1731 2688 1794 2708 vero

1003 2732 1062 2751 eam
1077 2724 1213 2758 acceperis
1226 2724 1383 2751 medicinam
1393 2744 1402 2757 ,
1415 2724 1482 2751 banc
1498 2724 1544 2752 tibi
1557 2724 1679 2760 profecto
1699 2733 1790 2752 vanam

1034 2826 1041 2842 ι
1059 2827 1095 2850 sic
1110 2825 1181 2850 savil.
1194 2829 1220 2850 et
1241 2832 1304 2850 unus
1323 2830 1380 2856 Reg.
1398 2824 1479 2850 Morel.
1492 2831 1561 2856 vero,
1580 2828 1652 2858 utque
1670 2826 1789 2857 prop/tet:

1001 2856 1092 2882 t'isrera
1102 2857 1264 2894 discerperent
1276 2858 1401 2894 clamante.
1421 2886 1435 2894 Ρ
1478 2888 1491 2894 __
1510 2891 1516 2894 _
1611 2856 1616 2858 η
1652 2856 1675 2894 .7
1719 2891 1726 2894 .
1743 2888 1748 2892 .

1034 2890 1043 2904 ¹
1060 2892 1111 2913 sav.
1126 2891 1151 2913 et
1163 2886 1225 2913 unus
1238 2891 1305 2919 Πρω,
1316 2891 1383 2920 urget
1392 2886 1553 2920 inﬁrmitatem
1562 2888 1755 2919 corporisnostri.
