1978 3130
110 168 154 197 δΗ

108 227 182 261 εἴπερ
195 221 268 252 οὗτοι
296 223 348 260 μέν
377 225 438 252 οὐδὲ
459 228 522 261 μιᾶς
543 223 744 260 καταφρονοῦσι
768 223 868 258 ψυχῆς,
882 221 944 248 οὐδὲ

107 270 164 302 ινδς
181 269 320 304 ἀφειδοῦσι
339 269 466 305 σώματος
481 269 528 296 τοῦ
540 268 604 296 σοῦ·
620 268 652 294 σὺ
669 268 697 294 δέ
711 267 856 302 ὁλόκληρον
868 265 945 292 πόλιν

108 315 238 346 τοσαύτας
259 314 376 350 ἔχουσαν
391 314 525 350 μυριάδας
537 314 672 347 ἐξέδωκας
691 313 721 339 τό
738 321 770 348 γε
782 312 827 338 σὺν
843 311 924 346 μέρος
935 317 943 326 ·

109 358 152 384 καὶ
163 357 241 384 αὑτοὶ
259 357 311 392 μὲν
327 357 375 384 τὸν
394 358 481 385 αἴτιον
497 358 551 385 τῶν
574 357 765 392 γεγενημένων
787 355 880 385 αὺτοῖς
893 362 945 381 κα-

108 401 163 428 κῶν
184 402 324 437 εὑρόντες,
334 402 395 429 οὐδὲ
419 401 506 434 οὕτως
524 402 646 438 ὁρμῶσιν
664 401 711 428 ἐπί¹
725 400 777 435 τὴν
795 398 946 426 καταδικά-

108 445 204 477 ζουσαν
218 446 311 482 ψῆφον
322 455 330 462 ·
340 448 372 474 σὺ
387 447 415 474 δὲ
426 447 502 473 οὐδὲν
511 446 581 482 ἔχων
592 445 717 480 ἐγκαλεῖν
724 445 782 476 τοῖς
793 443 946 474 Νινευῖταις

109 489 257 522 κατέδυσας
272 491 373 522 αὐτοὺς
391 491 438 518 καὶ
453 490 608 522 ἀπώλεσας.
622 489 678 516 Καὶ
691 490 723 516 σὺ
738 489 797 524 μὲν,
811 487 878 523 ἐμοῦ
900 495 946 513 κε-

108 533 252 564 λεύσαντος
273 535 397 566 ἀπιέναι,
414 535 462 562 καὶ¹
479 535 546 570 πρὸς
569 533 707 569 σωτηρίαν
729 532 828 564 αὐτοὺς
843 532 944 558 ἀνακα-

108 577 210 604 λεῖσθαι
226 578 273 605 διά
289 579 338 606 τοῦ
353 579 541 615 κηρύγματος,
554 579 604 614 οὑχ
628 578 802 613 ὑπήκουσας·
819 572 892 603 οῦτοι
917 574 946 601 δὲ

110 621 213 654 οὐδενὸς
230 621 494 659 [514]ἀκούσάντες,
514 623 603 650 πάντα
622 621 737 653 ποιοῦσι,
749 621 798 648 καὶ
812 628 946 656 πραγμα-

110 667 245 698 τεύονται,
263 667 335 694 ὥστε
353 676 382 694 σε
395 668 441 695 τὸν
454 668 604 695 ὑπεύθυνον
618 667 764 702 γενόμενον
782 664 917 700 τιμωρίας
932 669 946 684 ι

111 710 341 738 ἀνακαλέσασθαι.
352 713 406 739 Kal
416 712 471 748 γάρ
484 713 532 738 καὶ
544 711 613 747 μετὰ
623 712 673 746 τὴν
681 710 735 738 ἀπὸ
749 710 799 745 τῆς
812 708 946 743 θαλάττης

113 755 296 790 κατηγορίαν,
314 756 383 791 μετά
397 757 448 792 τήν
465 756 603 788 ἀπόδειξιν
623 756 674 791 τὴν
695 754 738 782 διὰ
760 753 806 780 τοῦ
834 753 946 789 κλήρου,

112 799 152 825 ὅτε
161 799 242 832 αὐτὸς
254 800 354 827 ἐαυτοῦ
362 801 545 837 κατηγόρησε,
554 801 601 828 καὶ
611 802 660 837 τὴν
675 801 764 837 φυγὴν
777 799 946 835 ὡμολόγησε,

111 843 169 869 οὐδὲ.
187 843 276 876 οὕτως
292 844 426 880 ὥρμησαν
442 846 487 872 ἐπὶ
506 846 556 882 τήν
573 845 712 872 ἀπώλειαν
732 844 779 871 τοῦ
796 843 946 880 προφήτου,

113 886 178 913 ἀλλά
200 888 310 923 ήνεῖχον
331 889 378 916 καὶ
396 889 534 922 ἐϐιάζοντο
556 890 604 917 καὶ
626 890 716 916 πάντα
733 889 852 920 ἐποίουν,
876 887 946 914 ὥστε

113 931 193 958 αὑτὸν
211 932 280 967 μηδὲ
309 932 380 968 μετά
403 933 538 968 τοσαύτην
554 933 690 965 ἀπόδειξιν
709 932 832 959 ἐκδοῦναι
848 933 881 966 τῇ
897 931 947 965 τῆς

113 974 247 1011 Θαλάττης
267 977 350 1012 ὁρμῇ.
377 977 446 1004 Ἀλλ’
461 978 512 1004 οὐκ
528 977 678 1013 ἐπέτρεπεν
691 976 752 1004 οὑδέ
767 975 852 1007 οὕτως
865 976 882 1011 ή
902 974 950 1002 θά-

114 1019 196 1046 λαττα
208 1028 215 1035 ·
237 1020 339 1056 μᾶλλον
364 1022 392 1048 δέ
410 1023 425 1049 ό
447 1021 513 1054 Θεὸς
531 1022 582 1048 οὐκ
604 1021 697 1056 ἡφίει,
716 1020 810 1056 ὥσπερ
835 1019 879 1046 διὰ
894 1018 949 1046 τῶν

114 1063 228 1097 ναυτῶν,
243 1064 315 1091 οὕτω
329 1066 376 1092 καὶ
384 1065 428 1092 διὰ
437 1065 483 1092 τοῦ
498 1066 598 1100 κήτους
611 1065 692 1092 αὑτὸν
707 1064 873 1099 σωφρονίσαι
889 1063 950 1098 βου-

114 1107 235 1142 λόμενος.
257 1109 313 1135 Καὶ
324 1109 379 1146 γὰρ
397 1109 465 1145 μετὰ
479 1110 510 1136 τὸ
528 1109 655 1141 ἀκοῦσαι,
674 1107 776 1143 Ἀρατέ
791 1116 829 1142 με
843 1107 893 1134 καί
904 1107 951 1141 ἐμ-

115 1151 218 1179 ϐωετε
231 1153 277 1185 εις
288 1153 347 1187 τὴν
357 1153 517 1186 θάλατταν,
526 1153 576 1181 καὶ
587 1153 716 1180 κοπάσει
725 1153 744 1186 ὴ
757 1151 889 1179 θάλαττα
898 1151 949 1186 ἀφ’

115 1194 206 1229 ὑμῶν,
231 1197 431 1232 παρεϐιάζοντο
453 1199 493 1229 είς
513 1197 563 1234 τὴν
588 1198 640 1233 γῆν
659 1196 788 1224 ἀπελθεῖν
802 1216 809 1229 ,
824 1194 892 1224 ἀλλά
916 1195 950 1221 τὰ

116 1239 226 1274 κύματα
246 1241 297 1267 οὐκ
312 1241 457 1277 ἐπέτρεπε.

149 1283 179 1310 δ’.
190 1284 227 1311 Σὺ
236 1284 276 1316 δὲ,
285 1285 379 1321 ὥσπερ
390 1283 459 1317 εἶδες
471 1285 516 1312 τὸν
526 1285 669 1322 προφήτην
680 1284 825 1319 φεύγοντα,
837 1283 951 1310 ἄκουσον

118 1327 196 1353 αὑτοῦ
218 1329 267 1354 καί
290 1328 535 1364 ἐξομολογουμένου
557 1328 680 1356 κάτωθεν
702 1328 757 1356 ἀπὸ
770 1328 819 1363 τῆς
835 1326 952 1362 γαστρὸς

118 1371 162 1398 τοῦ
179 1371 290 1407 Θηρίου·
301 1372 389 1399 ἐκεῖνο
405 1373 454 1407 μὲν
469 1372 523 1408 γὰρ
539 1372 641 1399 ἔπαθεν
656 1372 701 1404 ὡς.
711 1372 863 1406 ἄνθρωπος,
873 1370 953 1396 τοῦτο

119 1415 145 1441 δὲ
162 1415 199 1446 ὼς
224 1416 369 1451 προφήτης
390 1416 555 1450 ἐπεδείξατο.
580 1416 707 1444 Λαϐοῦσα
727 1416 816 1443 τοίνυν
840 1415 922 1442 αὑτὸν
935 1415 952 1449 ὴ

120 1458 249 1491 θάλαττα,
263 1460 389 1495 καθάπερ
413 1461 442 1486 ὲν
462 1460 641 1495 δεσμωτηρίῳ
661 1460 715 1487 τινὶ
739 1461 771 1496 τῇ
787 1459 886 1496 γαστρὶ
906 1459 954 1486 τοῦ

121 1504 219 1539 κήτους
236 1504 396 1534 ἐναπέθετο,
412 1503 480 1531 σῶον
505 1504 543 1540 τῷ
567 1505 691 1540 Δεσπότῃ
713 1504 886 1542 φυλάττουσα
908 1504 954 1530 τὸν

121 1548 243 1582 φυγάδιν
259 1549 307 1575 καὶ
318 1548 380 1575 οὗτε
403 1548 514 1584 κύματα
535 1549 619 1584 ἄγρια
641 1549 758 1576 λαϐόντα
782 1548 934 1582 ἀπέπνιξαν
947 1569 954 1580 ,

121 1592 180 1619 οὔτε
191 1594 274 1628 κῆτος
290 1594 420 1628 κυμάτων
436 1593 604 1629 ἀγριώτερον
619 1593 818 1629 ὑποδεξάμενον
834 1593 915 1620 αὑτὸν
926 1594 955 1620 ἐν

123 1637 209 1672 κοιλίᾳ
234 1636 403 1673 διέφθειρεν,
425 1638 493 1664 ἀλλά
516 1637 628 1664 διέσωσε
649 1639 696 1665 καὶ
716 1638 785 1673 πρὸς
804 1638 854 1672 τὴν
880 1637 957 1663 πόλιν

124 1681 294 1716 ἐπανήγαγε·
311 1682 358 1707 καὶ
371 1681 490 1708 θάλαττα
504 1682 551 1708 καὶ
563 1682 645 1717 κῆτος
657 1681 732 1717 παρὰ
744 1681 825 1716 φύσιν
838 1681 958 1717 ὑπήκου-

126 1732 182 1757 σαν,
199 1725 245 1751 ῖνα
267 1724 314 1751 διὰ
339 1726 448 1752 πάντων
465 1726 479 1752 ὁ
498 1726 641 1762 προφήτης
665 1725 837 1761 παιδεύηται.
857 1724 958 1755 Ἐλθὼν

124 1769 212 1795 τοίνυν
223 1770 264 1801 είς
273 1769 322 1805 τήν
338 1769 414 1797 πόλιν
431 1770 535 1804 ἀνέγνω
547 1770 595 1806 τὴν
608 1770 886 1805 ἀπόφασιν,καθάπερ
900 1770 960 1796 ἐπι·

127 1812 220 1847 στολὴν
238 1812 381 1849 βασιλικὴν
409 1814 520 1840 κόλασιν
546 1814 671 1850 ἔχουσαν,
693 1814 740 1841 καὶ
765 1813 830 1840 ἐϐόα
847 1814 933 1849 λέγων
950 1822 957 1830 ·

128 1856 190 1883 Ἔτι
202 1857 282 1890 τρεῖς
293 1857 410 1892 ἡμέραι.
426 1859 476 1884 καὶ
493 1858 595 1885 Νινευτ
614 1859 906 1894 καταστραφήσεται.

160 1901 300 1927 Ἤκουσαν
316 1901 392 1927 ταῦτ’
406 1902 515 1934 ἐκεῖνοι,
528 1902 558 1928 οὐ
570 1902 761 1938 διηπίστησαν,
776 1903 806 1930 οὺ
824 1903 960 1939 κατεφρό-

129 1952 220 1978 νησαν,
231 1944 289 1970 ἀλλ’
301 1944 402 1976 εὐθέως
411 1945 510 1985 δρῃος
519 1947 646 1974 ἁπάντων
653 1944 693 1979 εἷς
703 1947 749 1974 ἐπὶ
760 1947 809 1984 τὴν
824 1949 961 1983 νηστείαν.

128 1988 239 2022 ἀνδρῶν,
254 1988 403 2022 γυναικῶν,
411 1989 521 2023 δούλων,
530 1990 678 2022 δεσποτῶν.
688 1991 836 2028 ἀρχόντων,
844 1992 963 2028 ἀρχομέ-

129 2039 190 2062 νων,
198 2032 324 2065 παιδίων,
331 2033 524 2071 πρεσϐυτέρων
531 2043 538 2050 ”
548 2035 601 2062 οὐδ’
610 2035 626 2071 ή
634 2034 689 2062 τῶν
700 2035 805 2069 ἀλόγων
813 2035 893 2070 φύσις
898 2035 964 2062 ταύ-

127 2084 176 2111 της
184 2076 285 2112 ἀτελὴς
292 2075 327 2112 ἦν
338 2078 387 2113 τῆς
399 2078 567 2113 λειτουργίας
577 2087 584 2094 ·
595 2079 732 2115 πανταχοῦ
742 2080 853 2111 σάκκος.
862 2089 965 2107 παντα-

127 2119 174 2154 χοῦ
189 2120 298 2152 σποδὸς,
317 2121 453 2157 πανταχοῦ
463 2121 562 2158 θρῆνος
575 2123 622 2150 καὶ
634 2124 741 2159 οἰμωγή
754 2124 778 2152 δ.
788 2125 843 2150 Kal
856 2123 909 2160 γὰρ
918 2124 965 2151 καὶ

128 2163 208 2196 αὐτὸς
218 2165 232 2190 ό
248 2165 279 2191 τὸ
292 2165 410 2201 διάδημα
421 2167 680 2202 περικείμενος,ἀπὺ
686 2168 732 2194 τοῦ
743 2168 837 2203 θρόνου
846 2168 967 2201 καταϐὰς

131 2207 174 2234 τοῦ
190 2207 345 2243 βασιλικοῦ,
356 2205 457 2238 σάκκον
467 2211 671 2247 ὑπεστρώσατο,
679 2213 775 2240 σποδὸν
783 2213 965 2246 κατεπάοατο,

131 2252 178 2278 καὶ
190 2252 263 2279 οὑτω
274 2252 324 2289 τὴν
338 2254 415 2280 πόλιν
425 2254 562 2291 ἐξήρπασε
572 2256 625 2283 τῶν
637 2256 765 2283 κινδύνων
775 2265 783 2273 ν
795 2257 843 2284 καὶ
857 2255 890 2293 ἦν
904 2257 968 2283 [δεῖν

133 2297 250 2332 πρᾶγμα
265 2297 417 2332 παράδοξον
431 2299 483 2325 ὑπὸ
506 2300 610 2326 σάκκου
632 2301 786 2336 πορφυρίδα
807 2300 969 2336 παρευδοκι-

134 2340 276 2375 μηθεῖσαν.
289 2342 377 2378 Ὅπερ
391 2344 444 2379 γὰρ
458 2344 507 2370 οὐκ
521 2344 630 2380 ἴσχυσεν
647 2345 782 2380 ἁλουργὶς,
801 2345 881 2372 τοῦτο
893 2345 969 2381 ἴσχυ-

135 2392 179 2410 σεν
197 2385 212 2410 ὁ
226 2386 330 2418 σάκκος
342 2394 349 2401 ·
359 2387 426 2422 ὅπερ
439 2387 489 2414 οὐκ
499 2388 580 2424 ἡνυσε
593 2388 623 2415 τὸ
632 2389 760 2425 διάδημα,
772 2389 851 2416 τοῦτο
861 2390 969 2425 κατώρ-

136 2427 245 2463 θωσενὴ
258 2429 364 2462 σποδός.
378 2431 457 2466 Ὁρᾷς
466 2431 504 2463 ὡς
514 2432 544 2458 οὐ
559 2433 648 2468 μάτην
659 2430 820 2460 εἷπονότιοὺ
833 2434 969 2468 νηστείαν,

136 2471 203 2498 ἀλλὰ
224 2472 312 2509 μέθην
339 2474 386 2500 καλ⁵
412 2475 566 2510 ἀδηφαγίαν
586 2477 733 2504 δεδοικέναι
759 2477 826 2514 χρή;
863 2478 894 2504 Ἡ
921 2478 972 2513 μὲν

137 2515 190 2551 γὰρ
207 2516 275 2552 μέθη
293 2518 341 2544 καὶ
351 2518 490 2553 ἀδηφαγία
505 2519 554 2555 τὴν
570 2521 646 2547 πόλιν
659 2521 780 2548 ἑστῶσαν
790 2521 972 2554 διέσεισε,καὶ

139 2560 300 2588 καταϐαλεῖν
315 2561 444 2597 ἔμελλεν
465 2564 481 2599 ἡ
497 2564 526 2590 δὲ
552 2565 662 2600 νηστεία
688 2566 870 2601 σαλευομένην
887 2565 972 2601 αὐτὴν

139 2604 184 2629 καὶ
199 2604 352 2639 μέλλουσαν
363 2608 546 2634 καταπίπτειν
560 2608 666 2644 ἔστησε.
683 2609 761 2636 Μετὰ
781 2609 883 2646 ταύτης
897 2609 942 2637 καὶ
957 2610 972 2636 ὁ

140 2648 238 2683 Δανιὴλ
258 2650 299 2680 είς
319 2650 421 2677 λάκκον
437 2651 551 2679 λεόντων
568 2652 712 2684 εἰσελθὼν,
727 2653 854 2689 καθάπερ
873 2653 974 2689 προϐά-

141 2698 197 2723 τοις
214 2692 327 2727 ἡμέροις
343 2695 550 2730 συγγενόμενος.
569 2696 655 2728 οὕτως
681 2697 764 2733 ἐξῄει.
782 2697 838 2725 Kal
857 2697 911 2732 γὰρ
927 2697 974 2723 καὶ

143 2735 182 2771 τῷ
201 2736 280 2772 θυμῷ
295 2737 416 2770 ζέοντες,
432 2738 478 2766 καὶ
496 2740 585 2774 φόνιον
600 2741 753 2776 βλέποντες,
765 2741 815 2777 τῆς
835 2741 975 2777 τραπέζης

164 2823 188 2859 ’⁸
201 2823 285 2859 Morel.
297 2824 426 2861 τιμωρίας.¹
441 2825 509 2851 Unus
525 2833 570 2852 ms.
591 2827 652 2860 Reg.
666 2832 691 2853 cl
703 2827 765 2853 Savil
777 2827 801 2852 in
816 2829 884 2852 textu
898 2835 972 2858 τιμω-

149 2861 206 2888 ριαν,
216 2861 326 2888 lq_nlarg.
339 2863 450 2888 τιμωρια.

178 2885 190 2904 δ
201 2885 248 2910 Alii
264 2889 343 2918 υρὴνοι
353 2885 395 2910 καί
406 2885 515 2918 οἰμωγαί.

726 164 770 192 DE
789 160 1023 191 [’(ENITENTIA.
1044 160 1161 189 HOMIL.
1182 161 1217 190 ν.

1773 158 1827 186 512

995 220 1190 255 περικειμένης
1201 219 1249 259 οὐχ
1263 219 1390 256 ἥπτοντο,
1405 220 1472 248 ἀλλά
1488 221 1535 248 καὶ
1552 220 1602 256 τῆς
1622 219 1730 255 φύσεως
1744 219 1830 256 αὐτῆς

995 263 1178 300 διεγειρούσης
1196 264 1282 300 (οὐδὲν
1304 265 1358 301 γὰρ
1381 265 1548 302 ἀγριώτερον
1565 265 1678 292 ἐκείνων
1702 264 1758 291 τῶν
1778 264 1828 300 οη-

996 309 1072 343 ρίων)
1087 309 1133 335 καὶ
1147 308 1194 335 τοῦ
1210 308 1289 344 λιμοῦ
1301 310 1359 343 (καὶ
1372 309 1426 345 γὰρ
1448 309 1518 336 ἐπτά
1533 309 1640 345 ἡμέρας
1651 308 1684 336 οὐ
1699 307 1832 344 μετέσχον

994 353 1120 388 τροφῆς),
1133 353 1258 389 καθάπερ
1278 353 1375 389 δημίου
1391 354 1464 385 τινὸς
1475 354 1581 380 ἔνδοθεν
1595 353 1766 389 καθημένου,
1784 352 1832 380 καὶ

995 396 1048 422 τῶν
1061 396 1181 430 λαγόνων
1199 397 1236 432 μή
1252 397 1387 424 ἅπτεσθαι
1401 403 1412 416 ε
1429 397 1546 432 βοῶντος
1567 397 1622 423 τῶν
1641 396 1831 433 προφητικῶν,

995 440 1148 476 ᾐδέσθησαν
1169 441 1219 476 τὴν
1240 441 1354 476 τροφήν.
1370 441 1449 468 Μετὰ
1469 440 1570 475 ταύτης
1591 441 1638 468 καὶ
1655 442 1680 467 οἱ
1696 441 1792 472 παῖδες
1808 441 1832 467 οἱ

995 485 1069 519 τρεῖς
1092 483 1166 520 [515]
1187 485 1226 517 είς
1244 484 1294 520 τὴν
1313 484 1486 511 Βαϐυλωνίαν
1511 485 1626 519 κάμινον
1654 484 1832 517 εἰσελθόντες,

996 527 1043 554 καὶ
1055 528 1139 555 πολὺν
1154 534 1250 565 χρόνον
1272 528 1452 565 ὁμιλήσαντες
1465 528 1504 564 τῷ
1528 528 1604 564 πυρὶ,
1620 528 1703 555 αὑτοῦ
1717 527 1765 555 τοῦ
1781 537 1835 554 πυ-

997 571 1044 608 ρὸς
1065 572 1242 609 λαμπρότερα
1264 573 1371 608 ἔχοντες
1394 572 1428 599 τὰ
1449 571 1573 607 σώματα,
1586 572 1640 598 ἀπὸ
1653 572 1703 607 τῆς
1716 571 1833 607 καμίνου

997 615 1058 642 τότε
1074 616 1188 651 ἐξῄεσαν
1204 624 1211 632 ·
1227 616 1315 643 καίτοι
1329 626 1362 652 γε
1374 617 1398 643 εί
1413 616 1469 651 πῦρ
1479 614 1513 651 ἦν
1527 617 1615 643 ἐκεῖνο
1627 615 1712 648 ὅντως
1723 615 1754 642 τὺ
1766 615 1834 650 πῦρ,

998 657 1057 690 πῶς
1069 658 1118 685 οὐκ
1137 659 1223 685 ἐποίει
1237 659 1272 685 τὰ
1289 658 1336 685 τοῦ
1350 659 1436 694 πυρός
1449 667 1456 691 ς
1472 659 1497 684 εί
1518 658 1632 693 σώματα
1645 656 1680 693 ἦν
1695 658 1785 684 ἐκεῖνα
1799 657 1836 684 τὰ

999 701 1123 737 σώματα,
1136 702 1194 734 πῶς
1209 702 1243 729 τὰ
1256 702 1311 729 τῶν
1329 702 1463 738 σωμάτων
1478 702 1529 729 οὐκ
1542 701 1663 737 ἐπασχε;
1676 700 1754 733 Πῶς;
1768 700 1837 735 ἐρώ-

996 754 1079 781 τησον
1095 746 1144 781 τὴν
1160 746 1296 781 νηστείαν,
1309 746 1356 773 καὶ
1376 745 1565 781 ἀποκρινεῖται
1579 754 1631 778 σοι,
1643 745 1689 772 καὶ
1704 744 1775 780 αὑτὴ
1790 745 1836 771 λύ-

999 798 1040 816 σει
1054 798 1102 816 σου
1120 789 1151 816 τὸ
1165 790 1279 826 αἴνιγμα
1291 799 1298 805 ·
1312 791 1359 817 καὶ
1373 790 1428 826 γὰρ
1441 789 1476 826 ἦν
1491 790 1576 822 ὅντως
1594 790 1710 825 αἴνιγμα
1719 797 1725 804 ·
1742 789 1837 824 σωμά-

998 842 1052 860 των
1066 833 1120 870 γὰρ
1142 834 1223 869 φύσις
1244 834 1361 869 ἐμάχετο
1383 834 1464 869 φύσει
1484 834 1583 870 πυρὸς,
1598 834 1645 860 καὶ
1668 833 1764 870 ήνίκη
1782 834 1836 860 τῶν

1000 878 1134 914 σωμάτων
1153 878 1267 913 ἐγίνετο.
1284 876 1360 911 Εἶδες
1376 878 1527 913 παράδοξον
1547 878 1653 914 μάχην;
1668 876 1739 909 εἶδες
1752 886 1839 913 παρα-

997 922 1140 957 δοξοτέραν
1168 922 1216 957 τήν
1248 922 1326 958 νίκην
1343 931 1351 955 ;
1368 922 1516 958 Θαύμασον
1543 921 1593 957 τὴν
1623 921 1772 957 νηστείαν,
1790 921 1838 948 καὶ

999 968 1108 1000 ὑπτίαις
1118 967 1244 1000 ὑπόδεξαι
1259 967 1353 1004 χερσίν
1360 968 1446 997 δὸταν
1455 967 1509 1003 γὰρ
1520 967 1568 994 καὶ
1579 967 1608 993 ἐν
1618 966 1727 1002 καμίνῳ
1741 966 1838 1002 βοηθῇ,

999 1012 1045 1038 καὶ
1060 1012 1089 1038 ἐν
1101 1011 1196 1046 λάκκῳ
1211 1011 1326 1038 λεόντων
1339 1011 1472 1047 φυλάττῃ,
1488 1010 1534 1037 καὶ
1542 1010 1674 1046 δαίμονας
1685 1009 1839 1046 ἀπελαύνῃ,

999 1055 1046 1082 καὶ
1065 1055 1202 1089 ἀπόφασιν
1226 1054 1328 1090 ἀναλύῃ
1351 1054 1429 1087 Θεοῦ,
1448 1055 1495 1081 καὶ
1516 1053 1611 1080 παθῶν
1634 1053 1734 1089 μανίαν
1756 1062 1841 1081 κατα-

1004 1099 1114 1134 στέλλῃ,
1127 1099 1174 1125 καὶ
1191 1099 1260 1134 πρὸς
1273 1098 1429 1134 ἐλευθερίαν
1443 1099 1518 1133 ἡμᾶς
1530 1097 1666 1135 ἐπανάγῃ,
1677 1097 1726 1124 καὶ
1739 1097 1842 1133 πολλὴν

1000 1144 1029 1169 ἐν
1043 1144 1098 1174 τοῖς
1111 1143 1252 1178 λογισμοῖς
1265 1143 1281 1178 ή
1287 1142 1345 1178 μῶν
1368 1142 1546 1178 ποιῆται-τὴν
1565 1141 1699 1177 γαλήνην,
1716 1141 1775 1174 πῶς
1789 1142 1840 1169 οὐκ

1000 1186 1118 1221 ἐσχάτης
1133 1186 1165 1213 ἂν
1176 1186 1219 1221 εἴη
1235 1186 1395 1221 παρανοίας,
1404 1186 1524 1213 τοσαῦτα
1539 1185 1652 1221 ἔχουσαν
1665 1186 1695 1212 ἐν
1709 1187 1770 1218 ταῖς
1781 1194 1841 1221 χερ-

1001 1231 1043 1257 σὶν
1053 1230 1143 1264 ἀγα.θά
1154 1229 1264 1265 φεύγειν
1277 1230 1323 1256 καὶ
1330 1229 1491 1263 δεδοικέναι;
1510 1230 1661 1265 Ἐπιτρίϐει
1670 1229 1724 1266 γὰρ
1732 1231 1798 1266 ἡμῖν
1809 1230 1841 1256 τὸ

1001 1273 1081 1309 σῶμα
1091 1273 1159 1309 πρὸς
1169 1274 1219 1308 τὴν
1236 1274 1388 1305 ἀσθένειαν,
1398 1274 1480 1309 φησίν
1487 1274 1514 1301 d.
1528 1274 1599 1301 Ἀλλ’
1609 1275 1664 1310 ὅσῳ
1678 1275 1691 1301 ὁ
1701 1273 1753 1307 ἔξω
1761 1274 1841 1310 ἡμῶν

1002 1319 1145 1354 ἄνθρωπος
1165 1318 1314 1354 φθείρεται,
1330 1319 1449 1354 τοσούτῳ
1459 1320 1472 1345 ό
1486 1319 1539 1346 ἔσω
1548 1319 1740 1347 ἀνακαινοῦται
1751 1319 1843 1356 ἡμέρᾳ

1002 1362 1049 1389 καὶ
1063 1362 1154 1398 ἡμέρᾳ
1167 1370 1174 1377 ’
1196 1362 1296 1397 μᾶλλον
1309 1362 1350 1395 δὲ,
1370 1364 1394 1389 εί
1417 1363 1577 1399 βουληθείης
1605 1363 1676 1399 μετά
1701 1364 1844 1399 ἀκριϐείας

1003 1406 1129 1439 ἐξετάσαι
1146 1406 1177 1432 τὸ
1187 1406 1370 1442 πρᾶγμα,κα¹ί
1382 1406 1489 1439 εὐεξίας
1503 1407 1587 1442 αὐτὴν
1597 1408 1724 1443 εὑρήσεις
1739 1407 1844 1444 μητέρα

1003 1449 1199 1484 τυγχάνουσαν.
1216 1450 1272 1476 Kal
1286 1451 1310 1477 εἰ
1325 1452 1382 1482 τοῖς
1400 1451 1476 1485 ἐμοῖς
1490 1451 1615 1483 ἀπιστεῖς
1632 1451 1732 1486 λόγοις,
1746 1452 1844 1484 παῖδας

1007 1494 1106 1529 ἰατρῶν
1118 1494 1183 1529 περὶ
1197 1493 1300 1521 τούτων
1310 1494 1457 1530 ἐρώτησον,
1467 1494 1515 1521 καὶ
1523 1495 1599 1521 αὐτοὶ
1616 1495 1701 1521 ταῦτα
1710 1496 1844 1530 σαφέστε-

1007 1546 1052 1573 ρον
1069 1537 1190 1573 ἐροῦσιν,
1206 1538 1232 1564 οἶ
1245 1538 1296 1574 τήν
1313 1539 1363 1574 μὲν
1378 1538 1482 1565 ἔνδειαν
1497 1539 1602 1574 μητέρα
1614 1539 1663 1574 τῆς
1677 1539 1783 1573 ὑγιείας
1796 1548 1845 1566 κα-

1006 1583 1092 1616 λοῦσι,
1103 1583 1153 1615 τὰς
1165 1583 1193 1610 δὲ
1203 1583 1351 1618 ποδαλγίας
1366 1584 1413 1611 καὶ
1424 1583 1597 1619 καρηϐαρίας
1613 1584 1660 1610 καὶ
1674 1583 1845 1620 ἀποπληξίας

1006 1626 1054 1653 καὶ
1070 1627 1155 1662 φθόην
1170 1627 1217 1654 καὶ
1230 1626 1324 1662 ὕδερον
1339 1627 1386 1654 καὶ
1408 1627 1564 1663 φλεγμονὰς
1576 1627 1623 1654 καὶ
1641 1627 1785 1662 οἰδήματα,
1799 1628 1846 1654 καὶ

1009 1671 1114 1706 μυρίων
1128 1671 1231 1707 ἐτέρων
1246 1671 1408 1706 νοσημάτων
1420 1664 1597 1707 χειμάρρους,
1611 1671 1666 1698 ἀπὸ
1679 1671 1728 1707 τῆς
1740 1673 1847 1707 τρυφῆς

1009 1715 1055 1741 καὶ
1069 1715 1120 1750 τῆς
1135 1715 1287 1750 ἀδηφαγίας
1305 1715 1406 1748 ἐξιέναι
1426 1716 1520 1749 φασὶν,
1537 1715 1633 1752 ὥσπερ
1648 1716 1702 1742 ἀπό
1709 1724 1782 1748 τινος
1799 1725 1848 1743 πο-

1010 1759 1162 1795 νηροτᾶτης
1176 1759 1269 1795 πηγῆς
1288 1760 1424 1795 πονηροὺς
1443 1759 1559 1794 ῥύακας,
1580 1760 1627 1786 καὶ
1638 1761 1670 1796 τῇ
1688 1760 1734 1787 τοῦ
1755 1760 1849 1796 σώμα-

1010 1811 1055 1834 τος
1070 1801 1174 1838 εὐεξία,
1198 1803 1245 1829 καὶ
1265 1803 1299 1838 τῇ
1313 1803 1363 1838 τῆς
1383 1803 1474 1839 ψυχῆς
1499 1803 1663 1841 σωφροσύνῃ
1688 1803 1849 1840 λυμαινομέ-

1011 1855 1084 1880 νους.

1048 1929 1079 1954 ε’.
1092 1925 1138 1962 Μή
1155 1926 1244 1953 τοίνυν
1258 1926 1403 1961 φοϐώμεθα
1418 1927 1545 1962 νηστείαν
1557 1946 1564 1958 ,
1581 1927 1632 1963 τὴν
1647 1927 1701 1955 τῶν
1716 1927 1850 1956 τοσούτων

1013 1970 1086 2005 ἡμᾶς
1101 1970 1324 1997 ἀπαλλάττουσαν
1339 1970 1441 1998 κακῶν.
1459 1971 1496 1997 Οὐ
1514 1971 1569 2006 γὰρ
1587 1971 1680 2004 ἁπλῶς
1696 1973 1759 2008 ὑμῖν
1771 1973 1850 2000 τοῦτο

1014 2013 1155 2049 παραινῶ·
1185 2013 1242 2040 ἀλλ’
1270 2014 1362 2049 ἐπειδὴ
1392 2014 1504 2046 πολλοὺς
1529 2014 1585 2050 ὁρῶ
1609 2015 1663 2042 τῶν
1686 2016 1849 2051 ἀνθρώπων,

1015 2057 1140 2093 καθάπερ
1157 2058 1240 2093 ἀγρία
1266 2058 1318 2084 τινὶ
1342 2059 1452 2092 γυναικὶ
1477 2058 1672 2093 παραδίδοσθαι
1693 2059 1850 2094 μέλλοντας,

1015 2100 1102 2133 οῦτως
1120 2101 1268 2133 ὀκνοῦντας
1280 2102 1327 2128 καὶ
1339 2102 1548 2137 ἀναδυομένους,
1569 2103 1616 2129 καὶ
1631 2103 1702 2140 μέθῃ
1714 2104 1763 2130 xal
1787 2104 1852 2140 ἀδη-

1017 2146 1108 2180 φαγίιι
1119 2147 1238 2182 τήμερον
1260 2146 1372 2177 ἑαυτοὺς
1388 2146 1591 2182 διαφθείροντας
1601 2155 1607 2162 ·
1623 2147 1667 2173 διὰ
1685 2147 1764 2174 τοῦτο
1780 2156 1852 2184 παρ-

1016 2190 1084 2218 αινῶ
1099 2190 1170 2217 ὥστε
1192 2190 1229 2226 μὴ
1243 2191 1291 2225 τὴν
1309 2190 1341 2217 ἐκ
1357 2191 1406 2225 τῆς
1429 2191 1556 2226 νηστείας
1571 2190 1706 2226 ἐσομένην
1720 2191 1852 2226 ὠφέλειαν

1018 2234 1175 2269 προανελεῖν
1194 2233 1347 2269 λαιμαργία
1366 2234 1412 2260 καὶ
1429 2234 1509 2270 μέθῃ.
1525 2234 1580 2261 Καὶ
1599 2235 1654 2270 γὰρ
1668 2236 1692 2261 οἱ
1714 2236 1852 2263 κακόσιτοι

1018 2270 1073 2305 τῶν
1095 2276 1258 2313 ἀνθρώπων,
1277 2278 1340 2304 ὅταν
1363 2278 1448 2313 πικρά
1466 2278 1582 2312 μέλλωσι
1605 2278 1692 2305 πίνειν
1708 2279 1852 2315 φάρμακα,

1020 2321 1053 2348 ἂν
1076 2321 1177 2357 πολλῆς
1204 2322 1318 2353 ἑαυτοὺς
1343 2321 1501 2357 ὲμπλήσωσι
1526 2323 1643 2358 τροφῆς.
1664 2323 1712 2350 καὶ
1726 2323 1797 2350 οὕτω
1820 2325 1854 2351 τὰ

1021 2366 1155 2402 φάρμακα
1170 2365 1290 2398 λάϐωσι,
1306 2365 1354 2401 τήν
1375 2366 1425 2401 μὲν
1446 2366 1558 2402 πικρίαν
1577 2367 1741 2403 ὑπέμειναν,
1756 2368 1807 2403 τῆς
1826 2368 1854 2395 δέ

1020 2409 1152 2445 ὠφελείας
1162 2409 1299 2443 ἐξέπεσον,
1310 2409 1511 2445 δυσκολωτέραν
1519 2410 1556 2446 τῷ
1568 2411 1706 2448 φαρμάκῳ
1715 2411 1857 2445 ποιοῦντες

1021 2455 1070 2491 τὴν
1083 2455 1172 2490 πάλην
1188 2454 1256 2490 πρὸς
1269 2455 1318 2490 τὴν
1338 2455 1392 2481 τῶν
1408 2455 1587 2492 διεφθορότων
1600 2456 1695 2491 χυμῶν
1711 2457 1854 2492 πονηρίαν.

1022 2499 1072 2526 Διὰ
1083 2498 1161 2526 τοῦτο
1174 2499 1273 2530 αὐτοὺς
1287 2499 1311 2525 οἱ
1324 2498 1378 2525 τῶν
1391 2499 1491 2534 ἰατρῶν
1504 2499 1596 2531 παῖδες
1610 2499 1647 2535 μὴ
1658 2500 1856 2536 δειπνήσαντας

1023 2544 1163 2571 κελεύουσι
1192 2543 1344 2575 καθεύδειν,
1372 2543 1415 2569 ἵνα
1439 2544 1529 2571 πᾶσαν
1555 2544 1608 2570 τῶν
1633 2545 1787 2580 φαρμάκων
1807 2544 1855 2580 τὴν

1023 2588 1137 2624 δύναμιν
1153 2589 1185 2614 ἐκ
1202 2587 1313 2623 πρώτης
1327 2587 1428 2619 εὐθέως
1450 2589 1506 2619 τοῖς
1529 2589 1677 2620 νοσοποιοῖς
1690 2588 1744 2614 τῶν
1760 2596 1855 2624 περιτ-

1023 2636 1157 2670 τωμάτων
1173 2634 1336 2670 προσαγάγῃ
1352 2635 1458 2669 χυμοῖς.
1474 2634 1552 2661 Οὕτω
1563 2635 1610 2661 καὶ
1620 2635 1666 2661 ἐπὶ
1673 2634 1860 2670 τῆςνηστείας·

1024 2679 1071 2706 ἐὰν
1088 2679 1137 2714 μὲν
1155 2678 1254 2713 πολλῆς
1272 2678 1366 2705 ἑαυτὸν
1379 2678 1521 2715 ἐμπλήσῃς
1537 2678 1586 2714 τῆς
1612 2678 1697 2714 μέθης
1719 2679 1837 2714 τήμερον
1849 2698 1858 2711 ,

1025 2724 1073 2751 καὶ
1094 2723 1187 2759 αὔριον
1202 2722 1319 2759 ὑποδέξῃ
1342 2723 1372 2749 τὸ
1389 2724 1453 2758 παρ’
1473 2723 1580 2758 ἐκείνης
1601 2722 1758 2758 φάρμακον,
1774 2723 1859 2759 ἀχρη-

1057 2857 1069 2886 ε
1081 2855 1121 2881 Sic
1133 2856 1206 2881 Savil.
1222 2860 1247 2881 ιιι
1259 2863 1320 2881 unus
1332 2856 1391 2886 Reg.
1405 2855 1489 2880 Morel.
1504 2861 1562 2878 vero
1574 2855 1678 2886 λαγόνων
1691 2854 1815 2879 ἅπτεσθαι.

1057 2885 1073 2908 ά
1083 2888 1158 2912 Savil.
1171 2891 1196 2912 el
1208 2895 1270 2912 unus
1279 2888 1339 2920 Reg.
1347 2885 1402 2919 ἡμίν
1413 2888 1455 2916 τήν
1467 2887 1588 2910 ἀσθένειαν
1599 2885 1640 2910 τοῦ
1654 2887 1774 2916 σώματος,
1788 2890 1866 2917 gum.
