1978 3130
174 130 224 159 Mli

175 187 351 223 inutilemque
365 187 497 221 etl‘eceris,
513 193 540 215 et
559 188 677 216 laborem
690 188 797 223 quidem
811 189 951 224 pertuleris
962 210 970 223 ,

174 232 275 259 lucrum
290 232 357 260 inde
372 233 491 260 futurum
504 241 557 261 non
578 234 744 268 assequeris,
759 233 822 261 dum
838 235 896 270 ejus
918 235 971 262 vim

172 283 253 304 totam
268 277 296 304 in
311 279 418 306 malum
437 279 539 307 recenti
555 279 683 306 ebrietate
699 284 802 314 partum
818 280 948 315 impendis
963 290 970 308 :

170 323 191 350 si
214 331 281 350 vero
301 324 365 352 leve
382 326 572 360 praeparaveris
591 333 705 360 corpus,
721 326 862 361 sobriaqne
883 332 972 355 mente

169 371 323 405 susceperis
350 372 531 405 medicinam,
553 380 586 399 ex
610 372 715 400 delictis
734 373 869 400 veteribus
889 374 971 401 multa

170 415 270 450 poteris
282 423 450 452 expurgare.
476 417 513 445 Ne
528 418 607 452 igitur
623 425 670 452 per
680 418 836 445 ebrietatem
851 418 884 445 ad
901 418 971 453 jeju-

168 462 240 489 nium
263 469 416 498 pergamus
427 485 435 496 ,
460 471 544 498 neque
559 471 573 490 a
585 462 687 499 jejunio
702 464 728 490 in
749 464 905 492 ebrietatem
921 465 969 491 de-

166 509 302 536 clinemus
316 530 324 542 ,
339 518 377 538 ne
393 510 461 537 forte
473 510 583 545 perinde
595 510 699 537 accidat
711 517 742 537 ac
759 511 781 537 si
796 511 856 545 quis
871 518 970 546 aegrum

166 561 264 589 Corpus
278 559 366 589 atque
392 563 534 591 resurgens
548 564 562 583 a
577 556 729 584 valetudine
749 556 866 584 calcibus
888 558 972 592 impe-

168 604 226 627 tens
254 599 386 627 velocius
400 600 517 635 dejiciat.
534 601 609 635 Quod
623 607 649 628 e'.
662 602 689 628 in
704 607 795 629 nostra
817 602 846 629 ﬁt
863 603 949 629 anima
960 623 968 636 ,

166 653 225 673 cum
240 650 364 681 utraque
375 647 469 682 jejunii
491 655 522 675 ex
544 653 618 682 parte
628 668 635 680 ,
651 648 781 683 principio
795 648 920 676 videlicet
940 657 972 677 ac

166 692 217 720 ﬁne
226 713 233 725 ,
250 693 399 721 ebrietatis
411 694 480 722 nube
492 694 689 721 mundalionem
711 695 737 722 in
748 696 826 723 nobis
840 696 874 724 ab
887 696 971 723 absti-

165 738 255 765 nentia
271 737 377 766 factam
392 739 562 767 offuscamns.
577 739 664 767 Veluti
680 741 750 767 enim
765 741 809 776 qui
823 749 884 769 cum
908 742 971 769 feris

165 783 340 816 dimicaturi,
357 785 441 812 armis
452 785 540 812 multis
551 806 558 818 ,
578 786 802 821 munimentisque
816 787 970 822 principalia

165 837 278 864 quzeque
293 830 422 858 membra
435 831 616 863 circumdant,
632 835 713 866 atque
727 831 762 859 ita
775 839 836 859 cum
852 832 904 860 illis
915 832 971 860 bel-

166 876 220 902 lum
231 876 393 911 suscipiunt
408 885 414 903 :
429 877 467 904 sic
480 881 508 904 et
520 884 590 904 nunc
602 877 724 904 homines
737 878 814 904 multi
828 878 968 913 eumjejn-

166 923 210 949 nio
237 923 317 957 quasi
342 931 406 950 cum
427 923 481 951 fera
499 924 612 959 quadam
634 924 790 959 pugnaturi,
812 925 913 951 ventris
939 932 968 952 se

165 969 276 1003 crapula
290 970 438 1003 muniunt,
464 970 713 1005 disrumpentesquc
736 978 796 998 sese
819 976 845 998 et
859 971 971 998 obtenc-

165 1014 274 1041 brantes
286 1034 294 1047 ,
310 1015 399 1042 multa
413 1023 474 1043 cum
491 1015 670 1050 imprudentia
685 1016 776 1043 mitem
799 1023 830 1044 ac
850 1017 967 1051 quietutn

164 1060 256 1095 jejunii
272 1067 418 1096 aspectum
442 1063 599 1097 suscipiunt.
614 1063 700 1098 Atque
715 1063 737 1090 si
752 1063 904 1098 quempiam
928 1064 968 1090 in-

165 1111 342 1141 terrogavero
354 1129 361 1140 ,
373 1107 457 1142 Cujus
470 1109 509 1136 rei
532 1108 616 1143 gratia
629 1108 663 1136 ad
677 1109 795 1136 thermas
808 1109 886 1137 hodie
907 1117 967 1144 pro—

165 1160 241 1187 peras
256 1161 264 1180 :
279 1153 318 1182 Ut
332 1154 426 1182 abluto
440 1162 551 1189 corpore
564 1175 570 1187 ,
596 1155 711 1190 inquies,
725 1155 856 1191 jejunium
882 1156 966 1183 susci-

165 1200 244 1233 piam.
271 1199 301 1227 Si
318 1207 384 1228 vero
410 1205 437 1228 te
459 1201 679 1235 interrogavero,
697 1201 785 1234 Quare
805 1201 962 1235 inebriaris,

759 133 803 160 DE
823 133 1055 161 ΡίῈΝΙΤΕΝΤΙΑ.
1074 134 1186 161 HOMIL.
1209 135 1253 162 VI.

1769 141 1820 168 δη

1026 189 1122 217 iterum
1150 190 1232 223 dices,
1257 191 1388 225 Quoniam
1407 192 1537 228 jejunium
1558 202 1616 222 sum
1639 194 1819 229 ingressurus.

1025 235 1164 268 Quomodo
1180 237 1258 271 igitur
1269 245 1321 264 non
1334 245 1486 273 erroneum,
1502 248 1615 274 corpore
1624 241 1730 276 quidem
1740 250 1818 276 puro,

1025 281 1128 317 impura
1139 290 1202 309 vero
1208 282 1333 317 ebriaque
1342 284 1439 317 anima,
1447 285 1654 319 pulcherrimum
1663 287 1711 315 hoc
1719 287 1817 315 festum

1024 327 1147 362 excipere
1156 327 1271 355 ‘?Piura
1285 328 1397 356 dicenda
1410 335 1577 364 supererant,
1592 332 1640 359 sed
1654 332 1712 360 haec
1723 333 1821 361 sobriis

1024 372 1059 400 ad
1071 373 1266 400 correctionem
1281 374 1425 402 sufﬁciunt.
1437 377 1524 409 Quare
1539 385 1647 405 necesse
1658 384 1699 406 est
1713 380 1820 408 dicendi

1025 419 1103 446 tinent
1119 419 1223 446 facere:
1239 428 1300 446 nam
1312 421 1392 455 cupio
1408 422 1491 455 patris
1510 423 1602 451 audire
1622 432 1713 452 vocem
1730 435 1735 452 :
1751 434 1818 460 quo-

1025 465 1095 492 niam
1108 466 1157 500 ipsi
1165 466 1271 501 quidem
1284 467 1359 501 quasi
1373 468 1518 501 pastorales
1530 470 1605 503 pueri
1616 470 1704 498 subtili
1714 472 1818 499 calamo

1024 511 1161 538 sibilamus
1173 532 1180 543 ,
1198 512 1279 539 veluti
1292 513 1341 540 sub
1353 521 1452 548 quercu
1465 519 1509 540 aut
1521 513 1582 549 fago
1595 516 1707 550 quadam
1718 517 1751 544 ad
1763 526 1818 545 um-

1024 557 1099 584 bram
1109 565 1245 584 sacrorum
1256 558 1350 585 horum
1363 559 1502 592 sedentes;
1519 560 1562 587 hic
1570 566 1659 588 autent
1670 562 1752 590 veluti
1762 572 1819 590 mu-

1025 603 1096 630 sicus
1110 605 1227 638 optimus
1240 613 1347 632 auream
1362 605 1491 633 citharam
1507 607 1670 641 modulatus,
1691 617 1816 637 sonorum

1023 656 1154 678 concentu
1175 651 1330 679 universum
1346 653 1442 679 excitat
1458 653 1591 681 theatrum
1605 663 1613 681 :
1634 655 1673 682 sic
1686 659 1713 682 et
1740 655 1819 690 hujus

1024 699 1077 719 non
1089 693 1265 727 pulsationum
1274 715 1281 727 ,
1294 694 1340 721 sed
1354 695 1495 722 verborum
1508 700 1537 723 et
1551 703 1662 730 operum
1671 701 1816 725 concentus

1024 738 1166 773 plurimam
1185 740 1261 766 nobis
1279 739 1356 767 aﬂ‘ert
1370 741 1520 768 utilitatem.
1539 741 1678 776 Ejusmodi
1691 747 1718 769 et
1739 743 1818 770 (lhri-

1022 789 1079 811 stus
1092 784 1216 812 doctores
1229 786 1324 820 qna-rit
1336 794 1341 811 :
1357 786 1406 819 Qui
1418 787 1484 812 enim
1495 788 1580 821 fecerit
1596 792 1618 813 et
1631 788 1752 819 docuerit,
1776 788 1818 815 in-

1022 831 1089 865 quit,
1100 831 1140 857 hic
1153 839 1259 866 magnus
1269 831 1397 858 vocabitur
1410 833 1435 858 in
1448 840 1525 867 regno
1537 832 1656 859 cwlorum
1670 832 1776 868 (Matth.
1788 833 1815 861 5.

1024 875 1079 910 19).
1096 876 1233 910 Ejusmodi
1246 882 1288 904 est
1310 877 1360 904 iste
1375 886 1381 903 :
1395 882 1559 912 quapropter
1573 883 1599 905 et
1614 886 1725 913 magnus
1736 883 1776 905 est
1790 878 1817 905 iit

1021 930 1104 958 regno
1117 923 1258 950 cmlorum.
1274 924 1416 957 Contingat
1440 929 1529 950 autem
1550 928 1578 951 et
1592 931 1640 950 nos
1662 925 1736 958 ejus,
1760 932 1818 950 om-

1020 969 1147 1004 niumque
1167 964 1309 1004 przesulum
1321 969 1486 996 orationibus
1497 977 1580 1004 regno
1590 969 1714 996 ctelorutn
1724 969 1818 1004 dignos

1021 1014 1090 1048 ﬁeri,
1102 1015 1186 1049 gratia
1201 1019 1228 1041 et
1238 1015 1401 1048 benignitate
1414 1015 1518 1041 Domini
1530 1016 1612 1042 nostri
1628 1015 1691 1042 Jesu
1702 1015 1813 1047 Christi,

1019 1068 1080 1088 cum
1095 1069 1148 1096 quo
1161 1061 1232 1088 Patri
1248 1061 1330 1095 gloria
1342 1082 1348 1094 ,
1365 1068 1424 1088 cum
1440 1066 1532 1088 sancto
1556 1063 1666 1096 Spiritu,
1692 1070 1763 1089 nunc
1786 1067 1813 1089 et

1018 1116 1135 1144 semper,
1151 1114 1177 1136 et
1189 1110 1214 1136 in
1225 1110 1322 1137 sazcula
1335 1109 1506 1136 seculorum.
1521 1110 1617 1137 Amen.

1050 1175 1058 1190 ¹
1076 1175 1113 1210 sic
1123 1178 1215 1210 Sav..ct
1230 1182 1292 1210 unus
1311 1178 1368 1209 tteg.
1389 1178 1415 1199 In
1427 1177 1451 1198 Β.
1463 1178 1489 1200 et
1500 1175 1562 1206 apud
1575 1175 1666 1204 Μαι-ειη
1679 1173 1814 1206 pulcherri-

1017 1212 1082 1230 mum
1093 1206 1154 1230 hanc
1166 1206 1276 1230 virtutem
1287 1206 1417 1237 suscipere.

776 1313 847 1348 DE
880 1312 1233 1356 PCENITENTIA,

609 1397 733 1425 QUABTA
751 1399 950 1421 BEBDOMADA
971 1399 1077 1421 SACRIE
1099 1398 1367 1425 QUADBAGESIME.

460 1531 565 1551 uomuit
586 1531 612 1550 vr
638 1522 686 1558 (α).

200 1570 225 1597 Ι.
246 1569 334 1603 Quam
344 1569 457 1604 jucundi
472 1568 617 1604 spiritualis
627 1568 707 1603 hujus
717 1568 794 1595 nobis
806 1567 886 1594 maris
898 1571 961 1593 sunt

166 1614 270 1649 tinctus,
282 1620 310 1642 et
326 1615 404 1650 ipsis,
419 1615 463 1650 qui
475 1615 500 1641 in
512 1615 605 1649 pelago
619 1619 690 1647 sunt,
700 1613 883 1648 jucundiores.
898 1612 963 1639 Nam

166 1660 200 1688 illi
214 1661 326 1696 quidem
341 1666 483 1688 ventorum
499 1660 653 1692 insolentia,
671 1660 696 1686 hi
711 1660 817 1686 auditus
832 1659 964 1686 desiderio

166 1708 318 1740 excitantur:
338 1716 346 1735 :
364 1712 391 1734 et
419 1707 457 1734 illi
479 1707 587 1742 quidem
613 1705 754 1734 sublimius
780 1705 963 1740 agglomerati,

167 1753 375 1787 trepidationem
390 1752 561 1788 gubernatori
573 1752 713 1787 plurimam
730 1750 865 1778 inferunt:
883 1751 908 1777 hi
919 1750 964 1777 ubi

166 1806 358 1835 apparuerunt,
370 1800 501 1827 dicentem
513 1799 607 1826 ﬁducia
619 1799 700 1826 multa
713 1799 825 1833 replent.
840 1797 878 1824 llli
894 1798 964 1824 enim

167 1844 302 1873 furibundi
318 1846 400 1872 maris
408 1850 574 1880 argumenta,
588 1844 613 1871 hi
627 1844 722 1871 animo:
738 1843 894 1871 laetabunda:
903 1847 965 1869 sunt.

168 1890 264 1918 indicia
281 1900 288 1918 ε
307 1891 345 1918 illi
361 1891 443 1926 petris
468 1890 528 1917 illisi
543 1890 684 1925 ignobilem
700 1890 815 1916 sonitum
838 1888 962 1921 reddunt,

167 1936 192 1964 hi
204 1945 273 1964 vero
287 1937 417 1964 doctrinae
433 1937 515 1964 verbo
529 1937 635 1964 contriti
646 1936 768 1963 blandam
781 1943 871 1962 vocem
885 1935 964 1962 emit-

167 1987 231 2010 tunt.
249 1984 298 2010 Sic
308 1988 335 2010 et
348 1983 458 2019 zephyri
472 1983 550 2010 natus
563 1983 588 2009 in
600 1987 655 2009 sata
666 1982 802 2013 cadentes,
817 1985 896 2016 atque
907 1980 963 2014 ipsa

166 2029 304 2063 spicarum
324 2029 411 2063 capita
433 2029 592 2056 inclinantes
611 2036 642 2056 ac
659 2029 828 2060 relevantes,
846 2028 871 2054 in
895 2032 964 2054 terra

168 2076 250 2102 maris
267 2075 364 2102 [luctus
387 2075 533 2102 imitantur.
549 2075 602 2102 Sed
620 2080 647 2102 et
667 2075 717 2102 illis
731 2075 796 2102 satis
806 2073 964 2109 jucundiora

168 2125 226 2147 sunt
241 2121 302 2147 haec
315 2130 321 2147 :
336 2128 388 2147 non
399 2121 469 2148 enim
481 2121 588 2155 zephyri
601 2120 688 2153 ﬂatus,
701 2120 747 2147 sed
757 2120 871 2155 Spiritus
878 2119 962 2154 gratia

169 2172 273 2194 vestras
289 2167 394 2194 animas
411 2169 510 2194 excitat
524 2172 550 2194 et
566 2166 721 2200 inﬂammat,
737 2171 763 2193 et
778 2167 864 2201 ignem
879 2166 963 2198 illiilli,

169 2213 200 2241 de
211 2221 269 2249 quo
288 2214 352 2240 olim
367 2213 488 2241 Christus
505 2222 511 2240 :
529 2212 619 2248 Ignem
639 2213 693 2240 veni
708 2214 803 2239 mittere
817 2213 844 2239 in
859 2217 962 2245 terram,

168 2264 190 2286 et
203 2259 268 2295 quid
280 2259 347 2292 volo,
362 2259 411 2286 nisi
427 2264 454 2286 ut
467 2259 621 2285 accendatur
634 2259 642 2293 (
655 2257 719 2285 Luc.
737 2258 779 2285 l2.
796 2258 829 2286 49
840 2259 849 2293 )
862 2258 873 2285 ?
888 2258 964 2285 Hunc

169 2305 249 2333 video
273 2305 422 2332 immissum
439 2305 630 2339 incensumque
652 2305 677 2332 in
702 2305 842 2332 animabus
857 2305 962 2335 vestris.

169 2352 302 2385 Quoniam
326 2352 405 2387 igitur
429 2355 467 2379 tot
480 2350 615 2386 lampades
631 2351 707 2378 nobis
717 2350 815 2378 Christi
827 2353 906 2378 timor
920 2359 964 2378 ac-

169 2399 269 2432 cendit,
288 2399 358 2434 agite
377 2398 440 2425 hinc
465 2398 592 2425 doctrinm
613 2397 701 2425 oleum
719 2397 889 2431 iustillemus,
910 2405 964 2432 quo

170 2446 247 2473 nobis
259 2445 413 2472 diuturnior
447 2445 492 2472 lux
507 2445 560 2472 iiat.

202 2492 303 2526 Jeiunii
313 2495 411 2527 fructm
423 2492 572 2526 qwrendus
583 2500 592 2525 ;
603 2492 629 2518 in
643 2491 755 2518 studium
764 2490 964 2526 spectaculorum

172 2540 309 2566 inuehitur.
324 2553 361 2559 -—
376 2538 481 2566 Etenim
491 2538 567 2566 nobis
580 2538 614 2566 de
635 2543 732 2566 cetero
745 2538 838 2573 jejunii
859 2542 962 2572 tempus

170 2586 199 2613 ad
209 2587 289 2613 ﬁnem
299 2590 377 2621 urget
388 2594 395 2612 :
408 2593 468 2612 nam
477 2585 509 2611 ad
521 2584 598 2612 stadii
609 2585 724 2612 medium
735 2584 876 2620 progressi,
884 2584 962 2611 dein-

169 2639 230 2667 ceps
244 2632 278 2659 ad
290 2632 378 2667 ipsum
391 2631 471 2659 ﬁnem
485 2631 665 2659 concedimus.
686 2630 759 2658 Sicut
772 2631 844 2658 enim
855 2631 899 2666 qui
920 2630 959 2657 in-

202 2801 237 2833 iu)
253 2801 341 2835 collata
354 2807 411 2826 cum
423 2799 649 2835 (ῖοᾷὶοε)ίῐειιιηοπιικὶΔ
655 2799 848 2835 ρῐῑῴοιιξγωῇιιε
856 2803 913 2835 nota
924 2802 962 2835 est

172 2834 194 2886 ἦ
206 2830 244 2868 tt.
254 2833 289 2864 ιθ,
302 2837 329 2858 et
346 2839 403 2857 cum
418 2832 471 2856 Cod.
486 2832 625 2857 Barocciauo
635 2830 684 2855 212
693 2837 706 2855 a
718 2834 744 2855 Ι).
754 2832 887 2858 Wetstenio
899 2831 962 2855 basi-

190 2869 253 2887 ‘CttSl.

1018 1521 1098 1556 cepit,
1113 1522 1139 1548 in
1154 1521 1241 1549 medio
1253 1525 1309 1548 est:
1327 1522 1361 1547 ita
1371 1521 1414 1556 qui
1431 1521 1463 1548 ad
1478 1521 1592 1548 medium
1603 1522 1717 1554 devenit,
1731 1522 1810 1550 ﬁnem

1017 1566 1202 1601 apprehendit.
1218 1566 1299 1600 igitur
1314 1571 1419 1601 tempus
1432 1566 1465 1593 ad
1478 1567 1556 1594 tinent
1572 1568 1666 1601 vergit,
1686 1572 1765 1602 atque
1779 1569 1814 1595 de

1017 1617 1116 1640 caetero
1136 1616 1240 1647 portum
1259 1612 1352 1647 cymba
1368 1612 1509 1646 prospicit;
1522 1612 1567 1639 sed
1591 1612 1661 1647 quod
1674 1613 1812 1648 qumritur,

1018 1664 1070 1684 non
1088 1657 1142 1691 jam
1158 1662 1198 1684 est
1212 1657 1246 1684 ad
1264 1662 1370 1691 portum
1384 1658 1534 1692 pervenire,
1551 1658 1596 1684 sed
1622 1666 1716 1685 navem
1742 1658 1811 1686 haud

1018 1703 1084 1730 lucri
1094 1711 1202 1730 vacuam
1216 1703 1331 1730 trahere.
1343 1704 1397 1731 Oro
1410 1712 1457 1730 vos
1466 1712 1558 1730 (mines
1568 1711 1594 1731 et
1605 1705 1727 1736 obsecro,
1736 1712 1811 1732 suam

1017 1749 1128 1783 quisque
1136 1749 1168 1775 ad
1176 1749 1364 1776 conscientiam
1374 1750 1468 1784 jejunii
1481 1750 1685 1784 negotiationem
1695 1756 1809 1785 reputet,

1017 1805 1048 1825 ac
1062 1797 1084 1824 si
1097 1798 1203 1832 quidem
1217 1798 1322 1824 lucrum
1336 1798 1448 1824 multum
1459 1798 1652 1825 accumulatum
1667 1798 1809 1831 invenerit,

1018 1843 1191 1878 negotiationi
1210 1844 1290 1871 addat
1304 1853 1310 1870 :
1327 1844 1350 1871 si
1366 1844 1430 1871 nihil
1451 1849 1652 1879 congregatum,
1676 1845 1808 1879 reliquum

1018 1891 1144 1925 temporis
1173 1891 1346 1925 negotiationi
1373 1891 1519 1925 impendat.
1536 1891 1713 1925 Qunadnsque
1739 1895 1810 1917 stant

1017 1937 1154 1968 nundinaa,
1176 1936 1342 1972 negotiantes
1357 1936 1391 1963 de
1409 1944 1505 1971 magno
1519 1937 1594 1963 lucro
1609 1937 1809 1969 contendamus,

1016 1991 1050 2010 ne
1066 1984 1154 2010 vacuis
1168 1983 1323 2010 recedamus
1339 1982 1470 2014 manibus.
1487 1983 1619 2017 nejejunii
1635 1983 1752 2010 laboretur
1767 1987 1809 2010 to-

1017 2028 1142 2060 lerantes,
1156 2028 1249 2063 jejunii
1270 2029 1422 2054 amittamus
1439 2029 1587 2063 prcetninm.
1603 2028 1676 2055 Licet
1699 2029 1769 2055 enim
1782 2033 1810 2056 et

1013 2074 1106 2109 jejunii
1122 2074 1240 2102 laborem
1255 2074 1376 2106 sull‘erre,
1393 2074 1521 2109 etjejunii
1536 2074 1648 2101 fructum
1668 2082 1719 2101 non
1742 2082 1808 2102 eon-

1016 2121 1090 2155 Seqni
1105 2129 1112 2147 :
1125 2119 1258 2155 quomodo
1268 2120 1280 2145 ’ἔ
1291 2119 1358 2147 Cum
1370 2119 1472 2146 scilicet
1484 2127 1545 2146 esca
1559 2119 1732 2151 abstinemus,
1745 2128 1808 2154 pec-

1016 2172 1075 2193 cato
1088 2174 1138 2192 non
1154 2166 1319 2192 abstinemus
1332 2174 1337 2192 :
1353 2173 1414 2192 cum
1422 2165 1547 2192 carnibus
1560 2166 1666 2200 quidem
1681 2173 1733 2192 non
1761 2174 1807 2193 vc-

1015 2212 1123 2244 scimur,
1134 2211 1294 2238 devoramus
1304 2216 1392 2237 tamen
1405 2218 1548 2245 pauperum
1560 2211 1665 2238 domos:
1674 2218 1735 2238 cum
1746 2211 1809 2238 vino

1015 2257 1121 2292 quidem
1136 2256 1208 2284 haud
1221 2256 1395 2289 inebriamur,
1411 2256 1574 2283 inebriamnr
1589 2263 1652 2283 vero
1667 2256 1808 2284 desideriis

1015 2303 1105 2337 pravis
1118 2311 1124 2328 :
1140 2310 1200 2329 cum
1215 2302 1322 2337 quidem
1336 2302 1423 2330 inedia
1444 2306 1526 2329 totam
1542 2303 1711 2337 transigimus
1725 2303 1806 2334 diem,

1014 2353 1093 2382 atque
1103 2348 1224 2375 eamdem
1240 2347 1380 2383 impudicis
1396 2348 1423 2375 in
1437 2347 1596 2382 spectaculis
1613 2348 1806 2382 consumimus,

1013 2394 1084 2422 Ecce
1103 2395 1195 2430 jejunii
1217 2394 1303 2429 labor,
1318 2398 1345 2422 et
1367 2395 1463 2429 jejunii
1486 2394 1586 2421 fructus
1604 2402 1733 2429 nusquam
1754 2401 1805 2428 e51,

1013 2449 1073 2468 cum
1094 2441 1238 2476 iniquitatis
1262 2443 1366 2468 theatra
1386 2440 1600 2468 conscendimus.
1624 2440 1683 2467 Non
1703 2440 1735 2468 ad
1759 2449 1807 2468 vos

1015 2487 1080 2514 mihi
1094 2492 1133 2514 est
1153 2495 1252 2520 sermo,
1269 2487 1329 2514 novi
1341 2487 1412 2514 enim
1428 2486 1461 2513 ab
1471 2495 1502 2514 ea
1517 2486 1687 2514 accusatione
1700 2494 1747 2513 vos
1759 2495 1806 2512 νει-ι

1013 2541 1076 2560 cuos
1091 2541 1171 2566 esse;
1186 2533 1233 2560 sed
1254 2540 1312 2560 mos
1335 2533 1427 2560 dolore
1441 2533 1541 2567 pressis
1553 2536 1604 2565 est,
1621 2539 1680 2559 cum
1694 2532 1733 2558 eis
1752 2539 1806 2559 non

1012 2579 1117 2611 adsunt,
1132 2579 1176 2614 qui
1192 2579 1292 2606 doloris
1314 2579 1378 2606 dant
1391 2586 1509 2611 causam,
1525 2579 1551 2605 in
1568 2583 1713 2612 pratsentes
1740 2578 1800 2605 iraa;

1013 2632 1148 2652 evomere.
1171 2624 1248 2658 Quod
1268 2625 1339 2652 enim
1353 2625 1454 2652 lucrum
1467 2625 1618 2659 jejunantes
1634 2624 1736 2651 theatra
1753 2624 1804 2650 ini~

1012 2670 1119 2704 quitatis
1135 2671 1291 2704 ascendere,
1314 2671 1347 2698 ad
1366 2678 1535 2698 communem
1549 2670 1661 2700 luxnria:
1683 2669 1802 2697 scholam

1012 2716 1132 2748 introire,
1143 2717 1175 2744 ad
1185 2718 1319 2752 publicum
1329 2717 1527 2745 incontinentiae
1534 2717 1710 2752 gymnasium,
1722 2723 1803 2750 super

1011 2762 1166 2790 cathedram
1191 2763 1283 2790 sedere
1297 2763 1527 2798 pestilentiarum?
1543 2762 1648 2789 Etenim
1665 2766 1692 2789 et
1708 2761 1802 2788 cathe-

1010 2809 1086 2836 dram
1097 2809 1264 2844 pestilentia,
1274 2813 1307 2837 iet
1319 2808 1518 2836 incontinentis:
1531 2808 1709 2843 gymnasium,
1721 2806 1800 2834 scho-

1012 2856 1117 2891 lamque
1141 2856 1261 2889 luxuria',
1277 2861 1302 2883 et
1317 2856 1405 2883 omnia
1422 2854 1572 2889 turpissima
1594 2854 1757 2881 orchestram
1778 2853 1800 2880 si
