1978 3130
166 128 218 157 515

165 187 226 218 quis
237 183 344 217 dixerit,
360 183 428 211 haud
441 183 600 219 peccaverit,
615 184 759 219 pessimum
772 184 844 211 illum
855 183 951 216 locum,

165 231 393 266 plurimorumque
403 231 557 258 morborum
571 231 690 266 plenum,
701 230 889 266 Bahylonicam
904 230 957 257 for-

164 283 269 303 nacem.
282 275 348 303 Nam
364 277 434 303 velut
447 276 473 303 in
489 277 622 304 fornacem
637 276 778 311 quamdam
789 276 954 311 compellens

165 321 194 348 in
209 320 340 348 theatrum
361 321 484 349 diabolus
497 321 602 354 urbem,
627 322 666 349 sic
679 321 712 348 ab
728 321 782 348 imo
804 320 955 354 succendit,

165 375 219 394 non
237 368 292 402 jam
307 368 444 395 malleolos
457 368 616 395 submittens
626 389 634 401 ,
648 368 729 395 veluti
747 372 809 395 tunc
829 367 959 396 barbarus

167 413 223 445 ille,
239 420 326 448 neque
340 413 497 448 naphtham,
514 421 601 448 neque
622 419 738 449 stupam,
754 421 840 449 neque
851 414 956 449 picem;

165 458 213 486 sed
224 458 266 485 bis
278 458 361 486 multo
374 459 487 494 pejora‘,
505 459 661 486 fornicarios
673 460 756 492 visus,
769 460 854 494 turpia
865 460 956 493 verba,

164 504 284 532 membra
300 505 416 532 molliter
433 504 502 532 flexa
514 526 521 538 ,
545 509 626 540 atque
645 505 732 533 omnis
743 505 835 540 plenos
850 505 958 532 malitia:

165 555 269 578 cantus.
285 551 359 578 illam
387 551 467 586 igitur
486 550 619 578 fornacem
640 550 785 578 barbaricae
805 558 898 578 manus
914 559 958 578 ac-

165 597 324 630 cenderunt,
333 597 399 624 hanc
409 602 496 624 autem
505 597 641 624 fornacem
655 597 830 632 cogitationes
838 597 957 624 barbaris

164 643 364 678 insipientiores
379 643 527 671 accendunt
543 652 549 670 :
567 636 623 670 [nec
638 644 681 670 illa
697 644 783 678 pejor,
797 644 958 679 quandoqui-

164 689 226 716 dem
250 689 317 724 ignis
331 689 456 722 deterior,
482 697 535 716 non
549 689 593 724 qui
609 689 731 723 corporis
753 694 885 720 naturam,
909 690 956 717 sed

166 735 211 770 qui
224 735 320 762 bonam
333 735 428 762 animae
438 735 614 771 depopulatur
627 735 807 763 hahitudinetn
823 745 830 762 :
843 741 869 764 et
886 736 957 769 quod

165 781 306 808 nocentius
328 786 378 813 est,
397 789 483 816 neque
499 781 548 815 ipsi
562 782 606 816 qui
624 782 826 814 comburuntur,
843 782 957 817 idipsum

165 827 302 859 sentiunt;
316 827 337 854 si
352 827 423 854 enim
434 827 574 858 sentirent,
588 834 640 854 non
650 826 704 861 jam
720 826 832 853 effusum
842 827 915 854 illuni
931 828 956 854 in

165 872 208 899 his
219 872 300 899 risum
322 873 485 900 emitterent.
501 873 582 907 Igitur
597 873 622 899 id
637 873 677 899 vel
690 873 833 907 pessimum
848 879 886 901 est
901 882 958 901 ma-

165 918 231 951 lum,
246 927 307 946 cum
319 919 379 954 quis
390 918 548 952 infirmatur,
563 926 649 953 neque
662 918 775 953 idipsum
789 919 858 954 quod
881 920 956 946 infir-

165 969 254 991 matur
274 964 368 991 novit:
389 968 416 991 et
435 963 533 991 misere
555 963 652 990 ardens
669 969 697 991 et
708 968 883 996 'azrutnnose,
904 972 956 995 non

165 1010 247 1037 sentit
262 1010 425 1037 incendium.
446 1010 572 1044 Quasnam
585 1009 678 1044 jejunii
698 1010 806 1042 utilitas,
823 1010 866 1038 die
881 1011 955 1044 mihi,

164 1062 226 1082 cum
241 1055 350 1090 quidem
363 1063 459 1090 corpus
470 1063 545 1083 arces
557 1055 674 1090 legitimo
687 1063 702 1082 a
716 1056 888 1089 nutrimento,
906 1056 957 1084 ini-

164 1109 246 1136 quum
260 1110 324 1129 vero
338 1103 532 1130 nutrimentum
553 1102 649 1129 animce
665 1102 767 1129 inducis
779 1102 790 1129 ?
804 1110 864 1130 cum
886 1103 957 1131 diem

165 1147 221 1174 illic
234 1148 316 1175 trahis
337 1148 443 1180 sedens,
464 1155 633 1176 communem
653 1153 775 1175 naturam
791 1149 956 1184 deturpatam

165 1195 273 1223 intuens
298 1203 330 1223 ac
344 1196 503 1229 traductam,
519 1195 697 1231 mulieresque
708 1195 874 1228 fornicarias,
887 1195 958 1223 adul-

165 1241 233 1268 teria
257 1246 480 1275 reprmsentantes
506 1241 559 1269 illic
573 1249 630 1274 eos,
646 1242 690 1276 qui
715 1241 843 1277 cujusque
862 1241 957 1268 domus

165 1286 234 1313 mala
249 1286 376 1321 colligunt
390 1287 401 1313 ἲ
414 1287 482 1314 Nam
496 1292 523 1314 et
547 1287 738 1314 fornicationes
753 1287 845 1314 videre
867 1287 957 1320 datur,

165 1336 194 1358 et
204 1331 297 1359 audire
310 1332 499 1367 blasphemias,
515 1339 568 1368 quo
582 1337 609 1360 et
624 1340 670 1367 per
683 1333 786 1365 oculos,
799 1337 825 1359 et
845 1340 894 1368 per
907 1340 957 1359 au-

164 1377 249 1405 ditum
265 1379 313 1414 ipsi
327 1380 423 1406 anima:
435 1380 544 1407 morbus
555 1379 694 1414 procedat:
707 1380 808 1407 alienas
821 1379 958 1407 imitantur

164 1425 338 1458 calamitates,
364 1425 435 1453 unde
448 1430 474 1453 et
489 1425 554 1460 ipsis
567 1425 737 1460 turpitudinis
756 1433 853 1453 nomen
873 1427 958 1461 impo—

165 1471 245 1498 situm
271 1475 323 1498 est.
337 1471 412 1504 Quod
435 1471 514 1506 igitur
534 1472 628 1506 jejunii
655 1472 756 1499 lucrum
779 1472 866 1500 anima
892 1473 957 1500 cibis

165 1515 296 1550 ejusmodi
307 1517 407 1543 nutrita
419 1517 431 1543 ?
442 1517 538 1550 quibus
553 1517 638 1544 oculis
656 1525 767 1544 uxorein
782 1517 833 1544 illis
855 1525 870 1545 a
893 1526 957 1553 spe-

165 1561 277 1588 ctaculis
290 1561 392 1588 videbis
405 1561 417 1588 7
430 1561 525 1596 quibus
538 1563 622 1590 oculis
636 1562 739 1590 videbis
753 1562 957 1598 lilium?quibus

166 1606 364 1634 domesticum?
379 1607 475 1642 quibus
489 1608 603 1635 amicum
617 1608 628 1634 ?
640 1607 755 1635 Necesse
765 1613 853 1636 autem
866 1609 958 1637 dicen-

167 1656 219 1678 tem
237 1651 290 1678 illic
303 1656 376 1686 gesta
389 1653 560 1687 turpitudine,
576 1658 622 1680 aut
635 1658 765 1680 taeentcnt
781 1654 878 1682 rubore
892 1662 957 1682 con-

165 1696 248 1723 fundi.
265 1696 318 1723 Sed
333 1696 396 1724 hinc
410 1705 463 1724 non
476 1698 515 1725 sic
525 1697 583 1724 abis
595 1707 602 1724 :
615 1698 704 1725 licebit
714 1706 778 1726 vero
790 1699 861 1726 domi
875 1700 957 1726 multa

165 1749 226 1768 cunt
251 1741 349 1770 fiducia
377 1743 498 1770 universa
523 1751 642 1775 narrare,
672 1743 841 1778 propheticas
867 1752 955 1777 voces,

164 1788 310 1822 apostolica
324 1788 456 1824 dogmata,
474 1789 545 1823 leges
557 1789 717 1822 Dominieas,
732 1796 839 1816 omnem
850 1790 957 1818 virtutis

165 1841 284 1860 mensam
293 1841 436 1868 apponere,
446 1841 609 1869 uxoremque
620 1834 816 1862 narrationibus
825 1834 957 1869 ejusmodi

165 1879 330 1914 pudiciorem
355 1880 477 1913 reddere,
506 1880 706 1914 prudentiorem
731 1880 956 1913 filium,benevo-

165 1924 306 1952 lentiorem
334 1925 521 1957 domesticum,
548 1926 702 1952 amiciorem
731 1926 857 1959 amicum,
877 1930 957 1961 atque

165 1969 252 2005 ipsum
275 1970 411 1998 inimicum
427 1971 600 2006 persuadebis
612 1971 703 1998 odium
722 1970 866 2006 deponere.

199 2015 227 2042 2.
253 2015 316 2042 Vera
329 2017 418 2051 iejunii
439 2017 504 2043 ratio
517 2024 584 2051 que.
609 2031 645 2036 ——-
660 2016 740 2043 Vides
754 2016 886 2051 quomodo
900 2016 957 2045 h:ec

163 2062 271 2098 quidem
296 2063 397 2098 ubique
421 2063 548 2090 salutaria
572 2062 708 2097 dogmata,
725 2063 769 2089 illa
784 2070 848 2090 vero
862 2070 957 2090 acroa-

164 2113 235 2135 mata
259 2109 355 2144 ubique
381 2108 507 2136 inutilia?
528 2109 593 2142 Qua:
617 2108 696 2144 igitur
717 2108 811 2143 jejunii
837 2109 955 2140 utilitas,

164 2162 264 2190 quaeso,
292 2162 352 2181 cum
377 2162 490 2189 corpore
514 2154 621 2189 quidem
641 2153 757 2188 jejunas,
784 2153 869 2181 oculis
893 2162 958 2181 vero

165 2200 330 2228 mmcharis?
343 2200 510 2228 Adulterium
524 2200 595 2227 enim
606 2204 648 2226 est
660 2207 713 2226 non
729 2200 784 2234 ipsa
800 2199 880 2227 modo
890 2206 957 2226 con-

165 2246 305 2281 glutinatio
326 2251 371 2274 aut
393 2246 489 2280 copula
513 2245 635 2280 corporis
649 2265 657 2277 ,
685 2245 732 2272 sed
755 2249 782 2272 et
810 2244 958 2280 impudicus

164 2293 246 2320 visus.
262 2292 327 2325 Quae
338 2293 437 2319 utilitas
447 2299 508 2319 cum
521 2291 584 2318 illuc
597 2290 659 2317 hinc
671 2290 728 2317 abis
741 2290 752 2316 ?
769 2290 824 2324 Ego
842 2291 956 2324 corrigo,

164 2338 210 2366 ille
230 2338 377 2373 corrumpit
393 2346 399 2364 :
413 2344 463 2372 ego
487 2336 635 2364 medicinas
658 2336 753 2363 morbo
773 2335 898 2369 adhibeo,
914 2335 958 2363 ille

164 2390 273 2411 causam
295 2383 379 2410 morbi
404 2383 557 2409 ministrat:
573 2389 623 2416 ego
637 2386 740 2408 natura:
754 2380 889 2408 flammam
909 2389 958 2408 ex-

165 2430 289 2464 stinguo,
316 2429 360 2456 ille
384 2428 499 2455 libidinis
514 2427 647 2454 flammam
671 2427 802 2454 accendit.
829 2427 894 2459 Quae
904 2427 958 2454 uti-

166 2475 226 2501 litas
240 2495 247 2508 ,
273 2474 316 2501 dic
339 2473 429 2501 mihi?
451 2473 521 2500 Unus
534 2474 664 2507 aediﬁcem
689 2477 713 2499 et
725 2481 789 2499 unus
801 2473 930 2500 destruens
948 2480 958 2499 :

165 2521 226 2555 quid
251 2519 346 2547 lucratt’
369 2524 428 2547 sunt
458 2520 515 2554 plus
545 2527 622 2555 quam
657 2518 752 2546 labores
777 2518 882 2554 (Ecclt'.
911 2519 956 2546 54.

165 2566 200 2593 28
213 2566 234 2602 ).
261 2565 320 2593 Non
341 2573 404 2600 ergo
416 2564 461 2592 hic
486 2569 514 2592 et
527 2565 601 2598 illic,
637 2564 686 2592 sed
711 2564 754 2592 hic
782 2564 867 2591 solum
893 2571 958 2591 con-

165 2619 314 2643 versemur,
325 2618 377 2646 quo
392 2610 536 2643 fructuose,
550 2618 603 2646 quo
615 2618 669 2637 non
685 2610 710 2637 in
724 2617 820 2637 vanum
835 2609 889 2642 hie,
905 2616 958 2644 quo

165 2665 220 2685 non
233 2657 371 2688 inutiliter,
381 2664 466 2692 neque
478 2657 510 2684 ad
519 2657 716 2684 damnationem
728 2665 735 2683 :
747 2656 818 2683 Unus
827 2655 958 2690 indi/icon:

165 2708 190 2731 et
202 2711 269 2730 unus
276 2703 406 2730 destruens
417 2711 426 2730 :
440 2702 501 2738 quid
516 2703 607 2729 lurrati
616 2706 674 2729 sunt
688 2701 744 2736 plus
754 2710 829 2737 quant
840 2702 958 2729 labores?

168 2750 202 2778 Et
214 2751 335 2785 quamvis
348 2750 424 2777 multi
439 2749 601 2777 aedificantes
614 2748 712 2782 forent,
724 2755 792 2776 unus
816 2755 882 2776 vero
907 2747 956 2775 de-

198 2829 206 2845 ι
225 2828 303 2860 verba
314 2834 393 2860 usque
404 2827 443 2857 ad,
453 2827 505 2853 hac
519 2826 562 2852 illa
573 2826 650 2860 pejor,
659 2826 859 2852 desiderabantur
869 2832 893 2852 tu
905 2824 958 2851 Edi-

165 2860 210 2891 tis;
222 2859 268 2885 sed
277 2865 309 2884 ex
320 2858 400 2885 Ottob.
413 2863 439 2884 et
450 2862 543 2884 Barocc.
555 2858 668 2884 restituta
679 2861 743 2883 sunt.

501 127 528 156 S.
549 127 688 156 JOANNIS
707 126 939 155 CHRYSOSTOMI
959 127 1115 156 AllCllll‘IP.
1135 129 1398 158 CONSTANTINOP.

1747 132 1798 158 316

1010 189 1127 217 struens,
1139 185 1264 214 facilitate
1273 187 1455 216 subversionis
1467 189 1653 216 mdilicantium
1661 189 1801 216 multitudo

1009 230 1134 257 vincitur.
1151 231 1251 267 Magna:
1272 233 1391 267 profecto
1408 235 1577 270 turpitudinis
1599 240 1627 263 et
1641 222 1757 269 'juvenes
1775 241 1802 262 et

1011 283 1090 303 senes
1105 276 1138 304 ad
1160 278 1213 304 tale
1240 279 1357 305 studitnn
1381 279 1519 307 festinare.
1535 280 1588 308 Sed
1603 280 1702 308 utinam
1718 287 1802 314 usque

1012 320 1045 348 ad
1062 322 1250 357 turpitudinem
1265 329 1335 352 esset
1350 325 1449 352 malum
1463 334 1471 353 :
1484 326 1588 353 tametsi
1610 326 1636 353 id
1652 325 1753 353 homini
1767 326 1801 353 li~

1010 367 1075 394 bero
1089 368 1254 396 intolerabile
1267 369 1378 397 fortasse
1391 371 1504 404 videtur,
1514 377 1541 399 et
1555 371 1682 399 damnum
1690 371 1802 399 cordate

1010 414 1166 447 maximum,
1178 415 1199 441 si
1213 415 1374 450 turpitudine
1383 421 1410 443 et
1419 416 1562 452 ignominia
1572 422 1697 448 notetur;
1708 424 1801 444 verum

1010 465 1062 485 non
1076 458 1108 485 ad
1121 459 1291 494 ignominiam
1302 468 1385 496 usque
1399 466 1499 489 tantum
1513 470 1591 497 paena
1604 461 1734 497 procedit,
1754 463 1802 489 sed

1011 503 1076 531 ultio
1089 504 1181 539 ingens
1194 511 1226 532 ac
1239 506 1396 540 supplicium
1409 507 1529 534 imminet
1543 516 1550 534 :
1561 515 1671 535 necesse
1680 511 1721 535 est
1729 508 1801 535 enim

1010 549 1063 576 illic
1073 550 1196 578 sedentes
1205 556 1312 585 peccato
1318 552 1441 580 adulterii
1450 561 1542 581 omnes
1554 553 1648 586 teneri,
1660 560 1712 580 non
1726 552 1799 589 quod

1010 594 1045 622 ibi
1071 595 1226 623 mulieribus
1250 597 1417 631 copulentur,
1439 597 1486 625 sed
1500 598 1571 633 quod
1593 598 1731 633 impudicis
1753 604 1802 625 eas

1010 639 1162 668 intueantur
1181 641 1275 668 oculis.
1297 642 1402 670 Etenim
1426 643 1476 670 hos
1487 650 1593 678 quoque
1611 650 1720 670 necesse
1739 650 1801 670 esse

1009 687 1142 715 adulterio
1152 688 1234 715 teneri
1248 692 1277 715 ut
1287 689 1449 724 intelligatis.
1460 697 1512 716 non
1523 697 1611 717 meum
1623 689 1699 716 vobis
1712 688 1802 716 dicam

1009 741 1171 767 sermonem,
1190 742 1224 763 ne
1248 735 1313 762 forte
1327 735 1490 771 despiciatis,
1511 736 1558 764 sed
1581 735 1695 763 divinam
1715 735 1801 770 legem

1009 779 1158 814 explicabo,
1169 780 1212 807 ubi
1225 780 1362 815 despectui
1375 788 1540 816 nequaquam
1556 781 1640 808 locus.
1655 780 1722 814 Quid
1735 787 1801 814 ergo

1009 824 1097 852 divina
1106 825 1148 852 lex
1160 826 1258 860 inquit?
1268 826 1379 853 Audistis
1386 827 1445 862 quia
1457 827 1549 853 dictum
1558 831 1593 854 ert
1602 826 1727 861 antiquis:
1739 825 1802 852 Non

1008 870 1169 901 multaberis
1181 871 1276 906 (Exod.
1287 871 1332 899 20.
1347 872 1392 907 Η)
1405 880 1412 904 ;
1425 880 1472 908 ego
1484 877 1567 899 autem
1579 873 1635 899 dico
1645 872 1722 906 vobis,
1733 871 1804 906 quod

1009 917 1158 951 quicumque
1182 917 1271 943 viderit
1289 918 1418 944 mulierem
1438 918 1472 944 ad
1493 918 1720 952 concupiscendum
1732 926 1800 950 eant,

1004 963 1061 997 jam
1076 963 1213 990 moechatus
1225 968 1261 990 est
1273 972 1328 990 eam
1341 964 1367 991 in
1380 965 1456 992 corde
1468 973 1513 992 suo
1533 965 1637 1000 (Matth.
1652 966 1679 993 ὅ.
1689 963 1800 1000 27.28).

1010 1008 1105 1035 Vidisti
1115 1009 1276 1037 adulterium
1283 1015 1496 1036 consttmmatum
1511 1010 1522 1037 2
1537 1010 1624 1037 vidisti
1638 1011 1802 1044 completum

1009 1059 1145 1089 peceatum
1155 1056 1166 1081 ’ἶ
1177 1055 1279 1090 etquod
1291 1055 1418 1088 deterius,
1430 1056 1456 1083 in
1467 1056 1596 1084 adulterio
1606 1056 1802 1092 deprehensum

1009 1101 1168 1135 adulterum,
1183 1109 1235 1129 non
1251 1103 1430 1136 humano,sed
1446 1103 1536 1130 divino
1549 1104 1599 1130 sub
1611 1103 1710 1137 judicio
1722 1103 1803 1130 adul-

1009 1147 1069 1174 terii
1080 1155 1153 1174 reum
1167 1155 1237 1180 esse,
1252 1148 1296 1175 ubi
1317 1148 1479 1176 immortales
1491 1154 1552 1176 sunt
1567 1157 1661 1184 penus.
1679 1149 1803 1182 Quicum-

1009 1201 1056 1227 que
1070 1194 1136 1220 enim
1150 1194 1237 1220 viderit
1249 1194 1377 1221 mulierem
1388 1195 1421 1221 ad
1430 1195 1654 1230 concupiscendum
1667 1203 1733 1226 eam,
1744 1196 1804 1229 jam

1009 1238 1146 1266 mmeltatus
1166 1244 1201 1266 est
1217 1247 1274 1266 eam
1293 1239 1318 1266 in
1333 1240 1408 1267 corde
1418 1248 1477 1267 suo.
1491 1240 1548 1267 Non
1567 1241 1647 1267 modo
1666 1240 1801 1272 morbutn,

1009 1284 1056 1312 sed
1076 1289 1103 1311 et
1122 1285 1207 1312 morbi
1232 1285 1349 1313 radicem
1369 1286 1476 1318 evellit;
1492 1286 1566 1313 radix
1583 1287 1654 1314 enim
1677 1286 1804 1314 adulterii

1009 1330 1221 1366 concupiscentia
1241 1331 1372 1365 impudica
1396 1340 1403 1357 :
1428 1339 1512 1367 quare
1531 1339 1583 1359 non
1604 1331 1684 1358 modo
1710 1331 1804 1366 plectit

1009 1376 1177 1409 adulterium,
1186 1377 1231 1405 sed
1242 1378 1515 1413 etetmeupiscentiam
1523 1399 1530 1411 ,
1544 1378 1665 1405 adulterii
1677 1383 1803 1405 matrem.

1009 1423 1053 1451 Sic
1063 1427 1089 1451 et
1101 1424 1196 1451 tnedici
1219 1423 1329 1457 faciunt,
1345 1433 1397 1451 non
1410 1424 1443 1451 ad
1459 1424 1567 1452 morbos
1583 1424 1684 1451 instant
1702 1425 1804 1457 solum,

1009 1469 1056 1497 sed
1076 1470 1108 1497 ad
1122 1477 1216 1498 causas
1229 1466 1308 1498 e'tiam
1329 1471 1460 1498 tollendas
1473 1479 1479 1497 :
1495 1470 1565 1506 quod
1579 1471 1603 1497 si
1626 1474 1803 1505 aegrotantem

1009 1515 1114 1542 oculum
1126 1515 1250 1549 viderint,
1265 1523 1374 1550 pravum
1389 1516 1525 1543 humorem
1540 1515 1656 1551 desuper
1667 1523 1684 1542 a
1699 1520 1806 1550 tempo-

1009 1560 1082 1588 ribus
1092 1565 1265 1596 eompescunt
1277 1569 1283 1587 :
1299 1561 1337 1588 sic
1348 1566 1376 1588 et
1387 1560 1509 1588 Christus
1519 1561 1591 1588 facit.
1606 1561 1719 1588 Caecitas
1732 1560 1803 1588 mala

1008 1610 1049 1633 est
1068 1606 1243 1639 adulterium;
1264 1607 1402 1634 oculorum
1416 1611 1457 1633 est
1471 1606 1590 1637 morbus.
1605 1613 1659 1633 non
1680 1606 1802 1641 corporis

1009 1651 1106 1683 solum,
1130 1651 1178 1679 sed
1196 1651 1291 1678 animze
1304 1652 1394 1686 prius:
1409 1651 1508 1678 idcirco
1521 1651 1581 1678 inde
1593 1651 1740 1686 compescit
1757 1651 1802 1678 bu-

1009 1704 1111 1724 tnorem
1127 1697 1300 1731 impudicitiae
1321 1704 1368 1732 per
1391 1697 1512 1724 titnorem
1533 1697 1616 1732 legis;
1638 1704 1722 1731 quare
1748 1705 1801 1724 non

1008 1742 1089 1770 modo
1101 1743 1261 1770 adulterium
1271 1742 1358 1777 punit,
1380 1741 1426 1770 sed
1440 1742 1684 1777 concupiscentiam
1695 1749 1802 1776 quoque

1009 1789 1153 1816 ulciscitur.
1169 1788 1231 1815 lam
1243 1789 1380 1816 moechatus
1399 1794 1435 1816 est
1449 1797 1504 1815 eam
1515 1789 1541 1815 in
1554 1789 1629 1816 corde
1640 1797 1696 1815 suo.
1713 1788 1801 1816 Corde

1008 1839 1096 1862 autent
1109 1839 1245 1870 corrupto,
1258 1843 1317 1870 qua:
1333 1835 1458 1870 deinceps
1471 1835 1570 1862 utilitas
1583 1835 1609 1862 in
1624 1836 1728 1869 reliquo
1742 1843 1802 1862 cor-

1008 1879 1334 1915 poreiQuemadmodum
1362 1880 1431 1907 enim
1455 1880 1481 1907 in
1494 1880 1592 1914 plantis
1611 1885 1639 1907 et
1661 1880 1752 1915 lignis,
1777 1881 1800 1908 si

1008 1925 1115 1961 quando
1130 1933 1177 1953 cor
1188 1933 1296 1953 exesum
1310 1925 1440 1957 videmus,
1454 1926 1583 1961 reliquam
1593 1925 1627 1953 de
1642 1931 1742 1954 επιετο
1756 1933 1801 1954 re-

1009 1971 1151 2007 pudiamus
1166 1976 1269 2006 partem
1278 1980 1289 1999 ε
1301 1972 1340 1999 sic
1353 1976 1380 1999 et
1393 1972 1419 1998 in
1434 1972 1540 1999 homine
1553 1979 1614 1998 cum
1635 1971 1661 1998 id
1679 1972 1799 2006 perierit,

1009 2017 1141 2045 incassum
1148 2022 1188 2045 est
1196 2016 1257 2044 inde
1263 2017 1362 2052 reliqua
1371 2017 1490 2052 corporis
1496 2018 1604 2045 sanitas.
1615 2018 1633 2044 A
1639 2018 1712 2053 uriga
1721 2019 1800 2052 perit,

1009 2063 1118 2097 fractus,
1125 2064 1243 2099 dejectus
1251 2068 1301 2096 est,
1310 2063 1406 2091 frustra
1420 2064 1446 2091 in
1455 2068 1590 2098 posterum
1600 2064 1660 2098 equi
1671 2069 1782 2091 currunt
1792 2073 1800 2091 :

1009 2110 1142 2137 laboriosa
1163 2110 1206 2137 lex
1223 2114 1250 2137 et
1274 2109 1386 2137 multum
1398 2109 1488 2137 oneris
1508 2109 1587 2137 habet
1603 2110 1662 2137 :sic
1681 2110 1762 2145 igitur
1775 2115 1803 2138 et

1009 2163 1132 2191 magnam
1149 2156 1229 2183 habet
1241 2163 1377 2184 coronam.
1398 2155 1534 2190 Ejusmodi
1548 2160 1609 2183 sunt
1620 2156 1693 2183 enim
1708 2163 1752 2183 res
1766 2157 1804 2183 la-

1009 2201 1123 2229 boriosre
1135 2209 1142 2234 ;
1155 2209 1265 2236 magnas
1288 2202 1387 2228 habent
1409 2201 1608 2229 retributiones.
1623 2201 1664 2228 Tu
1676 2209 1742 2229 vero
1757 2210 1804 2229 ne-

1009 2256 1139 2284 quaquam
1147 2248 1263 2275 laborem
1272 2247 1379 2275 attende
1387 2269 1394 2280 ,
1412 2248 1457 2275 sed
1467 2248 1668 2275 retributionem
1677 2249 1803 2275 conside-

1010 2303 1039 2323 ra
1052 2303 1060 2323 :
1076 2296 1114 2322 sic
1126 2299 1152 2323 et
1165 2295 1191 2322 in
1203 2295 1264 2322 vita:
1275 2295 1353 2322 rebus
1364 2294 1402 2322 fit.
1417 2295 1443 2322 Si
1457 2294 1527 2321 enim
1541 2294 1658 2321 laborem
1671 2294 1804 2321 bonorum

1010 2351 1121 2377 operum
1137 2343 1315 2378 prospexeris,
1331 2350 1411 2378 grave
1424 2346 1504 2377 atque
1516 2349 1658 2368 onerosum
1675 2349 1684 2374 ;
1700 2341 1724 2368 si
1741 2349 1805 2368 vero

1010 2389 1211 2416 retributionem
1227 2388 1395 2423 cogitaveris,
1407 2387 1466 2415 leve
1477 2391 1504 2414 et
1523 2387 1599 2414 facile
1613 2386 1685 2422 quod
1700 2387 1803 2414 subest.

1010 2435 1055 2464 Sic
1069 2439 1096 2462 et
1107 2434 1278 2470 gubernator,
1289 2434 1311 2460 si
1323 2432 1420 2461 ﬂuetus
1435 2433 1531 2460 viderit
1544 2432 1642 2465 solum,
1655 2439 1803 2466 numquam

1010 2490 1027 2509 e
1040 2486 1116 2517 portu
1137 2480 1235 2516 scapha
1259 2480 1434 2515 digredietur,
1454 2479 1501 2506 sed
1523 2479 1545 2506 si
1565 2483 1697 2513 quaestum
1718 2478 1802 2513 prius.

1010 2535 1089 2563 quam
1098 2527 1193 2554 ﬂuetus
1203 2526 1359 2561 respexerit,
1369 2530 1432 2553 tunc
1440 2526 1597 2553 immensum
1607 2524 1682 2551 adire
1692 2524 1803 2560 pelagus

1010 2574 1100 2601 audet.
1109 2564 1159 2602 .Sie
1177 2578 1204 2601 et
1216 2573 1292 2601 miles
1305 2573 1326 2600 si
1340 2573 1448 2600 vulnera
1465 2571 1605 2606 etedesque
1617 2569 1724 2603 viderit,
1740 2577 1803 2597 nus-

1010 2628 1090 2656 quam
1099 2620 1190 2647 induet
1198 2619 1334 2647 thoracem
1345 2628 1352 2652 ;
1364 2619 1386 2647 si
1393 2626 1457 2646 vero
1466 2618 1614 2652 triumphos
1623 2617 1803 2651 victoriaeque

1011 2667 1096 2702 prius,
1109 2673 1187 2701 quant
1201 2666 1319 2698 vulnera,
1337 2670 1471 2700 tamquam
1495 2664 1528 2691 ad
1548 2667 1653 2699 pratum
1666 2664 1751 2690 currit
1769 2662 1802 2689 ad

1011 2712 1144 2748 prtelium.
1159 2712 1224 2746 Quae
1243 2712 1314 2739 enim
1335 2715 1428 2738 natura
1447 2710 1548 2745 gravia,
1570 2710 1610 2737 sic
1625 2709 1697 2737 levia
1724 2710 1800 2740 ﬁunt,

1010 2765 1071 2786 cum
1081 2758 1135 2793 jam
1150 2765 1203 2784 non
1219 2757 1324 2784 labores
1346 2757 1503 2792 cogitamus,
1530 2754 1577 2783 sed
1592 2755 1667 2790 ipsos
1680 2755 1800 2782 laborum

1011 2804 1111 2831 fructus
1123 2802 1335 2831 consideramus.
1347 2802 1489 2830 Diseerene
1502 2801 1544 2830 vis
1556 2800 1692 2836 quomodo
1707 2804 1800 2826 natura

1012 2849 1112 2886 gravia,
1128 2848 1196 2877 levia
1211 2848 1297 2877 ﬁunt?
1311 2847 1421 2876 Paulum
1437 2847 1498 2876 audi
1520 2846 1669 2875 dicentem:
1685 2844 1754 2873 Nam
1777 2849 1801 2872 α
