1978 3130
118 130 160 158 515
708 123 752 153 DE
771 121 1005 152 ΡαῖΝιτΕΝτιΑ.
1021 121 1136 150 ιιοιιιι..
1158 122 1202 150 Ἦ.

117 195 185 215 τατον
206 185 289 211 ἐκεῖνο
312 183 410 219 χωρίον
434 182 479 210 καὶ
500 183 661 219 νοσημάτων
685 183 770 218 γέμον
792 182 925 209 παντοδα-

117 230 178 261 πῶν,
193 227 264 264 [518]
279 227 327 263 τὴν
343 226 537 254 Βαϐυλωνίανι
567 227 692 262 κάμινον.
718 226 852 262 Καθάπερ
871 226 925 261 γὰρ

117 275 150 306 είς
163 272 268 308 κάμινόν
288 281 348 299 τινα
370 273 410 304 είς
427 272 458 298 τὸ
473 271 587 307 θέατρον
600 272 650 307 τὴν
669 271 746 298 πόλιν
769 271 895 307 ἐμϐαλὼν
912 273 927 298 ὀ

115 317 232 349 διάϐολος,
248 315 317 342 οὕτω
336 315 458 342 κάτωθεν
474 316 609 347 ὑποκαίει.
627 316 658 342 οὐ
673 315 840 351 κληματίδας
861 315 926 341 ὑπο-

114 361 194 393 τιθεὶς,
209 360 330 395 καθάπερ
344 360 358 386 ὀ
374 359 511 395 βάρϐαρος
527 360 588 386 τότε
601 360 721 394 ἐκεῖνος,
736 359 795 387 οὐδὲ
810 359 924 394 νάφθαν,

115 405 164 432 οὐδὲ
177 405 332 434 στυππεῖον,
352 403 414 430 οὐδὲ
435 403 553 438 πίσσαν,
570 403 638 430 ἀλλὰ
659 404 693 431 τὰ
716 403 806 439 πολλῷ
824 403 926 430 τούτων

115 448 272 484 χαλεπώτερα
286 448 311 479 δ,
327 448 460 482 πορνικὰς
474 447 550 482 ὀψεις
560 468 568 481 ,
583 448 684 484 αἰσχρὰ
696 448 821 483 ῥήματα,
835 448 926 474 διακε-

115 491 236 527 κλασμένα
264 491 351 526 μέλη,
380 492 472 526 πάσης
501 491 621 526 γέμοντα
644 492 777 527 πονηρίας
806 491 925 527 ᾄσματα.

119 536 224 570 Ἐκείνην
242 536 292 571 μὲν
314 534 360 562 οὗν
376 535 543 571 βαρϐαρικαὶ
562 535 613 571 τὴν
637 536 754 571 κάμινον
771 537 861 572 χεῖρες
880 536 928 563 ἀνο

113 581 183 616 ἧψαν,
191 579 289 614 ταύτην
297 579 326 606 δὲ
339 580 389 615 τὴν
404 580 519 615 κάμινον
534 579 706 615 ἀνοητότεροι
718 579 772 607 τῶν
782 580 928 616 βαρϐάρων

113 624 211 651 ἅπτουσι
221 623 344 658 λογισμοί
353 631 360 638 ⁸
375 623 554 658 χαλεπωτέρα
563 623 632 659 αὕτη
641 624 759 659 ἐκείνης,
773 623 867 659 ἐπειδὴ
879 624 928 651 καὶ

112 667 137 693 τὸ
151 667 200 702 πῦρ
219 666 423 702 χαλεπώτερον·
448 668 478 694 οὺ
499 668 554 703 γὰρ
581 667 716 703 σωμάτων
741 667 813 694 καίει
835 668 926 702 φύσιν,

112 710 168 738 ἀλλά
185 710 272 746 ψυχῆς
293 711 401 744 εὐεξίαν
417 711 594 746 λυμαίνεται’
607 712 655 738 καὶ
674 711 705 738 τὸ
725 711 926 747 χαλεπώτερον,

113 756 146 782 δτι
163 755 220 781 οὐδὲ
238 754 412 782 αἰσθάνονται
433 756 458 782 οἱ
476 756 631 791 καιόμενοι·
650 756 674 782 εί
692 757 747 792 γὰρ
768 756 926 792 ᾐσθάνοντο,

112 800 153 826 οὐκ
172 799 204 827 ἂν
219 799 323 826 πλατὺν
342 800 449 834 γέλωτα
473 800 520 826 ἐπὶ
544 802 601 832 τοῖς
620 801 778 835 γενομένοις
797 801 927 836 ὴφίεσαν·

112 845 169 879 ὅπερ
181 841 224 870 οὖν
235 844 293 870 ἐστι
309 844 519 879 χαλεπώτατον,
535 844 598 871 ὅταν
621 853 664 877 τις
681 845 767 872 νοσῶν
781 846 848 880 μηδὲ
864 846 930 873 αὐτὸ

112 887 178 914 τοῦτο
187 884 254 914 οἶδεν
272 888 314 914 ὃτι
329 889 418 920 νοσεῖ,
432 889 480 915 καὶ
497 889 641 924 καιόμενος
654 888 754 920 ἀθλίως
770 889 817 916 καὶ
833 889 929 916 ταλαι-

113 931 211 966 πώρως,
227 931 276 958 οὐκ
291 931 450 958 αἰσθάνεται
466 932 521 959 τῶν
539 932 723 968 ὲμπρησμῶν.
742 933 774 959 Τί
790 932 820 959 τδ
834 933 929 968 δφελος

111 977 151 1010 τῆς
164 977 284 1012 νηστείας
295 996 302 1008 ,
320 977 385 1003 ὅταν
410 976 440 1003 τδ
457 976 507 1012 μὲν
523 976 602 1012 σῶμα
616 977 740 1014 κωλύσῃς
755 977 805 1012 τῆς
824 985 930 1013 νενομι-

112 1020 199 1056 σμένης
217 1020 331 1056 τροφῆς,
352 1021 385 1055 τῇ
409 1020 438 1046 δὲ
463 1020 536 1056 ψυχῇ
557 1021 697 1057 προσάγῃς
707 1021 755 1057 τὴν
772 1021 930 1057 παράνομον

111 1065 214 1100 τροφήν;
228 1065 292 1092 ὅταν
308 1065 494 1101 διημερεύσῃς
509 1067 568 1092 ἐκεῖ
582 1066 652 1100 καθή
657 1074 747 1100 μενος,
763 1065 869 1101 βλέπων
881 1065 931 1101 τὴν

110 1108 190 1144 κοινὴν
205 1108 286 1143 φύσιν
300 1108 514 1144 ἀσχημονοῦσαν
529 1109 577 1136 καὶ
596 1108 929 1146 παραδειγματιξομένην,

111 1154 227 1186 γυναῖκας
241 1153 465 1188 πορνευομένας,
485 1153 606 1189 μοιχείας
627 1153 857 1190 ὑποκρινομένους
873 1155 932 1181 ἐκεῖ

109 1197 181 1228 τοὺςε
193 1196 225 1222 τά
242 1196 365 1232 ἑκάστης
385 1197 474 1229 οἰκίας
495 1198 568 1225 κακὰ
586 1197 782 1231 συλλέγοντας;
806 1198 863 1225 Καὶ
876 1198 931 1234 γὰρ

110 1241 148 1267 καὶ
165 1240 287 1276 πορνείας
307 1241 356 1267 καὶ
377 1241 500 1276 μοιχείας
517 1243 590 1272 ἐστιν
607 1243 686 1275 ίδεῖν,
699 1241 746 1269 καὶ
759 1240 932 1276 βλασφημίας

109 1283 224 1317 ἀκοῦσαι,
247 1284 292 1311 ῐνα
308 1285 358 1312 καὶ
376 1285 410 1311 δι’
431 1285 579 1321 ὀφθαλμῶν
595 1286 643 1312 καὶ
659 1287 692 1313 δι’
709 1285 796 1321 ἀκοῆς
820 1286 837 1322 ἠ
854 1286 932 1318 νόσος

109 1328 202 1362 {mw-in
223 1329 257 1364 τῇ
270 1327 363 1363 ψυχῇσ
379 1328 527 1364 μιμοῦνται
542 1329 591 1361 τὰς
606 1329 750 1364 άλλοτρίας
770 1329 930 1364 συμφορὰς,

109 1370 158 1397 ὅθεν
171 1371 258 1402 αὐτοῖς
283 1372 335 1399 καὶ
351 1372 381 1398 τὸ
402 1372 489 1408 ὄνομα
512 1372 560 1408 τῆς
576 1372 708 1408 αἰσχύνης
731 1372 878 1400 ἐπίκειται.
899 1373 932 1400 Τί

107 1412 146 1441 οὖν
158 1414 186 1441 τὸ
203 1415 297 1450 κέρδος
313 1415 366 1450 τῆς
387 1416 529 1451 νηστείας,
546 1416 660 1443 τοιαῦτα
673 1417 723 1452 τῆς
737 1416 827 1452 ψυχῆς
842 1425 932 1443 σιτου-

108 1458 196 1494 μένηςς
222 1459 314 1491 ποίοις
336 1459 487 1495 ὀφθαλμοῖς
509 1460 571 1495 δψει
595 1460 645 1496 τὴν
668 1462 785 1494 γυναῖκα
805 1460 860 1487 ἀπὸ
877 1461 932 1487 τῶν

108 1503 238 1538 θεαμάτων
266 1503 401 1537 ἑκείνων;
425 1504 509 1536 ποίοις
537 1504 679 1541 ὄμμασινά
694 1505 755 1540 δψει
782 1505 829 1532 τὸν
859 1505 931 1538 υἰὸν,

108 1545 184 1578 ποίοις
196 1546 241 1574 τὸν
253 1547 381 1583 οἰκέτην,
405 1547 491 1580 ποίοις
502 1548 548 1576 τὸν
564 1548 656 1583 φίλον;
684 1549 802 1585 Ἀνάγκη
819 1550 873 1586 γὰρ
886 1550 932 1577 λέ-

108 1597 179 1624 γοντα
190 1590 225 1618 τὰ
237 1591 298 1618 ἐκεῖ
318 1592 450 1627 γινόμενα
462 1592 643 1628 ἀσχημονεῖν,
660 1593 676 1629 ἢ
690 1594 770 1630 σιγᾷν
788 1594 837 1621 καὶ
847 1603 933 1622 καταο

107 1632 204 1661 δύεσθαι
219 1635 403 1670 ἐρυθριῶντα.
427 1636 498 1662 Ἀλλ’
515 1637 565 1663 οὐκ
580 1637 706 1664 ἐντεῦθεν
719 1637 805 1670 οὕτως
826 1638 932 1673 ἀναχω-

108 1677 171 1712 ρείς,
185 1678 240 1705 ἀλλ’
255 1679 332 1712 ἔξεις
354 1679 384 1706 ὲν
400 1680 434 1716 τῇ
455 1680 529 1716 οἰκίᾳ
550 1681 620 1716 μετὰ
637 1681 739 1716 πολλῆς
759 1681 809 1716 τῆς
823 1683 933 1717 παρρη-

108 1721 159 1753 σίας
171 1722 258 1749 πάντα
268 1723 306 1750 τὰ
317 1723 451 1758 λεγόμενα
462 1723 625 1759 διηγεῖσθαι,
641 1725 815 1760 προφητικάς
827 1726 933 1760 φωνὰς,

108 1765 261 1794 amona
276 1767 417 1803 δόγματα,
434 1767 534 1803 νόμους
550 1767 739 1802 δεσποτικοὺς,
753 1769 863 1797 ἆπασαν
882 1771 932 1806 τῆς

108 1809 197 1844 ἀρετῆς
208 1811 392 1847 παρατιθέναι
404 1811 452 1847 τὴν
465 1811 619 1847 τράπεζαν,
634 1812 682 1839 καὶ
697 1814 814 1847 γυναῖκα
827 1822 933 1850 σωφρο-

108 1854 223 1889 νεστέραν
233 1856 326 1887 ποιεῖς
338 1856 394 1887 τοῖς
409 1855 534 1883 ἐντεῦθεν
543 1856 720 1892 διηγήμασιν,
734 1858 782 1884 καὶ
797 1857 854 1884 υίὺν
869 1866 932 1884 συν-

108 1898 227 1934 ετώτερον
245 1899 371 1936 ἐργάζῃ,
386 1900 433 1926 καὶ
454 1901 564 1936 οἰκέτην
583 1901 774 1937 εὐνούστερον,
797 1902 843 1929 καὶ
857 1902 933 1937 φίλον

109 1941 287 1978 φιλικώτερον,
303 1944 354 1970 καὶ
368 1943 415 1971 τὸν
430 1943 526 1980 ἐχθρὸν
535 1944 564 1971 δὲ
577 1944 660 1972 αὑτὸν
670 1944 773 1977 πείθεις
784 1945 934 1974 καταλῦσαι

107 1986 150 2020 τὴν
161 1985 270 2022 ἔχθραν.

137 2029 167 2064 β’.
180 2030 258 2066 Ὁρᾷς
266 2031 309 2063 ὡς
316 2031 404 2058 ταῦτα
418 2032 470 2067 μὲν
478 2031 616 2068 πανταχοῦ
630 2033 751 2070 σωτήρια
757 2034 792 2062 τὰ
798 2034 932 2070 δόγματα,

108 2073 188 2101 ἐκεῖνα
209 2075 238 2102 δὲ
258 2075 389 2113 ἄχρηστα
404 2076 543 2112 πανταχοῦ
558 2077 593 2104 τὰ
607 2077 785 2113 άκούσματα;
799 2079 832 2105 Τί
845 2079 934 2106 τοίνυν

108 2115 191 2151 θφελος
214 2119 364 2155 νηστείας,
388 2118 449 2145 εἰπέ
471 2128 533 2154 μοι,
560 2120 624 2147 ὅταν
637 2120 676 2156 τῷ
691 2120 797 2157 σώματι
817 2121 867 2157 μὲν
886 2131 936 2157 νη-

109 2161 211 2198 στεύῃς,
232 2163 278 2190 διά
301 2162 332 2189 δὲ
352 2162 408 2190 τῶν
427 2163 575 2199 ὀφθαλμῶν
598 2164 744 2200 μοιχεύῃς;
759 2165 866 2201 μοιχεία
880 2166 935 2202 γάρ

108 2205 172 2232 ἐστιν
191 2207 221 2233 οὐ
237 2206 387 2243 συμπλοκὴ
409 2207 506 2242 μόνον,
522 2208 583 2235 οὑδὲ
604 2209 698 2244 ὁμιλία
712 2209 852 2244 σώματος,
866 2210 935 2237 ἀλλὰ

109 2249 149 2276 καὶ
162 2249 219 2284 ὗψις
233 2251 402 2282 ἀκόλαστος·
426 2251 454 2278 τί
468 2252 499 2278 τὸ
521 2251 617 2286 ὄφελος
631 2252 696 2279 ὅταν
711 2258 722 2272 ο
739 2253 856 2280 ἐνταῦθα
880 2263 935 2280 πα-

109 2293 198 2331 ραγίνῃ
215 2296 318 2327 κάκεϊ;
342 2295 413 2330 Ἐγὼ
430 2296 561 2327 παιδεύω,
577 2296 680 2327 ἐκεῖνος
694 2297 843 2333 διαφθείρει
855 2305 862 2312 ·
879 2298 936 2333 ἐγὼ

109 2338 232 2375 φάρμακα
249 2341 349 2375 ἐπάγω
365 2342 398 2376 τῇ
415 2341 503 2377 νόσῳ,
519 2342 623 2373 ἐκεῖνος
639 2342 817 2378 προστίθησιν
836 2343 935 2371 ὑπόθε-

109 2391 146 2409 σιν
164 2385 196 2420 τῇ
226 2385 318 2420 νόσῳ·
343 2384 400 2420 ἐγὼ
424 2385 545 2412 σϐεννύω
566 2386 616 2421 τὴν
631 2386 718 2421 φλόγα
737 2386 787 2422 τῆς
809 2388 934 2422 φύσεως,

109 2427 202 2459 ιιείνος
215 2428 333 2455 ἀνάπτει
348 2428 398 2464 τὴν
411 2429 499 2463 φλόγα
511 2429 561 2464 τῆς
574 2429 731 2466 ἐπιθυμίας.
745 2431 816 2458 Τίτὺ
829 2431 936 2466 ὅφελος,

110 2470 164 2497 εἰπε
184 2480 247 2507 μοι;
265 2469 320 2505 Εἷς
329 2471 497 2507 οἰκοδομῶν
510 2473 561 2500 καί
580 2473 621 2507 εἷς
642 2473 805 2508 καθαιρῶν·
821 2475 851 2501 τι
863 2475 937 2510 ὠφέ-

109 2515 204 2549 λησαν
231 2516 331 2543 πλέον
353 2515 373 2550 ἢ
399 2516 532 2549 κόπους;
562 2517 607 2553 Μὴ
633 2517 722 2545 τοίνυν
746 2518 863 2546 ἐνταῦθα
890 2519 938 2546 καὶ

111 2558 178 2592 iui,
192 2559 250 2587 ἀλλ’
266 2559 389 2587 ἐνταῦθα
405 2560 485 2596 μόνον
508 2560 706 2596 διατρίϐωμεν,
729 2562 772 2589 ἵνα
794 2562 938 2598 χρησίμως

112 2603 233 2638 ἐνταῦθα,
246 2605 292 2632 ῐνα
302 2605 339 2640 μὴ
357 2605 445 2640 μάτην
463 2605 590 2639 ἐνταῦθα,
605 2605 649 2632 ἵνα
662 2606 699 2642 μὴ
717 2606 787 2642 είκῆ,
809 2607 876 2642 μηδὲ
890 2607 937 2633 ἐπὶ

113 2648 266 2683 κατακρίσει
278 2658 285 2663 ·
300 2646 354 2682 Εἷς
366 2648 530 2683 οἰκοδομῶν
540 2649 590 2677 καί
600 2647 644 2682 εἷς
653 2649 800 2684 καθαιρῶν
809 2659 816 2666 ·
829 2651 858 2677 τί
865 2650 938 2685 ὠφέ-

112 2693 206 2725 λησαν
216 2693 313 2721 πλέον
323 2694 342 2728 ἣ
356 2693 432 2730 [319]
444 2694 575 2728 κόπους;
591 2694 687 2722 Καίτοι
701 2703 733 2730 γε
748 2696 772 2722 εί
785 2695 832 2723 καὶ
845 2695 938 2723 πολλοὶ

140 2750 149 2784 f
159 2750 236 2784 Ambo
246 2752 440 2784 Βαϐυλωνιακήν.
449 2751 558 2783 Utraque
570 2752 645 2778 lectio
656 2754 768 2784 quadrat.

140 2781 154 2802 h
163 2782 220 2815 He}:
229 2789 309 2815 usque
319 2783 349 2815 οὐ
358 2781 843 2815 χαλεπωτέραὲοσοοηε,ᾱὲεὶόθι-ιὼοῐιιιιι·
852 2786 876 2810 in
888 2785 940 2810 edi-

115 2813 347 2868 {:ngeg-Ouob.
359 2813 389 2838 ει
400 2813 499 2839 Βοεοεο.
513 2813 706 2863 τεσξὶιοιασιιιη,
719 2819 745 2840 ει
754 2815 784 2841 ab
799 2817 939 2847 interprete

143 2858 303 2907 ξηίιῗῇξιὲρσ.
315 2875 366 2900 ἐκεῖ
375 2875 431 2904 τούς
439 2875 520 2900 deest.
532 2858 616 2903 οιιὸδ.
629 2878 711 2904 autem
731 2876 807 2904 habet
827 2877 935 2907 ἰκείνους.

143 2903 155 2924 δ
166 2905 247 2937 ρίιοδ-
258 2906 394 2937 ῥφθαλμοῖς.

146 2937 157 2950 ε
168 2935 207 2961 Sic
219 2935 303 2968 ambé;
313 2935 368 2962 ἄταν
378 2938 451 2963 deest
465 2936 490 2962 in
502 2936 583 2964 editis.

1760 121 1811 150 5M

980 181 1003 207 οἱ
1017 179 1221 215 οἰκοδομοῦντες
1232 177 1286 205 εἷεν
1294 199 1302 211 ,
1314 177 1354 210 είς
1366 178 1394 204 δὲ
1403 179 1417 205 ὀ
1429 179 1578 215 καθαιρῶν,
1595 181 1657 216 νικᾷ
1670 180 1719 215 τὴν
1729 180 1814 207 πολυ-

980 223 1085 259 χειρίαν
1098 223 1152 249 τῶν
1164 221 1377 257 οίκοδομούντων
1391 223 1408 258 ὴ
1425 223 1535 249 εὐκολία
1547 223 1597 258 τῆς
1609 224 1810 259 καταστροφῆς.

980 267 1092 303 Μεγάλη
1109 267 1194 298 ὅντως
1211 266 1325 302 αἰσχύνη
1341 266 1388 293 καὶ
1403 266 1547 298 νεάζοντας
1559 268 1608 293 καὶ
1622 267 1811 303 γεγηρακότας

981 312 1028 337 ἐπὶ
1041 310 1089 345 τὴν
1114 309 1242 344 τοιαύτην
1266 309 1375 345 τρέχειν
1399 310 1525 346 σπουδήν.
1549 310 1618 337 Ἀλλ’
1634 310 1690 337 εἴθε
1715 311 1812 346 μέχρις

980 354 1110 389 αἰσχύνης
1132 351 1166 389 ἦν
1187 354 1217 380 τὸ
1243 353 1344 380 κακόν·
1363 353 1451 380 καίτοι
1473 362 1505 388 γε
1527 354 1680 381 οὐδὲτοῦτο
1695 354 1812 390 φορητὸν

980 397 1057 432 ἀνδρὶ
1070 397 1207 433 ἐλευθέρῳ
1218 417 1225 429 ,
1248 396 1304 423 ἀλλ’
1319 396 1419 432 ἐσχάτη
1438 396 1524 432 ζημία
1536 397 1575 432 τῷ
1587 397 1650 424 νοῦν
1664 398 1753 434 ἔχοντι
1765 399 1812 425 καὶ

981 441 1152 475 κατάγνωσις
1169 441 1217 467 καὶ
1240 440 1356 475 αἰσχύνη
1368 449 1374 455 ⁸
1393 440 1451 466 ἀλλ’
1469 441 1500 467 οὐ
1519 441 1599 477 μέχρι
1619 442 1668 476 τῆς
1683 441 1813 478 αἰσχύνης

979 484 1010 511 τὸ
1031 484 1184 520 ἐπιτίμιον,
1205 483 1273 510 ἀλλὰ
1296 484 1343 510 καὶ
1362 484 1472 515 κόλασις
1491 484 1627 511 ἐπίκειται
1643 485 1748 520 μεγάλη
1765 486 1813 512 καὶ

979 529 1110 563 τιμωρία.
1135 529 1253 564 ’Δνάγκη
1278 528 1333 563 γὰρ
1356 528 1419 560 τοὺς
1431 529 1490 554 ἐκεῖ
1507 527 1678 563 καθημένους
1692 529 1814 564 μοιχείας

981 572 1103 607 ἁμαρτίᾳ
1127 572 1231 604 πάντας
1250 571 1425 604 ἁλίσκεσθαι,
1438 571 1489 598 οὐκ
1507 571 1601 606 ἐπειδὴ
1613 572 1812 607 συμπλέκονται

980 622 1041 652 ταῖς
1056 621 1115 647 ἐκεῖ
1133 620 1272 655 γυναιξὶν,
1293 620 1350 646 ἀλλ’
1373 620 1466 656 ἐπειδὴ
1483 620 1644 651 ἀκολάστοις
1671 620 1814 655 βλέπουσιν

981 669 1065 700 αὑτὰς
1087 669 1247 704 ὀφθαλμοῖς.
1271 669 1332 696 Ὀτι
1349 669 1403 704 γὰρ
1428 668 1476 695 καὶ
1496 667 1607 700 τούτους
1629 669 1736 705 ἀνάγκη
1756 678 1814 704 μοι·

981 718 1043 753 χείᾳ
1059 717 1233 749 ἁλίσκεσθαι,
1254 717 1304 744 ούκ
1318 717 1383 752 ὲμὺν
1400 717 1465 752 ὑμῖν
1481 716 1536 752 ἐρῶ
1549 716 1637 751 λόγον,
1655 716 1698 743 ίνα
1712 716 1749 752 μὴ
1764 726 1816 751 κα-

981 762 1190 798 ταφρονήσητε,
1211 761 1279 788 ἀλλὰ
1306 761 1377 787 θεῖον
1408 761 1473 796 ὑμῖν
1499 759 1692 795 ἀναγνώσομαι
1717 761 1814 797 νόμον·

983 805 1099 832 ἐνταῦθα
1125 806 1179 841 γὰρ
1207 805 1298 831 οὐκέτι
1323 804 1505 839 καταφρονεῖν
1529 803 1651 830 δυνατόν.
1676 804 1708 831 Τί
1733 803 1779 831 οὖν
1801 807 1816 832 ὀ

982 844 1053 881 θεῖοξ
1075 849 1157 884 νόμος
1179 849 1278 884 φησίν;
1305 848 1465 875 Ἠκούσατε
1490 847 1535 874 ὅτι
1561 847 1662 882 ὲρῤέθη
1690 849 1752 882 τοῖς
1765 849 1817 883 ἀρ-

983 894 1089 928 χαίοις,
1107 894 1148 921 Οὺ
1157 893 1331 928 μοιχεύσεις
1342 900 1349 908 ⁸
1365 892 1422 927 ἐγὼ
1432 892 1466 918 δὲ
1476 891 1554 926 λέγω
1571 892 1653 926 ὑμῖν,
1671 892 1715 919 (tl.
1729 893 1789 925 πᾶς
1800 895 1816 920 ό

983 937 1134 972 ἐμϐλέψας
1149 937 1277 972 γυναῖκα
1295 936 1371 971 πρὸς
1385 936 1417 963 τὸ
1432 936 1616 971 ἐπιθυμῆσαι
1628 935 1739 970 αὐτῆς,
1757 936 1815 970 ἤδη

983 982 1162 1016 ἐμοίχευσεν
1177 981 1275 1014 αὐτὴν
1291 981 1326 1007 ἐν
1344 980 1382 1014 τῇ
1400 980 1506 1014 καρδίᾳ
1521 981 1624 1007 αὐτοῦ.
1639 979 1714 1012 Εἶδες
1727 981 1818 1016 ἀπηρ-

983 1025 1109 1060 τισμένον
1126 1024 1170 1050 τὸν
1187 1024 1300 1060 μοιχόν;
1324 1022 1393 1055 εἶδες
1410 1023 1630 1059 πεπληρωμένην
1653 1023 1703 1059 τὴν
1728 1023 1818 1059 ἁμαρ-

983 1069 1061 1101 τίαν;
1086 1067 1133 1095 καὶ
1144 1067 1174 1094 τὸ
1185 1066 1391 1103 χαλεπώτερον,
1405 1067 1451 1094 τὸν
1469 1066 1562 1102 μοιχὸν
1581 1066 1703 1102 μοιχείας
1719 1067 1817 1094 ἁλόντα

983 1112 1034 1138 οὐκ
1045 1112 1074 1139 ὲν
1089 1111 1268 1147 ἀνθρωπίνῳ,
1290 1111 1349 1137 ἀλλ’
1368 1111 1397 1138 ἐν
1421 1110 1486 1146 θείῳ
1503 1111 1671 1146 δικαστηρίῳ
1687 1110 1738 1145 τῆς
1757 1120 1816 1146 μοιι

984 1155 1060 1191 χείας
1076 1156 1218 1191 γινόμενον
1234 1155 1393 1187 ὑπεύθυνον,
1409 1155 1473 1182 ἔνθα
1485 1154 1607 1182 ἀθάνατα
1619 1154 1653 1181 τὰ
1664 1154 1718 1182 τῶν
1732 1164 1818 1190 τιμω-

985 1199 1062 1235 ριῶν.
1077 1198 1141 1232 Πᾶς
1157 1200 1173 1226 ό
1186 1198 1340 1233 ἐμϐλέψας
1355 1198 1483 1233 γυναῖκα
1497 1198 1572 1232 πρὸς
1588 1198 1622 1224 τὸ
1635 1198 1818 1233 ἐπιθυμῆσαι

984 1242 1090 1277 αὐτῆς,
1104 1242 1165 1276 ἤδη
1186 1242 1366 1277 ἐμοίχευσεν
1381 1242 1479 1276 αὐτὴν
1492 1242 1527 1269 ἐν
1540 1242 1578 1276 τῇ
1594 1242 1699 1277 καρδίᾳ
1713 1243 1816 1269 αὑτοῦ.

985 1286 1023 1313 υὺ
1038 1287 1068 1313 τὸ
1088 1287 1210 1321 νόσημα,
1226 1286 1293 1313 άλλά
1317 1286 1365 1313 καὶ
1387 1286 1436 1322 τὴν
1459 1285 1536 1321 ῥίζαν
1552 1286 1659 1321 ἀναιρεῖ
1679 1285 1726 1312 τοῦ
1741 1286 1818 1322 νοσή-

986 1339 1088 1365 ματος·
1105 1330 1168 1366 ῥίζα
1188 1330 1244 1365 γὰρ
1259 1330 1383 1365 μοιχείας
1401 1330 1533 1365 ἐπιθυμία
1548 1330 1711 1360 ἀκόλαστος·
1733 1329 1774 1356 διὸ
1787 1330 1817 1356 οὐ

987 1374 1109 1410 μοιχείαν
1123 1374 1233 1405 κολάζει
1259 1374 1340 1408 μόνον
1350 1394 1357 1405 ,
1372 1372 1439 1399 ἀλλὰ
1459 1373 1507 1399 καὶ
1526 1373 1690 1408 ἐπιθυμίαν,
1705 1372 1754 1408 τὴν
1769 1372 1820 1407 τῆς

987 1418 1110 1454 μοιχείας
1122 1418 1239 1454 μητέρα.
1254 1417 1333 1444 Οὕτω
1345 1417 1394 1444 καὶ
1405 1418 1428 1444 οἱ
1444 1417 1532 1452 ἰατροὶ
1547 1417 1686 1443 ποιοῦσιν·
1701 1417 1731 1443 οὐ
1751 1416 1820 1451 πρὸς

984 1462 1019 1489 τὰ
1031 1462 1172 1498 νοσήματα
1192 1461 1315 1496 ἵστανται
1332 1461 1427 1496 μόνον,
1443 1460 1512 1487 ἀλλά
1526 1460 1574 1487 καὶ
1586 1460 1655 1496 πρὸς
1669 1460 1718 1492 τάς
1732 1460 1819 1492 αἰτίας

985 1506 1070 1538 αὑτάς
1081 1515 1088 1523 ·
1108 1506 1160 1533 κᾶν
1176 1506 1267 1532 ἴδωσιν
1289 1504 1444 1540 ὀφθαλμοὺς
1469 1504 1614 1536 νοσοῦντας
1625 1524 1633 1537 ,
1648 1504 1678 1530 τὸ
1703 1504 1821 1540 πονηρὸν

987 1550 1075 1587 ῥεῦμα
1098 1550 1201 1577 ἄνωθεν
1226 1550 1280 1576 ἀπὸ
1304 1549 1359 1576 τῶν
1386 1548 1532 1584 κροτάφων
1563 1547 1770 1575 ἀναστέλλουσιν
1786 1548 1796 1567 ί
1811 1557 1819 1565 ·

985 1594 1056 1620 οὕτω
1071 1594 1118 1621 καὶ
1132 1594 1145 1620 ό
1159 1593 1276 1629 Χριστὸς
1297 1594 1378 1620 ποιεῖ.
1400 1591 1553 1627 Ὀφθαλμία
1570 1592 1676 1628 χαλεπὴ
1695 1593 1818 1628 μοιχεία·

985 1637 1040 1663 τῶν
1064 1637 1212 1673 ὀφθαλμῶν
1233 1637 1291 1664 ἐστι
1315 1636 1345 1663 τὺ
1368 1636 1485 1672 νόσημα,
1499 1636 1529 1661 οὑ
1545 1636 1600 1662 τῶν
1612 1636 1658 1662 τοῦ
1673 1636 1820 1672 σώματος,

985 1681 1053 1708 ἀλλὰ
1073 1681 1205 1716 πρότερον
1223 1680 1278 1707 τῶν
1294 1680 1343 1714 τῆς
1360 1679 1466 1715 ψυχῆς·
1486 1679 1530 1706 διὰ
1547 1679 1625 1705 τοῦτο
1653 1679 1757 1706 ἐκεῖθεν
1774 1681 1822 1707 ἀν-

986 1724 1089 1751 έστειλε
1110 1724 1141 1751 τὺ
1157 1724 1247 1760 ῥεῦμα
1264 1724 1315 1759 τῆς
1330 1723 1478 1755 ἀκολασίας
1488 1743 1496 1755 ,
1506 1722 1546 1757 τῷ
1562 1722 1637 1758 φόϐῳ
1657 1722 1704 1749 τοῦ
1718 1723 1801 1759 νόμου
1812 1731 1820 1739 ο

985 1769 1030 1796 διὰ
1043 1769 1121 1796 τοῦτο
1137 1768 1197 1804 οὐχὶ
1218 1768 1342 1804 μοιχείαν
1361 1768 1440 1803 μόνον
1455 1767 1596 1799 ἐκόλασεν,
1612 1767 1682 1794 ἀλλά
1698 1768 1744 1795 καὶ
1761 1768 1822 1794 ἐπι-

987 1813 1088 1849 θυμίαν
1114 1813 1315 1848 ἐτιμωρήσατο.
1333 1811 1405 1845 Ἤδη
1419 1811 1597 1846 ἐμοίχευσεν
1615 1810 1712 1845 αὐτὴν
1734 1811 1769 1838 ἐν
1784 1811 1822 1846 τῇ

986 1857 1094 1891 καρδίᾳ
1107 1856 1199 1884 αὑτοῦ
1210 1864 1217 1872 ·
1242 1856 1292 1891 τῆς
1307 1856 1337 1882 δὲ
1356 1855 1470 1890 καρδίας
1490 1855 1693 1891 διεφθαρμένης
1703 1875 1710 1888 ,
1726 1856 1754 1883 τί
1769 1855 1823 1882 λοιι

987 1901 1038 1927 πδν
1054 1900 1148 1934 ὄφελος
1164 1899 1212 1927 τοῦ
1223 1899 1318 1926 λοιποῦ
1334 1898 1477 1934 σώματος;
1490 1898 1596 1934 Ὥσπερ
1606 1898 1661 1935 γάρ
1671 1900 1718 1926 ἐπὶ
1731 1899 1822 1934 φυτῶν

988 1945 1036 1972 κα)⁸
1053 1944 1153 1977 ξύλων,
1169 1944 1233 1970 ὅταν
1249 1943 1350 1979 ἴδωμεν
1371 1943 1421 1978 τὴν
1435 1943 1549 1979 καρδίαν
1565 1943 1774 1979 διαϐρωθεῖσαν,
1791 1944 1823 1970 τὸ

987 1989 1080 2015 λοιπὸν
1091 1987 1330 2023 ἀποδοκιμάζομεν
1343 1987 1427 2023 μέρος
1436 1995 1443 2002 ·
1453 1987 1524 2013 οὕτω
1534 1988 1581 2014 καὶ
1596 1988 1644 2014 ἐπὶ
1657 1987 1704 2014 τοῦ
1717 1987 1822 2023 ἀνθρώ-

988 2041 1040 2060 που
1057 2033 1122 2059 ὅταν
1143 2032 1235 2068 ἐκείνη
1252 2032 1404 2066 ἀπόληται,
1420 2031 1480 2066 εἰκῆ
1495 2031 1588 2058 λοιπὸν
1604 2032 1620 2067 ὴ
1638 2031 1685 2058 τοῦ
1697 2031 1822 2067 σώματος

989 2077 1088 2112 ὑγίεια.
1109 2077 1139 2104 '0
1151 2077 1255 2112 ἡνίοχος
1266 2075 1400 2108 ἀπόλωλε,
1416 2075 1576 2111 διέφθαρται
1592 2076 1639 2102 καὶ
1653 2076 1822 2112 καταϐέϐλη-
1851 2076 1876 2112 δί

987 2129 1046 2153 ται,
1065 2120 1152 2156 μάτην
1170 2120 1313 2156 τρέχουσιν
1325 2120 1349 2146 οί
1366 2120 1442 2146 ῐπποι
1455 2119 1548 2146 λοιπόν
1557 2128 1564 2134 ι
1577 2119 1705 2151 ἐπίπονος
1717 2120 1731 2146 ὸ
1742 2120 1823 2155 νόμος
1850 2122 1853 2127 ’

989 2166 1035 2192 καὶ
1046 2165 1112 2192 πολὺ
1132 2165 1164 2191 τὸ
1171 2164 1299 2200 φορτικὸν
1315 2164 1381 2200 ἔχει,
1393 2163 1487 2199 ὥσπερ
1497 2161 1545 2191 οὖν
1555 2163 1603 2190 καὶ
1615 2164 1702 2199 μέγαν
1712 2163 1824 2200 ἔχειτὸν

991 2209 1133 2243 στέφανον.
1150 2207 1269 2235 Τοιαῦτα
1282 2208 1337 2243 γὰρ
1360 2207 1394 2234 τὰ
1408 2207 1523 2234 ἐπίπονα
1533 2226 1541 2239 ,
1555 2207 1688 2242 ’μεγάλας
1704 2207 1760 2243 έχει
1774 2208 1824 2240 τὰς
1856 2220 1875 2243 ,ι

990 2253 1118 2288 ἀμοιϐάς.
1131 2253 1167 2279 Σὺ
1177 2252 1205 2278 δὲ
1218 2252 1254 2288 μὴ
1268 2251 1307 2287 τῷ
1322 2251 1395 2287 πόνῳ
1408 2251 1526 2286 πρόσεχε
1535 2271 1543 2283 ,
1561 2250 1630 2278 ἀλλὰ
1644 2251 1693 2286 τὴν
1708 2251 1823 2288 ἀμοιϐὴν

991 2297 1076 2324 ἐννόει
1086 2306 1092 2312 ·
1106 2296 1177 2323 οὕτω
1189 2296 1243 2332 γὰρ
1255 2297 1302 2323 καὶ
1311 2295 1357 2322 ἐπὶ
1366 2295 1421 2322 τῶν
1433 2295 1568 2330 βιωτικῶν
1579 2295 1684 2329 γίνεται
1695 2296 1824 2331 πραγμά-

990 2349 1055 2368 των.
1075 2340 1123 2367 Ἂν
1140 2340 1189 2376 μὲν
1209 2340 1264 2375 γὰρ
1279 2339 1324 2366 τὸν
1338 2339 1419 2366 πόνον
1439 2339 1497 2375 ἰδῃς
1517 2339 1571 2366 τῶν
1587 2339 1824 2375 κατορθωμάτων,

992 2385 1062 2421 βαρὺ
1074 2385 1121 2412 καὶ
1136 2384 1265 2420 φορτικόν
1274 2392 1281 2399 ·
1295 2383 1329 2410 ἃν
1342 2383 1432 2420 δὲτὴν
1443 2383 1559 2419 ἀμοιϐὴν
1578 2383 1647 2420 ίδῃς,
1661 2383 1762 2418 κοῦφον
1777 2384 1824 2410 καὶ

992 2430 1090 2465 ῥᾷστον
1108 2428 1139 2455 τὸ
1162 2428 1352 2464 προκείμενον.
1379 2427 1458 2454 Οῦτω
1480 2427 1527 2454 καὶ
1548 2427 1719 2463 κυϐερνήτης
1734 2427 1768 2454 ἂν
1789 2428 1824 2455 τά

991 2473 1102 2509 κύματα
1120 2472 1207 2508 βλέπῃ
1227 2472 1324 2507 μόνον,
1337 2471 1465 2498 οὐδέποτε
1486 2471 1591 2505 ὲξέλκει
1609 2471 1655 2498 τοῦ
1672 2471 1782 2507 λιμένος
1794 2471 1826 2498 τὸ

993 2517 1113 2551 σκάφος,
1138 2515 1205 2543 ἀλλὰ
1225 2516 1279 2552 πρὸ
1294 2515 1350 2543 τῶν
1377 2515 1506 2550 κυμάτων
1530 2515 1581 2550 τὴν
1597 2514 1671 2551 [520]
1689 2515 1825 2550 ἐμπορίαν

992 2561 1074 2597 ὀρῶν,
1090 2560 1161 2587 οὕτω
1181 2560 1229 2586 καὶ
1253 2559 1369 2587 ἀπλέτου
1394 2558 1553 2594 κατατολμᾷ
1575 2559 1720 2593 πελάγους.
1746 2558 1825 2586 οὕτω

992 2606 1040 2632 καὶ
1053 2604 1223 2641 στρατιώτης
1236 2603 1269 2631 ἂν
1279 2604 1314 2630 τά
1322 2603 1467 2639 τραύματα
1476 2602 1572 2638 βλέπῃ,
1586 2602 1634 2629 καί⁸
1645 2602 1695 2634 τὰς
1706 2603 1823 2637 σφαγὰς,

992 2649 1120 2676 οὐδέποτε
1138 2647 1277 2675 ἐνδύσεται
1292 2647 1405 2684 θώρακα
1415 2655 1422 2662 ο
1437 2646 1470 2674 ἃν
1484 2646 1512 2673 δὲ
1528 2647 1581 2681 πρὸ
1595 2646 1650 2673 τῶν
1659 2647 1825 2682 τραυμάτων

991 2693 1026 2720 τὰ
1042 2693 1160 2728 τρόπαια
1185 2693 1272 2727 σκοπῇ
1295 2691 1342 2718 καὶ
1364 2691 1413 2723 τὰς
1429 2690 1521 2722 νίκας,
1542 2691 1636 2725 ὥσπερ
1649 2691 1690 2722 εἰς
1704 2690 1830 2727 λειμῶνα.

991 2737 1137 2774 δραμεῖται
1154 2736 1202 2772 τὴν
1226 2734 1389 2771 παράταξιν.
1416 2734 1457 2761 Τὰ
1468 2734 1522 2769 γὰρ
1539 2734 1618 2768 φύσει
1636 2734 1734 2769 βαρέα,
1754 2733 1826 2761 οὕτω

993 2781 1083 2816 κοῦφα
1097 2781 1213 2815 γίνεται,
1229 2780 1293 2806 ὃταν
1309 2779 1347 2814 μὴ
1363 2779 1426 2810 τοὺς
1445 2778 1543 2810 πόνους
1559 2777 1742 2813 λογιζώμεθα,
1758 2777 1826 2805 άλλά

992 2825 1103 2857 καὶτὰς
1122 2824 1240 2860 ἀμοιϐὰς
1258 2823 1347 2850 αὐτῶν
1364 2822 1519 2857 σκοπῶμεν.
1539 2821 1634 2848 Βούλει
1654 2822 1751 2857 μαθεῖν
1765 2821 1824 2853 πῶς

994 2869 1028 2897 τὰ
1048 2868 1127 2904 φύσει
1153 2867 1237 2904 βαρέα
1251 2867 1342 2902 κοῦφα
1361 2867 1485 2902 γίνεται;
1511 2866 1627 2894 ἄκουσον
1650 2866 1696 2894 τοῦ
1718 2865 1825 2893 Παύλου

1024 2938 1035 2958 ¹
1047 2938 1126 2966 Ambo
1141 2945 1198 2964 mss.
1214 2937 1355 2963 ἀνέστειλεν.
