1978 3130
105 165 148 192 317
654 157 698 184 DE
716 156 870 186 POENITEP

923 159 947 187 ι.
969 159 1081 188 HOMIL.
1107 161 1148 188 Vl.

104 225 175 256 ipsum
188 222 385 246 mamentaneum
399 220 423 242 et
435 216 487 243 leve
499 214 666 242 tribulationis
681 219 773 242 nostra:
797 223 875 249 supra

104 268 193 295 modum
204 267 229 292 in
241 264 403 295 sublimitate,
415 267 535 289 catmum
549 261 638 296 gloriw
650 261 748 294 pondus
759 266 876 295 operatur

102 318 123 343 ia
132 314 194 342 nobis
205 311 243 348 (2.
255 312 318 340 Cor.
330 311 356 338 Δ.
373 311 427 345 17).
443 309 565 344 ᾸΕιιίειηςι
581 312 621 334 est
633 307 705 342 quod
717 306 814 334 dicitur
831 317 837 333 :
854 307 876 334 si

102 358 273 390 tribulationis,
288 356 422 392 quomodo
437 356 495 382 leve
507 355 518 381 '!
529 355 551 382 si
567 355 633 386 leve,
649 352 781 388 quomodo
790 352 871 380 tribu-

101 405 214 434 latiouis?
233 404 292 431 ha‘c
311 402 382 430 enim
395 404 553 436 repugnant.
583 399 636 427 Sed
651 398 730 425 solvit
750 398 875 433 aenigma,

99 460 150 481 cum
167 458 211 485 per
227 448 390 476 additionem
410 445 527 473 ostendit
540 445 683 472 levitatem.
696 443 834 477 Quomodo
846 443 875 469 1‘!

100 498 152 526 Non
162 498 211 523 haec
225 503 281 530 quae
299 495 413 522 videntur
423 494 494 520 nobis
507 493 637 519 dumtaxat
648 491 873 518 considerantibus.

99 545 214 572 Coronam
240 541 399 575 proposuit.
424 547 456 566 ac
486 543 619 566 certamen
648 537 706 564 leve
728 537 843 563 reddidit
865 545 871 562 :

99 588 200 618 ostendit
211 587 343 618 bravium,
353 590 379 612 et
390 584 562 612 desudantem
576 583 676 610 solatus
685 587 735 609 est.
745 581 784 608 Tu
798 588 871 615 ergo,

97 643 147 664 cum
159 634 294 661 mulierem
311 631 409 659 videris
422 630 575 662 formosam,
593 629 666 655 vultu
677 627 870 662 splendentem,

98 685 203 708 ornatam
226 678 308 709 stola,
324 684 385 704 cum
402 675 500 702 videris
513 674 648 701 libidinem
672 673 830 704 titillantem,
846 676 873 698 et

96 729 190 760 aspectu
210 723 445 757 concupiscentem
472 720 588 747 animam
611 727 618 745 :
640 718 742 753 respice
758 717 872 752 desuper

95 776 193 798 stantem
211 776 352 800 coronam,
369 774 421 802 quo
435 767 485 793 tale
512 764 690 800 spectaculum
716 768 870 798 prmtereas.

98 817 174 844 Vidisti
187 814 357 843 conservam?
367 814 506 840 Dominum
513 812 661 844 considera,
672 815 750 845 atque
762 809 871 836 omnino

99 863 205 890 morbum
220 860 341 889 curabis.
364 859 392 886 Si
416 859 485 885 enim
501 858 545 892 qui
566 856 688 892 discipuli
702 856 870 890 paedagogum

94 912 233 943 sequuntur,
246 913 302 933 non
315 909 454 940 vagantur,
462 911 513 930 non
528 903 581 930 otio
592 907 706 936 torpent,
721 909 773 928 non
783 900 870 928 studio

94 955 226 981 desistunt:
242 951 330 978 multo
357 951 440 985 magis
457 954 492 980 tuI
514 949 536 975 si
552 947 688 975 Christum
711 947 784 982 quasi
800 954 869 981 prte-

95 1004 183 1028 sentem
194 997 404 1033 cogitationibus
418 996 553 1027 intuearis,
566 994 630 1021 nihil
644 993 738 1021 horum
751 993 868 1028 patieris.

97 1047 138 1078 Qui
145 1045 267 1072 nuntiorum
281 1044 372 1070 viderit
385 1043 418 1069 ad
428 1040 652 1077 concupiscendum
665 1048 729 1071 eam,
741 1039 798 1074 jam
809 1046 870 1064 ma:-

93 1094 167 1120 chatus
180 1096 214 1118 est
228 1099 284 1117 eam
296 1091 324 1116 in
339 1090 412 1116 corde
425 1096 469 1115 suo
481 1088 584 1124 (Matth.
594 1088 621 1114 5.
634 1087 690 1121 '28).
704 1085 823 1113 .iucunde
838 1093 870 1112 ac

95 1139 177 1172 sepius
190 1138 254 1171 legis
272 1137 374 1171 scripta
394 1136 472 1170 lego:
489 1134 587 1161 utinam
603 1138 630 1161 et
645 1141 691 1168 per
704 1138 786 1159 totum
797 1132 868 1159 diem

93 1185 119 1211 ad
130 1191 171 1210 vos
184 1182 278 1210 eadem
300 1182 382 1209 verba
398 1181 486 1207 facere
497 1187 619 1215 possem:
635 1180 688 1205 imo
702 1186 754 1205 non
767 1178 800 1205 ad
811 1185 867 1209 vos,

92 1231 130 1258 sed
152 1229 184 1256 ad
196 1236 243 1256 eos
255 1228 303 1263 qui
330 1227 446 1262 peccatis
471 1230 533 1254 sunt
548 1225 656 1253 obnoxii
671 1233 677 1257 ;
694 1225 747 1251 imo
774 1224 807 1251 ad
822 1231 868 1251 Vos

92 1282 198 1310 quoque:
211 1281 272 1300 nam
285 1281 337 1300 vos
349 1273 479 1300 lirmiores
493 1272 598 1304 essetis,
615 1275 642 1298 et
656 1271 699 1305 qui
714 1270 809 1298 morbo
830 1270 870 1296 la-

92 1323 183 1354 borant,
197 1320 230 1348 ad
243 1322 391 1347 sanitatem
406 1319 484 1346 citius
504 1318 631 1345 redirent.
649 1317 698 1350 Qui
710 1316 799 1343 viderit
811 1323 868 1341 mu-

91 1369 163 1394 lierem
176 1367 207 1393 ad
216 1366 446 1401 concupiscendum
457 1372 521 1397 eant,
541 1365 598 1398 jam
618 1363 754 1390 moechatus
766 1365 802 1388 ost
815 1369 869 1387 eam

91 1416 111 1440 in
120 1414 188 1440 corde
199 1421 254 1440 suo.

120 1461 143 1486 5.
162 1459 303 1487 Sufﬁciunt
322 1458 356 1485 ad
373 1465 478 1484 omnem
494 1455 593 1492 peccati
609 1455 730 1483 morbum
753 1463 868 1490 purgan—

91 1507 144 1534 dum
157 1505 224 1533 nuda
236 1505 296 1532 haec
306 1504 388 1531 verba
403 1503 522 1531 recitata.
536 1502 588 1529 Sed
601 1497 729 1536 ignoscite
742 1509 750 1528 ι
761 1501 869 1528 vulnera

92 1561 230 1588 purgamus,
247 1552 361 1578 vulnera
376 1557 437 1577 vero
451 1553 604 1585 purgantem
620 1555 730 1575 necesse
744 1552 785 1575 est
796 1555 869 1574 ama-

91 1608 127 1628 ras
144 1599 285 1627 medicinas
310 1599 458 1633 imponere.
481 1597 584 1630 Quanto
598 1602 661 1621 vero
676 1595 758 1629 magis
780 1598 869 1628 porta-

91 1646 142 1673 bilis
155 1646 231 1672 verba
245 1665 252 1677 ,
270 1649 347 1671 tanto
370 1643 453 1678 magis
466 1641 619 1677 purgabitur
632 1641 714 1667 virus.
737 1639 868 1673 Quemad-

93 1691 186 1718 modum
199 1691 270 1718 enim
288 1690 359 1724 ignis
373 1694 465 1716 natura
480 1692 578 1722 quanto
598 1687 681 1722 magis
695 1686 751 1713 auri
769 1690 870 1712 natura:

91 1736 232 1767 cohxrebit,
258 1739 336 1762 tanto
352 1735 436 1770 magis
459 1734 606 1768 rubiginem
625 1733 756 1760 consumit
771 1741 778 1759 :
793 1731 831 1759 sic
845 1736 871 1759 et

93 1781 205 1808 horumce
218 1781 364 1808 verborum
381 1781 459 1806 timor
474 1784 571 1814 quanto
586 1779 668 1813 magis
681 1783 776 1805 vestra:
788 1777 870 1804 menti

93 1828 254 1861 imprimetur,
272 1830 350 1853 tanto
370 1826 453 1860 magis
473 1829 608 1860 peccatum
626 1824 795 1858 impudicitia:
809 1831 870 1859 pur-

92 1872 161 1907 gabit.
177 1872 223 1900 llic
237 1873 302 1907 igne
317 1873 508 1904 examinenius,
524 1871 604 1898 verbo
618 1871 718 1898 scilicet
731 1870 868 1903 doctrinte,

93 1926 136 1953 quo
149 1918 232 1945 minus
252 1919 342 1952 ipsum
355 1925 480 1953 cogamur
493 1916 645 1944 examinare
657 1917 785 1951 gehenme
801 1916 867 1951 igne.

93 1965 148 1991 Nam
161 1971 297 2000 purgatam
310 1965 425 1992 animam
439 1964 499 1991 hinc
512 1965 653 1991 abeuntem
669 1964 711 1990 illc
725 1971 777 1990 non
793 1964 871 1990 hcdct

94 2012 168 2046 ignis;
181 2019 238 2039 eam
254 2016 346 2038 autem
360 2019 419 2046 quae
431 2018 490 2038 cum
506 2011 620 2045 peccatis
634 2010 694 2038 hinc
707 2010 811 2042 abierit,
828 2010 871 2038 ille

95 2058 151 2092 ignis
164 2059 289 2093 excipiet.
310 2057 510 2092 Uniuscujusque
523 2057 588 2082 enim
601 2065 663 2091 opus
677 2057 761 2091 quale,
776 2057 868 2091 inquit,

93 2104 134 2135 sit,
149 2104 209 2138 ignis
224 2103 342 2138 probabit
356 2102 393 2138 (1.
407 2102 464 2129 Cor.
477 2102 503 2128 5.
517 2102 579 2136 15).
596 2101 740 2129 Probcmus
755 2107 871 2129 nosmet.

94 2150 155 2184 ipsos
175 2157 243 2177 nunc
265 2149 327 2177 sine
348 2148 456 2181 dolore,
471 2155 524 2182 quo
547 2155 596 2175 nec
617 2155 676 2174 cum
695 2148 786 2175 dolore
809 2153 870 2174 lunt:

95 2194 232 2227 probemur.
245 2193 381 2228 Quidquid
391 2193 501 2225 dixeris,
513 2193 605 2228 inquit,
618 2193 747 2220 l'aboriOs‘a
760 2197 802 2219 est
814 2193 869 2219 lex.

93 2240 150 2272 Quid
170 2241 246 2274 igitur
256 2241 268 2265 ?
294 2239 466 2274 impossibilia
486 2240 592 2266 mandat
611 2240 686 2266 nobis
699 2239 789 2266 Deus?
801 2239 870 2273 Non,

93 2286 186 2321 inquam
199 2286 372 2319 ;obmutcsce
383 2286 405 2316 ',
422 2293 506 2319 neque
521 2286 657 2312 Domimnn
672 2293 780 2312 accuses
794 2294 800 2311 :
818 2293 870 2312 non

93 2331 154 2358 enim
167 2332 208 2359 hic
219 2331 402 2359 excusationis
416 2331 519 2364 modus,
531 2331 577 2357 sed
594 2331 693 2365 peccati
706 2330 871 2358 additamen-

94 2382 141 2403 tum
161 2378 241 2412 priori
265 2377 352 2411 pejus.
374 2375 450 2409 Quod
473 2380 560 2403 autem
576 2381 743 2410 peccatorum
766 2376 870 2411 plurimi

94 2423 271 2450 consueverint
294 2423 320 2449 in
336 2422 475 2457 Dominum
499 2428 560 2448 suas
583 2422 764 2449 accusationes
783 2427 869 2449 rctor-

93 2474 172 2502 quare,
188 2469 261 2496 audi.
286 2468 405 2495 Accessit
418 2467 462 2494 ille
482 2468 523 2494 cui
539 2468 634 2495 talenta
649 2469 763 2503 quinque
777 2469 869 2495 tradita

95 2513 202 2547 inerant,
215 2520 242 2542 et
255 2515 306 2541 alia
326 2515 442 2548 quinque
454 2513 541 2540 attulit
556 2522 562 2540 :
576 2514 688 2540 accessit
701 2514 741 2540 cui
761 2514 829 2546 duo,
844 2519 871 2541 et

94 2559 137 2586 aiia
148 2559 198 2586 duo
210 2560 299 2587 attulit
315 2569 321 2586 :
339 2560 451 2587 accessit
463 2560 504 2586 cui
521 2567 599 2586 unum
615 2559 662 2586 fuit
676 2560 805 2587 creditum
816 2580 823 2592 ,
844 2564 872 2587 et

96 2605 208 2636 quoniam
224 2613 279 2632 non
295 2605 386 2632 habuit
400 2605 525 2632 talentum
539 2604 608 2632 aliud
622 2605 690 2639 quod
705 2605 800 2637 ferret,
823 2613 871 2639 pro

96 2649 184 2677 talento
196 2651 392 2678 accusationem
403 2650 499 2676 attulit.
514 2650 670 2683 Quomodo?
684 2649 761 2683 Novi,
776 2651 869 2684 inquit,

95 2694 153 2728 quod
163 2701 277 2722 ausurus
289 2697 323 2723 sis
335 2694 440 2728 (Matth.
451 2695 495 2722 25.
506 2696 563 2731 24).
577 2695 598 2723 0
611 2695 680 2722 servi
694 2696 868 2730 proterviam!

124 2781 130 2796 ‘
146 2784 193 2807 Duo
202 2783 297 2813 lassisic
307 2781 394 2813 legunt
404 2781 468 2813 hunc
477 2781 555 2813 locum
568 2782 689 2813 :Ostettdit
700 2781 824 2810 leuitatem.
837 2782 871 2807 le-

97 2809 357 2859 gam?”
365 2811 483 2843 Quomodo
490 2811 562 2843 igitur
571 2815 605 2837 est
613 2812 770 2838 tribulationis
780 2812 870 2843 levitas,

98 2843 202 2870 quoruodo
210 2843 222 2867 .’

125 2873 134 2888 ⁸
147 2875 234 2904 υιωῠη
244 2872 313 2898 obedi
323 2876 346 2898 et
356 2873 500 2904 obmutesce;
508 2880 556 2898 non
567 2873 639 2899 male.

250 2914 384 2946 PATnOL.
408 2917 465 2946 Gn.
488 2918 595 2949 XLIX.

1662 165 1713 192 ’518

931 223 984 244 non
997 221 1136 244 contentus
1151 221 1258 252 peccato
1271 218 1349 246 etiam
1364 224 1455 246 contra
1469 220 1605 248 dominum
1625 228 1715 249 statuit

931 264 1124 292 accusationem
1140 274 1146 292 :
1161 264 1259 292 Metens
1279 266 1322 292 ubi
1343 274 1393 292 non
1416 268 1560 301 seminasti,
1580 272 1602 295 et
1626 269 1714 296 tollent

929 309 996 342 quod
1008 317 1057 336 non
1072 310 1209 344 dispersisti
1222 309 1295 345 (an.
1309 311 1351 338 19.
1362 310 1418 346 21).
1440 311 1483 339 Sic
1502 317 1529 340 et
1549 313 1575 339 in
1591 313 1715 347 prtesenti

930 354 981 380 vita
1005 359 1133 389 quotquot
1156 355 1221 382 nihil
1244 361 1387 390 operantur
1409 357 1480 388 boni,
1506 357 1713 386 additamentum

928 399 1056 426 malorum
1082 407 1190 428 suorum
1218 399 1339 434 faciunt,
1365 403 1560 430 accusationem
1585 403 1713 432 adversus

928 444 1079 474 Dominum.

962 489 1032 517 Deus
1046 492 1145 518 nonnisi
1163 492 1291 527 possibilia
1304 492 1417 519 mandat.
1428 507 1463 512 —
1475 492 1646 528 Nequaquam
1664 494 1712 529 igi-

927 539 969 562 tur
990 536 1130 563 Dominum
1156 537 1259 564 incuses
1278 546 1284 564 :
1303 537 1373 564 haud
1398 537 1505 565 mandat
1530 539 1710 572 impossibilia.

927 580 972 607 Vis
990 581 1093 609 discere
1108 582 1193 616 ipsum
1213 590 1264 609 non
1281 583 1407 610 mandare
1427 584 1621 618 impossibilia?
1639 585 1712 612 Multi

925 631 951 653 et
964 626 1019 662 ipsa
1033 632 1158 662 superant
1170 629 1310 662 mandata;
1326 634 1353 656 at
1366 630 1388 657 si
1401 629 1573 664 impossibilia
1588 630 1710 663 fuissent,

925 681 976 700 non
999 681 1047 701 sua
1067 679 1162 709 sponte
1181 680 1360 709 superassent.
1376 675 1559 710 Virginitatem
1581 683 1710 710 nusquam

924 719 1042 753 mandat,
1059 725 1086 747 et
1098 720 1169 747 illam
1183 721 1257 748 multi
1272 726 1378 748 servant
1395 731 1401 749 :
1419 722 1444 748 in
1460 722 1537 749 bonis
1549 722 1613 748 nihil
1628 723 1711 756 possi-

922 764 986 792 dere
1000 772 1129 799 nusquam
1143 766 1267 799 mandat,
1282 771 1309 793 et
1320 774 1335 793 a
1349 774 1378 794 se
1390 768 1522 802 propriam
1537 767 1710 795 substantiam

924 809 999 836 multi
1012 810 1147 845 objiciunt,
1162 811 1226 845 ipsis
1239 811 1363 846 operibus
1375 812 1515 839 reddentes
1530 812 1708 840 testimonium

922 855 1022 889 legibus
1033 856 1215 883 mandatorum
1228 857 1315 884 inesse
1325 857 1434 884 multum
1447 858 1578 885 facilitatis
1590 866 1596 884 :
1609 866 1709 894 nequa-

922 908 999 934 quam
1013 901 1083 927 cnim
1098 907 1267 936 superassent
1282 910 1323 934 ea,
1338 903 1387 930 nisi
1400 902 1495 936 facilia,
1510 911 1568 938 quas
1583 905 1708 931 mandata

922 950 994 979 sunt,
1007 951 1107 974 essent.
1122 947 1180 974 Non
1193 948 1326 974 mandavit
1338 948 1515 983 virginitatem
1533 958 1538 974 :
1554 956 1614 975 nam
1629 949 1708 983 virgi-

922 992 1032 1018 nitatem
1054 993 1097 1027 qui
1119 993 1236 1026 mandat,
1253 994 1402 1021 necessitati
1424 994 1489 1029 legis
1509 994 1707 1028 sulnjicitetiam

922 1044 973 1064 non
989 1037 1140 1070 volentem;
1161 1038 1205 1072 qui
1220 1045 1283 1065 vero
1303 1038 1444 1071 admonet,
1460 1039 1606 1066 auditorem
1624 1039 1706 1066 relin-

921 1084 978 1118 quit
997 1083 1131 1111 dominum
1150 1085 1263 1119 propriae
1277 1085 1427 1112 voluntatis.
1449 1085 1590 1120 Propterea
1609 1085 1706 1112 Paulus

922 1129 1004 1163 inquit
1020 1139 1027 1155 :
1044 1129 1083 1156 De
1104 1130 1240 1165 virginibus
1262 1136 1344 1157 autent
1363 1136 1513 1165 pra'ceplum
1535 1130 1638 1157 Domini
1655 1139 1706 1158 non

921 1175 998 1202 habeo
1006 1184 1016 1208 ;
1029 1176 1161 1202 comitium
1176 1181 1257 1202 autem
1270 1177 1301 1202 do
1316 1176 1353 1211 (1.
1366 1175 1424 1203 Cor.
1436 1177 1461 1203 7.
1473 1176 1530 1211 25).
1546 1177 1640 1204 Cernis
1652 1185 1705 1204 non

921 1221 1083 1253 mandatum,
1107 1221 1153 1248 sed
1175 1222 1336 1248 consilium?
1360 1223 1447 1249 cernis
1466 1231 1517 1249 non
1533 1227 1704 1257 prmceptum,

920 1266 968 1293 sed
983 1266 1208 1294 admonitionem?
1227 1267 1334 1294 Multum
1357 1272 1397 1295 est
1418 1268 1605 1295 intermedium
1620 1277 1626 1295 :
1641 1269 1706 1296 alte-

920 1319 977 1351 rum
991 1313 1157 1340 neceSsitatis
1170 1318 1226 1345 est,
1246 1314 1357 1341 alterum
1374 1316 1526 1344 voluntatis.
1541 1318 1600 1346 Non
1614 1322 1707 1354 pra-ci-

921 1358 976 1392 pio,
991 1357 1091 1392 inquit,
1109 1363 1136 1384 ut
1151 1365 1203 1386 non
1216 1366 1323 1386 onerem
1339 1368 1346 1386 :
1360 1368 1456 1388 moneo
1470 1367 1497 1390 et
1508 1365 1648 1392 consilium
1660 1366 1705 1400 do,

921 1408 950 1430 ut
968 1403 1091 1430 alliciam.
1112 1404 1156 1432 Sic
1170 1407 1196 1431 et
1210 1404 1329 1432 Christus
1346 1415 1352 1432 :
1369 1414 1421 1433 non
1436 1407 1501 1435 dixit
1516 1418 1523 1435 :
1540 1410 1638 1437 Omnes
1651 1412 1706 1438 vir-

920 1447 1055 1482 ginitatem
1068 1454 1184 1477 servate.
1200 1449 1265 1476 Nam
1279 1451 1302 1477 si
1322 1451 1475 1480 mandasset
1487 1461 1582 1482 omnes
1598 1456 1705 1491 virgini-

922 1498 1001 1522 tatem
1027 1500 1127 1528 tencre,
1151 1500 1177 1522 et
1199 1496 1283 1531 legem
1306 1497 1432 1525 voluisset
1454 1507 1513 1527 esse
1536 1508 1705 1537 prmceptum,

920 1541 962 1569 his
981 1541 1109 1569 obediens
1128 1542 1182 1576 jam
1206 1550 1257 1570 non
1278 1543 1380 1572 honore
1402 1549 1473 1572 tanto
1488 1546 1657 1582 dignaretur,
1680 1555 1707 1576 et

921 1587 1078 1615 inobediens
1092 1595 1183 1622 poenas
1197 1589 1313 1617 dedisset
1326 1590 1455 1625 ingentes.
1471 1592 1563 1620 Vidisti
1578 1595 1706 1629 quemad-

921 1633 1028 1660 modum
1041 1634 1116 1661 nobis
1130 1635 1213 1668 parcit
1226 1635 1382 1670 legislator?
1397 1639 1528 1672 quomodo
1549 1646 1636 1668 nostra
1653 1643 1707 1669 sol-

921 1680 1007 1707 licitus
1019 1686 1059 1708 est
1072 1688 1120 1715 pro
1133 1681 1239 1708 salute?
1258 1681 1391 1717 Numquid
1405 1692 1458 1711 non
1475 1691 1577 1719 p0'erat
1591 1691 1618 1714 et
1638 1695 1707 1722 prte-

921 1730 1026 1760 ceptum
1049 1728 1100 1753 hoc
1125 1734 1241 1762 ponere,
1265 1735 1296 1755 ac
1319 1729 1408 1757 dicere
1430 1739 1437 1758 :
1460 1731 1509 1765 Qui
1530 1732 1706 1768 virginitatem

922 1776 1082 1806 sequentur,
1107 1771 1272 1800 honorentur
1285 1782 1292 1799 :
1306 1774 1350 1808 qui
1367 1782 1430 1801 vero
1451 1784 1521 1810 non,
1543 1778 1706 1813 puniantur?

921 1816 973 1844 Sed
986 1823 1124 1845 onerasset
1147 1822 1266 1845 naturam
1283 1828 1288 1846 :
1303 1819 1387 1854 parcit
1408 1828 1471 1856 ergo
1485 1827 1586 1850 natura:
1598 1830 1706 1853 nostras.

922 1862 1027 1889 Dimisit
1045 1868 1117 1890 extra
1130 1864 1254 1897 stadium,
1268 1864 1367 1892 dimisit
1380 1867 1543 1901 superiorem
1557 1870 1707 1898 certamini-

921 1909 970 1937 bus
994 1909 1190 1944 virginitatem,
1213 1918 1265 1945 qno
1289 1916 1316 1938 et
1339 1919 1397 1939 eam
1423 1914 1548 1947 praeclare
1571 1921 1705 1944 servantes

921 1963 996 1983 suam
1010 1956 1251 1991 magnanimitatem
1267 1958 1407 1985 ostendant
1422 1967 1428 1985 :
1442 1967 1494 1986 non
1509 1966 1646 1988 servantes
1662 1970 1705 1990 ve.

921 2011 951 2030 ro
961 2023 969 2035 ,
986 2003 1090 2030 Domini
1113 2002 1274 2038 indulgentia
1287 2003 1358 2038 digni
1373 2004 1527 2032 habeantur.
1546 2006 1591 2033 Sic
1603 2011 1629 2034 et
1641 2015 1708 2042 pau-

922 2053 1052 2083 pertatem
1067 2056 1119 2076 non
1143 2049 1230 2083 posuit
1245 2049 1270 2076 in
1287 2055 1435 2084 pra-cepto,
1450 2058 1535 2085 neque
1555 2051 1709 2086 simpliciter

922 2095 988 2130 dixit
1003 2105 1009 2122 :
1024 2094 1115 2123 Vende
1134 2103 1193 2130 quas
1206 2095 1288 2123 habes
1304 2105 1310 2122 ε
1325 2096 1371 2124 sed
1383 2117 1389 2128 ,
1406 2096 1436 2124 Si
1451 2096 1487 2123 vis
1505 2099 1628 2132 perfectus
1645 2107 1706 2130 esse,

921 2141 993 2173 vade,
1003 2146 1026 2167 et
1047 2141 1125 2168 vende
1143 2149 1198 2176 qua:
1216 2141 1291 2169 habes
1310 2142 1421 2176 (Matth.
1435 2142 1477 2170 19.
1490 2143 1549 2178 21).
1572 2144 1599 2170 ln
1615 2148 1659 2171 tua
1674 2145 1707 2172 sit

923 2187 1058 2213 voluntate
1070 2186 1161 2218 situm,
1173 2187 1296 2214 dominus
1309 2191 1365 2214 esto
1377 2188 1479 2215 consilii
1493 2189 1531 2216 tui
1543 2197 1550 2215 :
1565 2196 1616 2216 non
1630 2197 1706 2225 cogo,

922 2239 974 2258 non
996 2239 1077 2266 gravo
1089 2253 1096 2265 ,
1120 2232 1165 2259 sed
1187 2232 1379 2260 custodientem
1399 2233 1504 2267 quidem
1519 2241 1637 2267 corono,
1654 2243 1707 2262 non

921 2277 1112 2305 custodientem
1123 2282 1212 2304 autem
1224 2286 1275 2304 non
1289 2278 1379 2312 punio.
1395 2278 1460 2305 Nam
1472 2286 1502 2306 ea
1516 2287 1575 2314 qua:
1587 2288 1620 2307 ex
1633 2289 1708 2308 man-

922 2323 1000 2356 dato,
1014 2331 1106 2358 quzeve
1119 2331 1151 2351 ex
1169 2324 1259 2351 debito
1275 2324 1339 2351 fiunt
1350 2344 1356 2356 ,
1372 2326 1508 2359 pra-mium
1522 2326 1575 2361 jam
1591 2335 1642 2355 non
1657 2329 1708 2356 tale

921 2373 1120 2403 consequuntur
1135 2378 1142 2397 :
1155 2377 1214 2404 quae
1228 2377 1260 2397 ex
1271 2370 1406 2398 voluntate
1422 2376 1448 2399 et
1461 2373 1605 2407 proposito,
1620 2374 1708 2409 splen-

921 2414 997 2441 didas
1011 2422 1124 2441 coronas
1147 2416 1302 2450 suscipiunt.
1327 2417 1412 2451 Atque
1427 2417 1520 2444 horum
1541 2418 1650 2446 Paulum
1666 2420 1708 2447 in-

922 2460 1016 2487 ducam
1033 2464 1126 2487 testem
1144 2469 1150 2487 :
1165 2460 1195 2488 Si
1208 2462 1416 2496 euangelizavero,
1433 2463 1524 2497 inquit,
1536 2472 1585 2491 non
1598 2470 1635 2491 est
1647 2466 1708 2493 mihi

922 2506 1048 2540 gloriatio.
1071 2505 1180 2539 Quare?
1199 2506 1342 2533 Necessitas
1356 2507 1420 2534 enim
1441 2508 1502 2534 mihi
1522 2509 1640 2543 imposita
1661 2515 1706 2537 est.

927 2550 971 2577 Va:
983 2556 1064 2577 autem
1079 2551 1139 2577 mihi
1152 2556 1201 2583 est,
1216 2552 1264 2578 nisi
1278 2553 1476 2587 evangelizavero
1489 2554 1526 2588 (1.
1538 2554 1597 2581 Cor.
1610 2554 1637 2582 9.
1652 2555 1706 2589 16).

922 2596 1015 2623 Cernis
1027 2596 1052 2623 in
1068 2597 1168 2631 legibus
1181 2596 1252 2624 hunc
1261 2597 1367 2631 quidem
1382 2598 1564 2626 observantem
1579 2607 1630 2626 non
1641 2600 1708 2627 mul-

923 2646 977 2668 tum
989 2641 1087 2669 habere
1100 2642 1201 2676 pratmii
1214 2651 1220 2668 ε
1233 2643 1377 2670 necessitas
1388 2644 1459 2670 cnim
1473 2649 1530 2677 est;
1546 2652 1606 2671 eum
1619 2651 1706 2672 autem

923 2689 968 2722 qui
984 2696 1036 2715 non
1058 2688 1199 2722 observat,
1214 2696 1288 2716 reum
1308 2697 1367 2716 esse
1389 2690 1518 2724 supplicio
1532 2695 1559 2718 et
1570 2691 1684 2718 vindicta
1699 2700 1706 2718 :

928 2732 971 2760 Vw
983 2734 1048 2760 enim
1062 2739 1096 2760 est
1112 2734 1173 2760 ini/ti
1186 2734 1234 2760 nisi
1249 2734 1457 2769 euangelizauero.
1476 2735 1502 2761 In
1517 2737 1620 2763 caneris
1632 2744 1706 2768 vero,

923 2786 981 2813 qua:
994 2787 1026 2805 ex
1041 2779 1192 2813 proposito,
1213 2787 1266 2806 non
1280 2780 1318 2806 sic
1328 2799 1335 2812 ,
1355 2780 1401 2807 sed
1422 2781 1505 2815 quid?
1526 2781 1588 2814 Qua:
1601 2787 1636 2808 est
1648 2790 1707 2818 ergo

923 2832 1015 2851 merces
1034 2824 1112 2852 mea?
1136 2824 1169 2851 Ut
1189 2825 1343 2860 euangelium
1358 2826 1497 2860 praedicans
1509 2848 1516 2860 ,
1537 2827 1590 2854 sine
1608 2834 1707 2863 sumptu

926 2877 1017 2904 ponam
1031 2870 1185 2905 evangelium
1200 2870 1247 2898 Dei
1258 2891 1266 2905 ,
1288 2876 1314 2898 ut
1330 2879 1379 2898 non
1401 2871 1490 2898 abutar
1513 2877 1632 2903 potestate
1654 2882 1707 2900 mea

1486 2921 1525 2952 20
