1978 3130
260 164 310 192 519

259 222 295 258 (t.
309 220 366 247 Cor.
378 219 405 248 9.
420 218 452 247 l8
462 219 481 253 ).
491 218 529 246 lbi
544 218 586 245 lex
598 222 666 250 erat,
679 221 818 252 propterea
831 215 960 244 mercedis
975 213 1044 242 mul-

259 273 314 295 tum
339 274 392 294 non
415 265 507 292 habuit
527 274 533 291 :
555 265 597 291 hic
619 264 793 298 pr0positum,
815 269 896 298 quare
918 260 1047 288 mercedis

259 314 371 341 multum
390 312 489 339 habuit.

295 359 322 386 4.
339 357 392 385 Lea:
404 357 452 384 Dei
467 362 548 392 potest
568 356 671 383 servari.
685 371 721 375 —
735 355 797 382 Ητεο
810 362 825 381 a
839 361 881 381 me
894 353 981 381 omnia
997 360 1049 380 non

260 406 286 432 in
308 412 418 432 vacuum
441 403 510 430 dicta
534 407 606 435 sunt,
631 401 678 429 sed
700 401 796 428 divinae
820 401 885 435 legis
906 400 1001 434 gratia,
1023 403 1051 426 ut

261 449 399 477 ostendam
413 456 520 485 gravent
534 456 586 475 lI0n
599 455 669 481 esse,
684 455 736 474 non
758 454 816 474 esse
830 453 981 478 onerosam,
998 452 1050 472 non

262 497 439 528 laboriosam,
462 502 547 529 neque
566 493 765 528 impossibilem.
782 492 838 526 Age
852 499 914 519 vero
936 498 968 518 ex
987 490 1052 524 ipsis

262 542 360 570 Christi
373 541 462 569 verbis
484 541 535 567 hoc
556 540 641 574 ipsum
656 538 877 566 demonstremus.
902 537 952 570 Qui
965 536 1053 562 viderit

263 587 394 614 mulierem
412 586 445 612 ad
465 583 692 619 concupiscendum
705 591 776 616 eam,
792 583 848 617 jam
867 582 1003 608 nrteehatus
1018 585 1053 607 est

264 642 319 661 eam
340 633 366 659 in
387 632 460 659 corde
482 639 526 658 suo
550 629 774 666 (Matt/1.5.28).
796 629 865 656 Vidit
886 628 963 655 simul
986 626 1012 655 et
1027 628 1053 655 id

265 679 351 713 ipsum
365 677 487 705 Christus
499 698 505 709 .
522 677 619 704 multos
641 675 705 710 legis
719 674 900 702 difﬁcultatem
916 678 1054 701 accusatu-

265 733 310 751 ros
322 734 328 751 :
345 728 504 759 quapropter
517 731 575 750 eam
590 722 659 749 haud
673 721 786 753 nudam,
808 728 894 756 neque
906 720 1053 755 simplicem

266 769 383 802 induxit,
400 776 486 803 neque
504 768 587 795 solam
604 777 610 794 :
631 767 677 794 sed
693 766 807 801 antiquae
821 766 886 800 legis
899 765 1053 792 memoriam

267 814 383 846 reduxit,
394 821 408 840 a
419 813 616 848 comparatione
627 812 780 839 facilitatem
793 811 864 839 illius
876 816 954 846 atque
967 811 1056 838 huma-

268 860 376 886 nitatem
390 867 465 886 suam
488 858 612 886 ostendit.
637 857 775 892 Quomodo
789 861 895 890 autem,
917 857 1054 884 attendite.

267 904 324 932 Non
340 905 409 932 enim
430 904 585 939 simpliciter
605 903 686 935 dixit,
703 903 753 936 Qui
772 903 860 930 viderit
881 903 1009 929 mulierem
1023 903 1056 929 ad

268 950 494 984 concupiscendum
509 957 563 975 eam
573 970 580 981 ,
599 949 656 984 jam
669 949 805 975 mine/tatus
819 953 855 975 est
873 956 928 975 eam
942 948 968 975 in
981 951 1056 974 corde

268 1004 313 1023 suo
327 995 381 1032 (hic
393 995 534 1030 diligenter
548 994 685 1031 attendite)
698 1003 706 1028 ;
721 995 767 1022 sed
781 994 852 1029 prius
865 995 979 1029 antiqua:
992 994 1056 1028 legis

269 1041 456 1074 reminiscitur,
469 1041 560 1068 dicens
572 1049 578 1066 :
591 1041 703 1067 Audistis
715 1041 774 1075 quia
787 1040 880 1066 dictum
890 1044 925 1066 est
937 1039 1055 1075 antiquis,

270 1086 330 1114 Non
343 1086 504 1114 mata/laberis
519 1085 614 1122 (Exod.
623 1085 667 1113 20.
681 1086 724 1121 14)
736 1094 742 1118 ;
756 1094 801 1121 ego
813 1091 895 1112 autem
906 1085 961 1112 dico
975 1085 1055 1112 vobis:

269 1132 357 1160 Omnis
377 1133 420 1168 qui
445 1133 532 1159 viderit
548 1133 677 1159 mulierem
697 1133 731 1158 ad
752 1131 977 1167 concupiscendum
991 1139 1056 1164 eam,

267 1179 321 1212 iam
333 1178 469 1205 mchatus
483 1183 520 1205 est
533 1185 588 1204 eam
610 1177 637 1204 in
657 1178 732 1204 corde
755 1185 800 1204 suo
814 1177 924 1212 (Matth.
946 1177 972 1204 5.
992 1176 1055 1211 28).

269 1223 365 1251 Vidisti
377 1225 498 1259 geminas
512 1224 593 1259 leges,
610 1228 726 1252 veterem
745 1229 773 1251 et
785 1231 890 1256 novam,
909 1231 988 1258 quam
1008 1231 1074 1258 po--

269 1271 322 1297 suit
341 1269 445 1303 Moses,
465 1275 492 1297 et
514 1277 594 1304 quam
616 1271 672 1305 ipse
694 1269 861 1297 introduxit?
883 1270 937 1297 imo
950 1277 1013 1297 vero
1032 1273 1059 1296 et

269 1316 340 1343 illam
354 1316 460 1351 posuit;
481 1317 581 1344 etenim
601 1324 649 1351 per
663 1316 763 1344 Mosem
785 1317 842 1351 ipse
864 1316 987 1351 loquutus
1007 1321 1056 1343 est.

271 1363 346 1390 Unde
359 1370 423 1390 vero
435 1363 604 1398 perspicuum
617 1367 657 1390 est
671 1370 730 1390 eam
749 1363 783 1390 ab
805 1363 861 1398 ipso
886 1363 966 1390 fuisse
989 1363 1060 1397 posi-

269 1409 349 1435 tam?
372 1408 430 1436 Non
452 1416 485 1436 ex
508 1409 627 1441 Joanne,
651 1413 698 1436 aut
724 1408 905 1443 apostolorum
927 1415 1058 1443 quoquam

271 1454 451 1482 testimonium
465 1455 602 1489 usurpabo
616 1463 622 1481 :
639 1461 699 1481 nam
715 1461 776 1481 cum
788 1453 887 1481 ludatis
907 1453 971 1480 mihi
990 1461 1059 1481 nunc

269 1500 433 1528 concertatio
444 1504 485 1527 est
497 1508 504 1533 ;
521 1500 567 1527 sed
583 1491 601 1526 θ’
613 1500 747 1534 prophetis
760 1499 855 1534 quibus
868 1499 990 1526 videntur
1000 1506 1067 1526 cre-v

269 1547 333 1574 dere
348 1555 354 1573 :
368 1546 403 1574 ab
422 1546 486 1581 ipsis
498 1545 637 1573 ostendam
650 1550 678 1573 et
690 1545 812 1573 Veterem
825 1550 852 1573 et
863 1545 963 1573 Novam
978 1553 1058 1572 unum

270 1593 368 1620 habere
388 1592 576 1628 legislaturem.
599 1592 666 1626 Quid
691 1592 771 1627 igitur
797 1591 926 1619 Jeremias
954 1593 1059 1627 inquit?

271 1638 410 1674 Disponam
432 1638 500 1665 vobis
521 1642 692 1666 testamentum
716 1646 806 1665 novum
831 1637 907 1673 (Jer.
928 1639 972 1666 51.
991 1639 1022 1666 5i
1036 1636 1057 1672 )'.

274 1684 352 1712 Vides
365 1688 391 1711 et
404 1684 465 1711 novi
479 1691 575 1711 nomen
589 1683 616 1710 in
627 1683 708 1711 veteri
720 1683 732 1710 ’ἔ
747 1683 820 1711 vides
832 1689 858 1710 et
876 1684 957 1719 ipsam
969 1684 1059 1718 appel-

270 1730 395 1757 lationem
418 1733 456 1756 tot
478 1734 540 1756 ante
563 1729 639 1756 annis
660 1729 810 1756 effulsisse?
832 1728 971 1763 Disponom
991 1729 1059 1756 vobis

269 1779 444 1802 testamentum
457 1783 558 1802 novum.
574 1775 625 1802 Sed
639 1774 710 1802 unde
720 1774 841 1802 videmus
854 1774 924 1809 quod
943 1780 970 1802 et
983 1779 1059 1802 vetus

269 1821 328 1855 ipse
339 1821 464 1848 dederit?
477 1820 543 1848 Cum
557 1820 675 1853 dixisset,
693 1820 833 1855 Disponam
847 1821 914 1847 vobis
927 1825 1058 1848 testamen-

263 1874 323 1894 tum
346 1876 455 1900 nouum,
480 1868 595 1903 adjecit,
621 1867 681 1895 Non
699 1869 776 1902 juxta
799 1872 971 1895 testamentum
991 1869 1057 1902 quod

269 1913 382 1947 disposui
396 1912 508 1948 patribus
530 1913 616 1940 vestris
637 1912 717 1948 (Ibid.
730 1921 754 1940 υ.
766 1913 822 1947 52).
844 1913 899 1945 Ita;
925 1913 971 1940 sed
992 1921 1058 1940 tton-

269 1959 332 1988 dum
347 1966 407 1985 rem
429 1958 594 1986 ostendimus
609 1967 615 1985 :
630 1963 734 1993 oportet
755 1959 824 1986 enim
846 1959 968 1986 universa
987 1959 1057 1994 ejus-

270 2003 340 2030 modi
356 2003 514 2038 refragantia
527 2003 660 2031 adducere
674 2004 699 2031 in
713 2004 827 2031 medium
839 2025 846 2036 ,
866 2004 1057 2039 manifestaque

268 2049 373 2083 facere,
389 2058 442 2085 quo
461 2057 549 2077 sermo
562 2050 676 2085 undique
695 2058 776 2085 purus
797 2051 873 2078 nobis
885 2052 929 2082 sit,
944 2051 1056 2078 nullam-

269 2102 319 2129 que
348 2095 545 2130 impudentibus
575 2095 753 2130 relinquamus
784 2103 884 2123 ansam.
915 2095 1056 2131 Disponam

268 2140 335 2167 vobis
349 2145 522 2168 testamentum
536 2149 626 2168 novum
635 2142 723 2175 ,juxta
737 2146 908 2168 testamentum
922 2142 988 2177 quod
1002 2142 1055 2169 dis-

268 2187 340 2223 posui
369 2187 481 2222 patribus
503 2188 598 2214 vestris.
628 2187 762 2222 Disposuit
783 2191 969 2214 testamentum
989 2187 1054 2220 Noe,

268 2241 330 2260 cum
345 2232 471 2261 diluvium
487 2232 550 2266 fuit,
566 2233 658 2261 volens
672 2241 721 2260 nos
735 2241 749 2260 a
764 2233 858 2261 timore
878 2233 1006 2266 liberare,
1023 2241 1056 2261 ne

269 2279 396 2306 diluvium
419 2279 586 2315 cogitantes,
611 2284 638 2307 et
661 2279 772 2307 imbrem
797 2279 902 2307 assidue
925 2280 1054 2313 videntes,

268 2332 411 2352 commune
432 2325 498 2352 illud
519 2325 629 2353 exitium
653 2325 807 2352 timeremus
828 2334 834 2351 :
858 2329 996 2360 propterea
1019 2326 1057 2352 in-

268 2371 325 2405 quit
339 2379 346 2397 :
362 2370 500 2405 Disponam
515 2375 688 2397 testamentum
711 2374 807 2402 tecum,
829 2375 853 2397 et
867 2379 924 2397 cum
942 2371 1057 2398 universa

269 2423 344 2442 carne
359 2415 439 2451 (Gen.
452 2415 480 2443 9.
492 2415 538 2450 9).
553 2415 650 2443 lterum
670 2415 702 2443 ad
717 2416 850 2442 Abraham
870 2420 1056 2443 testamentum

268 2461 478 2488 circumcisionis
500 2461 630 2496 disposuit
646 2470 653 2488 :
667 2461 797 2496 disposuit
820 2467 846 2488 et
869 2467 1056 2489 testamentum

270 2515 317 2541 per
331 2506 442 2540 Mosem,
456 2507 579 2534 omnibus
593 2512 696 2535 notum.
718 2508 788 2535 Dixit
800 2508 928 2535 Jeremias
943 2518 948 2535 :
965 2508 1057 2544 Dispo—

270 2561 328 2579 nam
342 2552 409 2579 vobis
433 2557 604 2580 testamentum
625 2561 733 2586 novum,
757 2562 806 2580 non
829 2554 966 2580 secundum
981 2559 1056 2581 testa-

270 2603 380 2626 mentum
405 2598 472 2634 quod
493 2599 607 2633 disposui
630 2601 742 2634 patribus
766 2600 862 2627 vestris.
885 2600 940 2633 Dic,
961 2601 1057 2636 quibus

270 2645 410 2679 patribus?
431 2652 492 2672 nam
507 2650 533 2673 et
547 2645 602 2673 Noe
616 2651 691 2680 pater
704 2646 767 2679 fuit,
790 2652 816 2673 et
829 2647 962 2674 Abraham
983 2653 1058 2681 pater

269 2691 320 2718 luit
334 2700 341 2718 :
357 2690 513 2726 quibusnam
529 2691 607 2726 igitur
620 2692 759 2726 patribus?
773 2693 870 2720 etenim
884 2700 1057 2727 personarum

270 2736 484 2764 indeterminatio
508 2737 687 2765 confusionem
720 2738 797 2772 parit.
829 2738 876 2765 ilic
907 2738 1056 2766 advertite:

271 2782 330 2809 Non
340 2784 416 2818 juxta
429 2788 602 2810 testamentum
620 2783 686 2818 quod
700 2784 812 2818 disposui
827 2785 939 2819 patribus
960 2786 1056 2812 vestris.

271 2829 308 2856 Ne
323 2830 400 2865 igitur
412 2829 516 2857 diceres
530 2829 594 2857 illud
615 2829 671 2857 Noe
692 2831 854 2863 temporibus
869 2832 970 2865 datum,
991 2839 1057 2859 neve

272 2876 434 2907 temporibus
446 2875 578 2904 Abraham
595 2875 686 2903 datum
699 2875 859 2912 intclligcres
869 2897 876 2911 ,
895 2877 977 2912 ipsius
992 2882 1057 2906 tem-

617 161 645 189 S.
666 159 805 189 JOANNIS
824 156 1062 187 CIIRYSOSTOMI
1081 155 1240 185 ARCHIEP.
1260 157 1524 186 CONSTANTINOP.

1840 161 1891 188 5‘20

1104 213 1175 247 poris
1198 217 1417 242 testamentorum
1437 216 1579 243 meminit:
1595 223 1653 244 cum
1675 217 1746 244 enim
1770 217 1891 251 dixisset,

1102 258 1243 293 Disponam
1256 260 1322 287 vobis
1338 265 1510 288 testamentum
1524 270 1629 293 novum,
1653 271 1702 289 non
1720 263 1798 298 juxta
1818 269 1894 291 testa-

1104 310 1213 331 mentum
1235 307 1302 340 quod
1322 306 1435 340 disposui
1457 308 1569 341 patribus
1588 309 1693 341 vestris,
1715 309 1894 344 subjunxitet
1911 298 1914 301 '

1105 353 1208 384 tempus
1218 371 1224 383 ,
1241 349 1274 377 In
1288 351 1329 378 die
1339 360 1389 385 qua
1401 352 1469 379 tenui
1490 361 1592 379 manum
1603 361 1689 380 eorum
1700 375 1706 385 ,
1722 359 1750 381 ut
1764 354 1894 381 educerem

1103 404 1145 422 eos
1165 396 1195 423 de
1218 401 1284 423 terra
1297 397 1416 433 zEgypti.
1441 398 1520 426 Vides
1541 403 1665 434 quantam
1679 401 1894 435 perspicuitatem

1104 441 1222 469 attulerit
1244 443 1372 477 temporis
1392 443 1600 471 determinatio?
1622 444 1681 472 Jam
1704 453 1756 472 non
1781 446 1896 480 amplius

1105 495 1139 514 ne
1151 487 1259 515 Judaeus
1278 488 1383 523 quidem
1399 490 1577 518 contradicit:
1593 491 1733 519 recordare
1753 493 1894 527 temporis,

1105 537 1132 560 et
1152 533 1345 568 iegislationem
1358 535 1447 570 accipe
1461 544 1468 562 :
1486 535 1520 563 In
1533 537 1573 563 die
1587 545 1637 571 qua
1654 538 1721 564 tenui
1736 546 1840 564 manum
1851 546 1895 565 eo-

1105 587 1170 606 rum.
1196 579 1249 606 Cur
1268 585 1356 607 autem
1382 581 1461 608 etiam
1486 582 1593 609 modum
1619 583 1682 610 dicit
1702 584 1809 611 exitus?
1833 583 1898 612 Cum

1106 626 1238 652 tenuissent
1252 635 1354 654 manum
1367 636 1452 654 eorum
1463 649 1470 661 ,
1487 634 1514 655 ut
1532 629 1660 656 educerem
1671 638 1714 657 eos
1726 639 1757 657 ea:
1768 631 1895 666 Egi/pta.

1108 669 1164 704 Quo
1180 677 1317 705 paternum
1331 673 1484 701 ostenderet
1497 682 1626 709 amorem,
1647 684 1699 702 non
1712 677 1788 711 quasi
1803 684 1898 704 servos

1108 718 1207 751 eduxit,
1231 719 1278 746 sed
1292 719 1372 747 veluti
1396 721 1533 755 parvulum
1556 721 1638 748 ﬁlium
1660 730 1739 750 manu
1762 723 1898 758 accipiens

1108 769 1192 798 pater,
1209 765 1247 792 sic
1261 765 1382 793 liberavit
1397 775 1403 793 :
1418 759 1470 794 non
1485 772 1544 802 post
1557 772 1658 803 tergum
1673 769 1748 804 sequi
1762 769 1899 796 mandavit

1107 810 1182 843 quasi
1204 817 1321 844 servum,
1343 811 1391 838 sed
1404 812 1483 839 veluti
1499 813 1582 839 ﬁlium
1601 813 1716 841 nobilem
1735 819 1763 842 et
1783 814 1897 842 liberum

1108 865 1188 885 manu
1202 862 1305 889 tenens,
1322 859 1360 886 sic
1372 858 1473 886 eduxit.
1488 858 1582 887 Vidisti
1596 864 1816 888 testamentorum
1831 861 1899 888 duo-

1107 913 1167 932 rum
1181 905 1357 940 legislatorem
1371 905 1499 933 unicum?
1514 906 1642 940 Quoniam
1662 907 1740 942 igitur
1751 909 1899 936 certamine

1110 951 1214 978 liberati
1228 959 1331 985 sumus,
1342 956 1370 979 et
1382 959 1415 979 ex
1428 959 1496 979 novo
1510 952 1535 979 id
1550 952 1596 979 tibi
1610 953 1760 986 ostendam,
1775 958 1804 981 ut
1818 959 1899 982 testa-

1110 1003 1260 1025 mentorum
1275 998 1476 1026 consonantiam
1494 1005 1598 1026 noscas.
1615 999 1708 1027 Vidisli
1730 1000 1899 1035 prophetiam

1109 1052 1168 1079 quae
1180 1052 1213 1071 ex
1227 1044 1315 1072 verbis
1328 1045 1387 1072 est?
1400 1044 1472 1071 disce
1485 1045 1526 1072 vel
1539 1052 1597 1072 eam
1609 1052 1668 1079 quae
1679 1045 1771 1080 ﬁguris
1783 1051 1898 1078 constat,

1109 1093 1230 1127 quamvis
1245 1092 1271 1119 id
1286 1093 1370 1127 ipsum
1384 1091 1445 1120 ideo
1461 1092 1628 1127 perspicuum
1642 1100 1693 1119 non
1707 1093 1757 1124 sit,
1773 1093 1899 1128 quidnam

1111 1139 1143 1165 sit
1157 1138 1295 1174 prophetia
1315 1145 1364 1173 per
1376 1138 1498 1173 ﬁguram,
1513 1138 1608 1173 quidve
1624 1138 1759 1173 prophetia
1779 1146 1828 1173 per
1845 1146 1902 1166 ser~

1110 1191 1216 1210 munem
1231 1192 1238 1210 :
1255 1184 1345 1218 paucis
1359 1190 1423 1218 ergo
1441 1183 1554 1217 idipsum
1573 1183 1740 1211 manifestum
1761 1183 1900 1210 faciemus.

1111 1230 1252 1264 Prophctia
1267 1238 1314 1264 per
1328 1229 1437 1264 ﬁguram
1453 1234 1494 1256 est
1506 1237 1537 1256 ea
1549 1237 1607 1264 quae
1620 1237 1669 1265 per
1685 1237 1730 1256 res
1743 1229 1800 1256 fieri
1814 1230 1900 1261 solet;

1110 1276 1192 1303 altera
1203 1283 1267 1302 vero
1280 1279 1336 1308 est,
1351 1283 1410 1310 qua:
1424 1283 1472 1310 per
1484 1275 1563 1302 verba
1581 1275 1608 1302 ﬁt
1624 1284 1630 1302 :
1648 1283 1708 1302 nam
1721 1275 1901 1310 prudentiori-

1110 1321 1161 1348 bus
1180 1321 1332 1356 quibusque
1352 1321 1441 1348 verbis
1463 1321 1604 1356 persuasit,
1629 1322 1750 1349 rudtores
1770 1329 1835 1348 vero
1855 1329 1903 1356 per

1110 1374 1200 1394 rerum
1214 1367 1343 1395 visionem
1356 1367 1511 1394 cohortatus
1524 1372 1574 1394 est.
1595 1367 1726 1401 Quoniam
1745 1368 1816 1395 enim
1831 1367 1902 1394 futti-

1111 1421 1170 1440 rum
1191 1418 1247 1440 erat
1266 1421 1321 1440 rem
1344 1421 1465 1448 magnam
1490 1415 1516 1441 in
1538 1414 1623 1441 lucem
1643 1414 1767 1448 prodire,
1787 1419 1816 1442 et
1831 1414 1904 1442 Deus

1111 1467 1219 1487 carnem
1240 1464 1411 1494 suscepturus
1430 1464 1507 1486 erat:
1526 1460 1737 1495 quandoquidem
1758 1465 1828 1488 terra
1850 1468 1903 1488 aes

1111 1504 1165 1532 lum
1180 1506 1188 1520 ¹
1204 1505 1260 1532 ﬁeri
1274 1504 1397 1538 debebat,
1420 1509 1562 1539 nostraque
1576 1509 1669 1532 natura
1691 1505 1724 1532 ad
1744 1507 1902 1540 angelorum

1086 1585 1087 1588 η
1111 1551 1275 1578 nobilitatem
1295 1551 1441 1578 ascendere
1456 1558 1463 1579 τ
1478 1551 1537 1585 quia
1561 1558 1635 1585 spem
1658 1552 1742 1586 ipsam
1767 1552 1904 1586 superavit

1111 1601 1137 1624 et
1161 1597 1385 1631 exspectationem
1410 1603 1498 1624 sermo
1523 1596 1669 1624 futurorum
1694 1597 1848 1629 bonorum,
1869 1605 1903 1625 ne

1111 1650 1206 1670 novum
1220 1648 1247 1669 et
1259 1642 1404 1669 inauditum
1416 1642 1489 1674 illud,
1500 1647 1607 1676 repente
1617 1650 1787 1678 comparens,
1795 1643 1903 1670 audien-

1110 1692 1150 1714 tes
1165 1687 1337 1722 vidcutesque
1354 1687 1480 1719 turbaret,
1497 1687 1618 1721 ﬁguravit
1632 1687 1694 1714 olim
1709 1695 1757 1722 per
1769 1696 1825 1720 res,
1839 1696 1903 1723 per-

1109 1741 1160 1767 que
1171 1733 1249 1760 verba
1267 1738 1386 1760 nostrum
1404 1732 1584 1761 assuefaciens
1597 1738 1623 1760 et
1633 1733 1754 1760 auditum
1765 1738 1793 1761 et
1804 1734 1901 1767 visum,

1109 1779 1232 1813 quodque
1253 1779 1278 1806 in
1296 1779 1382 1806 lucem
1404 1778 1569 1813 proditurum
1589 1783 1648 1806 erat
1665 1786 1829 1814 prmparaus.
1845 1779 1904 1806 Hoc

1109 1830 1197 1853 autem
1212 1830 1270 1852 erat
1284 1825 1354 1860 quod
1367 1825 1492 1856 diximus,
1515 1824 1578 1859 quid
1597 1825 1631 1852 sit
1650 1832 1698 1860 per
1710 1825 1824 1860 ﬁguram
1837 1834 1901 1861 pro-

1109 1871 1212 1905 phetia,
1227 1875 1254 1898 et
1276 1871 1338 1906 quid
1353 1872 1387 1899 sit
1402 1879 1449 1905 per
1467 1878 1616 1898 sermonem
1638 1871 1779 1906 prophetia
1795 1881 1802 1898 :
1818 1872 1901 1899 altera

1109 1916 1214 1951 quidem
1237 1924 1337 1950 rerum,
1359 1917 1441 1943 altera
1461 1924 1624 1944 sermonum.
1640 1917 1731 1944 Dicam
1749 1918 1796 1944 tibi
1811 1925 1900 1945 rerum

1109 1962 1275 1996 prophetiam
1295 1967 1322 1988 et
1336 1961 1477 1989 verborum
1497 1963 1567 1989 circa
1589 1970 1645 1989 rem
1667 1963 1901 1991 eamdem?Sicut

1108 2008 1160 2034 ovis
1174 2007 1207 2034 ad
1230 2007 1376 2034 occisionem
1399 2007 1487 2034 ductus
1509 2013 1562 2041 est,
1584 2014 1608 2034 et
1632 2010 1697 2035 sicut
1719 2018 1802 2044 agnus
1815 2018 1901 2036 coram

1108 2053 1223 2079 tondente
1243 2061 1269 2079 se
1284 2051 1358 2087 (lsai.
1372 2053 1416 2080 55.
1433 2053 1470 2088 7).
1496 2053 1558 2080 Haec
1578 2058 1618 2080 est
1640 2062 1688 2088 per
1711 2055 1822 2082 verbum
1839 2064 1902 2090 pro—

1108 2101 1206 2136 phetia.
1222 2100 1288 2128 Cum
1302 2100 1372 2128 enim
1386 2101 1519 2128 Abraham
1535 2101 1593 2128 tulit
1607 2100 1688 2132 lsaac.
1711 2107 1775 2130 tunc
1787 2104 1900 2131 arietem

1107 2147 1200 2174 videns
1233 2146 1379 2174 haerentem
1410 2146 1555 2178 cornibus,
1581 2146 1615 2173 ad
1639 2147 1799 2174 sacriﬁcium
1825 2149 1902 2176 duxit

1108 2201 1206 2229 opere,
1223 2193 1305 2220 veluti
1326 2201 1373 2228 per
1386 2193 1494 2228 ﬁguram
1509 2193 1676 2228 proclamans
1697 2194 1775 2221 nobis
1798 2195 1900 2222 saluta-

1108 2247 1166 2267 rem
1187 2239 1345 2274 passionem.

1144 2285 1169 2312 5.
1180 2285 1252 2312 Unus
1263 2285 1391 2320 legislator
1401 2285 1530 2319 utriusque
1541 2287 1727 2312 testamenti.—
1737 2286 1814 2318 Quod
1822 2287 1902 2321 igitur

1110 2331 1173 2364 dixi,
1188 2331 1228 2358 vis
1242 2331 1287 2358 tibi
1298 2331 1350 2358 duo
1361 2331 1580 2358 h.ectcstamenta
1591 2339 1639 2365 per
1649 2339 1730 2366 opera
1740 2332 1902 2359 ostendam?

1109 2376 1337 2409 Quemadmodum
1351 2377 1437 2403 vidisti
1451 2384 1527 2403 ovem
1542 2376 1567 2402 in
1583 2376 1674 2408 verbo,
1689 2377 1765 2404 disce
1780 2382 1807 2404 et
1820 2377 1847 2404 in
1861 2386 1899 2404 re.

1109 2422 1189 2449 Dicite
1202 2423 1277 2455 mihi,
1294 2422 1335 2457 qui
1350 2422 1395 2448 sub
1408 2423 1460 2457 lege
1473 2422 1547 2449 vultis
1560 2431 1612 2449 esse
1626 2422 1696 2458 (Gal.
1708 2423 1736 2449 4.
1754 2423 1815 2457 21).
1831 2423 1902 2450 Bene

1109 2469 1191 2502 dixit,
1203 2469 1286 2500 vultis,
1301 2476 1353 2495 non
1366 2468 1437 2495 enim
1460 2473 1535 2495 erant
1558 2468 1607 2495 sub
1621 2468 1679 2503 lege
1695 2477 1700 2494 :
1716 2468 1740 2495 si
1754 2469 1825 2495 enim
1840 2468 1902 2495 fuis-

1109 2521 1169 2543 seut
1181 2515 1230 2542 sub
1241 2515 1310 2550 lege,
1323 2522 1373 2542 non
1390 2515 1501 2541 fuissent
1512 2514 1561 2541 sub
1570 2514 1635 2549 lege.
1648 2514 1775 2542 Fortasse
1789 2515 1902 2550 mnigtna

1108 2567 1150 2590 est
1163 2562 1233 2598 quod
1247 2562 1342 2589 dicitur
1355 2571 1362 2588 :
1378 2569 1438 2588 nam
1451 2561 1493 2588 lex
1508 2561 1642 2588 auditores
1656 2560 1766 2588 Christo
1774 2563 1902 2589 transmi-

1110 2609 1144 2635 sit
1160 2617 1165 2634 :
1182 2609 1226 2643 qui
1246 2608 1400 2642 magistrum
1417 2612 1580 2642 aspernatur,
1608 2606 1713 2641 ignorat
1731 2611 1760 2633 et
1780 2607 1901 2642 paedago-

1109 2662 1180 2689 gum.
1196 2654 1293 2687 Quare,
1308 2654 1407 2688 inquit,
1423 2653 1503 2680 Dicite
1526 2652 1604 2686 mihi,
1620 2653 1663 2687 qui
1683 2653 1730 2679 sub
1753 2661 1808 2688 wge
1828 2653 1902 2680 vultis

1110 2710 1171 2734 esse,
1186 2701 1264 2736 legent
1277 2708 1326 2727 non
1341 2700 1447 2726 audistis
1460 2699 1472 2726 ?
1485 2699 1602 2734 quoniam
1616 2698 1747 2725 Abraham
1760 2699 1825 2726 duos
1837 2699 1902 2732 ﬁlios

1111 2747 1211 2780 habuit,
1226 2754 1304 2773 unum
1317 2745 1348 2772 de
1370 2745 1471 2777 ancilla,
1486 2745 1593 2771 alterum
1607 2744 1639 2770 de
1658 2743 1737 2770 libera
1750 2752 1761 2777 ί
1775 2751 1832 2778 qua
1845 2748 1903 2770 sunt

1110 2801 1154 2828 per
1166 2792 1312 2828 allegoriam
1327 2791 1392 2818 dicta
1408 2789 1487 2826 (Ibid.
1501 2799 1524 2816 υ.
1540 2789 1584 2816 29..
1600 2789 1655 2824 23).
1672 2789 1768 2817 Vidisti
1784 2797 1832 2824 per
1845 2796 1902 2816 rem

1143 2851 1150 2866 ι
1168 2850 1204 2873 sic
1215 2850 1326 2880 plerique
1338 2847 1396 2880 editi
1409 2851 1434 2871 et
1453 2848 1506 2878 ipse
1516 2845 1722 2880 Montel‘alconius.
1736 2851 1760 2871 In
1771 2846 1902 2873 recentiori

1112 2878 1221 2906 editione
1231 2878 1355 2905 Parisieusi
1366 2879 1463 2911 legitur,
1476 2882 1541 2904 terra
1551 2881 1574 2904 et
1585 2878 1672 2903 caelum
1687 2885 1695 2903 :
1707 2879 1780 2904 male.
