1978 3130
105 191 145 218 ιρι
603 182 648 209 DE
668 181 901 209 PLENITENTIA.
922 180 1036 209 HOMIL.
1060 181 1103 208 Vl.

105 244 257 281 prophetiam
272 243 285 269 ἲ
303 241 331 270 In
350 248 383 269 eo
396 240 465 268 enim
480 238 550 275 quod
566 239 689 266 mulieres
712 238 808 270 habet,
823 244 877 264 non

103 293 218 323 verbum,
239 289 287 316 sed
312 295 354 315 res
366 291 407 315 est
421 296 428 314 :
442 290 469 313 et
488 292 590 312 servam
603 288 630 312 ct
648 284 758 311 liberam
774 283 878 310 ostendi

105 338 143 365 ubi
158 343 201 371 per
216 335 308 367 verba,
320 333 442 368 quoniam
459 331 570 359 duorum
584 333 802 357 testamentorum
811 336 879 355 unus

102 386 137 409 est
152 379 303 414 legislator,
318 378 390 405 disce
404 381 431 404 et
452 376 538 410 ipsum
558 382 606 410 per
621 374 728 409 ﬁguras.
744 372 878 400 Abraham

101 428 158 455 duas
170 432 265 453 uxores
278 423 387 455 habuit;
402 422 443 449 hie
455 426 543 448 autem
558 424 620 447 sunt
634 420 686 447 duo
701 422 856 446 testamenta
869 439 877 451 ,

100 478 122 500 et
136 479 199 500 unus
213 470 350 505 legislator
364 478 370 495 ;
385 465 606 502 quemadmodum
618 465 673 492 illic
685 464 742 492 ovis
758 467 785 491 et
804 463 860 490 ovis
870 483 877 495 ,

101 520 173 547 altera
185 516 293 552 quidem
306 515 333 542 in
356 514 454 546 verbo,
469 513 552 540 altera
574 516 662 538 autem
683 511 711 538 in
734 518 764 538 re
776 531 783 542 ,
798 510 878 537 multa

100 572 156 592 vero
166 567 191 590 et
200 569 312 596 operum
321 564 349 587 ct
359 559 500 587 verborum
511 556 698 585 concordantia
709 556 777 583 inest
789 565 796 583 :
806 557 844 582 sic
854 559 880 582 et

100 611 136 637 hic
147 610 302 636 testamenta
313 606 379 633 duo:
390 609 417 632 et
427 605 484 632 haec
495 601 625 632 Jeremias
636 601 743 636 quidem
758 608 804 636 per
819 608 879 627 ver—

99 659 127 685 ba
135 654 263 691 prmdixit,
274 651 407 680 Abraham
418 655 505 678 autem
518 649 583 676 duas
597 648 698 675 habens
708 653 881 680 uxores,ope-

100 703 163 729 ribus
171 695 536 735 ﬁguravit.Quemadmodum
545 694 616 722 enirn
626 701 693 720 unus
699 693 740 720 vir
748 698 774 720 et
784 698 880 719 uxores

100 748 160 779 dum,
167 746 203 773 sic
212 749 316 772 etunus
326 742 468 777 legislator,
477 745 503 768 et
512 743 669 767 testamenta
678 738 741 765 duo.
750 737 801 764 Sed
810 736 879 771 quod

101 792 156 821 dixi.
168 795 194 818 et
205 789 284 823 cujus
298 795 378 815 causa
392 787 513 814 universa
530 785 586 812 hmc
597 784 731 819 proposita
743 787 804 809 sunt
813 789 880 809 :non

101 838 161 865 enim
179 844 194 863 a
208 835 347 870 proposito
357 832 545 860 discedendum
559 835 599 858 est
613 840 620 857 :
641 830 691 863 Qui
712 829 801 856 viderit
821 836 879 854 mu-

101 884 173 909 lierem
183 881 216 907 ad
229 878 459 914 concupiscendum
479 885 533 903 eam
543 897 550 908 ,
561 877 617 910 jam
630 875 765 901 nunc/tatus
779 879 814 900 est
824 881 880 899 eam

100 928 199 956 iurorde
208 934 253 954 suo
271 925 380 961 (Matth.
395 924 421 951 5.
436 923 492 957 28).
508 922 545 949 lta
559 926 614 954 est;
635 920 682 948 sed
695 920 765 955 quod
778 920 802 946 in
816 927 878 953 pro-

100 973 176 1007 posito
187 971 263 998 nobis
278 975 338 997 erat
352 976 412 996 cum
424 969 482 995 haec
491 967 579 994 omnia
589 966 748 1001 agitaremus
757 985 764 996 ,
775 972 822 991 cur
836 971 881 990 ve-

101 1024 172 1045 terem
186 1016 250 1051 ipsis
263 1016 351 1050 legem
367 1013 460 1040 recitat
473 1013 484 1039 ?
495 1011 560 1039 dicit
581 1011 651 1038 enim
667 1010 731 1044 ipsis
745 1019 751 1036 :
768 1009 880 1036 Audistis

100 1063 203 1098 quoniam
215 1061 313 1088 dictum
327 1065 362 1087 est
375 1059 494 1092 antiquis,
512 1056 572 1083 Non
587 1055 758 1082 mmchaberis.
773 1055 879 1088 Cogno-

100 1109 131 1136 vit
148 1107 253 1136 difﬁcile
267 1114 332 1134 esse
346 1104 498 1132 mandatum
511 1123 518 1136 ,
534 1110 585 1129 non
601 1105 694 1135 suapte
708 1105 800 1126 natura
810 1120 817 1130 ,
832 1098 879 1125 sed

101 1153 248 1181 audientium
275 1151 391 1179 desidia.
417 1150 495 1177 Multa
518 1148 589 1175 enim
604 1154 662 1182 quae
677 1150 771 1173 natura
796 1145 879 1171 facilia

101 1205 168 1233 sunt,
181 1198 299 1226 difﬁcilia
315 1198 382 1224 ﬁunt
403 1203 463 1223 cum
489 1194 651 1229 pigritamur,
675 1192 744 1219 sicut
763 1189 879 1218 difficilia

100 1255 150 1280 qua:
161 1250 219 1273 sunt
228 1265 235 1277 ,
250 1244 323 1271 levia
335 1248 362 1270 et
376 1242 460 1269 facilia
474 1241 540 1268 ﬁunt
553 1239 629 1267 nobis
640 1242 761 1265 accurate
775 1238 878 1272 pres-pi-

100 1293 225 1321 cientibus.
242 1291 305 1318 Non
320 1290 390 1317 enim
411 1288 552 1316 difficultas
573 1293 660 1313 rerum
674 1289 775 1312 natum
793 1285 878 1315 inest,

100 1338 138 1365 sed
157 1337 340 1365 exercentium
365 1335 500 1370 proposito
517 1341 523 1358 :
538 1331 607 1366 quod
633 1329 799 1358 verissimum
820 1335 880 1356 esse

100 1384 181 1418 vel_ex
203 1383 253 1410 hoc
267 1386 391 1417 apparet.
407 1380 457 1407 Mel
480 1383 573 1406 natura
593 1377 760 1405 dulcedinem
782 1375 878 1408 habet,

99 1435 167 1464 atque
179 1428 303 1456 eamdem
322 1425 557 1462 jucundissimam,
580 1423 626 1450 sed
641 1422 747 1458 a-grotis
760 1428 878 1448 amarum

99 1475 152 1509 quid
172 1480 252 1509 atque
276 1474 410 1508 ingratum
423 1475 479 1503 est,
507 1478 561 1497 non
581 1468 698 1504 propria,
713 1466 759 1494 sed
775 1466 878 1493 illorum

100 1520 250 1556 :rgritudinis
263 1523 360 1546 natura
377 1526 383 1543 :
395 1517 434 1544 sic
448 1517 493 1543 lex
506 1515 609 1542 tametsi
623 1513 742 1540 videatur
754 1518 878 1544 onerosa,

100 1575 144 1594 non
155 1574 199 1594 sua
211 1571 319 1595 natura.
329 1564 375 1591 sed
388 1567 477 1590 nostra
487 1562 515 1589 ﬁt
525 1561 638 1596 pigritia.
652 1559 725 1586 llaud
735 1558 799 1586 mihi
812 1557 880 1584 mul-

101 1619 146 1640 lttm
154 1604 263 1643 laboris,
275 1609 420 1638 ostendere
435 1608 506 1635 factu
521 1607 622 1634 facilem
638 1613 697 1633 esse
712 1614 719 1632 :
735 1612 795 1632 nam
808 1603 879 1639 quod

100 1659 220 1685 ditlicilem
235 1657 312 1683 illam
326 1654 390 1682 facit
404 1653 474 1681 aliud
487 1652 627 1680 dicendum
638 1655 705 1678 erat.
721 1649 796 1677 Nunc
808 1648 878 1675 enim

100 1705 163 1737 dicit,
177 1703 248 1738 Fuge
264 1702 388 1729 mulieris
409 1701 511 1732 visum,
525 1706 539 1725 a
556 1697 658 1724 luxuria
680 1695 794 1723 recede:
809 1693 879 1729 quod

101 1756 176 1777 autem
192 1750 312 1781 difﬁcile,
335 1747 485 1782 oppositum
508 1745 596 1771 dicere
617 1746 738 1778 poterat,
765 1740 879 1775 Exquire

101 1797 213 1824 mulieres
225 1818 232 1827 ,
246 1800 371 1823 scrutare
384 1794 484 1820 alienas
499 1792 608 1822 formas,
624 1794 702 1823 atque
726 1788 764 1815 sic
790 1786 878 1814 libidi-

101 1851 152 1870 ucm
165 1843 248 1869 vince.
259 1841 288 1868 ld
304 1847 368 1875 ergo
381 1837 489 1866 difﬁcile
499 1836 584 1863 fuerat
600 1843 607 1861 :
622 1841 682 1861 nam
697 1833 800 1865 dicere,
812 1831 879 1858 For-

102 1897 182 1917 naccut
197 1888 268 1923 fuge,
286 1887 384 1914 recede
397 1884 499 1919 longius
509 1883 541 1910 ab
554 1883 629 1916 igne,
645 1880 757 1907 ﬂammae
772 1878 879 1913 propius

102 1943 145 1961 non
157 1933 320 1964 accesseris,
340 1938 392 1966 quo
411 1931 447 1957 sis
462 1930 604 1959 innocuus,
622 1926 732 1953 nmltum
747 1923 879 1951 facilitatis

102 1981 186 2008 habet:
201 1980 303 2007 etenim
316 1978 390 2012 juxta
405 1980 525 2003 naturam
540 1973 692 2001 mandatum
704 1976 752 1998 est.
769 1970 880 1997 Audistis

101 2028 151 2062 quia
170 2027 263 2052 dictant
285 2029 326 2052 est
349 2022 475 2056 antiquis,
496 2020 556 2047 Non
575 2018 734 2046 maecltaberis
755 2016 844 2052 (Ibid.
856 2015 877 2051 ).

102 2072 171 2106 Cujus
184 2071 263 2106 igitur
278 2070 320 2097 rei
334 2069 417 2104 gratia
432 2067 564 2100 antiquam
587 2065 670 2098 legem
685 2062 761 2090 nobis
775 2062 807 2089 ad
822 2069 879 2088 me-

103 2117 200 2144 moriam
223 2115 340 2149 redegit,
356 2113 466 2140 alteram
480 2109 697 2138 introducturus?
711 2108 768 2141 Quo
780 2106 879 2134 scilicet

103 2171 129 2188 ex
140 2161 335 2196 comparatione
345 2159 432 2186 discas
443 2165 494 2185 non
503 2165 562 2184 esse
573 2155 651 2189 hujus
663 2159 740 2188 atque
752 2152 821 2180 illius
832 2159 882 2186 pu-

103 2216 170 2242 gnam
184 2216 190 2234 :
206 2215 266 2234 cum
279 2206 352 2233 enim
365 2205 471 2240 ponitur
484 2202 647 2237 comparatio
658 2222 666 2235 ,
678 2205 739 2227 tunc
753 2200 781 2226 ﬁt
795 2198 880 2225 mani-

104 2254 184 2281 festius
203 2253 344 2288 judicium.
372 2250 503 2285 Quoniam
529 2247 658 2283 objecturi
672 2250 748 2274 erant
774 2243 880 2279 quidam

104 2300 165 2335 quod
179 2305 206 2326 ut
216 2299 379 2327 contrariam
389 2297 474 2332 legem
490 2295 582 2327 ferret,
594 2294 651 2321 haec
664 2293 765 2320 diceret
777 2300 783 2317 ε
800 2291 879 2321 Ecce,

104 2346 191 2380 inquit,
205 2350 333 2379 utrasque
346 2342 495 2370 alternatim
510 2341 582 2375 leges
596 2346 675 2374 pono,
691 2342 761 2364 tenta
770 2340 797 2363 et
806 2335 880 2362 disce

104 2391 293 2418 consonantiam
306 2397 313 2416 :
328 2396 381 2415 non
401 2387 435 2414 ob
452 2387 477 2413 id
492 2386 588 2417 solum,
600 2384 647 2412 sed
658 2383 736 2410 etiam
747 2386 776 2408 ut
790 2385 881 2407 osten-

104 2436 141 2462 dat
154 2436 251 2462 facilem
268 2438 470 2469 opportuneque
480 2431 657 2467 introductam
670 2437 675 2453 :
688 2432 827 2463 propterea
839 2425 881 2452 in-

104 2482 152 2515 quit
164 2490 170 2507 :
184 2480 297 2508 Audistis
309 2478 368 2514 quia
378 2478 471 2504 dictant
485 2482 520 2503 est
536 2474 652 2510 antiquis,
668 2473 728 2499 Non
741 2470 881 2498 maachabe-

105 2527 258 2554 riutamdiu
281 2527 308 2553 in
326 2526 433 2560 antiqua
459 2525 515 2558 lege
540 2530 588 2548 vos
610 2518 776 2548 exercuistis.
802 2515 882 2550 Quasi

104 2571 187 2599 doctor
199 2572 334 2607 pigritauti
356 2570 464 2605 parvulo
478 2567 617 2603 praeteritis
631 2565 718 2592 adhuc
736 2561 883 2596 disciplinis

106 2618 172 2645 inniti
192 2618 308 2649 volenti,
332 2622 411 2652 atque
431 2615 464 2642 ad
489 2613 581 2641 altiora
595 2620 654 2640 eum
668 2611 761 2638 tollere
773 2608 882 2642 cupiens

107 2662 184 2690 dicit:
204 2663 297 2698 Cogita
319 2666 447 2696 quantum
475 2659 600 2694 temporis
622 2657 672 2684 hac
695 2656 722 2683 in
746 2653 883 2688 disciplina

107 2709 264 2736 contrivisti:
285 2709 325 2735 sic
348 2713 376 2735 et
398 2706 518 2734 Christus
538 2710 665 2732 revocans
684 2702 710 2729 in
727 2698 883 2727 memoriam

109 2761 148 2781 eos
157 2755 289 2790 prolixiori
300 2760 421 2788 tempore
433 2752 550 2780 tenuisse
559 2751 643 2785 legem
656 2748 788 2783 antiquam
798 2767 805 2780 ,
817 2751 844 2773 et
857 2745 883 2772 in

110 2807 135 2825 ea
145 2807 171 2828 se
180 2801 339 2833 exercuisse,
352 2805 464 2833 esseque
477 2801 580 2832 tempus
593 2795 626 2822 de
637 2799 735 2822 caetero
755 2791 788 2819 ad
807 2790 884 2818 altio-

111 2856 159 2876 rem
176 2848 354 2877 conscendere
365 2868 372 2880 ,
387 2846 419 2873 ad
434 2846 516 2880 ipsam
530 2850 588 2878 qum
609 2845 713 2876 patrum
727 2836 884 2874 quandoque

1671 185 1725 212 53.2

935 238 1030 272 fuerat,
1052 238 1242 273 legislationem
1266 239 1378 267 traducit
1401 239 1492 268 dicens
1501 219 1516 268 ἐ
1533 241 1644 268 Audistis
1664 243 1724 276 quia

933 284 1026 324 dictum
1042 289 1076 310 est
1089 284 1214 320 antiquis,
1235 284 1296 311 Non
1308 286 1477 312 maecftaberis.
1493 285 1520 313 ld
1540 287 1655 322 antiquis
1679 287 1722 314 tli—

934 335 1005 356 ctum
1018 333 1076 362 est,
1097 329 1152 364 Ego
1175 335 1257 356 autent
1281 329 1337 357 dico
1357 330 1433 356 vobis.
1456 330 1483 358 Si
1509 331 1580 358 enim
1604 333 1724 366 antiquis

933 375 1052 407 dixisset,
1069 376 1164 402 merito
1179 376 1346 410 querereris,
1363 383 1423 402 cum
1442 375 1621 410 imperfectior
1632 378 1723 405 adhuc

933 427 1004 450 esset
1015 427 1105 449 nostra
1121 426 1225 448 natura.
1247 421 1286 448 Ea
1299 429 1361 448 vero
1373 429 1433 448 cum
1448 427 1535 455 aucta,
1555 430 1616 450 cum
1635 424 1723 457 perte.

933 468 1001 494 ctior
1011 468 1078 495 facta
1092 473 1133 495 est
1143 488 1150 500 ,
1164 467 1303 502 disciplina
1316 468 1396 494 etiam
1411 468 1559 502 perfectiori
1573 468 1606 496 de
1622 474 1733 497 cmteroi.

933 520 1000 547 opus
1010 518 1075 540 erat.
1092 513 1234 548 Propterea
1245 513 1373 548 incipiens
1388 521 1403 540 a
1418 513 1598 548 legislatione,
1614 522 1647 543 ne
1662 516 1728 550 quis.

934 559 1039 586 intuens
1054 559 1226 594 philosophia:
1237 559 1424 586 sublimitatem
1434 560 1582 594 pigritetur,
1592 564 1638 587 aut
1647 568 1720 587 mora

934 608 1065 637 teneatur,
1082 604 1165 639 inquit
1183 614 1188 631 :
1206 604 1265 631 Nisi
1279 604 1441 631 abundaverit
1451 605 1552 640 justitia
1569 610 1650 632 vestra
1664 615 1721 641 pias

933 658 1010 685 quant
1023 650 1161 677 scribarum
1174 655 1197 677 et
1208 649 1408 682 Pltarisazorum,
1423 658 1473 676 non
1491 651 1616 678 intrabitis
1634 651 1660 678 in
1679 659 1720 677 re-

933 704 1009 730 gnum
1030 697 1148 723 telorum
1168 696 1271 731 (Matth.
1288 698 1314 724 5.
1329 696 1385 733 20).
1409 697 1470 724 Plus
1481 704 1495 724 a
1509 705 1551 724 me
1563 698 1661 725 laboris
1673 705 1720 725 εις

935 741 1095 776 igis?quare
1112 742 1123 768 ?
1139 750 1201 769 num
1221 750 1273 769 una
1297 750 1357 770 cum
1378 743 1432 769 illis
1446 750 1500 769 non
1524 751 1582 770 sum
1607 746 1721 772 natura?

934 788 1060 822 numquid
1075 796 1127 815 non
1148 788 1228 816 homo
1247 789 1343 816 similis
1363 789 1415 816 illis
1433 789 1445 816 ?
1465 789 1499 817 Ut
1512 797 1563 817 non
1579 790 1635 817 haec
1649 790 1720 817 dice-

935 838 993 860 rent
1007 834 1056 868 (α),
1075 834 1162 867 Quare
1177 834 1254 862 nobis
1269 835 1373 862 labores
1387 835 1487 862 addidit
1501 835 1512 861 ?
1524 843 1606 870 quare
1620 836 1719 870 majora

933 880 1076 907 certamina
1093 881 1179 914 posuit
1186 881 1197 907 ?
1205 881 1320 908 occurrit
1327 881 1467 916 objectioni
1477 889 1586 916 regnum
1595 882 1719 909 caelorum

934 925 1071 959 proferens
1080 934 1087 951 :
1095 925 1202 959 Majora,
1213 926 1307 960 inquit,
1317 926 1422 960 prannia
1432 926 1522 953 defero
1533 935 1538 952 :
1549 927 1720 954 dicenslabo-

933 977 986 1002 res,
994 969 1084 997 dicens
1090 976 1243 1004 certamina,
1252 970 1343 998 dicens
1351 971 1530 998 extensionem
1538 971 1612 1006 legis,
1621 976 1645 998 et
1654 980 1707 1006 prie
1714 987 1720 992 ‹

934 1015 1046 1042 Iniorum
1062 1015 1190 1042 meminit.
1205 1015 1373 1050 Nequaquam
1387 1017 1472 1048 enim,
1489 1017 1588 1051 inquitI
1604 1017 1720 1045 Palatsti-

933 1069 993 1088 nam
1006 1061 1056 1094 do,
1074 1070 1160 1096 neque
1176 1066 1272 1089 terram
1292 1061 1415 1089 fluentem
1439 1062 1505 1090 lacte
1523 1067 1550 1090 et
1567 1063 1658 1096 melle,
1673 1063 1720 1090 sed

933 1107 1018 1140 ipsum
1031 1108 1106 1135 vobis
1116 1108 1209 1134 ciclum
1229 1108 1330 1134 defero.
1344 1107 1435 1143 Neque
1449 1109 1473 1135 in
1490 1108 1635 1136 ofﬁciorum
1651 1118 1721 1137 mer-

933 1153 1024 1181 cedem
1039 1154 1111 1188 plura
1127 1154 1212 1181 solum
1228 1154 1380 1188 recipimus,
1395 1155 1441 1181 sed
1456 1155 1534 1182 etiam
1548 1156 1575 1182 in
1591 1156 1645 1190 ipsa
1657 1164 1719 1191 pec-

932 1205 1052 1227 catorum
1075 1200 1285 1236 transgressione
1308 1201 1465 1235 supplicium
1481 1202 1566 1236 majus
1581 1203 1717 1230 trahimus.

933 1245 1160 1279 Quemadmodum
1174 1246 1244 1272 enim
1256 1246 1301 1280 qui
1315 1245 1398 1280 legem
1412 1251 1614 1280 pra'cesserunt,
1634 1248 1721 1274 ιιιίιίο-

934 1299 991 1318 rem
1007 1298 1112 1326 pmuam
1136 1291 1168 1318 iis
1185 1290 1330 1323 dederunt,
1351 1291 1395 1325 qui
1419 1297 1591 1326 peccaverunt
1607 1292 1632 1319 in
1647 1293 1719 1327 lege,

934 1335 1089 1370 Quicumque
1107 1336 1173 1363 enim
1192 1336 1245 1362 sine
1265 1335 1318 1370 lege
1335 1341 1505 1370 peccaverunt,
1521 1337 1574 1364 sine
1589 1336 1642 1372 lege
1661 1346 1720 1372 per-

932 1381 1002 1408 ibunt
1017 1380 1104 1415 (Rom.
1116 1381 1142 1413 2,
1159 1381 1217 1417 i2),
1234 1381 1259 1408 id
1274 1386 1315 1408 est
1326 1381 1411 1416 legem
1426 1387 1607 1409 accusatorem
1622 1390 1722 1418 nequa-

932 1435 1011 1463 quam
1025 1427 1178 1460 habebunt;
1199 1427 1245 1454 sed
1261 1433 1352 1454 contra
1366 1427 1424 1454 illos
1437 1427 1469 1454 ab
1483 1428 1538 1462 ipsa
1554 1432 1646 1455 natura
1660 1436 1722 1456 sen-

933 1473 1042 1500 tentiam
1051 1493 1058 1505 ,
1073 1472 1174 1507 inquit,
1186 1471 1268 1499 feram
1285 1472 1353 1498 inter
1363 1472 1536 1507 cogitationes
1549 1478 1703 1500 accusantes
1712 1495 1720 1506 ,

933 1518 974 1546 vel
988 1518 1159 1546 defendentes
1184 1517 1262 1554 (Ibid.
1280 1525 1305 1544 υ.
1320 1517 1372 1553 15)
1388 1526 1393 1544 :
1410 1518 1448 1544 sic
1463 1523 1489 1545 et
1502 1518 1544 1550 iis,
1558 1519 1602 1553 qui
1619 1519 1644 1546 in
1665 1520 1722 1554 lege

933 1568 1118 1600 peccaverunt,
1127 1563 1311 1598 delinquentes
1324 1563 1373 1591 sub
1384 1563 1466 1598 gratia
1476 1564 1642 1598 gravioribus
1656 1565 1721 1593 sub-

932 1616 1010 1638 erunt
1025 1611 1173 1638 tormentis.
1199 1610 1233 1637 Et
1246 1610 1357 1637 istorum
1373 1609 1548 1638 differentiam
1563 1611 1619 1645 ipse
1632 1616 1721 1639 osten-

932 1656 971 1683 dit
984 1655 1090 1688 Paulus,
1103 1655 1194 1682 dicens
1210 1665 1216 1683 :
1232 1654 1337 1682 Irritum
1349 1655 1404 1691 quis
1417 1656 1513 1690 faciens
1524 1655 1602 1690 legent
1618 1655 1720 1691 Moysi,

931 1702 985 1730 sine
997 1702 1050 1729 ulla
1062 1702 1220 1728 miseratione
1232 1702 1329 1728 duobus
1341 1702 1379 1729 vel
1391 1701 1468 1728 tribus
1483 1702 1583 1730 testibus
1594 1704 1700 1730 moritur
1711 1712 1721 1731 .-

932 1752 1025 1783 quanto
1037 1748 1115 1782 magis
1129 1748 1222 1782 putatis
1237 1747 1361 1774 deteriora
1374 1747 1461 1774 mereri
1471 1747 1605 1782 supplicia,
1616 1749 1659 1783 qui
1671 1748 1721 1775 Fi-

932 1795 995 1822 lium
1010 1793 1057 1820 Dei
1069 1793 1249 1820 conculcaverit
1258 1814 1265 1826 ,
1278 1798 1300 1820 et
1313 1793 1459 1827 sanguinem
1478 1794 1616 1820 testamenti
1638 1794 1722 1828 pollu-

933 1845 985 1867 tum
999 1840 1114 1872 duxerit,
1127 1840 1154 1866 in
1172 1847 1220 1874 quo
1233 1840 1402 1873 sanctiﬁcatus
1418 1844 1462 1871 est,
1477 1844 1500 1865 et
1513 1840 1622 1874 Spiritui
1634 1841 1722 1875 gratia:

933 1885 1108 1912 contumeliam
1130 1885 1215 1919 fecerit
1242 1884 1332 1919 (Hebr.
1357 1885 1399 1912 10.
1414 1885 1458 1912 ‘28.
1475 1884 1532 1919 29).
1556 1885 1647 1912 Cernis
1672 1887 1722 1912 sub

933 1931 1017 1967 gratia
1033 1931 1161 1966 majorem
1178 1938 1282 1965 pinnam
1294 1951 1301 1963 ,
1314 1931 1395 1957 veluti
1418 1935 1444 1957 et
1467 1931 1574 1964 przcmia
1597 1931 1694 1965 majora
1710 1932 1721 1958 ἒν

933 1977 984 2004 Sed
996 1977 1121 2012 quoniam
1134 1980 1225 2003 sancta
1239 1975 1364 2011 mysteria
1379 1975 1411 2001 ad
1425 1975 1580 2001 memoriam
1596 1975 1670 2002 vobis
1682 1984 1722 2002 rc-

933 2023 980 2050 tuli
992 2023 1130 2050 tremenda
1140 2029 1172 2049 ac
1191 2021 1346 2056 spiritualia,
1363 2028 1438 2054 rogo,
1453 2020 1575 2052 obsecro,
1592 2020 1721 2054 deprecor

933 2072 1013 2102 atque
1033 2067 1103 2094 omni
1120 2074 1179 2093 cum
1201 2066 1324 2093 instantia
1346 2070 1452 2099 expeto,
1465 2072 1544 2091 omne
1557 2064 1721 2099 deponentes

934 2118 1071 2154 peccatum
1082 2134 1089 2146 ,
1103 2113 1141 2140 sic
1155 2111 1188 2139 ad
1200 2111 1363 2139 tremendam
1374 2111 1440 2136 hanc
1451 2117 1570 2136 mensam
1581 2109 1718 2137 accedere.

935 2159 1042 2191 Pacem,
1057 2159 1160 2193 inquit,
1175 2157 1304 2192 sequimini
1314 2164 1370 2182 cum
1381 2155 1495 2182 omnibus
1505 2159 1527 2181 et
1541 2154 1721 2188 sancti/italia-

933 2214 990 2232 nem
1001 2225 1009 2238 ,
1022 2205 1075 2231 sine
1089 2212 1138 2239 qua
1151 2211 1222 2230 nemo
1235 2202 1323 2229 videbit
1340 2201 1418 2228 Deum
1435 2200 1525 2236 (Hebr.
1541 2201 1584 2228 12.
1598 2202 1654 2236 Η).
1670 2200 1720 2235 Qui

934 2257 1021 2279 autem
1042 2251 1182 2278 Dominum
1197 2248 1287 2276 videre
1300 2249 1394 2283 dignus
1409 2255 1463 2274 non
1478 2252 1532 2280 est,
1550 2255 1635 2282 neque
1648 2254 1721 2274 com-

935 2298 1060 2324 munione
1079 2296 1174 2330 dignus
1197 2300 1238 2322 est
1264 2293 1392 2321 Dotninici
1420 2293 1548 2327 corporis.
1577 2293 1721 2326 Propterea

935 2343 1031 2370 Paulus
1041 2343 1126 2376 inquit
1136 2350 1142 2368 :
1153 2341 1255 2367 l’robet‘
1264 2345 1348 2366 autent
1358 2347 1384 2366 se
1394 2339 1478 2371 homo,
1487 2344 1510 2366 et
1521 2339 1556 2366 sic
1564 2339 1595 2365 de
1602 2347 1667 2375 pane
1676 2339 1721 2366 illo

935 2388 1058 2420 comedat,
1073 2393 1095 2414 et
1107 2388 1137 2414 de
1149 2387 1227 2414 calice
1242 2386 1306 2413 bibat
1321 2386 1359 2420 (1.
1376 2385 1434 2412 Cor.
1448 2385 1491 2412 11.
1503 2385 1561 2420 28).
1572 2384 1629 2412 Non
1643 2392 1720 2411 reve-

935 2436 999 2462 lavit
1013 2434 1096 2467 ulcus,
1114 2442 1165 2460 non
1180 2434 1206 2460 in
1221 2439 1362 2460 commune
1376 2431 1509 2458 theatrum
1525 2431 1719 2457 accusationctn

936 2481 1069 2516 produxit,
1085 2488 1137 2507 non
1150 2478 1306 2506 delictorum
1322 2481 1404 2504 testes
1416 2476 1506 2504 statuit
1519 2484 1526 2503 :
1540 2476 1610 2502 intus
1622 2475 1648 2502 in
1661 2483 1724 2503 c0u-

936 2527 1045 2555 scientia
1055 2526 1179 2553 adstante
1189 2524 1304 2556 nemine,
1317 2527 1413 2558 praeter
1423 2529 1483 2549 eutn
1492 2521 1536 2556 qui
1546 2525 1639 2548 cuncta
1652 2521 1723 2548 videt

937 2573 1035 2605 Deum,
1056 2571 1183 2606 judicium
1208 2575 1235 2597 et
1257 2576 1368 2598 examen
1389 2571 1557 2602 peccatorum
1575 2571 1679 2599 statue,
1696 2571 1723 2593 et

936 2619 1016 2646 vitam
1031 2624 1137 2645 omnem
1158 2615 1306 2650 recogitans
1321 2613 1347 2640 in
1362 2612 1594 2648 meutisjudicium
1615 2617 1722 2646 peccata

937 2665 1070 2695 deducito,
1094 2663 1208 2690 reforma
1231 2660 1301 2695 quod
1325 2659 1468 2694 deliquisti,
1495 2663 1573 2693 atque
1599 2658 1638 2685 sic
1658 2665 1721 2692 pura

937 2710 1099 2739 conscientia
1122 2715 1225 2737 sacram
1253 2706 1353 2741 attinge
1379 2713 1517 2737 mensam,
1545 2708 1572 2732 et
1593 2704 1722 2739 particeps

969 2779 978 2794 ί
996 2781 1101 2808 Uterque
1112 2775 1191 2808 codex
1201 2780 1211 2808 ε
1228 2771 1356 2803 Dijudicet,
1367 2778 1418 2803 pro,
1430 2771 1520 2808 probet.

939 2843 948 2866 ι
969 2800 1182 2840 (αίνιὶὶδᾳυωὼω
1193 2800 1305 2834 deerant,
1318 2800 1374 2837 quisi
1391 2800 1538 2833 ex'utroque
1554 2804 1593 2825 Ms.
1608 2800 1723 2831 supplen-

950 2847 986 2865 ur.
