1978 3130
223 180 275 207 323

221 237 304 265 saneti
314 235 435 263 sacriﬁcii
449 219 507 262 fias.
518 234 579 262 llaec
588 239 676 262 mente
690 233 845 263 retinentes,
856 235 883 258 et
891 230 1009 257 omnium

220 290 279 318 qua:
301 282 336 310 de
360 282 462 309 luxuria
485 282 599 308 diximus
622 279 769 311 recordati,
794 281 945 312 quantaque
970 274 1011 302 his

220 336 300 364 paena
323 329 408 363 posita
424 328 458 354 sit
471 348 478 359 ,
499 327 543 362 qui
559 327 756 354 incontinenter
769 329 797 352 et
817 324 903 350 minus
918 322 1011 356 pudice

221 374 366 408 respiciunt
386 373 413 400 in
430 373 549 400 mulieris
562 371 654 399 faciem
664 392 671 403 ,
685 376 712 398 et
726 378 778 404 pm
793 370 912 404 gehenna
925 368 968 395 Dei
981 368 1012 394 ti-

222 427 325 447 morem
338 424 365 446 et
375 418 512 446 caritatem
535 418 663 445 habentes
689 421 749 443 ante
764 415 868 446 oculos,
893 417 1010 440 nosmet-

221 465 294 500 ipsos
309 465 425 500 undique
440 468 594 499 purgantes,
608 464 648 490 sie
663 463 746 490 sacris
757 461 891 496 mysteriis
903 460 1013 495 propiu-

222 519 342 546 quemus,
353 518 386 539 ne
400 511 425 538 in
439 510 566 545 judicium
580 509 833 542 damnationeuique
847 507 922 533 nobis
936 506 1010 537 fiant,

589 175 618 203 S.
638 174 776 202 ΙιΟΛΝΝιὶὸ
795 170 1029 201 CHRYSOS'I'OMI
1050 170 1208 198 ABCIIIEP.
1228 169 1498 198 CONSTANTINOP.

1806 171 1857 197 Sit

1064 226 1112 254 sed
1127 227 1152 254 in
1165 227 1289 260 salutem,
1301 232 1327 254 ct
1336 228 1431 255 animat
1441 229 1590 262 sanitatem,
1603 229 1783 264 fiduciamque
1795 237 1857 257 con-

1065 272 1164 298 tinuam
1187 273 1278 299 salutis
1305 273 1384 308 hujus
1403 274 1579 308 suscipiamus
1604 283 1611 301 :
1632 275 1656 302 in
1672 275 1782 303 Christo
1795 275 1859 303 Jesu

1065 318 1178 345 Domino
1193 322 1284 345 nostro
1299 340 1306 351 ,
1322 320 1363 346 cui
1392 319 1477 354 gloria
1501 324 1528 347 et
1555 321 1694 356 imperium
1709 321 1736 348 in
1760 322 1858 349 steculz

1065 364 1233 391 smculurum.
1248 364 1333 391 Amen
1348 365 1368 392 ‘.

1099 481 1105 497 ¹
1120 483 1210 517 0ttob_.:
1220 482 1264 507 cui
1272 482 1349 514 gloria
1358 486 1380 508 et
1388 483 1524 517 intpertum,
1533 485 1672 517 magnitudo
1679 488 1700 510 et
1709 485 1862 517 magniﬁcam-

1066 511 1100 536 tia
1113 512 1242 539 cuml‘ume
1253 511 1368 539 ei'stmcto
1377 511 1468 546 spiruu
1480 515 1505 539 in
1515 511 1605 540 sa'cu'la
1615 511 1769 541 saeculorum.
1781 511 1862 541 Anu-tt.

730 628 910 665 SEBMO
932 628 1002 662 DE
1035 629 1372 670 PCENITENTIA

226 720 266 741 ET
288 718 542 746 COMPUNCTIONE,
567 718 606 738 ET
628 716 712 742 QUOD
727 715 807 736 DEUS
829 714 877 735 SIT
898 713 1024 734 PROMPT

1080 716 1122 736 AD
1143 717 1301 748 SALUTEM,
1324 721 1364 742 ΕΤ
1386 722 1509 744 TARDUS
1532 724 1574 744 ΔΙ)
1588 724 1711 746 ΡΟΕΝΔΜ
1728 727 1735 746 ἲ
1751 725 1785 746 IN
1803 725 1867 751 QUO

742 765 782 785 ΕΤ
803 762 964 785 ωιυηηιε
986 763 1026 783 DE
1049 764 1155 787 RAHAB
1178 769 1336 792 HISTORIA.

491 894 598 914 ποκιιιλ
620 893 656 912 vu
666 884 714 921 (α).

268 946 295 972 1.
321 944 432 978 Semper
443 943 549 978 quidem
563 943 667 969 divinus
680 941 815 977 apostolus
828 941 915 967 divina
935 940 1015 967 etule-

232 991 319 1025 stique
333 989 415 1016 utitur
433 988 519 1022 lingua
532 1008 539 1021 ,
563 995 594 1014 ac
613 987 720 1014 scientia
737 987 818 1014 multa
839 985 1019 1021 evangelicum

231 1037 297 1064 texit
310 1035 419 1062 verbum
437 1043 443 1061 :
461 1042 514 1061 non
529 1042 562 1061 ex
577 1041 623 1061 sua
637 1034 767 1061 sententia
785 1037 884 1060 temere
898 1033 1019 1067 loquens,

232 1081 278 1108 sed
293 1081 375 1115 regali
393 1080 551 1107 auctoritate
565 1079 688 1114 dogmata
704 1078 852 1114 proferens.
881 1078 936 1105 llac
959 1085 1021 1105 vero

231 1126 397 1162 potissimum
409 1125 491 1152 utitur
503 1125 626 1156 scientia,
638 1124 743 1158 quando
757 1123 926 1158 peccantibus
938 1122 1022 1158 poeni-

232 1174 320 1200 tentiae
335 1172 442 1200 verbum
459 1172 554 1206 ingerit
568 1180 574 1198 :
590 1179 640 1206 qua
655 1171 688 1198 de
704 1179 733 1198 re
745 1178 792 1197 vos
805 1170 857 1205 jam
870 1169 1022 1197 admonitu-

232 1226 278 1246 rus
291 1226 358 1245 sum.
375 1217 494 1244 Audistis
509 1217 614 1251 itaque,
629 1221 658 1243 ut
677 1216 809 1250 sigillatim
832 1223 862 1243 ea
881 1223 941 1250 qum
953 1215 1021 1242 dicta

232 1268 295 1290 sunt
310 1268 414 1297 tangam
427 1283 434 1294 ,
452 1262 585 1296 quomodo
599 1261 752 1289 Corinthios
769 1261 906 1296 alloquens
919 1260 1024 1288 dicebat

233 1314 357 1336 strenuus
374 1307 418 1334 ille
430 1307 470 1334 vir
481 1313 560 1341 atque
573 1306 744 1334 admirandus
757 1315 763 1332 :
781 1306 821 1333 Ne
836 1310 902 1342 forte
913 1307 1023 1341 ueniens,

233 1354 326 1380 mullos
343 1353 450 1387 deﬂeant
465 1360 549 1379 corum
562 1353 604 1387 qui
619 1353 689 1387 prius
704 1357 876 1386 peccaverunt,
898 1358 921 1379 et
943 1353 1023 1387 pomi-

233 1399 335 1426 tentiam
348 1407 398 1424 non
411 1402 513 1433 egerunt
526 1397 562 1433 (2.
572 1397 631 1424 Cor.
644 1398 685 1424 12.
695 1397 750 1433 21).
764 1397 849 1424 Homo
858 1397 962 1432 quidem
975 1405 1023 1424 na-

234 1448 291 1470 tura
313 1450 423 1478 magnus
444 1442 487 1470 hic
499 1442 593 1470 doctor
607 1447 665 1470 erat
676 1462 683 1475 ,
699 1442 744 1470 sed
759 1443 894 1478 proposito
915 1443 959 1470 Dei
973 1443 1024 1470 mi-

234 1487 317 1514 nister
332 1497 338 1514 :
354 1487 413 1514 ideo
427 1487 500 1514 velut
523 1487 621 1514 crelesti
637 1488 749 1522 quadam
774 1488 856 1514 utitur
879 1488 966 1523 lingua
978 1508 986 1521 ,
999 1492 1026 1515 et

233 1534 310 1569 quasi
322 1541 355 1560 ex
367 1533 430 1567 ipsis
444 1533 516 1560 caelis
530 1533 692 1568 loqueretur,
709 1533 747 1560 sic
760 1533 946 1560 iuterminatur
960 1541 1024 1569 pec—

236 1579 381 1612 catoribus,
405 1584 431 1606 et
447 1579 636 1613 paenitentibus
656 1579 869 1614 propitiationem
883 1580 1023 1614 promittit.

234 1625 300 1652 Cum
322 1629 409 1652 autem
432 1624 490 1651 huic
503 1624 563 1651 dico
573 1645 580 1658 ,
600 1632 767 1659 nequaquam
781 1624 854 1652 Pauli
869 1625 964 1660 lingua:
979 1633 1025 1652 au-

235 1671 386 1698 ctoritatem
397 1670 584 1703 adscribo,sed
598 1670 631 1697 ad
642 1671 687 1698 Dei
701 1671 812 1705 gratiam
821 1675 905 1698 totum
918 1671 1004 1698 refero
1018 1680 1024 1698 :

238 1717 272 1744 de
284 1724 337 1752 quo
352 1717 409 1751 ipse
423 1716 528 1743 dicebat
544 1725 550 1743 :
571 1717 609 1742 An
624 1717 821 1750 experimentum
835 1717 888 1751 ejus
903 1717 1038 1751 qucrrilis,’

236 1763 280 1798 qui
297 1763 324 1789 in
349 1771 389 1789 me
408 1762 518 1797 loquitur
530 1783 537 1795 ,
554 1762 648 1789 Christi
662 1762 671 1797 (
688 1762 715 1789 2.
729 1761 788 1789 Cor.
809 1762 852 1789 15.
869 1763 886 1790 5
900 1762 932 1797 )?
946 1762 1027 1797 Igitur

237 1808 406 1843 peccantibus
414 1808 535 1835 beneﬁcii
550 1808 707 1835 medicinam
719 1808 885 1843 supponit,et
896 1809 1027 1843 paeniten-

237 1855 300 1880 tiam
325 1853 358 1880 ad
379 1853 502 1880 salutem.
517 1853 660 1880 Concurrit
674 1858 763 1880 autem
789 1854 866 1881 hodie
883 1862 943 1881 cum
962 1863 1028 1889 apo.

237 1899 329 1926 stolica
340 1898 454 1926 lectione
463 1899 613 1933 evangelica
623 1899 702 1926 etiam
713 1899 858 1926 Salvatoris
872 1901 1024 1933 auctoritas,

236 1951 294 1978 qua:
307 1949 474 1978 peccatorum
495 1944 677 1972 remissionem
693 1946 801 1980 copiose
819 1945 937 1980 largitur.
963 1946 1027 1972 Nam

237 1989 296 2016 eum
311 1990 484 2025 paralyticum
500 1994 617 2022 sanaret,
632 1990 738 2018 dicebat
757 1991 888 2025 Salvator,
904 1996 933 2019 ut
949 1993 1028 2019 modo

237 2035 360 2062 audistis:
374 2035 438 2067 Fili,
455 2036 615 2062 remittuntur
628 2037 673 2063 tibi
683 2041 785 2071 peccata
794 2041 837 2063 tua
847 2037 1027 2072 mulla(Marc.

236 2081 263 2107 ‘2.
276 2081 321 2115 5):
338 2080 460 2108 remissio
483 2085 572 2108 autem
589 2087 756 2116 peccatorum
776 2087 817 2109 est
838 2083 896 2110 fons
915 2084 1007 2110 salutis
1020 2104 1028 2118 ,

208 2131 224 2151 κ]
237 2131 265 2152 et
279 2126 416 2160 prmmium
441 2126 615 2160 poenitentiaz.
631 2127 789 2154 Remedium
804 2128 900 2162 quippe
919 2133 960 2155 est
972 2136 1029 2163 poe-

238 2171 360 2204 nitentia,
376 2171 446 2206 quod
462 2176 600 2206 peccatum
622 2172 692 2199 tollit
707 2182 713 2199 :
731 2172 830 2200 donum
851 2175 967 2206 caeleste,
979 2175 1031 2201 vir-

236 2222 280 2243 tus
289 2216 462 2250 admirabilis,
474 2217 556 2251 gratia
570 2217 656 2253 legum
670 2225 775 2245 cursum
787 2220 1029 2254 superans.Quam-

237 2263 329 2290 obrem
348 2271 400 2291 non
412 2263 600 2291 fornicatorem
618 2265 715 2298 renuit,
725 2272 777 2292 non
789 2266 922 2293 moechum
936 2266 1028 2302 abigit,

238 2317 291 2336 non
306 2309 440 2336 ebriosum
462 2315 600 2337 aversatur
611 2331 618 2344 ,
631 2319 683 2338 non
694 2310 858 2339 idololatram
873 2312 1029 2347 detestatur,

239 2364 291 2383 non
302 2357 459 2384 maledicum
468 2358 581 2392 repellit,
594 2365 646 2384 non
657 2357 841 2393 blasphemum
853 2360 1029 2394 persequitur,
1045 2349 1049 2353 Δ

239 2409 292 2427 non
308 2407 475 2436 arrogantem
489 2410 496 2434 ;
512 2402 559 2430 sed
578 2409 673 2430 omnes
694 2403 827 2436 immutat,
844 2405 944 2439 peccati
959 2405 1030 2432 enim

238 2446 421 2474 conflatorium
435 2453 476 2475 est
487 2449 644 2483 pmnitentia
657 2450 677 2475 ¹.
700 2449 794 2484 Opera:
813 2451 928 2485 pretium
941 2456 1030 2479 autem

238 2498 279 2519 est
294 2493 407 2526 primum
425 2493 471 2520 Dei
484 2500 594 2528 scopum
605 2501 783 2530 cognoscere,
800 2503 852 2523 non
878 2503 910 2523 ex
931 2497 1031 2531 cogita-

239 2538 355 2564 tionibus
370 2539 468 2565 nostris
479 2539 558 2566 talem
567 2540 774 2574 speculationem
786 2541 926 2573 adeuntes,
937 2542 984 2569 sed
998 2550 1031 2570 ex

240 2583 305 2616 ipsis
316 2582 413 2610 divinis
425 2582 571 2619 Scripturis
586 2590 740 2614 attestatam
757 2588 896 2615 veritatem
917 2588 1030 2616 demon-

239 2632 365 2655 strantes.

282 2673 366 2701 Virtus
378 2680 510 2708 parentum
529 2677 636 2711 posteris
656 2678 765 2712 prodest.
779 2694 815 2699 ——-
838 2679 939 2714 Seopus
960 2680 1028 2710 Deo,

239 2719 302 2746 dum
329 2721 515 2755 longanimiter
531 2723 602 2758 agit,
619 2723 717 2758 duplex
741 2730 792 2757 est,
807 2725 839 2752 ad
866 2726 1031 2761 salutemque

253 2836 257 2840 Ι
272 2807 279 2821 ¹
299 2810 363 2840 unus
370 2810 438 2845 Reg,
448 2808 491 2842 sed
500 2815 580 2845 omnes
591 2809 677 2844 recipit
685 2817 811 2845 omnesque
823 2811 930 2837 immutat
940 2820 948 2843 ;
958 2813 1020 2838 virtu

239 2836 270 2860 tis
276 2837 340 2870 enim
351 2836 515 2870 gon/Iutorium
527 2843 562 2864 est
573 2840 719 2870 paenitentia.

271 2868 308 2898 (ιι)
319 2867 407 2893 Collata
419 2876 474 2894 cum
485 2874 536 2894 MSS.
548 2867 626 2902 Regiis
644 2871 712 2901 1828,
723 2872 792 2903 ⁸2589,
800 2872 870 2902 iii".
881 2874 953 2899 που.

1031 824 1220 851 (ρξωῆ

1073 886 1201 919 propitius
1218 896 1224 913 :
1245 887 1309 922 ipsis
1324 889 1449 917 nimirum
1467 891 1656 925 paenitentibus
1673 893 1786 921 salutem
1808 902 1870 929 pro‘

1073 936 1158 964 curat,
1173 939 1319 967 eorumque
1334 936 1447 969 posteris
1460 957 1466 969 ,
1484 937 1527 971 qui
1553 938 1578 964 in
1598 938 1694 965 virtute
1711 947 1870 974 progressus

1074 975 1165 1004 facturi
1180 985 1250 1010 sunt,
1268 980 1423 1007 beneficium
1438 987 1566 1009 reservat.
1581 983 1614 1010 Et
1638 989 1666 1011 ut
1695 985 1792 1012 iterum
1813 993 1872 1013 scr-

1073 1029 1178 1049 monem
1194 1029 1322 1058 repetam,
1338 1026 1407 1053 Deus
1423 1027 1607 1062 longanimiter
1624 1030 1677 1064 agit
1688 1052 1694 1062 ,
1707 1035 1735 1057 ut
1755 1036 1783 1058 et
1804 1040 1870 1066 pec-

1073 1074 1147 1095 cator
1161 1070 1309 1104 resipiscat,
1327 1077 1353 1098 et
1368 1077 1395 1098 ut
1411 1075 1524 1107 posteris
1549 1075 1603 1102 suis
1620 1076 1712 1104 salutis
1724 1078 1795 1104 viam
1817 1086 1871 1105 non

1074 1113 1189 1141 claudat.
1204 1115 1278 1143 Licet
1293 1117 1362 1143 enim
1375 1123 1499 1152 peccator
1514 1120 1540 1146 in
1562 1119 1678 1154 lapsibus
1692 1129 1850 1156 perseveret
1862 1145 1871 1156 ,

1075 1160 1158 1193 parcit
1175 1168 1245 1195 saepe
1256 1161 1348 1194 radici,
1359 1168 1387 1190 ut
1397 1163 1498 1192 fructus
1511 1165 1644 1193 custodiat
1657 1175 1663 1200 ;
1681 1175 1872 1202 saepenumero
1909 1173 1912 1175 ’

1075 1206 1154 1232 etiam
1171 1207 1254 1241 ipsam
1267 1208 1383 1235 radicem
1395 1209 1526 1243 immutat,
1547 1215 1576 1238 ut
1589 1217 1650 1239 ante
1672 1213 1737 1240 dixi.
1761 1214 1814 1241 Sed
1829 1215 1874 1242 ubi

1077 1251 1119 1277 illa
1140 1252 1165 1278 in
1177 1253 1357 1280 omnimodam
1372 1255 1516 1290 nequitiam
1533 1256 1639 1290 delapsa
1654 1263 1712 1290 est,
1729 1258 1803 1286 Deus
1816 1260 1871 1286 uti-

1078 1295 1138 1323 liter
1161 1296 1250 1324 difl'ert
1262 1299 1419 1333 supplicium
1429 1321 1435 1331 ,
1452 1301 1636 1338 poenitentium
1651 1303 1765 1330 salutem
1780 1312 1875 1340 exspe-

1076 1346 1152 1369 ctans
1169 1351 1175 1369 :
1192 1345 1326 1378 quomodo
1340 1351 1427 1372 autem
1442 1367 1450 1378 ,
1467 1347 1538 1374 audi.
1552 1347 1652 1375 Tharra
1666 1353 1742 1384 pater
1758 1350 1876 1378 Ahraha:

1078 1388 1208 1416 idolorum
1222 1390 1308 1418 cultor
1327 1396 1401 1424 erat;
1424 1392 1472 1420 sed
1488 1400 1540 1420 non
1565 1394 1610 1421 hic
1629 1395 1702 1422 dedit
1727 1396 1875 1431 impietatis

1077 1443 1181 1471 pennas,
1196 1441 1222 1463 et
1237 1437 1343 1471 quidem
1355 1438 1424 1472 jure.
1440 1439 1506 1466 Nam
1523 1440 1544 1467 si
1558 1439 1626 1468 Deus
1641 1442 1760 1470 radicem
1777 1443 1875 1477 praeci-

1077 1481 1172 1515 disset,
1187 1482 1318 1510 undenam
1331 1488 1420 1511 tantus
1432 1485 1491 1512 ﬁdei
1506 1485 1605 1513 fructus
1620 1487 1794 1521 pullulasset‘.’
1807 1489 1876 1522 Quid

1078 1526 1148 1554 ES:th
1165 1528 1374 1562 nequiusVVide
1387 1530 1451 1557 mibi
1463 1536 1489 1558 et
1509 1532 1579 1558 aliud
1600 1533 1773 1568 benignitatis
1795 1543 1877 1570 argu-

1079 1577 1205 1599 mentum.
1220 1573 1287 1607 Quid
1302 1575 1345 1602 illa
1359 1576 1457 1603 malitia
1474 1577 1672 1612 impudentius?
1685 1587 1776 1608 nonne
1791 1581 1876 1608 forni-

1078 1622 1153 1644 cator
1166 1621 1194 1645 et
1215 1619 1340 1653 profanus
1362 1620 1439 1655 (Ileb.
1459 1622 1502 1649 12.
1521 1622 1554 1649 16
1568 1622 1577 1658 )
1591 1643 1598 1655 ,
1615 1629 1642 1650 ut
1661 1625 1698 1651 ait
1715 1627 1878 1660 apostolus?

1079 1669 1167 1690 nouue
1191 1664 1321 1697 parricida
1335 1669 1361 1692 et
1381 1667 1628 1696 matricida?nonne
1639 1669 1780 1697 fratricida
1789 1680 1873 1706 quan-

1079 1711 1134 1734 tum
1147 1709 1179 1735 ad
1194 1711 1381 1744 propositum?
1397 1721 1486 1740 nonne
1506 1714 1560 1741 Deo
1574 1722 1700 1749 perosus,
1710 1721 1740 1743 ut
1754 1718 1877 1745 testiﬁca-

1079 1757 1122 1780 tur
1143 1754 1277 1789 Scriptura
1293 1756 1395 1789 diccns,
1425 1758 1505 1786 Iacob
1520 1759 1596 1786 dites:
1611 1781 1617 1792 ,
1631 1760 1703 1788 Esau
1718 1768 1804 1789 autem
1817 1764 1879 1791 odio

1081 1799 1258 1836 habui([lom.
1279 1802 1305 1829 9.
1322 1803 1354 1830 15
1366 1803 1398 1836 )‘l
1425 1804 1452 1831 Si
1477 1812 1541 1840 ergo
1557 1806 1701 1834 fornicator
1713 1808 1878 1843 ,fralricida,

1085 1846 1212 1880 profanus
1227 1853 1255 1875 et
1267 1849 1328 1876 odio
1345 1850 1450 1878 habitus
1462 1872 1469 1883 ,
1485 1860 1534 1878 cur
1546 1860 1598 1879 non
1613 1860 1629 1880 e
1642 1853 1732 1881 medio
1750 1855 1853 1883 tollitur
1867 1857 1879 1883 2

1084 1900 1132 1920 cur
1148 1902 1199 1920 non
1211 1895 1385 1923 exscinditur?
1392 1904 1438 1924 cur
1452 1905 1503 1924 non
1518 1899 1605 1925 statim
1619 1901 1766 1934 promerito
1777 1902 1882 1936 suppli-

1085 1938 1126 1965 cio
1135 1939 1267 1966 afﬁcitur?
1280 1941 1388 1974 Quare?
1402 1942 1542 1977 pulchrum
1560 1951 1626 1971 sane
1638 1949 1678 1972 est
1693 1953 1804 1974 causam
1817 1955 1879 1982 pro-

1081 1986 1163 2012 ferre.
1185 1986 1212 2013 Si
1236 1988 1342 2015 excisus
1358 1989 1466 2021 fuisset,
1482 1998 1606 2024 magnum
1629 1992 1746 2020 mundus
1767 1993 1878 2028 justitite

1081 2031 1193 2059 fructum
1208 2034 1341 2061 amisisset
1354 2043 1361 2065 ;
1380 2039 1407 2062 et
1420 2036 1525 2070 qualem
1542 2037 1613 2065 audi.
1628 2037 1699 2065 Eme
1713 2040 1802 2074 genuit
1822 2039 1879 2066 Ra-

1081 2078 1179 2111 guelem
1191 2099 1199 2110 ,
1220 2079 1320 2114 Βαριιεί
1343 2079 1452 2113 Zaram,
1467 2081 1536 2108 Zara
1551 2081 1693 2117 Job(Gen.
1712 2084 1770 2120 56).
1788 2084 1881 2112 Viden'

1081 2128 1196 2157 quantus
1215 2125 1348 2158 patientia:
1372 2126 1420 2153 flos
1439 2127 1542 2154 deletus
1568 2132 1655 2162 esset,
1672 2129 1695 2156 si
1711 2131 1879 2164 praeveniens

1083 2169 1154 2196 Deus
1165 2176 1258 2204 ptenas
1268 2178 1282 2197 a
1293 2171 1382 2199 radice
1395 2173 1550 2207 exegisset?

1116 2216 1144 2242 2.
1163 2216 1292 2245 Omnibus
1307 2218 1385 2253 igitur
1404 2219 1430 2246 in
1450 2220 1530 2246 rebus
1547 2220 1617 2247 hanc
1633 2221 1878 2250 considerationem

1082 2261 1202 2289 admitte.
1219 2263 1282 2290 Ideo
1293 2263 1481 2299 longanimiter
1493 2266 1547 2301 agit
1560 2273 1620 2293 cum
1635 2266 1770 2302 Egyptiis
1784 2268 1879 2296 intole-

1082 2307 1180 2335 rabiles
1202 2308 1381 2343 blaspltcmias
1396 2310 1592 2345 proferentibus
1601 2333 1607 2342 .
1620 2312 1655 2339 ob
1664 2313 1794 2340 ecclesias
1805 2321 1879 2341 nem-

1083 2361 1126 2387 pe,
1142 2361 1201 2388 quae
1215 2362 1286 2381 nunc
1302 2354 1399 2382 ﬂorent
1412 2356 1437 2382 in
1450 2356 1576 2391 Egyplo,
1593 2357 1628 2384 ob
1659 2359 1823 2386 monasteria
1852 2364 1877 2386 et

1082 2405 1128 2425 eos
1143 2399 1186 2433 qui
1208 2400 1367 2434 angelicam‘
1388 2401 1467 2428 vitam
1486 2407 1546 2429 sunt
1560 2403 1684 2437 amplexi.
1709 2403 1836 2437 Etenim,
1852 2409 1874 2431 ut

1083 2444 1157 2472 aiunt
1176 2445 1244 2479 juris
1259 2447 1359 2481 publici
1371 2448 1448 2481 periti
1460 2469 1467 2481 ,
1483 2453 1509 2475 et
1525 2453 1554 2475 ut
1576 2449 1734 2483 praecipiunt
1751 2450 1877 2477 Romam:

1083 2490 1165 2524 leges,
1181 2499 1321 2526 praegnans
1336 2494 1357 2519 si
1378 2494 1403 2520 in
1420 2494 1519 2521 crimen
1536 2494 1634 2522 incidat
1648 2500 1736 2523 morte
1751 2496 1859 2531 dignum
1869 2517 1876 2529 ,

1083 2545 1135 2564 nou
1145 2538 1219 2572 prius
1234 2538 1555 2574 interfieijubctur,quam
1571 2541 1719 2575 pepererit:
1729 2541 1810 2576 idque
1821 2543 1878 2576 jure

1083 2584 1179 2610 merito
1196 2593 1202 2610 :
1220 2591 1271 2611 non
1288 2586 1359 2612 enim
1371 2586 1472 2619 justum
1489 2592 1652 2614 censuerunt
1664 2588 1754 2622 legum
1769 2588 1875 2620 latores,

1084 2629 1221 2656 innoxium
1241 2637 1301 2657 cum
1318 2632 1396 2658 noxia
1414 2631 1447 2658 de
1469 2632 1557 2659 medio
1570 2632 1638 2659 tolli.
1650 2632 1729 2666 Quod
1745 2634 1767 2660 si
1782 2633 1875 2660 huma-

1084 2682 1125 2700 na:
1139 2675 1210 2709 leges
1226 2675 1290 2702 nihil
1302 2676 1472 2710 peccantibus
1485 2681 1605 2711 parcunt,
1617 2685 1707 2704 annon
1724 2678 1810 2706 multo
1820 2686 1874 2706 nta~

1084 2720 1123 2753 gis
1139 2720 1207 2747 Deus
1220 2721 1336 2748 radicem
1356 2722 1499 2755 custodiet,
1511 2721 1642 2750 fructibus
1653 2724 1818 2758 poenitentia:
1832 2724 1874 2752 bo-

1085 2765 1208 2793 neﬁcium
1233 2767 1395 2794 reservans?
1423 2767 1520 2802 Accipe
1541 2767 1574 2795 de
1596 2773 1695 2795 cancro
1718 2777 1800 2805 super
1812 2769 1872 2804 ipsis

1085 2811 1256 2844 peccantibus
1277 2812 1441 2846 poenitentia:
1463 2813 1621 2840 beneﬁcium
1635 2823 1640 2840 :
1656 2822 1719 2841 nam
1732 2819 1758 2842 et
1773 2815 1798 2842 iu
1811 2815 1873 2850 ipsis

1117 2878 1124 2893 ¹
1143 2881 1206 2902 Unus
1218 2881 1285 2909 Reg,
1301 2877 1474 2910 Evangelicam.
