1978 3130
153 163 198 190 59.5

151 219 232 247 cadent
249 214 394 243 clementia:
420 213 542 241 redditur
565 211 642 240 ratio.
663 210 692 238 Si
705 209 919 238 emendationem

151 263 206 290 ultio
219 260 406 296 praevertisset,
422 258 537 286 mundus
550 257 654 285 deletus
664 260 736 283 esset
750 255 924 289 funditusque

150 308 259 344 periisset
274 316 280 332 :
293 306 315 334 si
326 306 399 332 velox
406 304 439 332 ad
453 311 557 340 poenam
567 302 723 330 sumendam
736 301 831 328 fuisset
842 301 924 333 Deus,

150 354 247 381 Paulum
261 351 377 378 Ecclesia
399 357 453 377 non
475 348 658 384 possedisset,
676 348 810 381 talemque
823 353 854 372 ac
867 350 925 372 tan-

150 405 196 427 tum
209 399 288 425 virum
308 405 361 424 non
374 395 532 430 accepisset.
553 395 697 428 Propterea
723 393 801 427 igitur
824 391 926 418 distulit

149 446 384 480 olasphemantcm,
419 447 448 469 ut
478 441 632 469 ostenderet
666 439 848 474 ptenitentem.
880 437 925 465 Dei

148 490 319 526 longanimitas
340 492 558 523 pcrsequutorcm
572 486 660 514 eﬂ‘ecit
685 492 836 519 prmconem
852 493 857 510 :
875 483 924 510 Dei

147 534 322 571 longanimitas
337 534 428 568 lupum
448 533 561 560 mutavit
582 532 609 558 in
632 536 767 565 pastorem
782 538 788 556 :
802 529 848 556 Dei
864 529 924 555 lon-

145 581 271 617 ganimitas
286 580 457 615 publicanum
472 578 534 605 fecit
546 577 736 612 evangelistam
754 584 761 601 :
775 576 820 602 Dei
832 575 924 610 longa-

144 628 239 656 niniitas
247 631 368 654 nostrum
379 625 498 652 omnium
511 624 623 652 miserta
638 628 689 656 est,
697 629 791 650 omnes
801 622 922 654 mutavit,

144 683 225 702 oinnes
238 674 382 702 convertit.
403 673 429 701 Si
451 673 549 700 videris
562 671 697 699 ebriosum
713 671 776 698 olim
801 677 872 696 nunc
885 669 926 704 je-

142 721 244 756 junare:
258 720 280 747 si
294 719 396 747 videris
412 719 475 746 olim
493 718 690 752 blasphemum,
713 716 881 750 theologum;
902 714 925 741 si

144 766 231 793 videris
244 772 304 792 eum
314 785 321 796 ,
333 765 380 799 qui
398 763 532 799 quondam
545 762 668 796 turpibus
687 761 828 788 cantilenis
836 767 866 786 os
885 759 926 786 in-

146 811 266 847 piinabat,
291 818 364 837 nunc
387 810 484 836 divinis
507 809 614 844 hymnis
640 808 758 834 animum
786 813 923 841 purgare:

143 858 228 892 mirare
237 857 284 883 Dei
296 854 626 891 longanimitalem,lauda
641 853 835 889 penitentiam,
851 857 878 880 et
892 859 924 879 ex

142 905 180 932 illa
193 903 336 931 nmtatione
349 903 519 930 occasionem
538 901 630 936 accipe
649 900 752 927 dicendi
769 898 853 926 :Haac
866 907 923 924 ntu-

142 952 195 978 tatio
216 950 326 977 dexterw
346 949 449 976 Excelsi
466 947 552 983 (Psal.
567 947 611 974 76.
625 947 678 981 il).
694 946 784 973 Bonus
794 949 835 973 est
854 945 924 972 Deus

141 1004 194 1031 erga
205 1003 296 1023 omnes
307 1015 314 1028 ,
332 995 467 1030 przecipue
481 1001 544 1020 vero
559 993 707 1020 bonitatem
722 999 797 1018 suam
813 990 926 1018 exhibet

140 1050 194 1077 erga
209 1046 378 1077 peccatores.
399 1040 433 1068 Et
445 1039 468 1067 si
481 1039 598 1066 volueris
609 1038 778 1074 peregrinum
789 1036 923 1072 quidpiam

141 1088 232 1119 audire,
245 1087 416 1122 peregrinum
423 1085 529 1120 quidem
539 1083 684 1112 secundum
692 1082 923 1115 consuetudinem,

140 1142 223 1162 venum
235 1139 326 1161 autem
343 1133 491 1161 secundum
506 1132 634 1167 pietatem
645 1151 652 1163 ,
670 1130 742 1157 audi.

170 1179 218 1207 Cur
231 1188 287 1206 cum
297 1180 378 1214 justis
391 1186 478 1213 aspere
500 1182 558 1213 agat
578 1177 657 1203 Deus.
673 1191 708 1196 -
721 1175 815 1203 Gravis
844 1171 925 1210 justis

139 1226 226 1261 ubique
240 1225 347 1252 videtur
364 1225 444 1257 Deus,
459 1224 526 1251 lenis
538 1227 625 1250 autem
639 1221 831 1256 peccatoribus,
845 1225 926 1255 atque

138 1272 208 1299 relox
223 1271 255 1297 ad
269 1271 458 1301 clementiam;
469 1273 624 1305 peccantem
639 1272 665 1295 et
678 1266 820 1294 cadentem
832 1266 924 1301 erigit,

137 1324 165 1344 ac
176 1317 212 1344 sic
223 1316 369 1351 alloquitur
382 1325 388 1342 :
406 1314 539 1350 Numquid
553 1315 646 1340 cadens
659 1321 710 1340 non
723 1313 831 1347 resurgit
846 1333 854 1346 ,
881 1317 925 1339 aut

137 1370 229 1389 auersus
243 1369 294 1388 non
316 1361 451 1388 revertitur
467 1360 533 1396 (Jer.
548 1360 575 1387 8.
591 1359 641 1395 4)?
662 1363 700 1392 et,
727 1359 814 1392 Quare
839 1366 926 1386 aversa

136 1412 169 1434 est
178 1407 304 1434 aversione
317 1405 459 1442 impudenti
474 1405 621 1440 imprudens
640 1404 695 1439 filia
707 1403 777 1431 Juda
796 1403 875 1438 (Ibid.
900 1411 932 1435 νη

136 1453 186 1488 5)?
199 1460 228 1479 ac
240 1459 361 1484 rursum,
389 1451 569 1478 Convertintini
579 1450 613 1477 ad
631 1458 680 1483 nte,
694 1454 717 1476 et
729 1457 773 1484 ego
795 1454 926 1475 convertar

136 1499 167 1524 ad
178 1506 218 1525 vos
229 1497 324 1532 (Zach.
339 1497 366 1524 l.
381 1495 420 1532 5).
434 1495 502 1522 Alibi
513 1499 601 1522 autem
612 1503 665 1529 prae
674 1494 753 1521 nimia
763 1494 925 1528 benignitate

136 1544 240 1571 salutem
255 1552 288 1571 ex
301 1542 459 1578 poenitentia
469 1542 620 1577 juramento
630 1540 778 1568 conﬁrmat.
800 1540 860 1568 Vivo
868 1548 924 1576 ego,

135 1591 189 1617 dicit
200 1589 336 1622 Dominus,
354 1589 413 1616 nolo
432 1593 534 1615 mortem
548 1588 697 1623 peccatoris,
707 1586 750 1614 sed
762 1591 788 1613 ut
795 1591 926 1613 converta-

135 1642 181 1670 tur,
205 1642 227 1664 et
238 1637 304 1663 vivat
316 1635 424 1671 (Ezech.
440 1636 484 1663 55.
499 1635 556 1670 Η).
573 1634 612 1661 Ad
624 1634 723 1669 justum
738 1637 826 1660 autem
841 1633 922 1660 dicit:

135 1683 163 1711 Si
175 1683 258 1719 fecerit
272 1684 351 1710 Itomo
363 1690 460 1709 onmem
469 1681 610 1716 justitiam,
627 1685 649 1707 et
672 1688 771 1707 omnem
785 1680 921 1710 veritatem.

135 1734 154 1756 et
166 1738 263 1756 aversus
274 1730 424 1764 peccaverit,
440 1735 490 1754 non
502 1726 651 1754 recordabar
656 1727 764 1762 justitite
779 1725 860 1757 illius.
882 1725 925 1753 sed

135 1775 158 1801 in
169 1779 267 1809 peccato
283 1775 406 1801 morietur
418 1773 527 1808 (Ezech.
545 1773 588 1800 18.
599 1771 656 1808 24).
670 1771 692 1800 0
717 1779 839 1807 magnam
862 1779 925 1807 erga

135 1820 226 1854 justum
238 1821 393 1847 cautionem
405 1820 412 1847 l
427 1828 443 1846 ο
458 1827 580 1854 magnam
592 1826 653 1854 erga
665 1823 830 1853 peccatorem
844 1817 925 1852 largi-

135 1870 208 1892 tatem
220 1866 226 1892 l
241 1864 286 1893 Sic
300 1865 374 1892 varia
388 1870 414 1892 et
425 1864 529 1892 diversa
541 1864 659 1898 molitur,
674 1864 789 1898 nonipse
799 1868 924 1896 mutatus,

135 1911 177 1938 sed
192 1911 320 1938 bonitatis
337 1917 393 1937 suae
417 1909 641 1944 dispensationem
666 1909 767 1936 utiliter
793 1909 924 1936 dividens.

135 1956 164 1983 Et
179 1956 325 1991 quomodo,
342 1955 414 1983 audi.
428 1955 598 1983 Peccatorem
611 1955 675 1982 etin
695 1955 811 1989 peccatis
834 1962 925 1989 perse-

135 2006 265 2029 verantem
277 2002 300 2029 si
317 2001 454 2034 terruerit,
470 2001 495 2027 in
512 1999 724 2034 desperationem
740 1999 785 2027 ille
809 1999 921 2026 labitur:

135 2047 230 2081 justum
244 2055 311 2074 vero
325 2047 347 2074 si
369 2046 525 2079 laudaverit,
544 2046 596 2072 vim
608 2045 712 2072 virtutis
735 2045 792 2080 ejus
810 2045 927 2078 emollit;

135 2098 160 2120 et
179 2101 256 2125 eum,
283 2097 377 2128 utpote
392 2092 437 2128 qui
450 2092 505 2126 jam
519 2094 554 2119 sit
569 2096 747 2126 consequutus
762 2091 864 2118 laudent
878 2111 886 2124 ,
900 2093 926 2119 in

137 2139 324 2174 negligentiam
336 2138 387 2166 labi
401 2137 492 2165 el'licit.
507 2137 687 2170 Quamobrem
698 2140 864 2171 peccatorem
880 2136 926 2163 mi-

134 2190 244 2216 seratur,
257 2185 360 2220 justum
381 2187 464 2211 terret
485 2192 491 2209 :
510 2183 638 2211 Terribilis
657 2183 728 2210 enim
741 2191 817 2218 super
829 2190 924 2215 omnes,

135 2232 173 2266 qui
182 2232 208 2258 in
216 2232 323 2258 circuitu
336 2231 391 2266 ejus
405 2235 461 2258 sunt
470 2229 554 2266 (Plral.
564 2230 609 2257 88.
619 2228 646 2265 8)
657 2250 664 2262 ,
681 2234 716 2262 ct,
734 2228 826 2256 Suavis
838 2228 923 2255 Domi-

135 2286 179 2305 nus
191 2278 316 2305 universis
327 2277 411 2313 (Psal.
421 2277 482 2304 Mi.
492 2276 530 2311 9).
543 2275 684 2308 Terribilis,
695 2275 789 2309 inquit,
803 2280 840 2301 est
852 2283 923 2309 super

135 2332 228 2356 ontues,
244 2323 289 2358 qui
301 2323 329 2350 in
344 2322 452 2349 circuitu
466 2330 520 2357 ejus
533 2326 601 2348 sunt.
631 2320 666 2347 Et
680 2320 786 2355 quinam
803 2320 859 2353 illi,
876 2320 926 2347 nisi

136 2369 233 2396 sancti?
248 2369 319 2395 Deus
332 2368 414 2400 enim,
436 2367 520 2403 inquit
535 2366 616 2394 David
631 2387 638 2399 ,
663 2366 706 2401 qui
727 2365 884 2401 gloriﬁcatur
902 2366 929 2392 in

136 2416 239 2443 consitio
257 2420 414 2448 sanctarum,
425 2423 532 2450 magnus
542 2419 565 2440 et
580 2413 697 2440 terribilis
704 2418 739 2440 est
746 2421 823 2448 super
831 2421 927 2447 omnes,

136 2462 176 2496 qui
190 2461 215 2488 in
229 2461 337 2488 circuitu
344 2461 399 2496 ejus
407 2465 465 2487 sunt
476 2459 560 2495 (Psat.
573 2459 616 2487 88.
628 2458 667 2493 8).
676 2457 704 2485 Si
713 2457 928 2493 videritlapsum,

103 2520 109 2526 -
138 2507 285 2534 clementiae
299 2514 407 2534 manum
422 2505 547 2540 porrigit;
564 2505 585 2531 si
600 2508 714 2532 stantem
728 2503 833 2537 viderit,
849 2504 929 2530 timo-

139 2560 191 2579 rem
205 2553 301 2580 incutit
315 2562 322 2580 :
336 2557 364 2580 et
378 2552 428 2580 hoc
442 2557 483 2579 cst
493 2551 602 2586 justitiae
620 2550 738 2585 justique
759 2549 863 2584 judicii.
881 2549 929 2577 Ju-

138 2603 205 2625 stum
217 2599 289 2625 enim
305 2599 399 2626 timore
412 2598 508 2631 firmat,
526 2601 691 2632 peccatorem
707 2604 771 2624 vero
790 2595 929 2624 clementia

139 2645 249 2672 suscitat
262 2644 272 2660 ¹
282 2665 289 2672 .
304 2644 352 2671 Vis
366 2644 434 2671 seire
445 2649 620 2679 opportunam
638 2650 696 2678 ejus
717 2642 906 2677 benignitatem
921 2662 928 2674 ,

140 2690 272 2725 simulque
282 2690 372 2717 utilem
383 2694 412 2717 et
421 2690 645 2717 accommodatam
658 2689 734 2717 nobis
745 2689 931 2716 severitatem?

142 2735 256 2762 Attende
270 2735 423 2770 diligenter,
440 2741 473 2762 ne
488 2739 514 2762 te
531 2734 764 2769 contemplationis
778 2733 856 2769 hujus
873 2741 929 2760 ma-

141 2780 250 2815 gnitudo
265 2782 356 2817 fugiat.
370 2780 462 2808 Mulier
481 2781 524 2808 illa
547 2781 690 2816 peccatrix,
715 2788 793 2816 quam
818 2781 844 2807 in
860 2779 931 2807 omni

174 2847 182 2862 ¹
199 2850 267 2882 Unus
277 2851 345 2882 Reg.)
358 2847 471 2882 timorem
478 2846 562 2872 incutit
572 2846 670 2882 institit;
680 2851 703 2872 et
709 2847 870 2882 Justtjudtcii
878 2854 887 2878 ,'
895 2847 931 2874 al-

144 2879 219 2902 !t'rtan
231 2876 435 2910 tinwre'finnans,
448 2876 546 2903 alterum
558 2877 682 2904 clementia
693 2876 817 2904 suscitans.

736 154 780 182 DE
799 151 1033 181 POENITENTIA.
1054 151 1168 178 llOMlL.
1189 151 1247 178 νη.

1716 155 1769 183 5'26

980 212 1090 242 peccato
1100 213 1127 235 et
1140 208 1280 242 iniquitate
1293 208 1435 236 volutatum
1449 217 1509 238 esse
1523 210 1549 238 in
1565 211 1689 241 confesso
1701 220 1769 246 erat,

980 258 1017 281 tot
1032 257 1200 288 peccatorum
1214 260 1274 287 rea,
1289 258 1316 280 et
1333 258 1371 281 tot
1394 255 1481 288 pravis
1504 256 1629 290 operibus
1651 257 1768 289 detenta,

981 299 1092 326 salutem
1105 307 1138 326 ex
1161 299 1317 333 pmnitentia
1341 298 1452 333 sitiens,
1474 305 1626 329 sanctorum
1649 304 1771 330 convivio

981 345 1132 379 subrepsit;
1147 349 1300 372 sanctorum
1314 345 1465 372 convivium
1487 354 1571 380 voco,
1596 348 1656 382 quia
1679 349 1771 376 aderat

977 392 1093 419 Sanctus
1109 396 1273 418 sanctorum.
1294 390 1359 417 Nam
1383 390 1520 419 Salvatore
1539 393 1720 422 discumbentc
1745 395 1772 422 in

979 435 1059 462 domo
1073 435 1190 463 Simonis
1204 435 1343 469 Pharismi,
1357 436 1524 471 subingrcssa
1547 443 1588 466 est
1612 439 1705 467 mulier
1728 441 1772 467 illa

978 483 1122 517 peccatrix,
1138 482 1337 518 Salvatorisqne
1367 483 1448 517 pedes
1473 485 1566 519 tetigit,
1595 485 1773 521 lacrymisquc

978 528 1082 555 lavabat
1096 529 1178 563 pedes
1191 529 1259 563 ejus.
1279 534 1305 556 et
1320 530 1422 564 capillis
1434 531 1551 565 tergebat
1569 531 1673 567 (Matth.
1686 533 1730 559 26.
1746 534 1773 560 ti.

979 574 1060 609 δίη).
1072 574 1105 601 Et
1120 579 1159 601 tot
1172 575 1287 609 peccatis
1302 575 1423 602 obrutam
1434 576 1511 610 erigit
1526 576 1568 604 ille
1579 577 1718 612 benignus,
1734 579 1774 605 di—

978 629 1041 649 cens
1052 621 1294 657 :Dimittunturejus
1302 627 1403 658 peccata
1411 622 1486 658 (Luc.
1498 624 1524 650 7.
1533 623 1589 659 47).
1602 624 1692 660 Neque
1702 626 1772 652 enim

978 668 1044 694 mihi
1059 668 1084 694 in
1100 668 1236 703 proposito
1246 676 1316 695 nunc
1325 673 1365 695 est
1376 673 1457 695 totam
1473 669 1607 697 discutere
1616 670 1771 698 historiam:

977 713 1025 740 sed
1038 714 1123 740 solum
1147 714 1329 742 testimonium
1358 714 1486 748 proferre.
1512 715 1658 743 Considera
1684 717 1772 752 itaque

978 759 1127 795 largitatem
1141 767 1147 786 :
1164 759 1307 794 Propterea
1320 760 1376 786 dico
1390 760 1432 787 tibi
1445 781 1451 793 ,
1469 762 1630 789 remittuntur
1642 763 1664 789 ei
1673 769 1774 798 peccata

977 805 1066 838 multa,
1078 806 1137 840 quia
1144 805 1168 832 di
1172 805 1231 832 leazit
1241 806 1347 832 multant
1359 805 1463 841 (Ibizl.).
1474 807 1524 833 Tot
1530 815 1593 842 ergo
1604 815 1682 842 pccca
1687 814 1772 836 torum

979 851 1139 878 oblivionem
1171 851 1262 879 retulit
1279 853 1412 885 peccatrix
1428 853 1470 879 illa
1486 854 1590 880 mulier.
1618 855 1651 881 Et
1672 855 1772 890 Maria,

978 903 1055 924 soror
1071 897 1184 932 Moysis,
1200 897 1234 924 ob
1248 898 1371 932 exiguum
1385 906 1506 925 murtnur
1518 899 1599 933 lcprm
1621 899 1773 928 damnatio-

980 949 1041 969 nem
1056 942 1137 970 refcrt
1151 943 1243 978 (Num.
1267 943 1311 971 η.
1333 944 1390 979 10).
1419 944 1606 972 Peccatoribus
1630 946 1716 973 dicit:
1743 947 1774 974 St

978 989 1071 1024 fuerint
1086 994 1188 1023 peccata
1199 995 1281 1016 vestra
1292 991 1356 1016 sicut
1367 991 1505 1022 coccinum.
1526 992 1598 1026 quasi
1609 992 1688 1018 nivem
1701 992 1773 1019 deal-

979 1034 1126 1069 babo(1sai.
1140 1036 1220 1070 1.18)
1233 1044 1240 1062 :
1252 1041 1278 1063 et
1287 1036 1410 1064 tenebras
1421 1037 1446 1063 in
1461 1037 1547 1064 lucem
1557 1037 1682 1065 transfert
1690 1038 1773 1072 poeni-

977 1079 1068 1107 tentiae
1080 1082 1237 1114 mutatione,
1254 1087 1345 1116 totque
1370 1082 1499 1109 malorum
1524 1083 1627 1117 copiam
1648 1083 1773 1112 bonitatis

977 1134 1043 1154 voce
1053 1128 1142 1155 solvit.
1159 1128 1311 1155 Ambulanti
1327 1136 1392 1156 vero
1403 1129 1538 1163 injustitia
1549 1129 1633 1156 dicit:
1651 1129 1775 1164 Quicum-

977 1181 1026 1207 que
1038 1173 1047 1189 ¹
1064 1174 1158 1201 dixerit
1174 1174 1249 1210 fratri
1263 1183 1319 1208 suo,
1332 1174 1424 1208 Fatue,
1437 1183 1495 1202 reus
1505 1176 1553 1202 erit
1566 1176 1686 1210 gehenna:
1708 1177 1774 1212 ignis

980 1217 1087 1254 (Matth.
1099 1219 1126 1247 ὅ.
1143 1219 1262 1254 22).Uni
1276 1220 1358 1247 verbo
1373 1224 1473 1247 tantam
1486 1221 1611 1255 imposuit
1625 1221 1750 1249 mulctam
1765 1243 1773 1254 ,

978 1270 1004 1293 et
1021 1269 1061 1292 tot
1074 1265 1189 1299 peccatis
1202 1270 1301 1293 tantam
1315 1266 1424 1293 exhibet
1436 1266 1631 1295 liberalitatem.

1016 1311 1042 1338 5.
1064 1310 1150 1344 Atque
1159 1310 1229 1337 aliud
1242 1310 1426 1338 admirandum
1441 1312 1633 1340 animadverte.
1643 1313 1773 1346 Quoniam

982 1360 1091 1392 peccata
1106 1357 1182 1392 quasi
1197 1356 1286 1384 debita
1301 1357 1499 1390 adscribuntur,
1511 1359 1694 1392 peccatoribus
1714 1360 1773 1394 qui-

978 1402 1040 1429 dem
1060 1406 1141 1429 totam
1163 1410 1293 1429 summam
1314 1403 1454 1436 concedit,
1472 1411 1487 1430 a
1509 1405 1587 1438 justis
1611 1412 1674 1432 vcro
1693 1406 1774 1433 etiam

980 1455 1076 1475 usuras
1089 1448 1179 1480 exigit.
1197 1442 1317 1476 Accessit
1327 1448 1360 1476 ad
1376 1456 1436 1476 eum
1450 1450 1494 1485 qui
1509 1450 1624 1478 debebat
1638 1452 1719 1479 multa
1735 1457 1774 1478 ta-

976 1492 1059 1526 lenta,
1073 1497 1099 1520 et
1113 1494 1188 1528 quasi
1206 1502 1253 1528 per
1268 1495 1450 1529 paenitentiam
1465 1495 1658 1532 plurimumque
1673 1498 1773 1533 suppli—

977 1540 1109 1567 cationem
1130 1540 1258 1574 judicium
1281 1541 1418 1576 mitigavit,
1434 1547 1460 1569 et
1480 1542 1546 1569 dixit
1561 1552 1566 1568 :
1583 1542 1709 1576 Domine,
1725 1552 1772 1578 pa-

978 1585 1092 1612 tientiam
1109 1586 1173 1613 habe
1187 1586 1213 1613 in
1228 1595 1277 1619 me,
1293 1591 1317 1614 et
1330 1587 1415 1614 omnia
1430 1587 1535 1614 reddam
1548 1588 1592 1615 tibi
1606 1589 1713 1623 (Matth.
1730 1590 1773 1617 18.

980 1629 1038 1664 26).
1051 1630 1109 1658 Non
1121 1633 1285 1665 exspccuavit
1297 1636 1325 1658 ut
1337 1633 1454 1659 solveret
1467 1633 1512 1660 ille
1526 1633 1655 1668 benignus
1669 1640 1696 1662 et
1716 1635 1774 1662 cle-

980 1683 1067 1709 mens,
1081 1676 1129 1705 sed
1142 1677 1336 1705 confessionem
1350 1677 1432 1705 debiti
1442 1679 1600 1707 solutionem
1613 1680 1682 1708 fecit.
1696 1681 1774 1708 Debi-

980 1722 1031 1749 tori
1048 1722 1139 1749 decem
1155 1722 1267 1750 millium
1283 1723 1444 1750 talentorum
1461 1725 1549 1751 o:nnia
1561 1725 1665 1753 remisit
1678 1730 1773 1753 totam-

978 1775 1031 1802 que
1044 1775 1175 1795 summam
1191 1777 1198 1795 :
1213 1776 1229 1795 a
1240 1768 1320 1802 justis
1334 1777 1398 1796 vero
1416 1770 1497 1796 etiam
1512 1778 1618 1798 usuram
1633 1779 1662 1798 se
1674 1773 1773 1806 repeti-

979 1817 1067 1840 turum
1082 1813 1163 1840 edicit
1177 1823 1184 1840 :
1201 1814 1286 1846 Quare
1294 1823 1344 1841 non
1354 1814 1457 1842 dedistis
1465 1820 1597 1850 argentum
1605 1825 1688 1843 meum
1700 1826 1775 1844 num-

979 1859 1095 1886 mulariis
1106 1880 1113 1891 ,
1128 1864 1150 1886 et
1162 1867 1207 1893 ego
1221 1859 1321 1886 ueniens
1332 1868 1389 1886 cum
1403 1861 1488 1887 usuris
1502 1861 1636 1896 exegissem
1646 1861 1721 1898 (Luc.
1731 1862 1775 1890 i9.

979 1904 1014 1931 25
1029 1912 1036 1936 ;
1054 1904 1147 1930 Mattlt.
1160 1904 1205 1931 25.
1218 1904 1265 1940 27)
1278 1904 1291 1931 ’ἶ

1015 1949 1152 1976 Peccatore
1164 1950 1228 1976 nihil
1242 1951 1389 1985 pauperius,
1399 1951 1471 1986 justo
1482 1952 1546 1978 ni/til
1556 1952 1644 1980 ditius.
1660 1968 1695 1973 —
1709 1953 1774 1981 Haec

981 2002 1061 2029 porro
1079 1995 1148 2026 dico,
1157 2002 1209 2021 non
1222 1996 1297 2030 quasi
1310 1995 1379 2022 Deus
1389 2003 1449 2030 erga
1459 1996 1546 2030 justos
1559 1997 1665 2025 inimico
1672 1998 1705 2024 sit
1715 1999 1776 2025 ani-

981 2048 1042 2068 mo:
1055 2040 1109 2068 Deo
1120 2041 1190 2068 enim
1201 2040 1267 2067 nihil
1276 2041 1349 2075 justo
1361 2042 1495 2076 acceptius
1511 2051 1517 2069 :
1534 2043 1590 2075 sed,
1599 2048 1626 2070 ut
1635 2048 1695 2070 ante
1708 2044 1776 2078 dixi,

980 2086 1133 2114 consolatur
1158 2090 1337 2120 peccatorem,
1354 2087 1505 2120 uteacitet;
1518 2087 1617 2122 justum
1643 2093 1734 2122 terret,
1748 2095 1777 2117 ut

980 2131 1129 2159 confirtuet.
1140 2132 1172 2158 Et
1181 2132 1232 2159 illis
1245 2132 1360 2166 quidem,
1371 2137 1399 2159 ιιι
1413 2132 1526 2160 inimicis
1537 2137 1563 2160 et
1574 2133 1680 2167 inﬂatis,
1695 2135 1777 2161 multa

981 2177 1091 2204 remittit
1112 2177 1223 2210 delicta;
1239 2177 1288 2205 hos
1310 2185 1374 2205 vero
1397 2179 1476 2205 etiam
1491 2179 1525 2206 de
1539 2179 1678 2207 levissimis
1693 2182 1776 2208 ratio-

981 2231 1042 2250 nem
1057 2223 1169 2250 reddere
1182 2224 1262 2258 cogit,
1277 2223 1342 2250 nihil
1354 2224 1384 2251 iis
1395 2224 1427 2251 ad
1442 2232 1572 2252 summam
1585 2226 1777 2260 perfectionem

981 2268 1096 2296 deficere
1108 2270 1210 2296 volens.
1228 2269 1304 2302 Quod
1327 2269 1396 2296 enim
1413 2270 1491 2297 estin
1509 2271 1560 2297 hoc
1577 2272 1677 2298 mundo
1690 2272 1776 2306 dives,

982 2313 1033 2341 hoc
1045 2317 1087 2340 est
1100 2313 1170 2348 apud
1179 2314 1260 2340 Deum
1272 2313 1360 2348 justus
1376 2322 1382 2341 :
1399 2322 1426 2341 et
1436 2315 1505 2350 quod
1521 2320 1561 2342 est
1574 2315 1600 2342 in
1614 2316 1665 2343 huc
1678 2318 1779 2346 mundo

983 2367 1094 2394 pauper,
1112 2359 1162 2386 hoc
1175 2364 1216 2386 est
1227 2359 1296 2394 apud
1319 2359 1402 2386 Deum
1425 2364 1548 2394 peccator
1564 2369 1570 2388 :
1586 2362 1650 2389 nihil
1664 2368 1702 2389 est
1717 2372 1778 2398 pec-

983 2412 1073 2434 catore
1095 2407 1246 2441 pauperius,
1259 2411 1286 2434 ct
1301 2406 1366 2433 nihil
1378 2406 1451 2441 justo
1465 2407 1554 2434 ditius.
1568 2408 1734 2444 Quapropter
1745 2411 1781 2439 de

984 2453 1027 2486 iis,
1042 2453 1086 2488 qui
1099 2453 1123 2479 in
1136 2453 1233 2487 pietate
1247 2458 1274 2480 ct
1287 2453 1391 2480 virtutis
1404 2454 1480 2488 copia
1492 2454 1601 2488 degunt,
1614 2455 1649 2481 ait
1662 2455 1777 2483 Paulus.-

984 2498 1085 2525 Gratias
1099 2506 1146 2533 ago
1159 2497 1213 2524 Deo
1225 2519 1233 2531 ,
1247 2498 1306 2533 quia
1320 2499 1345 2524 in
1357 2499 1425 2525 ωνιηί
1439 2499 1525 2526 diuites
1542 2501 1603 2534 facti
1617 2502 1674 2528 estis
1684 2501 1709 2528 in
1721 2502 1775 2533 illo,

983 2544 1009 2570 in
1021 2544 1088 2570 omni
1098 2543 1169 2569 verba
1181 2549 1203 2570 et
1215 2543 1241 2570 in
1249 2543 1471 2580 omniscientiaﬂ.
1484 2544 1541 2571 Cor.
1560 2546 1619 2573 L4.
1630 2546 1668 2583 5).
1680 2547 1716 2575 De
1727 2547 1776 2575 int-

986 2590 1035 2624 piis
1044 2597 1107 2616 vero
1119 2589 1210 2616 beatus
1219 2589 1347 2617 Jcrcmias
1354 2589 1418 2617 dicit
1431 2599 1437 2616 2
1451 2589 1570 2618 Fortasse
1581 2600 1702 2627 pauperes
1710 2598 1779 2627 sunt,

982 2636 1039 2663 ideo
1052 2643 1101 2661 non
1117 2639 1251 2670 potuerunt
1271 2635 1359 2662 audire
1384 2635 1484 2663 verbum
1505 2636 1607 2663 Domini
1619 2637 1686 2674 (Jer.
1698 2639 1724 2666 5.
1736 2640 1775 2673 Δ).

986 2680 1066 2708 Vides
1086 2680 1220 2715 quomodo
1243 2688 1374 2715 pauperes
1396 2686 1474 2708 vocat
1487 2689 1544 2714 eos,
1560 2683 1604 2717 qui
1618 2687 1679 2709 sunt
1692 2691 1706 2710 a
1721 2685 1777 2718 pie-

1017 2726 1026 2742 ι
1044 2729 1107 2749 Unus
1117 2728 1174 2756 Reg.
1194 2732 1208 2760 ς,
1221 2724 1354 2760 Ambulanti
1367 2725 1467 2760 vei-oin
1482 2725 1587 2760 justitia,
1612 2729 1729 2758 quomodo
1739 2730 1780 2760 qui

985 2755 1125 2793 plerumque
1144 2755 1245 2793 gratias
1256 2756 1359 2793 largitur
1369 2776 1376 2786 ,
1386 2756 1446 2782 dicit
1465 2755 1488 2782 ε’
1498 2765 1509 2780 ι
1525 2755 1685 2793 Quicuniqzte,
1699 2767 1709 2781 ι
1731 2755 1779 2785 οὶη.

985 2790 1032 2812 Nisi
1044 2790 1111 2819 matis
1121 2790 1356 2819 rtnlet‘pretaliouem
1373 2795 1429 2819 quae
1441 2794 1472 2812 ex
1486 2792 1575 2813 mutata
1589 2792 1682 2813 tantum
1693 2796 1780 2819 ara-cae

986 2818 1104 2852 versionis
1119 2818 1440 2852 interpunctioueoriretur,
1453 2825 1542 2852 nempe
1554 2825 1608 2843 eam
1624 2826 1631 2843 :
1650 2820 1783 2852 ambulanti

986 2855 1042 2885 verp
1052 2848 1184 2885 iustitia,
1196 2848 1254 2885 quid
1273 2848 1332 2874 dicit
1344 2849 1385 2880 qui
1398 2851 1491 2880 gratius
1502 2848 1643 2881 plerumque
1654 2850 1756 2876 laruitur
1768 2851 1783 2877 ξ

992 2888 1001 2904 ι
1008 2910 1010 2912 _
1018 2881 1172 2913 Quicumque,
1187 2889 1196 2906 ›
1209 2884 1266 2906 διε..
