1978 3130
188 163 238 190 52'!

187 225 238 246 tate
251 218 353 245 dissiti?
365 217 522 245 Peccatorcs
537 217 615 252 igitur
629 218 704 253 quasi
720 225 849 252 pauperes
862 218 974 244 misera-

185 270 236 297 tur.
252 270 279 292 et
293 272 307 291 a
323 263 402 299 justis
412 264 485 297 quasi
496 271 510 290 a
524 263 648 291 divitibus
660 264 788 291 rationem
800 263 897 298 exigit;
912 263 976 298 ipsis

183 311 288 346 quidem
298 310 331 337 ob
339 314 522 345 paupertatem
532 310 671 344 elargiens,
678 310 711 337 ab
719 310 771 337 illis
781 317 844 337 vero
852 310 886 336 ob
894 310 976 343 pieta-

183 357 216 383 tis
230 356 335 384 divitias
346 363 406 383 eunt
420 356 501 383 multa
512 356 680 384 accuratione
690 356 806 384 rationes
817 364 847 383 ex
853 363 973 390 poscens.

181 402 258 436 Quod
271 407 357 430 autem
375 401 438 429 facit
460 402 529 429 circa
547 402 633 436 justos
645 405 672 428 et
687 407 848 436 peceatores,
860 401 973 436 idipsutn

183 448 245 476 facit
266 449 335 475 circa
358 448 452 475 divites
474 452 501 474 et
525 446 654 482 pauperes
674 455 681 473 :
700 455 731 474 ac
751 447 973 482 quemadmodum

183 500 347 530 peccatorem
359 502 404 530 per
413 494 580 522 clementiam
591 493 831 528 excitat,etjustum
839 501 885 528 per
899 501 975 520 seve-

181 542 287 568 ritatem
303 547 393 574 terret,
409 541 448 568 sic
462 545 488 568 et
504 541 529 567 in
544 540 635 568 mundi
652 540 765 575 negotiis
777 547 852 567 suam
864 540 973 574 dispen~

180 588 309 614 sationem
325 587 488 614 moderatur.
500 587 528 614 Si
538 586 634 614 viderit
646 586 817 621 dignitatibus
831 585 971 620 fulgentes,

181 642 267 669 rcges,
277 634 420 668 principes,
433 637 561 668 quotquot
579 632 677 660 divitiis
690 631 811 664 affluunt,
826 632 874 658 hos
890 636 974 659 terro-

181 689 236 707 rem
251 681 382 708 incutiens
397 679 548 714 alloquitur,
556 683 637 714 atque
650 679 748 706 utiliter
761 678 883 713 potestati
895 679 973 706 timo-

181 735 237 754 rem
251 727 370 754 immittit
383 736 390 754 :
408 726 441 753 Et
455 734 519 753 nunc
531 735 600 761 reges
609 726 748 761 iutelligite,
763 726 896 752 erudimini
915 733 971 752 om-

180 782 224 800 nrs
236 773 279 808 qui
293 773 418 808 'judicatis
439 778 541 799 terram.
558 772 654 798 Servite
676 771 785 798 Domino
798 771 824 798 in
838 772 936 804 timore,
949 776 973 798 et

180 820 302 847 etsultate
321 819 344 847 ei
363 827 420 846 cum
434 824 539 846 tremore
549 817 633 853 (Psal.
648 819 674 845 2.
692 818 750 854 l0);
767 818 891 853 quoniam
916 817 973 845 Rea;

179 870 215 892 est
238 873 334 901 regum,
351 870 374 892 et
397 865 520 892 Dominus
543 865 727 891 dominantium
740 865 777 899 (1.
792 863 860 891 Tim.
871 864 898 892 6.
913 863 969 899 15).

180 910 228 938 Ubi
253 910 391 945 imperium
413 914 454 937 est
476 909 623 944 potestatis,
640 910 674 936 ibi
699 909 772 944 regni
787 909 827 936 sui
841 914 969 936 terrorem

179 955 311 990 imponit:
326 955 368 982 tibi
386 963 449 982 vero
465 955 599 981 humilitas
624 955 741 988 vilitatis,
766 954 801 982 ibi
823 954 969 982 remedium

179 1001 279 1035 profert
292 1009 347 1028 sum
363 1000 543 1034 benignitatis.
557 1001 627 1027 Deus
644 1000 714 1026 enim
735 1005 775 1027 est
796 1000 838 1026 hic
858 1007 969 1034 magnus

177 1047 234 1074 Rex
247 1054 338 1082 regum
353 1068 359 1080 ,
377 1054 403 1074 et
419 1047 545 1073 Dominus
560 1046 762 1073 dominantium.
787 1047 833 1073 llic
845 1046 901 1080 ipse
912 1055 970 1073 rur-

176 1101 234 1120 sum
246 1093 279 1120 de
293 1100 339 1120 sua
354 1093 480 1126 dignitate
494 1092 668 1123 descendens,
678 1092 812 1119 invenitur
824 1091 968 1119 secundum

175 1139 293 1165 Sanctam
306 1138 467 1172 Seripturam
483 1137 561 1164 Pater
581 1137 771 1172 orphanorutn,
789 1141 816 1164 et
828 1137 913 1165 Judex
928 1138 968 1164 vi-

176 1184 286 1211 duarum
302 1183 387 1220 (Psnl.
402 1185 446 1211 67.
462 1184 501 1219 (3),
518 1184 574 1211 Rex
598 1191 701 1219 regum.
723 1184 849 1218 Princeps
871 1183 968 1218 princi-

175 1239 248 1265 pum,
264 1231 430 1257 dominorttm
447 1230 584 1256 Dominus.
602 1229 682 1256 Vides
696 1230 805 1256 multam
819 1230 968 1256 clementia:

175 1276 342 1303 ubertatem?
356 1276 429 1302 vides
445 1275 534 1302 utilem
549 1280 648 1302 metum
664 1275 767 1309 pietatis
782 1280 808 1301 et
824 1275 967 1309 potentia)?

178 1321 226 1348 liiii
238 1329 350 1357 namque
365 1322 430 1348 vidit
446 1321 589 1356 potentiam
603 1320 635 1348 ad
650 1322 768 1348 solamen
781 1322 913 1353 sufficere,
931 1321 965 1347 ibi

174 1373 273 1396 nti-tum
287 1368 319 1395 ad
332 1369 469 1395 utilitatem
481 1368 606 1402 imposuit
617 1377 623 1394 :
634 1368 676 1395 ubi
686 1376 749 1394 vero
762 1367 826 1395 vidit
839 1368 965 1402 orphani-

174 1419 254 1441 tatem
277 1414 387 1446 vilitate,
402 1420 429 1441 et
442 1418 624 1448 paupertatem
649 1414 831 1441 itnbeeillitate
854 1414 967 1441 viduita-

174 1462 221 1487 tis'
236 1460 411 1493 debilitatam,
426 1461 593 1488 clementiam
609 1461 641 1487 ad
656 1462 864 1489 consolationem
888 1461 965 1489 adhi-

174 1507 238 1534 ltuit.
261 1507 316 1543 Ego
339 1507 417 1534 Pater
437 1508 618 1542 orplmnorttm.
643 1508 700 1535 Duo
721 1507 792 1541 facit,
807 1513 832 1535 et
845 1509 965 1543 benigni-

173 1559 254 1581 tatem
276 1554 402 1586 ostendit,
425 1558 452 1581 et
477 1555 618 1588 potentiam
643 1555 726 1588 punit.
750 1554 831 1581 Vocat
848 1554 963 1589 seipsum

173 1599 277 1626 Patrem
299 1598 498 1634 orphanorum,
523 1604 552 1626 ut.
574 1603 601 1626 et
623 1607 686 1632 eos,
708 1600 751 1633 qui
770 1599 795 1626 in
815 1599 964 1626 calamitate

171 1645 307 1672 constituti
335 1651 415 1676 sunt,
440 1645 603 1675 consoletur,
625 1649 652 1672 et
676 1650 797 1679 potentes
818 1645 962 1678 deterreat,

171 1699 206 1718 tte
228 1690 354 1725 orphauis
374 1690 511 1725 viduisque
533 1691 637 1717 molesti
657 1691 726 1723 sint;
750 1691 962 1726 quandoquidem

172 1745 244 1763 tnors
257 1736 326 1763 ltnnc
340 1741 424 1771 patre,
437 1737 507 1763 illam
522 1737 580 1763 viro
595 1737 709 1770 orbavit,
726 1743 752 1764 ct
764 1744 831 1772 quos
844 1739 963 1772 corrupit

170 1789 242 1809 tuors
260 1783 404 1814 naturalis,
430 1782 600 1817 benignitatis
617 1782 754 1810 decretum
774 1784 898 1810 restituit.
916 1786 964 1811 At-

170 1835 221 1862 que
241 1828 333 1855 eadem
350 1829 405 1862 ipsa
421 1829 502 1862 gratia
526 1828 587 1855 huic
608 1828 715 1863 quidem
737 1828 810 1856 dedit
834 1830 960 1862 judicent,

170 1873 290 1908 orpltano
303 1879 390 1900 autem
413 1877 513 1908 patrem
528 1873 628 1908 Regem
651 1880 812 1901 sanctorum.
829 1875 929 1910 Itaque,
945 1884 961 1903 0

169 1919 267 1954 inique,
282 1921 328 1953 ait,
343 1920 364 1946 si
380 1919 486 1946 viduam
503 1919 593 1952 lzndas,
609 1919 746 1946 viduarum
762 1925 959 1954 procuratorem

168 1973 313 2000 provocas;
329 1966 350 1992 si
366 1965 500 1999 orphanos
523 1973 614 1996 vexes,
640 1973 720 1992 vexas
741 1966 810 1992 filios
833 1966 889 1993 Dei.
906 1966 961 1999 Ego

168 2020 226 2038 sutn
239 2012 316 2039 Pater
330 2012 520 2046 orphanorum,
536 2016 562 2038 et
574 2011 660 2038 .ludex
673 2012 821 2039 viduarum.
836 2013 900 2045 Quis
914 2021 962 2040 att

168 2064 221 2085 tent
246 2059 284 2085 sic
303 2058 388 2085 audax
409 2058 442 2085 ad
457 2058 630 2092 impietatem,
645 2063 672 2084 ut
686 2058 753 2085 filios
770 2059 814 2085 Dei
831 2059 917 2091 lardat,
934 2063 962 2086 et

168 2105 253 2131 viduis
265 2104 314 2131 sub
330 2104 377 2131 Dei
391 2104 472 2130 tutela
488 2104 579 2138 positis
595 2104 740 2130 molestiam
759 2105 860 2138 pariat?
878 2104 960 2131 Vides

168 2157 246 2184 quam
263 2150 363 2177 utiliter
377 2150 482 2184 pietatis
497 2150 614 2176 remedia
638 2154 778 2184 prteparct,
796 2155 822 2177 ct
838 2150 886 2177 hos
899 2151 959 2185 qui-

168 2195 228 2222 dem
245 2200 353 2229 terreat,
368 2196 428 2222 illos
450 2204 514 2223 vero
538 2196 687 2227 miseretur,
703 2203 755 2222 non
771 2196 826 2230 ipse
848 2195 958 2229 divisus,

167 2242 214 2268 sed
229 2241 261 2268 ad
284 2242 419 2268 hominum
444 2242 600 2268 sententiam
625 2241 858 2268 acconunodatus?
879 2241 959 2269 Nobis

167 2288 255 2322 itaque
271 2289 295 2315 in
311 2288 457 2315 remedium
470 2288 503 2315 ad
515 2289 627 2315 salutem
643 2288 816 2315 adhibeamus
833 2288 959 2322 paeniten-

169 2334 231 2360 tiam
243 2342 250 2366 ;
266 2334 319 2360 imo
333 2335 419 2368 potius
430 2342 444 2360 a
454 2334 508 2360 Deo
517 2334 677 2368 accipiamus
691 2335 870 2368 pmnitentiam
883 2334 959 2361 nobis

169 2378 330 2406 medentem.
346 2379 401 2405 Non
413 2380 484 2406 enint
500 2387 548 2406 nos
563 2379 630 2407 hanc
643 2379 679 2406 illi
693 2380 838 2412 offerimus,
855 2381 900 2407 sed
916 2381 959 2407 ille

169 2424 244 2450 nobis
255 2432 311 2450 cant
325 2419 542 2451 subministravit.
554 2425 633 2452 Vides
647 2426 704 2459 ejus
719 2426 744 2452 in
759 2426 816 2460 lege
831 2426 958 2454 severita-

168 2475 221 2497 tem
232 2470 244 2497 ?
257 2470 331 2497 vides
350 2470 407 2504 ejus
424 2479 450 2497 tn
463 2471 545 2504 gratia
561 2471 770 2506 benignitatem?
789 2472 854 2499 Cum
869 2478 958 2500 autent

167 2517 226 2544 dico
248 2517 416 2544 severitatem
439 2518 464 2544 in
484 2517 541 2552 lege
554 2538 560 2550 ,
582 2526 633 2545 non
649 2519 760 2546 detraho
775 2519 876 2554 judicio
888 2541 894 2550 .
911 2520 957 2548 sed

165 2563 325 2597 evangeliea:
339 2563 431 2597 gratia:
445 2563 611 2590 clementiam
626 2564 742 2598 pratdico
757 2574 763 2591 :
778 2566 902 2600 quoniam
918 2567 957 2593 iex

165 2609 223 2636 sine
234 2609 390 2636 remissione
401 2613 556 2644 peccatores
567 2610 700 2643 puniebat,
711 2611 793 2645 gratia
803 2619 865 2638 vero
877 2612 957 2638 multa

166 2663 225 2682 Cum
241 2655 438 2689 longanimitate
453 2655 540 2682 diilert
553 2656 709 2690 supplicium
723 2677 730 2688 ,
751 2661 777 2684 ut
793 2658 957 2685 emendatio-

166 2709 226 2728 nem
239 2701 354 2728 inducat.
365 2701 549 2728 Poznitentiam
561 2702 647 2736 itaque
658 2703 842 2736 Suscipiatnus,
853 2704 956 2738 fratres,

166 2748 296 2775 medelam
309 2747 342 2774 ad
357 2747 478 2780 salutem,
491 2748 666 2782 suscipiamus
679 2748 836 2775 medicinam
852 2755 956 2784 peccata

165 2801 256 2822 nostra
267 2793 409 2822 delentem.
420 2793 577 2821 l'tnnitentia
588 2800 675 2821 autem
686 2798 736 2828 est,
747 2803 798 2822 non
807 2803 865 2830 qum
877 2796 957 2823 Vtl'lO

229 2893 309 2918 Morel.
323 2898 348 2919 et
357 2893 437 2923 sunt,
450 2893 553 2919 (inmitia
566 2893 693 2920 tittuitutts.

550 160 578 188 S.
598 161 737 189 JOANNIS
755 158 990 189 CllRYSOSTOMI
1011 159 1171 191 ARClllEP.
1192 163 1459 194 CONSTANTINOP.

1033 218 1191 251 prasdicatur
1202 241 1210 253 ,
1230 223 1276 249 sed
1295 231 1354 257 qua:
1368 225 1493 258 Operibus
1511 226 1650 260 firmatur;
1668 229 1822 263 pumilentia

1031 268 1080 296 cst,
1092 273 1150 299 qua:
1160 273 1192 293 ex
1205 267 1262 301 ipso
1273 269 1352 296 corde
1362 270 1433 297 delet
1448 272 1578 299 maculam
1592 273 1745 308 impietatis.
1756 275 1820 303 Nam

1030 309 1171 342 Lavamini.
1184 313 1278 348 inquit,
1290 316 1377 342 mundi
1387 322 1474 351 estote,
1488 319 1585 353 auferte
1595 320 1718 354 nequitias
1725 329 1820 348 excor-

1029 356 1102 383 dibus
1116 358 1203 385 vestris
1237 366 1371 394 conspectu
1383 364 1511 389 oculorum
1522 372 1633 391 meorum
1645 365 1669 401 (1
1672 367 1718 393 sai.
1728 367 1753 394 I.
1765 368 1820 401 16).

1029 401 1097 435 Quid
1111 402 1161 430 sibi
1176 403 1232 431 vult
1247 413 1277 432 ea
1295 405 1419 433 dictionis
1439 409 1634 437 redundantia?
1654 419 1714 438 nam
1734 413 1799 440 illud
1812 434 1820 446 ,

1029 447 1133 483 Auferte
1153 451 1275 484 nequitias
1292 460 1323 478 ea:
1336 453 1451 480 cordibus
1464 455 1550 482 vestris
1562 476 1568 487 ,
1584 464 1673 484 nonne
1687 459 1750 485 satis
1764 465 1822 487 erat

1027 493 1060 520 ad
1075 498 1157 521 totum
1174 496 1342 525 indicandum
1354 499 1365 525 ?
1378 499 1431 526 Cur
1444 501 1563 534 addidit,
1613 510 1745 539 conspectu
1760 514 1820 532 ocu-

1027 539 1110 566 lorum
1131 549 1243 569 meorum
1254 543 1267 569 .7
1281 543 1411 577 Quoniam
1425 546 1478 573 alio
1493 547 1572 575 modo
1585 548 1674 576 vident
1688 550 1757 577 oculi
1774 551 1820 578 lto-

1028 585 1139 618 tninum,
1155 587 1208 614 alio
1222 589 1314 615 oculus
1331 590 1375 617 Dei
1393 599 1398 617 :
1416 591 1500 619 Homo
1512 594 1582 620 enim
1597 595 1622 620 in
1635 596 1736 630 facient,
1752 596 1820 624 Deus

1027 631 1052 657 in
1062 631 1156 668 -(1.
1168 633 1231 669 Reg.
1245 635 1287 663 16.
1302 635 1338 670 7).
1351 637 1389 664 Ne
1403 639 1490 672 specie
1501 660 1509 672 ,
1525 640 1619 675 inquit,
1637 645 1817 676 ptenitentiam

1026 679 1197 712 adulterctis,
1215 681 1261 708 sed
1279 685 1307 709 'tn
1329 690 1471 718 conspectu
1486 687 1623 714 oculorum
1639 696 1760 716 meorum
1774 698 1818 717 oc-

1026 724 1096 751 culta
1109 727 1282 754 scrutantium
1298 730 1429 757 ostendite
1443 731 1541 759 fructus
1557 734 1729 767 ptenitentize.

1066 772 1093 797 4.
1114 771 1226 806 Oportet
1237 779 1325 801 autem
1350 783 1398 803 nos
1421 784 1435 803 a
1464 779 1581 812 peccatis
1610 786 1737 815 purgatos
1760 781 1815 817 ipsa

1026 823 1133 850 peccata
1149 823 1210 845 ante
1225 821 1316 848 oculos
1330 822 1437 850 habere.
1452 823 1578 858 Quamvis
1589 827 1659 853 enitn
1676 828 1751 855 Deus
1761 829 1816 857 ele-

1024 864 1121 890 mentia
1143 872 1188 891 sua
1212 871 1348 900 peccatum
1369 870 1518 904 condom-t,
1544 877 1569 898 tu
1593 873 1624 900 ad
1646 875 1816 903 securitatem

1024 910 1119 936 animae
1137 914 1189 937 tua.-
1213 920 1350 946 pecratum
1373 921 1433 943 ante
1449 917 1540 944 oculos
1555 918 1624 946 habe
1640 929 1646 946 :
1661 922 1815 955 prwceden-

1024 954 1087 980 tiutn
1101 955 1172 983 enint
1185 959 1312 985 memoria
1328 959 1474 988 futurorum
1486 954 1703 998 impedimentum
1718 972 1776 994 est:
1789 973 1816 995 et

1023 1001 1067 1034 qui
1082 1001 1116 1028 de
1137 1003 1270 1036 prioribus
1293 1005 1436 1038 mordetur,
1451 1007 1483 1034 ad
1506 1010 1644 1043 sequentia
1668 1012 1815 1040 cautiorem

1022 1046 1129 1074 exhibet
1142 1054 1267 1076 tuentem.
1284 1049 1398 1085 Ideoque
1412 1053 1506 1086 David,
1520 1053 1553 1080 Et
1565 1061 1693 1089 peccatum
1712 1066 1793 1085 nteant
1805 1079 1813 1091 ,

1022 1091 1122 1126 inquit,
1138 1099 1226 1121 contra
1240 1103 1278 1122 me
1289 1101 1325 1122 est
1344 1098 1534 1131 -(.
1545 1100 1588 1127 50.
1605 1101 1644 1134 5),
1663 1107 1692 1129 ut
1711 1111 1814 1138 prmce-

1021 1137 1109 1166 deutia
1120 1146 1181 1167 ante
1195 1142 1285 1168 oculos
1301 1143 1410 1176 habens,
1426 1152 1459 1172 tte
1473 1145 1570 1173 incidat
1584 1148 1609 1174 iIt
1624 1137 1722 1177 lutura.
1737 1151 1812 1184 Quod

1021 1189 1108 1212 autem
1131 1185 1200 1213 hunc
1223 1195 1237 1214 a
1259 1189 1335 1216 nobis
1362 1189 1429 1216 Deus
1452 1197 1549 1219 statum
1576 1199 1703 1229 expetat,
1728 1197 1813 1231 ipsum

1021 1233 1080 1257 audi
1097 1232 1228 1260 dicentem
1246 1243 1252 1260 :
1270 1234 1325 1270 Ego
1339 1244 1393 1262 sum
1403 1237 1445 1272 qui
1458 1238 1529 1265 deleo
1543 1247 1645 1274 peccata
1658 1247 1712 1275 tua,
1727 1249 1750 1269 et
1764 1253 1813 1270 non

1020 1278 1239 1310 recarduboratu
1262 1287 1346 1308 autem
1370 1285 1518 1316 recordare,
1544 1292 1567 1312 et
1582 1287 1738 1322 judicemur,
1755 1291 1814 1316 dicit

1019 1324 1143 1352 Dominus
1155 1334 1163 1352 :
1174 1326 1214 1352 die
1228 1332 1254 1353 tu
1268 1328 1337 1361 prius
1350 1335 1453 1363 peccata
1474 1336 1524 1363 tua,
1541 1334 1725 1368 utjusticeris
1736 1335 1810 1370 (Isai.

1019 1371 1063 1398 45.
1073 1371 1182 1404 2.26).
1197 1372 1253 1399 Non
1265 1380 1402 1408 exspectat
1415 1376 1484 1403 Detts
1499 1382 1602 1412 tempus
1617 1387 1631 1406 a
1644 1381 1815 1414 putuitentia-

1020 1416 1112 1444 Dixisti
1126 1423 1262 1452 peccatum
1280 1425 1368 1454 ttunn,
1382 1421 1542 1456 justilicatus
1560 1432 1589 1451 es
1604 1434 1611 1452 z
1629 1427 1811 1460 pwnitentiatn

1018 1463 1114 1497 egisti,
1137 1464 1346 1492 misericordiam
1371 1475 1400 1494 es
1419 1474 1608 1503 consequutus.
1627 1471 1683 1498 Non
1708 1477 1812 1507 tempus

1017 1515 1136 1542 excusat,
1150 1511 1196 1539 sed
1210 1513 1363 1547 prenitentis
1376 1523 1464 1543 mores
1478 1523 1613 1551 peccatum
1627 1521 1810 1555 exstinguunt.

1018 1555 1087 1582 Fieri
1113 1561 1216 1590 potest,
1250 1564 1276 1585 ut
1305 1562 1348 1594 qui
1377 1561 1460 1588 multo
1483 1567 1601 1597 tempore
1626 1567 1809 1599 exculiaverit,

1017 1602 1129 1629 salutent
1146 1611 1197 1630 non
1211 1610 1399 1640 consequatur,
1411 1613 1438 1635 et
1452 1609 1556 1637 modico
1570 1615 1689 1645 tempore
1707 1614 1810 1642 sincere

1017 1649 1172 1682 confessus,
1199 1656 1335 1685 peccatum
1364 1658 1452 1680 exuat.
1483 1654 1592 1682 Multum
1616 1659 1745 1692 temporis
1772 1660 1810 1686 in-

1016 1695 1128 1729 sumpsit
1158 1695 1265 1724 Samuel
1289 1706 1337 1732 pro
1364 1699 1442 1726 Saitle
1466 1700 1632 1736 deprecans,
1659 1704 1808 1740 multasque

1016 1746 1108 1768 noctes
1122 1743 1256 1770 insomnes
1273 1746 1400 1780 transegit
1415 1754 1463 1781 pro
1478 1749 1611 1781 peccantis
1625 1749 1726 1783 salute;
1741 1752 1807 1780 Deus

1015 1792 1103 1814 autem
1116 1789 1226 1823 tempori
1243 1797 1294 1816 non
1308 1791 1465 1825 attendens,
1478 1793 1539 1827 quia
1553 1795 1691 1828 propheta:
1708 1798 1806 1831 suppli-

1014 1833 1084 1860 catio
1103 1841 1157 1860 non
1178 1837 1354 1863 concurrebat
1381 1845 1440 1864 cum
1466 1840 1613 1872 peccatoris
1642 1843 1804 1875 pmnitcntia,

1015 1880 1151 1913 propheta:
1166 1887 1215 1908 suo
1230 1881 1313 1908 dixit:
1331 1882 1465 1918 Usquequo
1485 1889 1511 1910 tu
1535 1885 1605 1921 luges
1637 1887 1712 1920 Stult,
1727 1894 1750 1915 ct
1762 1898 1803 1924 eg:

1015 1924 1089 1960 reieci
1101 1933 1156 1951 eum
1168 1926 1207 1961 (1.
1225 1925 1288 1962 Reg.
1314 1928 1357 1954 16.
1373 1929 1398 1963 l)
1411 1929 1422 1955 '1
1436 1929 1500 1956 illud
1511 1951 1518 1963 ,
1534 1939 1677 1966 usquequo,
1705 1939 1806 1969 tempus

1015 1971 1148 2006 declarat,
1162 1977 1188 2000 et
1213 1974 1384 2008 supplicantis
1407 1979 1631 2010 perseverantiam
1646 1988 1652 2005 :
1668 1984 1695 2006 et
1712 1982 1801 2015 repulit

1015 2017 1084 2044 Deus
1100 2023 1202 2053 tempus
1216 2019 1409 2054 deprecationis
1423 2023 1577 2057 prophetae:
1595 2033 1647 2051 non
1662 2027 1733 2053 enim
1746 2035 1796 2054 cun

1011 2063 1074 2098 justi
1100 2065 1249 2093 interventu
1279 2067 1348 2101 regis
1371 2069 1526 2102 poenitentia
1555 2073 1698 2098 concurrit.
1726 2073 1803 2100 Beato

1013 2115 1101 2137 autem
1117 2112 1221 2145 Davidi,
1237 2113 1281 2148 qui
1297 2115 1492 2149 correptionem
1506 2118 1587 2143 sancti
1599 2117 1726 2146 Nathanis
1743 2127 1802 2154 pro-

1013 2157 1100 2191 pltetw
1125 2165 1295 2194 susceperat,
1316 2165 1343 2188 et
1367 2163 1455 2188 statim
1484 2168 1542 2197 post
1570 2165 1801 2193 comntinationem

1013 2211 1102 2230 veram
1116 2207 1319 2233 conversionem
1333 2208 1495 2241 ostenderat,
1511 2209 1681 2245 dixeratqne,
1697 2211 1803 2239 Peccavi

1013 2249 1123 2277 Domino
1139 2251 1174 2286 (2.
1188 2251 1252 2287 Reg.
1267 2253 1310 2279 l2.
1328 2254 1388 2287 15);
1412 2255 1501 2281 statim
1525 2264 1578 2282 uno
1597 2257 1726 2291 temporis
1748 2266 1801 2284 tno-

1013 2300 1103 2323 mento
1114 2297 1224 2324 verbum
1239 2298 1342 2325 sincere
1360 2300 1493 2333 prolatum
1516 2301 1645 2336 integram
1665 2304 1802 2338 pmnitenti

1012 2342 1098 2369 attulit
1110 2343 1222 2370 salutem
1236 2353 1242 2370 :
1255 2345 1393 2372 confestim
1413 2354 1526 2382 namque
1539 2350 1698 2376 sententiam
1714 2358 1801 2378 cmen-

1012 2386 1084 2414 datio
1097 2392 1208 2422 sequuta
1229 2395 1279 2417 est.
1294 2390 1338 2417 Ait
1351 2390 1430 2426 igitur
1442 2392 1478 2419 illi
1494 2392 1597 2421 Nathan
1613 2404 1620 2421 :
1635 2395 1667 2422 Et
1680 2395 1801 2424 Dominus

1012 2433 1107 2460 dimisit
1148 2441 1278 2470 peccatum
1293 2442 1363 2463 tuum
1378 2437 1481 2475 (llud).

1047 2480 1116 2508 Deus
1143 2482 1230 2509 tardus
1247 2483 1281 2509 ad
1296 2492 1411 2518 poenam,
1427 2485 1499 2512 velox
1510 2485 1543 2512 ad
1556 2486 1674 2514 salutem.
1688 2504 1724 2509 -
1742 2489 1800 2517 Vide

1011 2526 1076 2554 mihi
1092 2527 1173 2554 Deunt
1186 2529 1289 2555 tardum
1304 2529 1336 2556 ad
1349 2537 1454 2564 poenam
1470 2536 1495 2558 ct
1508 2532 1624 2560 velocem
1638 2534 1671 2561 ad
1680 2536 1798 2562 salutent.

1013 2573 1044 2600 Et
1057 2574 1119 2600 mihi
1137 2575 1250 2609 primum
1264 2577 1349 2611 cogita
1364 2578 1498 2612 quomodo
1513 2580 1597 2606 multo
1613 2585 1674 2614 post
1685 2587 1800 2618 tempore

1012 2622 1202 2649 correctionem
1218 2622 1335 2651 clemens
1351 2624 1447 2651 intulit.
1460 2625 1579 2653 Peccavit
1591 2627 1684 2660 David,
1699 2634 1798 2656 uterum

1012 2668 1123 2702 gestavit
1137 2668 1242 2702 mulier,
1258 2669 1382 2704 nullaque
1395 2671 1524 2698 correctio
1539 2678 1678 2706 peccatum
1692 2680 1798 2709 sequula

1012 2718 1070 2747 est;
1087 2714 1133 2741 sed
1149 2719 1208 2749 post
1223 2714 1332 2743 infantis
1346 2716 1378 2744 de
1393 2722 1501 2751 peccato
1514 2720 1568 2745 nati
1584 2722 1690 2753 partum
1700 2741 1707 2752 ,
1722 2720 1798 2747 mitti~

1013 2764 1054 2786 tur
1067 2761 1166 2794 peccati
1180 2761 1307 2788 tncdicus.
1321 2761 1375 2789 Cur
1394 2767 1480 2790 autem
1503 2763 1659 2798 peccantem
1683 2767 1796 2800 protinus

1013 2814 1063 2833 non
1092 2807 1228 2834 correxit?
1254 2807 1383 2840 Quoniam
1405 2808 1470 2836 vidit
1491 2809 1517 2836 in
1543 2809 1607 2844 ipsis
1632 2816 1795 2845 peccatorum

1071 2899 1128 2927 Heg.
1143 2902 1211 2926 unus,
1225 2899 1338 2921 Donnmts
1350 2897 1450 2922 sustulit.
