1978 3130
115 139 161 165 327

115 196 262 229 εὐσεϐείας,
283 198 327 230 Ὡς
340 199 462 233 πτωχοὺς
471 198 560 224 τοίνυν
570 198 632 229 τοὺς
646 197 851 232 ἁμαρτάνοντας
861 196 940 230 ἐλεεῖ,

115 241 156 266 καὶ
168 240 204 271 ὡς
219 240 364 272 πλουσίους
381 243 444 273 τοὺς
465 240 726 276 δικαιοπραγοῦντας
751 241 870 271 ἀπαιτεῖ,
886 241 942 271 τοῖς

115 283 160 318 μὲν
177 283 220 309 διὰ
231 284 282 318 τὴν
299 284 392 310 πενίαν
408 284 594 319 χαριζόμενος,
609 285 665 314 τοῖς
679 283 706 310 δὲ
720 282 764 310 διὰ
777 283 822 309 τὸν
835 283 884 317 τῆς
896 283 941 308 εὐ-

115 326 214 357 σεϐείας
239 327 355 354 πλοῦτον
381 328 448 362 μετὰ
474 327 574 362 πολλῆς
598 327 739 362 ἀκριϐείας
760 327 823 358 τούς
847 326 941 360 λόγους

113 370 386 405 εἰσπραττόμενος.“0
402 371 430 397 δὲ
446 372 517 397 ποιεῖ
534 371 580 397 ἐπὶ
602 370 713 397 δικαίων
739 371 785 397 καὶ
810 370 926 405 ἁμαρτω

112 413 170 444 λῶν,
183 413 262 439 τοῦτο
279 416 352 440 ποιεῖ
370 415 418 441 καὶ
440 415 486 441 ἐπὶ
509 415 643 441 πλουσίων
669 414 716 441 καὶ
738 414 876 448 πενήτων·
895 411 941 437 καί

112 455 198 490 ὥσπερ
211 457 257 483 τὸν
277 458 467 492 ἁμαρτάνοντα
485 458 585 493 ἐγείρει
605 457 648 484 διὰ
664 456 876 492 φιλανθρωπίαν,
896 454 941 481 τὸν

112 499 136 525 δὲ
154 499 256 526 δίκαιον
278 500 357 534 φοϐεῖ
376 501 420 527 διὰ
440 501 490 536 τῆς
512 501 661 536 ἀποτομίας
673 508 680 514 ⁸
697 500 766 526 οὕτω
781 499 827 525 καὶ
843 498 871 524 ὲν
886 499 939 529 τοῖς

112 543 246 576 κοσμικσῖς
267 544 428 579 πράγμασιν
450 545 582 580 διατίθησι
598 545 646 580 τὴν
662 543 758 570 ἑαυτοῦ
775 541 937 577 οἰκονομίαν.

117 585 172 612 Ἐὰν
185 585 226 621 ἴδῃ
243 585 379 619 δυναστὰς
397 588 546 623 ἀξιώμασιν
557 588 794 623 ὑπερλάμποντας,
811 586 937 621 βασιλεῖς,

110 629 246 662 ἄρχοντας,
264 630 369 662 πάντας
391 632 453 663 τοὺς
476 632 506 658 ὲν
529 631 636 665 πλούτῳ
658 631 870 665 διαπρέποντας·
883 628 939 654 τού-

110 679 160 702 τοις
171 671 326 706 διαλέγεται
342 674 411 708 μετὰ
430 675 523 709 φόϐου⁹
538 675 585 701 καὶ
602 674 738 709 ἐπιτίθησι
752 673 892 708 χρησίμως
904 673 937 706 τῇ

110 715 246 752 δυναστείᾳ
269 718 317 744 τὸν
340 719 438 752 φόϐον·
463 720 518 746 Καὶ
544 719 613 750 νῦν,
635 717 792 750 βασιλεῖς,
819 716 936 748 σύνετε,

110 759 281 794 πωδεύθητε
292 762 405 796 πάντες
423 764 450 789 οί
472 764 624 797 κρίνοντες
645 762 702 796 τὴν
723 761 798 796 γῆν*
815 760 937 786 δουλεύ-

110 810 176 829 cura
195 803 235 836 τῷ
257 806 356 839 Κυρίῳ
379 806 414 832 ἐν
433 806 523 840 φόϐῳ,
544 806 592 832 καὶ
607 803 790 840 ἀγαλλιᾶσθε
810 802 889 834 αὐτῷ
903 802 937 828 ἐν

110 847 214 880 τρόμῳ·
236 848 280 874 ὅτι
294 850 445 882 Βασιλεύς
463 850 529 876 ἐστι
552 849 611 875 τῶν
627 848 863 880 βασιλευόντων,
887 845 935 871 καὶ

110 891 206 923 Κύριος
221 891 282 917 τῶν
294 893 593 926 κυριευόντων-,Ὅπου
613 893 684 928 ἁρχὴ
697 891 865 921 δυναστείας,
881 890 937 915 ἐπι-

109 932 188 967 τίθησι
205 934 249 960 τὺν
263 935 347 968 φόϐον
359 936 409 970 τῆς
423 936 504 962 αὐτοῦ
519 936 653 971 βασιλείας
665 944 672 952 ·
694 935 759 961 ὅπου
775 933 936 963 ταπείνωσις

109 976 244 1009 εὐτελείας,
261 979 435 1014 προσφέρειδ
455 980 485 1006 τὸ
503 981 645 1015 φάρμακον
659 981 708 1014 τῆς
725 977 821 1005 ἑαυτοῦ
840 977 934 1011 φιλαν-

109 1020 270 1054 θρωπίας.’0
288 1024 342 1058 γὰρ
356 1024 421 1056 Θεὸς
436 1022 511 1056 οὗτος
534 1025 619 1060 μέγας
636 1024 759 1060 βασιλεὺς
782 1024 836 1050 τῶν
857 1023 934 1057 βασι-

109 1062 238 1096 λευόντων,
252 1067 300 1092 καὶ
325 1067 426 1102 Κύριος
451 1068 504 1094 τῶν
529 1069 722 1103 κυριευόντων·
744 1064 820 1099 οὗτος
843 1067 934 1099 αὐτὸς,

109 1107 181 1134 πάλιν
192 1108 348 1137 ὑποϐαίνων
361 1111 409 1146 τῆς
423 1112 519 1138 ἑαυτοῦ
532 1112 619 1144 ἀξίας,
634 1112 789 1147 εὑρίσκεται
803 1111 872 1138 κατὰ
885 1111 933 1146 τὴν

107 1150 179 1184 ἁγίαν
196 1151 307 1188 Γραφὴν
333 1155 424 1190 πατὴρ
437 1156 562 1190 ὀρφανῶν
576 1156 622 1182 καὶ
638 1156 733 1190 κριτὴς
754 1155 808 1181 τῶν
831 1155 932 1190 χηρῶν,

109 1193 230 1228 βασιλέων
252 1196 391 1230 βασιλεὺς,
413 1199 551 1234 ἀρχόντων
565 1200 666 1234 ἄρχων,
686 1199 865 1234 κυριευόντων
882 1199 934 1225 Κύ-

109 1238 254 1274 ριος-Ὁρᾷς
279 1241 381 1276 πολλὴν
404 1243 531 1276 ἀφθονίαν
549 1243 770 1278 φιλανθρωπίας;
788 1243 853 1278 ὁρᾷς
869 1243 932 1278 χρή-

110 1288 179 1315 σιμον
191 1283 235 1309 τὸν
250 1284 334 1317 φόϐον
346 1285 396 1319 τῆς
410 1285 551 1318 εὐσεϐείας
568 1287 615 1312 καὶ
630 1287 678 1320 τῆς
689 1286 832 1318 ἐξουσίαςς
846 1286 931 1312 Ὅπου

108 1324 152 1358 μὲν
168 1326 219 1361 γὰρ
239 1325 311 1354 εἶδεν
327 1328 464 1364 ἀρκοῦσαν
476 1329 525 1365 τὴν
543 1329 665 1362 ἐξουσίαν
683 1331 721 1361 εἰς
745 1329 930 1364 παραμυθίαν,

109 1369 215 1403 ἐπέθηκε
229 1370 274 1396 τὸν
291 1372 373 1405 φόϐον
394 1374 432 1404 είς
448 1373 581 1407 ὠφέλειαν
592 1381 598 1388 ⁸
620 1374 687 1399 ὅπου
702 1373 730 1399 δὲ
747 1371 800 1399 εἶδε
815 1373 932 1408 παραλε-

108 1411 215 1448 λυμένην
229 1416 262 1450 τῇ
276 1415 399 1451 εὐτελείᾳ
413 1416 462 1451 τὴν
473 1417 614 1452 ὀρφανίαν,
626 1417 674 1444 καὶ
686 1417 734 1452 τὴν
748 1417 883 1452 πτωχείαν
897 1418 930 1452 τῇ

108 1456 213 1492 ἁτονίᾳδ
225 1459 282 1493 ⁴τῆς
300 1460 423 1494 χηρείας,
441 1461 597 1495 προσήγαγε
611 1461 661 1496 τὴν
676 1461 876 1496 φιλανθρωπίαν
891 1454 936 1493 είς¹

109 1501 284 1534 παραμυθίαν.
295 1503 369 1537 Ἐγὼ
383 1504 480 1538 πατὴρ
491 1503 550 1530 τῶν
562 1504 709 1538 ὀρφανῶν,
727 1504 778 1530 Δύο
791 1505 870 1536 ποιεῖ,
884 1505 931 1530 καὶ

109 1541 150 1578 τὴν
162 1543 365 1580 φιλανθρωπίαν
378 1547 505 1578 δείκνυσι,
519 1548 566 1574 καὶ
579 1548 628 1582 τὴν
641 1548 797 1574 δυναστείαν
812 1547 928 1579 κολάζει.

109 1585 185 1612 Καλεῖ
198 1588 293 1615 ἑαυτὸν
309 1590 416 1624 πατέρα
426 1590 479 1617 τῶν
491 1591 623 1625 ὀρφανῶν,
638 1592 681 1618 ἵνα
695 1592 813 1623 καὶτοὺς
826 1593 855 1617 ὲν
867 1600 930 1627 συμ-

109 1631 171 1665 φορᾷ
180 1632 424 1669 παραμυθήσηται,
433 1635 479 1660 καὶ
491 1636 553 1666 τοὺς
566 1636 593 1660 ὲν
605 1635 748 1670 δυναστείᾳ
759 1635 929 1672 καταπλήξῃ,

110 1673 169 1700 ὥστε
195 1676 231 1709 μὴ
254 1677 418 1712 ἐπηρεάζειν
433 1679 560 1714 ὀρφανοῖς
578 1687 606 1704 τε
621 1680 669 1705 καὶ
682 1680 792 1714 χήραις·
809 1679 902 1715 ἐπειδὴ
915 1681 929 1706 ὀ

110 1717 213 1766 θάνατος
223 1720 425 1766 ὲλγύμνιυσεῗτὺν
440 1723 488 1757 μὲν
505 1723 551 1749 τοῦ
569 1724 678 1758 πατρὸς,
696 1724 744 1759 τὴν
756 1723 784 1750 δὲ
800 1724 929 1759 ἐστέρησε

110 1763 150 1787 τοῦ
170 1763 273 1798 ἀνδρὸς,
288 1764 336 1791 καὶ
358 1765 405 1796 οὒς
427 1765 577 1802 διέφθειρεν
601 1768 615 1793 ὀ
640 1767 824 1802 τῆςιφύσεως
838 1767 926 1802 νόμος,

110 1804 266 1834 ἀνεχαίνισεν
281 1809 295 1834 ὀ
307 1809 357 1844 τῆς
373 1809 576 1845 φιλανθρωπίας
587 1811 648 1844 ὅρος
659 1819 666 1826 ο
679 1812 725 1837 καὶ
740 1812 756 1846 ἡ
769 1811 836 1846 αὐτὴ
849 1812 928 1846 χάρις

109 1851 137 1885 τῇ
155 1853 200 1886 μὲν
222 1853 306 1880 ἔδωκε
330 1855 376 1881 τὸν
399 1855 504 1891 κριτὴν,
519 1856 557 1890 τῷ
577 1857 605 1882 δὲ
625 1856 733 1891 ὀρφανῷ
752 1856 866 1892 πατέρα,
884 1857 928 1882 τὸν

111 1894 208 1929 βασιλέα
219 1897 273 1923 τῶν
287 1897 363 1934 [551]
377 1899 566 1933 ἀγίων.Ὢστε,
581 1901 671 1935 φησιν,
686 1898 708 1927 ὦ
723 1901 807 1933 ἄδικε,
821 1901 867 1927 ἐὰν
880 1901 928 1936 χή-

112 1946 162 1972 ραις
176 1940 339 1978 ἐπηρεαζῃς,
352 1942 398 1969 τδν
409 1943 462 1969 τῶν
478 1944 568 1979 χηρῶν
582 1944 733 1980 προνοητὴν
749 1943 908 1979 παροξύνεις
918 1952 925 1959 ·

110 1982 150 2008 ἐὰν
169 1984 299 2019 ὀρφανοὺς
314 1986 419 2022 ἀδικῇς,
441 1987 513 2018 υἱοὺς
538 1988 640 2019 ἀδικεῖς
664 1988 820 2022 Θεοῦ.Ἐγώ
844 1989 928 2022 εἰμιὸ

109 2028 188 2063 πατὴρ
201 2030 253 2055 τῶν
266 2030 402 2064 ὀρφανῶν,
412 2032 458 2057 καὶ
471 2032 566 2067 κριτὴς
578 2032 632 2058 τῶν
646 2032 737 2067 χηρῶν
748 2041 754 2047 ·
770 2033 811 2064 τίς
818 2032 846 2058 δὲ
857 2031 927 2058 οὓτω

110 2071 229 2107 τολμηρὸς
251 2074 320 2108 πρὸς
339 2074 478 2107 ἀσέϐειαν,
493 2074 563 2101 ὥστε
580 2075 654 2107 υἱοὺς
668 2075 769 2102 ἀδικεῖν
784 2076 861 2108 Θεοῦ,
881 2078 927 2103 καὶ

110 2115 160 2145 ταῖς
180 2116 229 2142 ὑπὸ
250 2117 298 2144 τοῦ
315 2117 381 2144 Θεοῦ
403 2119 612 2153 προνοουμέναις
629 2120 725 2154 χήραις
746 2120 924 2155 έπηρεάξειν;

114 2157 182 2193 Ὁρᾷς
206 2160 265 2192 πῶς
290 2162 432 2196 χρησίμως
456 2162 654 2194 κατασκευάζει
670 2163 705 2188 τὰ
721 2163 853 2198 φάρμακα
877 2164 926 2198 τῆς

110 2202 243 2236 εὐσεϐείας,
257 2206 304 2231 καὶ
318 2207 380 2237 τοὺς
398 2206 447 2240 μὲν
461 2206 547 2240 φοϐεῖ,
564 2207 626 2238 τοὺς
643 2207 670 2233 δὲ
685 2208 763 2239 ἐλεεῖ,
781 2208 830 2233 οὐκ
847 2208 926 2240 αὐτὸς

112 2246 283 2282 μεριζόμενος,
299 2249 367 2283 πρὸς
379 2249 406 2275 δὲ
421 2249 470 2280 τὰς
484 2249 597 2284 γνώμας
611 2250 665 2276 τῶν
679 2250 828 2285 ἀνθρώπων
841 2251 927 2286 ἁρμο-

111 2288 222 2323 ζόμενος
240 2291 426 2327 Προσάγωμεν
447 2293 535 2319 τοίνυν
557 2294 672 2325 ἑαυτοῖς,
686 2293 803 2327 ἀδελφοὶ,
818 2295 926 2329 φάρμα-

111 2339 149 2358 κον
163 2335 198 2365 εἰς
212 2336 349 2370 σωτηρίαν
363 2336 411 2371 τὴν
435 2336 576 2371 μετάνοιαν
589 2345 594 2351 ·
622 2337 720 2372 μᾶλλον
740 2338 767 2364 δὲ
787 2337 925 2373 δεξώμεθα

112 2376 174 2411 παρὰ
187 2378 231 2404 τοῦ
241 2378 309 2405 Θεοῦ
322 2379 371 2414 τὴν
387 2380 531 2414 μετάνοιαν
546 2380 720 2416 ίατρεύουσαν
731 2382 815 2416 ἡμᾶς.
825 2382 860 2408 Οὐ
871 2382 925 2417 γὰρ

111 2419 178 2453 ἡμεῖς
191 2422 264 2457 αὐτῷ
274 2422 376 2458 ταύτην
388 2424 570 2459 προσάγομεν,
586 2425 642 2451 ἀλλ’
655 2425 734 2456 αὐτὸς
749 2426 813 2460 ἡμῖν
823 2425 925 2460 ταύτην

113 2464 362 2502 ἑχορήγησεν.”ορᾷς
386 2468 468 2494 αὐτοῦ
489 2468 538 2503 τὴν
562 2468 703 2504 ἀκρίϐειαν
717 2469 767 2503 τὴν
789 2470 818 2496 ὲν
834 2469 872 2504 τῷ
887 2470 926 2496 νό-

113 2515 163 2542 μῳ;
177 2511 239 2545 ὁρᾷς
258 2510 307 2545 τὴν
324 2511 525 2546 φιλανθρωπίαν
544 2513 625 2539 αὐτοῦ
647 2512 696 2548 τὴν
714 2513 742 2539 ὲν
761 2515 794 2548 τῇ
816 2514 924 2549 χάριτι;

114 2551 184 2579 Ὅταν
201 2554 228 2580 δὲ
243 2555 312 2580 είπω
324 2555 374 2590 τὴν
389 2556 530 2591 ἀκρίϐειαν
545 2557 594 2591 τὴν
611 2558 639 2583 ἐν
660 2557 699 2592 τῷ
719 2557 803 2593 νόμῳ,
817 2559 846 2585 οὐ
870 2559 926 2586 δια-

114 2595 188 2624 ϐάλλω
202 2599 302 2634 κρίσιν,
317 2599 385 2626 ἀλλὰ
405 2601 454 2635 τῆς
471 2601 647 2637 εὐαγγελικῆς
673 2603 781 2638 χάριτος
799 2604 926 2638 κηρύττω

113 2640 153 2676 τὴν
166 2642 378 2678 φιλανθρωπίαν·
401 2644 442 2670 ὅτι
464 2645 478 2670 ὁ
501 2645 549 2679 μὲν
565 2645 645 2679 νόμος
661 2646 854 2682 ἀπαραιτήτως
866 2647 921 2673 ὲκό-

114 2682 166 2715 λαζε
180 2686 238 2718 τοὺς
254 2687 469 2722 ἁμαρτάνοντας,
485 2689 502 2723 ή
522 2688 551 2714 δὲ
573 2689 651 2724 χάρις
669 2690 737 2723 μετὰ
758 2689 857 2724 πολλῆς
873 2698 925 2724 μα-

115 2729 248 2764 κροθυμίας
262 2732 437 2766 ὑπερτίθεται
449 2733 498 2767 τὴν
511 2733 654 2768 τιμωρίαν,
670 2733 714 2759 ἵνα
734 2734 861 2770 ἐπαγάγῃ
876 2734 925 2770 τὴν

116 2770 248 2807 διόρθωσιν.
261 2775 407 2810 Δεξώμεθα
417 2775 505 2802 τοίνυν
522 2776 675 2811 μετάνοιαν,
685 2777 801 2811 ἀδελφοὶ,
816 2778 925 2812 φάρμα-

117 2822 154 2840 κον
166 2817 199 2848 είς
214 2818 359 2853 σωτηρίαν,
375 2818 512 2853 δεξώμεθα
533 2819 676 2854 φάρμακον
692 2820 829 2854 ἐξαλεῖφον
846 2821 924 2856 ἡμῶν

118 2859 203 2920 9{Eia};
204 2862 291 2916 5:61.,
301 2863 379 2894 magis
390 2864 486 2894 proprie
496 2870 566 2894 quam
579 2864 719 2895 Montf.,qui
726 2866 856 2895 scripserat
864 2874 922 2897 προ-

143 2921 154 2939 h
164 2921 234 2948 Morel
246 2925 273 2948 cl.
283 2923 349 2949 Savll
371 2927 399 2953 τῆ
410 2924 517 2958 ἀπονοία.
530 2925 597 2951 Unus
606 2925 668 2959 Reg.
680 2929 707 2959 τῇ
719 2926 809 2961 ἀτονία,
822 2927 918 2952 melius.

725 139 768 166 DE
788 137 1020 166 ΜΕΝΙΤΕΝΤΙΛ.
1037 137 1152 165 HOMIL.
1172 137 1227 166 VII.

1766 137 1817 164 5‘28

993 196 1027 222 τὰ
1053 196 1220 231 πταίσματα.
1234 194 1368 221 Μετάνοια
1392 194 1420 221 δέ
1438 195 1521 226 ἐστιν,
1535 194 1583 228 οὐχ
1598 193 1614 228 ὴ
1628 193 1698 229 λόγῳ
1716 203 1817 230 κηρυτ-

990 239 1099 274 τομένη,
1119 239 1175 266 ἀλλ’
1192 240 1208 274 ή
1230 238 1372 273 πράγμασι
1389 237 1583 272 βεϐαιουμένη·
1604 238 1729 272 μετάνοια
1749 239 1765 273 ἠ
1786 239 1816 272 ἐξ

989 283 1073 317 αὐτῆς
1086 283 1135 318 τῆς
1152 282 1264 317 καρδίας
1282 281 1457 314 ὲξαλείφουσα
1468 281 1512 307 τὸν
1524 280 1607 316 ῥύπον
1617 282 1665 316 τῆς
1678 282 1814 314 ἀσεϐείας.

988 329 1146 356 Λούσασθε
1160 329 1225 363 γὰρ,
1241 328 1316 362 φησὶ,
1336 327 1456 360 καθαροὶ
1470 327 1603 360 γίνεσθε·
1620 327 1745 360 ἀφέλετε
1762 328 1815 360 τὰς

988 373 1135 406 πονηρίας
1161 371 1219 399 ἀπὸ
1243 371 1301 397 τῶν
1324 370 1450 404 καρδιῶν
1474 370 1565 403 ὑμῶν,
1594 371 1736 397 ἀπένιιίτι
1755 371 1815 398 τῶν

987 415 1147 450 ὀφθαλμῶν
1157 423 1227 449 μου.
1245 415 1277 440 Τί
1291 414 1413 448 βούλεται
1424 414 1454 439 τὸ
1467 413 1589 448 περιττὸν
1604 413 1651 448 τῆς
1662 414 1774 446 λέξεως;
1784 415 1814 440 τὸ

987 459 1041 493 γὰρ
1060 458 1193 492 Ἄφέλετε
1209 457 1260 490 τὰς
1273 457 1417 491 πονηρίας
1428 457 1485 483 ἀπὸ
1505 456 1563 482 τῶν·
1578 456 1703 490 καρδιῶν
1719 457 1812 491 ὑμῶν,

987 503 1037 537 οὐχ
1055 503 1146 529 ἱκανὸν
1164 502 1281 537 μηνῦσαι
1297 502 1328 528 τὸ
1340 503 1409 534 πᾶν;
1425 501 1473 527 Διὰ
1490 500 1515 526 τί
1531 499 1576 527 οὖν
1596 500 1744 527 Ἀπέναντι
1755 502 1814 528 τῶν

987 547 1149 580 ὀφθαλμῶν
1168 554 1243 580 μο-υ;
1266 546 1372 581 Ἐπειδὴ
1395 545 1481 576 ἄλλως
1503 544 1601 579 ὁρῶσιν
1620 544 1751 579 ὀφθαλμοὶ
1768 546 1814 572 ἀν-

987 589 1111 625 θρώπων,
1128 589 1174 615 καὶ
1191 590 1276 621 ἄλλως
1295 590 1346 624 ὁρᾷ
1366 589 1502 623 ὀφθαλμὸς
1523 587 1569 614 τοῦ
1587 588 1653 614 Θεοῦ
1664 596 1670 601 ·
1689 589 1813 623 ’Ἀνθρω-

986 641 1043 666 πος
1065 634 1119 668 γὰρ
1141 635 1184 666 εἰς
1205 634 1377 667 πρόσωπον,
1397 632 1468 664 Θεὸς
1492 631 1531 666 δὲ,
1548 633 1591 664 εἰς
1614 632 1748 665 καρδίαν.
1769 632 1812 667 Μὴ

987 678 1117 713 σχήμασι,
1134 679 1209 712 φησὶ,
1217 677 1359 712 νοθεύσητε
1369 682 1380 695 ο
1390 676 1438 709 τὴν
1453 675 1605 710 μετάνοιαν,
1617 675 1674 701 ἀλλ’
1683 675 1812 703 ἀπέναντι

986 721 1039 747 τῶν
1055 721 1198 756 ὀφθαλμῶν
1212 713 1335 756 μο·.›,’τῶν
1350 720 1384 746 τὰ
1397 719 1505 754 κρυπτὰ
1519 718 1698 753 ἐρευνώντων,
1709 718 1813 751 δείξατε

985 765 1047 796 τοὺς
1064 766 1186 800 καρποὺς
1197 765 1247 799 τῆς
1265 763 1415 798 μετανοίας.

1020 809 1051 835 δ’.
1062 810 1107 834 Δεῖ
1119 809 1146 835 δὲ
1160 809 1233 843 ἡμᾶς
1244 808 1456 843 καθαιρομένους
1469 805 1531 832 έὰπὸ
1541 804 1594 831 τῶν
1608 803 1747 840 ἁμαρτιῶν
1760 805 1810 840 πρὸ

985 853 1131 887 ὀφθαλμῶν
1146 853 1217 887 ἔχειν
1235 852 1305 878 αὐτὰ
1319 851 1352 877 τὰ
1375 850 1559 886 ἁμαρτήματα
1569 858 1575 863 ·
1596 849 1647 875 κᾶν
1660 850 1674 874 ὁ
1689 848 1754 879 Θεὸς
1767 848 1811 874 διὰ

984 896 1189 931 φιλανθρωπίαν
1212 895 1375 930 συγχωρήσῃ
1398 903 1438 920 σοι
1453 894 1502 928 τὴν
1523 893 1668 928 ἁμαρτίαν,
1694 892 1761 918 ἀλλὰ
1778 892 1810 918 σὺ

985 940 1053 976 πρὸς
1070 940 1118 975 τήν
1140 940 1288 973 ἀσφάλειαν
1309 939 1357 974 τῆς
1383 938 1479 964 ἑαυτοῦ
1494 937 1581 972 ψυχῆς
1598 936 1650 971 πρὸ
1665 936 1810 970 ὀφθαλμῶν

983 984 1028 1018 ἔχε
1054 983 1102 1019 τὴν
1129 982 1275 1018 ἁμαρτίαν.
1300 983 1332 1009 Ἠ
1355 982 1408 1016 γὰρ
1436 981 1528 1016 μνήμη
1549 980 1602 1006 τῶν
1623 979 1810 1014 προλαϐόντων

982 1026 1068 1062 ἐποχή
1085 1027 1188 1060 γίνεται
1201 1026 1255 1052 τῶν
1273 1025 1420 1060 μελλόντων
1429 1033 1436 1039 ⁸
1452 1025 1498 1050 καὶ
1511 1025 1525 1049 6
1540 1023 1586 1049 ἐπὶ
1600 1024 1655 1053 τοῖς
1669 1022 1809 1058 προτέροις

982 1070 1154 1105 δακνόμενος.
1168 1078 1201 1095 πε
1206 1070 1232 1104 ρὶ
1248 1069 1282 1095 τὰ
1296 1069 1409 1103 δεύτερα
1420 1066 1621 1101 ἀσφαλεστέραν
1637 1066 1686 1101 τήν
1699 1066 1809 1101 γνώμην

982 1113 1110 1140 δείκνυσι.
1133 1113 1182 1139 Διὰ
1195 1113 1274 1139 τοῦτο
1289 1112 1335 1138 καὶ
1354 1113 1367 1137 6
1385 1111 1478 1138 Δαυῖδ·
1493 1110 1548 1137 Καὶ
1562 1111 1581 1144 ἡ
1598 1110 1724 1144 ἁμαρτία
1737 1119 1808 1144 μου,

982 1158 1073 1192 φησὶν,
1090 1157 1217 1184 ἐνώπιόν
1230 1157 1288 1190 μού
1302 1157 1367 1182 ἐστι
1379 1155 1427 1182 διὰ
1440 1155 1552 1186 παντός
1562 1165 1569 1171 ·
1584 1155 1626 1180 ἶνα
1641 1154 1693 1189 πρὸ
1708 1153 1809 1188 ὀφθαλ-

984 1202 1040 1236 μῶν
1058 1201 1126 1236 ἔχων
1139 1200 1172 1227 τὰ
1187 1199 1364 1235 προλαϐόντα,
1379 1198 1416 1233 μὴ
1435 1198 1570 1233 περιπέσῃ
1584 1199 1640 1228 τοῖς
1658 1197 1807 1232 μέλλουσιν.

982 1246 1042 1272 Ὅτι
1056 1246 1085 1271 δὲ
1109 1244 1209 1279 ταύτην
1225 1244 1289 1278 παρ’
1307 1242 1384 1277 ἡμῶν
1401 1244 1415 1268 6
1437 1242 1502 1273 Θεὸς
1524 1242 1634 1267 ἀπαιτεῖ
1657 1240 1705 1276 τὴν
1725 1241 1809 1267 κατά-

981 1297 1084 1321 στασιν,
1094 1289 1207 1315 ἄκουσον
1218 1286 1298 1313 αὐτοῦ
1309 1286 1431 1320 λέγοντος
1443 1294 1449 1300 ·
1465 1284 1537 1319 Ἐγώ
1550 1285 1607 1318 ειμι
1617 1286 1632 1311 ό
1643 1284 1808 1318 ἑξαλείςτων

979 1331 1032 1364 τὰς
1053 1332 1196 1366 ἁμαρτίας
1209 1338 1278 1360 σου,
1298 1329 1347 1356 καὶ
1366 1330 1401 1355 οὐ
1416 1328 1459 1363 μὴ
1473 1327 1702 1362 μνησθήσομαι·
1719 1327 1760 1353 σὺ
1774 1327 1808 1353 δὲ

977 1375 1146 1410 μνήσθητι,
1169 1373 1219 1400 καὶ
1245 1373 1405 1407 κριθῶμεν,
1430 1372 1509 1406 λέγει
1537 1372 1658 1404 Κύριος·
1681 1371 1750 1405 λέγε
1766 1371 1807 1397 σὺ

980 1418 1098 1453 πρῶτον
1113 1418 1166 1450 τὰς
1183 1417 1327 1451 ἁμαρτίας
1343 1422 1412 1447 σου,
1424 1416 1474 1442 ίαν-α
1489 1414 1656 1448 δικαιωθῇς.
1671 1415 1727 1441 Οὐκ
1742 1416 1808 1441 ἀνα-

981 1463 1055 1498 μένει
1069 1463 1083 1488 ὁ
1097 1461 1163 1493 Θεὸς
1182 1461 1276 1497 χρόνον
1292 1461 1337 1486 τὸν
1352 1459 1405 1486 ἀπὸ
1420 1459 1468 1494 τῆς
1487 1459 1628 1494 μετανοίας
1639 1467 1646 1474 ·
1666 1457 1740 1490 εἶπες
1757 1459 1807 1494 τὴν

978 1506 1114 1542 ἁμαρτίαν
1140 1514 1197 1536 σου,
1220 1504 1395 1538 ὲδικαιώθης·
1421 1502 1594 1538 μετενόησας,
1615 1501 1741 1537 ἠλεήθης.
1768 1503 1805 1528 υὺ

978 1552 1072 1587 χρόνος
1085 1550 1267 1584 ἀπολογεῖται,
1281 1548 1337 1575 ἀλλ’
1352 1549 1366 1574 6
1379 1548 1478 1583 τρόπος
1490 1546 1535 1573 τοῦ
1551 1546 1742 1581 μετανοοῦντος
1757 1546 1807 1581 τὴν

978 1595 1114 1630 ἁμαρτίαν
1129 1593 1284 1620 σϐέννυσιν’
1301 1591 1358 1617 ἔστι
1375 1591 1421 1617 καὶ
1442 1590 1529 1626 χρόνῳ
1551 1589 1639 1624 πολλῷ
1656 1590 1806 1625 παρεδρεύ-

979 1647 1063 1665 σαντα
1079 1638 1116 1674 μὴ
1140 1637 1231 1672 τυχεῖν
1250 1635 1384 1671 σωτηρίας
1396 1654 1402 1666 ,
1419 1635 1465 1661 καὶ
1484 1635 1513 1660 ἐν
1531 1634 1612 1668 ὀλίγῳ
1629 1634 1717 1669 χρόνῳ
1738 1642 1805 1669 γνη-

979 1683 1042 1713 σίως
1058 1681 1072 1701 δ
1091 1680 1358 1716 ὲξομολογησάμενον
1381 1677 1565 1704 ἀποδύσασθαι
1584 1676 1631 1711 τὴν
1657 1676 1804 1711 ἁμαρτίαν.

976 1726 1062 1753 Πολύν
1075 1724 1196 1751 ἀνάλωσε
1218 1723 1312 1758 χρόνον
1325 1723 1339 1748 6
1356 1722 1488 1757 μακάριος
1501 1720 1625 1756 Σαμουὴλ
1638 1719 1720 1752 ἀξιῶν
1741 1721 1805 1755 περὶ

977 1769 1024 1795 τοῦ
1038 1768 1134 1800 Σαοὺλ,
1147 1768 1194 1794 καὶ
1208 1766 1307 1798 πολλὰς
1319 1765 1395 1801 [5⁵52]
1410 1765 1508 1795 νύκτας
1521 1764 1642 1799 διήνυσεν
1659 1764 1805 1798 ἀγρυπνῶν

977 1815 1041 1847 περὶ
1064 1812 1114 1847 τῆς
1139 1811 1186 1837 τοῦ
1208 1811 1414 1846 ἁμαρτήσαντος
1435 1807 1587 1843 σωτηρίας·
1601 1808 1614 1833 6
1635 1807 1663 1832 δὲ
1678 1806 1744 1838 Θεὸς
1759 1806 1816 1832 τὸν.

976 1856 1071 1891 χρόνον
1096 1854 1344 1890 παραπεμπόμενος
1357 1853 1404 1887 (οὐ
1426 1852 1478 1886 γὰρ
1496 1850 1644 1885 συνέδραμε
1667 1851 1699 1885 τῇ
1717 1850 1805 1884 ἱκεσίᾳ.

976 1900 1022 1926 τοῦ
1034 1898 1173 1934 προφήτου
1185 1899 1201 1932 ἡ
1216 1897 1344 1933 μετάνοια
1355 1895 1403 1922 τοῦ
1415 1894 1640 1931 ἁμαρτήσαντος),
1651 1893 1722 1926 λέγει
1738 1893 1804 1927 πρὸς

975 1943 1020 1969 τὸν
1040 1942 1135 1969 ἑαυτοῦ
1154 1942 1312 1977 προφήτην·
1342 1940 1415 1972 Ἕως
1439 1940 1510 1965 πότε
1536 1938 1576 1964 σὺ
1601 1937 1720 1968 πενθεῖς
1739 1937 1804 1970 περὶ

975 1987 1086 2017 Σαοὺλ,
1110 1985 1191 2020 κάγὼ
1213 1984 1352 2019 ἀπῶσμαι
1372 1984 1484 2016 απὺτόν;
1507 1982 1543 2008 Τὸ
1557 1983 1633 2014 Ἕως
1661 1982 1742 2011 πότε,
1758 1980 1804 2006 τὸν

976 2030 1071 2065 χρόνον
1087 2029 1223 2060 δείκνυσι,
1239 2028 1286 2054 καὶ
1300 2028 1348 2062 τὴν
1374 2025 1534 2062 παραμονὴν
1549 2025 1594 2051 τοῦ
1618 2024 1803 2054 ἱκετεύοντος·

975 2075 1023 2100 καὶ
1048 2072 1229 2107 ἀπεπέμψατο
1255 2072 1270 2097 ὀ
1298 2070 1364 2102 Θεὸς
1384 2070 1428 2096 τὸν
1451 2069 1544 2104 χρόνον
1560 2068 1610 2101 τῆς
1632 2067 1734 2098 ἱκεσίας
1755 2065 1802 2093 τοῦ

976 2117 1114 2153 προφήτου
1125 2124 1131 2130 '
1151 2117 1182 2142 οὐ
1201 2116 1255 2150 γὰρ
1273 2113 1422 2151 συνέδραμε
1436 2114 1469 2147 τῇ
1486 2111 1617 2147 πρεσϐείᾳ.
1633 2110 1679 2136 τοῦ
1698 2110 1801 2136 δικαίου

976 2162 991 2196 ή
1011 2160 1138 2196 μετάνοια
1159 2159 1205 2185 τοῦ
1231 2158 1369 2193 βασιλέως.
1393 2156 1437 2191 Τῷ
1453 2155 1481 2181 δέ
1502 2163 1533 2189 γε
1558 2154 1684 2189 μακαρίῳ
1704 2153 1801 2185 Δαυῒδ,

977 2205 1117 2240 δεξαμένῳ
1129 2204 1174 2230 τὸν
1188 2203 1296 2237 ἔλεγχον
1312 2202 1360 2237 τῆς
1380 2200 1515 2236 ἁμαρτίας
1535 2199 1578 2225 διὰ
1594 2198 1640 2224 τοῦ
1652 2197 1729 2231 ἁγίου
1744 2198 1801 2224 Να-

977 2250 1025 2276 θᾶν
1041 2248 1088 2275 τοῦ
1107 2248 1257 2283 προφήτου,
1270 2246 1317 2272 καὶ
1337 2244 1437 2275 εὐθέως
1452 2243 1520 2278 πρὸς
1533 2242 1582 2277 τὴν
1607 2241 1720 2276 ἀπειλὴν
1742 2241 1802 2267 ἑπι-

976 2292 1126 2327 δειξαμένῳ
1138 2291 1187 2327 τήν
1201 2290 1314 2324 γνησίαν
1326 2287 1500 2324 ἐπιστροφὴν,
1512 2286 1558 2313 κού¹
1569 2286 1680 2317 εἰπόντι,
1695 2285 1802 2320 ’Ήμαρ-

976 2345 1027 2363 τον
1039 2336 1078 2368 τῷ
1089 2336 1196 2369 Κυρίῳ,
1211 2334 1311 2365 εὐθέως
1325 2333 1399 2368 ῥῆμα
1410 2332 1438 2358 ἓν
1449 2332 1477 2358 ἐν
1495 2331 1544 2366 μιᾷ
1559 2331 1627 2365 ῥοπῇ
1643 2329 1801 2365 προενεχθὲν

974 2381 1093 2416 γνησίως
1112 2379 1258 2413 ὀλόκληρον
1271 2378 1368 2412 ήνεγκε
1383 2375 1420 2410 τῷ
1442 2374 1636 2410 μετανοήσαντι
1650 2373 1699 2408 τὴν
1714 2380 1802 2407 σωτη-

977 2425 1036 2460 ρίαν
1047 2432 1054 2439 ο
1074 2423 1155 2454 εὐθὺς
1175 2422 1229 2457 γὰρ
1249 2423 1264 2456 ἡ
1279 2420 1420 2456 διόρθωσις
1444 2418 1577 2446 κατέλαϐε
1592 2418 1641 2453 τὴν
1656 2417 1798 2451 ἀπόφασιν.

973 2468 1043 2502 Φησὶ
1061 2467 1126 2501 γοῦν
1149 2466 1216 2501 πρὸς
1231 2465 1310 2491 αὐτὸν
1323 2465 1337 2490 6
1353 2463 1445 2490 Ναθᾶν
1455 2462 1533 2490 ’ρΚαὶ
1550 2462 1657 2495 Κύριος
1674 2460 1771 2495 ἀφῆκε
1787 2465 1799 2480 ο

974 2512 1030 2546 τὴν
1046 2510 1192 2545 ἁμαρτίαν
1204 2516 1272 2535 σου.

1011 2562 1082 2596 Ὅρα
1095 2560 1123 2587 δέ
1140 2568 1183 2594 μοι
1197 2559 1240 2585 τὸν
1256 2557 1320 2584 Θεὸν
1336 2557 1433 2593 βραδὺν
1448 2556 1487 2588 είς
1500 2555 1644 2591 τιμωρίαν,
1658 2555 1703 2581 καὶ
1717 2554 1800 2589 ταχὺν

974 2607 1013 2636 εἰς
1043 2604 1194 2639 σωτηρίαν·
1227 2603 1273 2629 καί
1299 2611 1343 2637 μοι
1368 2602 1474 2637 πρῶτον
1493 2600 1634 2635 ἐννόησον,
1659 2600 1732 2630 ὅπως
1756 2597 1800 2625 τὸν

974 2649 1082 2683 ἔλεγχον
1097 2649 1110 2674 6
1127 2646 1315 2682 φιλάνθρωπος
1333 2645 1402 2681 μετὰ
1428 2645 1540 2675 πολλοὺς
1565 2645 1721 2679 προσήγαγε
1738 2642 1801 2677 χρό-

974 2701 1045 2724 νους.
1053 2693 1197 2726 ’Ἣμαρτεν
1208 2691 1222 2716 ὀ
1238 2690 1319 2716 Δαυτδ
1328 2696 1336 2703 ·
1349 2689 1530 2723 ἐκυοφόρησεν
1545 2689 1561 2722 ἡ
1570 2687 1647 2721 γυνὴ,
1659 2686 1705 2712 καὶ
1715 2686 1801 2717 οὐδεὶς

974 2737 1083 2770 ἔλεγχος
1112 2736 1145 2770 τῇ
1171 2734 1292 2769 ἁμαρτίᾳ
1315 2732 1573 2768 παρηκολούθησεν,
1593 2730 1660 2757 ἀλλὰ
1685 2729 1752 2764 μετὰ
1771 2729 1802 2754 τὸ

976 2779 1154 2814 αποτεχθῆναι
1170 2778 1200 2805 τὸ
1223 2777 1321 2813 βρέφος
1336 2777 1366 2803 τὺ
1387 2778 1418 2802 ἐκ
1433 2775 1483 2809 τῆς
1505 2774 1656 2809 ἁμαρτίας,
1673 2771 1802 2800 ἀποστέλ-

976 2824 1050 2850 λεται
1066 2824 1081 2849 6
1106 2822 1195 2858 ἰατρὸς
1218 2821 1267 2855 τῆς
1283 2820 1430 2855 ἁμαρτίας.
1443 2819 1491 2845 Διὰ
1513 2818 1538 2844 τί
1557 2817 1586 2844 δὲ
1609 2816 1801 2853 ἁμαρτήσαντα

1010 2869 1020 2883 ε
1035 2866 1108 2891 Savil.
1121 2869 1147 2890 et
1158 2871 1220 2889 unus
1231 2865 1292 2894 Reg.
1305 2863 1425 2894 νοθεύσῃς.

1009 2899 1020 2917 τι
1035 2898 1102 2922 Uuus
1113 2897 1173 2926 Reg.
1186 2897 1226 2919 καὶ
1245 2893 1418 2926 ἐναϐρόᾳνροπῇ
1429 2893 1530 2923 γνησίως

1011 2931 1022 2944 θ
1034 2929 1096 2959 Reg,
1110 2925 1173 2953 umis
1182 2927 1266 2958 Κύριος
1276 2925 1428 2956 παρεϐίϐασε.
