1978 3130
133 135 185 162 5‘29

135 234 188 260 τῶν
201 235 408 270 ἁμαρτημάτων
420 233 628 269 τυφλώττουσαν
642 234 691 269 τὴν
709 232 797 268 ψυχὴν
812 232 865 258 τῶν
878 232 968 266 ἁμαρ-

135 279 279 309 τανόντων,
295 279 361 305 διότι
377 279 574 313 ἐκκεκώφωται
588 278 621 305 τὰ
635 275 693 304 ὦτα
711 277 765 304 τῶν
785 275 969 311 βεϐαπτισμέ-

134 331 189 349 νων
197 323 226 348 ἐν
245 322 282 357 τῷ
299 322 375 357 βάθει
395 323 444 357 τῆς
466 322 613 357 ἁμαρτίας.
635 321 824 357 ’Υπερτίθεται
838 318 885 347 οὗν
905 319 969 354 φλε-

135 366 278 401 γμαίνοντι
293 367 332 402 τῷ
351 366 432 394 πάθει
456 366 606 401 προσάγειν
622 367 671 402 τὴν
691 365 826 401 βοήθειαν,
841 364 887 390 καὶ
902 363 969 399 μετὰ

136 410 261 436 τοσοῦτον
292 411 387 446 χρόνον
409 411 423 436 6
446 410 557 444 ἔλεγχός
579 410 778 444 προσέρχεται·
804 409 851 435 καὶ
873 408 900 433 ἐν
922 407 971 442 μιᾷ,

138 453 233 489 καιροῦ
254 455 323 489 ῥοπῇ
352 455 367 490 ἡ
397 453 526 489 μετάνοια
551 454 598 480 καὶ
622 455 638 488 ἡ
665 454 770 487 ἄφεσις.
788 451 843 479 Καὶ
864 451 971 484 Κύριος

137 495 235 530 ἀφῆκε
251 495 308 530 τὴν
322 496 469 530 ἁμαρτίαν
482 503 549 522 σου.
561 496 592 521 Ὢ
604 495 654 529 τῆς
668 493 823 526 οἰκονομίας
835 492 882 520 τοῦ
897 493 973 519 ἀπει-

137 539 279 574 λήσαντος.
299 539 380 575 Ὁρᾷς
395 539 437 566 ὄτι
454 539 517 572 ὀξὺς
536 540 576 571 εἰς
593 538 747 573 σωτηρίαν;
762 537 846 564 Τοῦτο
862 537 909 563 καὶ
925 536 972 562 ἐπὶ

136 584 192 610 τῶν
205 583 292 610 ἄλλων
310 585 390 617 ποιεῖ,
407 583 546 619 βραδύνων
563 583 612 617 μὲν
627 582 694 618 πρὸς
707 581 875 616 καθαίρεσιν,
891 580 971 615 ταχύ-

138 636 192 654 νων
214 627 243 654 δὲ
266 627 334 663 πρὸς
351 627 503 663 ἀντίληψιν.
522 625 630 653 οἴόν·τι
647 626 731 660 λέγω·
752 625 794 659 ἐφ’
817 624 894 660 ἡμῶν
918 623 972 650 τῶν

138 671 288 706 ἀνθρώπων
303 671 346 698 διὰ
363 671 468 697 πολλῶν
488 671 592 706 χρόνων
602 670 637 696 τὰ
653 677 788 704 κτισματα
801 667 972 695 κατασκευά-

139 714 224 747 ζεται,
236 715 284 742 καὶ
300 715 329 741 ἐν
344 715 433 750 πολλῷ
452 715 539 750 χρόνῳ
551 714 678 748 κτίζομεν
691 711 763 740 οἷκον
773 721 780 728 ·
795 713 841 738 καὶ
857 712 906 746 τῆς
924 711 973 746 μὲν

138 757 283 792 οἰκοδομῆς
295 757 379 789 πολὺς
393 759 406 784 6
426 758 530 794 χρόνος,
546 758 595 792 τῆς
611 757 639 783 δὲ
664 755 850 791 καθαιρέσεως
873 754 972 787 ὀλίγος.

147 800 208 827 Ἐπὶ
229 800 257 826 δὲ
280 800 327 826 τοῦ
350 801 418 827 Θεοῦ
440 800 470 827 τὸ
493 800 627 826 ἀνάπαλιν
639 807 645 814 ·
665 799 730 825 ὅταν
749 797 850 833 κτίζῃς
870 797 974 832 ταχέως

140 843 242 875 κτίζει·
262 844 326 870 ὅταν
345 844 531 879 καταστρέφῃ,
546 844 666 879 βραδέως
678 842 871 877 καταστρέφει.
884 840 975 875 Ταχύς

140 889 154 914 ὁ
169 887 236 919 Θεὸς
255 886 371 919 κτίζων,
385 887 483 922 βραδὺς
509 887 704 922 καταστρέφων
715 895 721 901 ·
739 887 833 922 ἐπειδὴ
859 885 918 920 Θεῷ
942 885 975 911 τὰ

139 930 186 957 δύο
208 931 364 965 πρέποντα·
387 931 433 957 καὶ
457 930 511 965 γὰρ
535 931 633 962 ἐκεῖνο,
646 930 797 965 δυνάμεως,
814 930 861 955 καὶ
883 928 973 959 τοῦτο,

140 973 321 1009 άγαθότητος·
336 973 369 1000 δι’
386 973 538 1009 ὑπερϐολὴν
553 973 694 1008 δυνάμεως
708 974 802 1008 ταχὺς,
818 973 862 999 διὰ
875 972 975 1007 πολλὴν

141 1017 297 1052 ἁγαθότητα
319 1017 431 1052 βραδύς·
454 1017 563 1052 ἐλεγχος
578 1017 607 1043 δὲ
629 1017 683 1043 τῶν
704 1018 845 1052 ῥημάτων,
863 1017 879 1052 ἡ
895 1017 976 1051 πεῖρα

141 1059 195 1086 τῶν
212 1060 392 1095 πραγμάτων.
418 1059 462 1085 Ἐν
482 1058 512 1091 ἐξ
527 1059 645 1094 ἡμέραις
670 1059 797 1094 ἐποίησεν
817 1060 830 1085 ὁ
845 1058 910 1089 Θεὸς
930 1058 976 1084 τὸν

142 1104 255 1138 οὐρανὸν
276 1104 323 1130 καὶ
340 1104 390 1139 τὴν
407 1104 469 1138 γῆν,
490 1104 525 1130 τὰ
547 1104 650 1139 μεγέθη
667 1104 720 1130 τῶν
738 1103 834 1138 ὁρέων,
856 1103 907 1133 τὰς
929 1111 976 1128 πε-

141 1148 242 1180 διάδας,
262 1149 312 1179 τὰς
334 1148 496 1182 φάραγγας,
513 1147 562 1179 τὰς
579 1147 681 1179 νάπας,
708 1147 757 1178 τὰς
771 1146 846 1178 ὕλας,
860 1147 894 1173 τὰ
913 1146 976 1181 βλα-

143 1193 284 1227 στήματα,
305 1192 413 1227 πηγὰς,
437 1192 592 1226 ποταμοὺς,
612 1191 775 1227 παράδεισον
787 1211 794 1223 ,
812 1192 901 1217 πᾶσαν
928 1191 977 1226 τὴν

141 1235 284 1270 ὁρωμένην
297 1235 443 1265 ποικιλίαν,
457 1235 507 1270 τὴν
524 1234 659 1262 θάλατταν
673 1235 774 1269 ταύτην
789 1234 839 1270 τὴν
858 1234 977 1270 μεγάλην

143 1279 189 1306 καὶ
202 1279 367 1314 εὐρύχωρον,
383 1278 430 1310 τὰς
446 1279 553 1314 νήσους,
568 1279 615 1310 τὰς
636 1278 787 1314 παραλίους
801 1278 891 1313 χώρας
902 1298 909 1309 ,
931 1271 990 1304 καῖ’

142 1322 192 1354 τὰς
206 1322 378 1357 μεσογείους·
406 1322 496 1348 πάντα
516 1322 562 1348 τὸν
588 1322 726 1358 ὁρώμενον
751 1322 843 1349 τοῦτον
865 1322 976 1358 κόσμον,

142 1367 190 1393 καὶ
203 1366 233 1392 τὺ
246 1367 275 1392 ἐν
290 1366 362 1401 αὐτῷ
374 1366 482 1397 κάλλος,
503 1367 531 1392 ἐν
545 1365 574 1399 ἓξ
594 1366 712 1401 ἡμέραις
726 1366 853 1401 ἐποίησεν
866 1368 880 1393 6
893 1366 959 1398 Θεός
969 1375 975 1380 ·

143 1410 176 1436 τὰ
193 1411 222 1436 ἐν
242 1409 316 1444 αὐτῷ
333 1409 390 1440 ζῶα
406 1409 440 1435 τὰ
463 1409 569 1444 λογικὰ,
585 1410 632 1436 καὶ
653 1409 688 1435 τὰ
710 1409 804 1444 ἄλογα,
822 1410 869 1436 καὶ
889 1411 978 1436 πᾶσαν

143 1453 192 1488 τὴν
205 1453 347 1488 ὁρωμένην
366 1453 546 1488 διακόσμησιν
563 1454 591 1480 ἐν
607 1453 636 1485 ἓξ
657 1453 774 1489 ἡμέραις
791 1455 873 1483 ποιεῖ.
894 1451 978 1485 Οὗτος

143 1495 189 1524 οῦν
205 1498 218 1524 6
232 1497 316 1532 ταχὺς
332 1498 371 1528 είς
385 1497 415 1523 τὸ
431 1497 543 1529 κτίζειν,
561 1497 605 1523 ὅτε
626 1497 804 1524 ἐϐουλεύσατο
818 1498 882 1532 μίαν
902 1498 978 1524 πόλιν

142 1541 278 1574 καθελεῖν,
304 1541 402 1576 εὐρέθη
426 1541 526 1576 βραδὺς
551 1541 625 1576 [555]
648 1541 681 1567 δι’
707 1542 874 1576 ἁγαθότητα.
901 1542 978 1568 Θέλει

144 1585 267 1612 καθελεῖν
282 1584 331 1620 τὴν
352 1583 466 1620 Ὶεριχὼ,
483 1585 529 1610 καί
546 1593 612 1619 φησι
629 1584 698 1620 πρὸς
711 1585 756 1611 τὸν
773 1585 881 1620 Ἰσραήλ
892 1594 898 1601 ·
920 1587 978 1612 Κυο

144 1628 281 1656 κλώσατε
297 1628 394 1661 αὐτὴν
416 1628 465 1655 ἐπὶ
489 1628 564 1655 ἑπτὰ
588 1628 714 1663 ἡμέρας·
738 1629 788 1656 καὶ
809 1629 846 1663 τῇ
869 1630 978 1664 ἑϐδόμῃ

143 1674 240 1708 ἡμέρᾳ
263 1674 397 1700 πεσεῖται
418 1673 451 1700 τὸ
474 1673 582 1708 τεῖχος.
611 1674 662 1700 Τὸν
688 1675 790 1710 κόσμον
812 1675 871 1701 ὅλον
895 1676 925 1703 ἐν
950 1675 979 1708 ἓξ

144 1718 263 1753 ἡμέραις
277 1717 503 1749 κατασκευάζεις,
513 1718 561 1744 καὶ
575 1717 638 1752 μίαν
651 1718 727 1744 πόλιν
739 1719 767 1744 ἐν
779 1718 850 1745 ἑπτὰ
863 1719 978 1755 ἡμέραις

144 1762 234 1794 λύεις;
250 1762 276 1787 τί
295 1762 349 1795 γὰρ
371 1761 510 1796 ἐμποδίζει
529 1769 575 1787 σου
599 1763 631 1796 τῇ
648 1762 808 1798 δυναστεία;
823 1762 866 1789 διὰ
884 1763 910 1789 τί
924 1764 979 1799 γὰρ

147 1806 184 1841 μὴ
202 1805 299 1842 ἀθρόον
323 1804 482 1840 καθαιρείς;
510 1805 540 1831 οὐ
564 1805 628 1840 περὶ
650 1805 696 1832 σοῦ
724 1806 738 1832 6
766 1807 908 1842 προφήτης
930 1807 979 1842 βοᾷ

145 1849 232 1882 λέγων
244 1856 250 1863 ·
272 1848 340 1874 Ἐὰν
352 1847 479 1881 ἀνοίξῃς
496 1847 550 1874 τὸν
567 1848 708 1881 οὐρανὸν,
729 1849 835 1883 τρόμος
849 1849 979 1883 λήψεται

144 1893 203 1920 ἀπὸ
219 1892 277 1919 σοῦ
294 1892 358 1926 ὄρη,
376 1892 424 1918 καὶ
445 1892 629 1925 τακήσονται
646 1893 686 1924 ὡς
707 1893 797 1926 κηρὸς
816 1893 874 1920 ἀπὸ
888 1902 980 1927 προσ-

144 1936 227 1963 ώπου
235 1936 347 1969 πυρός;
360 1936 390 1961 οὐ
402 1935 435 1961 τὰ
448 1935 516 1971 ἔργα
527 1935 575 1970 τῆς
586 1935 725 1970 δυνάμεώς
737 1944 783 1963 σου
791 1936 978 1971 διηγούμενος,

145 1979 227 2014 φησὶν
243 1980 257 2005 6
269 1972 360 2010 Δαυῖδ,
377 1980 418 2006 υὺ
432 1980 660 2013 φοϐηθησόμεθα
673 1979 708 2005 ἐν
721 1979 761 2012 τῷ
775 1979 979 2013 ταράσσεσθαι

144 2023 203 2057 τὴν
218 2022 288 2057 γῆν,
306 2023 356 2049 καὶ
369 2023 578 2057 μετατίθεσθαι
595 2023 648 2057 ὅρη
665 2024 701 2050 ἐν
714 2023 849 2058 καρδίαις
865 2025 978 2051 θαλασ-

145 2066 225 2099 σῶν;
237 2067 306 2102 Ὄρη
321 2066 386 2102 δύνῃ
401 2066 540 2102 μεθιστᾷν,
553 2067 599 2093 καὶ
615 2067 655 2098 εἰς
670 2067 806 2095 θάλασσαν
823 2068 977 2103 ἐμϐάλλειν,

145 2111 193 2137 καὶ
214 2110 279 2146 μίαν
301 2110 379 2137 πόλιν
393 2111 424 2136 οὐ
444 2110 530 2141 θέλεις
545 2110 669 2136 καθελεῖν
685 2111 878 2145 άντιλέγουσαν
889 2131 895 2143 ,
922 2111 979 2138 ἀλλ’

145 2154 216 2181 ἑπτὰ
232 2154 338 2190 ἡμέρας
358 2154 436 2185 δίδως
451 2155 483 2189 τῇ
500 2153 671 2188 καθαιρέσει;
682 2154 725 2181 διὰ
741 2155 783 2187 τί;
800 2155 855 2189 Οὐχ
869 2155 885 2190 ἡ
901 2155 980 2181 δύνα-

147 2206 204 2233 μις,
228 2197 320 2233 φησιν,
343 2199 448 2229 ἀτονεῖ,
466 2197 522 2224 ἀλλ’
547 2198 563 2232 ἡ
587 2197 775 2233 φιλανθρωπία
797 2198 978 2234 μακροθυμεῖ.

146 2241 246 2276 Δίδωμι
260 2241 330 2267 ἑπτὰ
340 2241 459 2277 ἡμέρας,
477 2241 515 2273 ὡς
531 2242 563 2276 τῇ
575 2241 668 2268 Νινευῒ
684 2243 758 2276 τρεῖς
772 2241 878 2277 ἡμέρας
890 2249 897 2256 ·
916 2242 980 2274 ἴσως

145 2285 250 2317 δέξεται
265 2286 394 2320 κήρυγμα
415 2285 568 2320 μετανοίας,
587 2285 634 2311 καὶ
654 2285 815 2320 σωθήσεται.
827 2287 882 2312 Καὶ
907 2287 948 2318 τίς
967 2289 981 2313 6

146 2328 288 2363 κηρύττων
299 2329 388 2360 αὐτοῖς
399 2328 449 2364 τὴν
465 2329 622 2364 μετάνοιαν;
643 2329 769 2364 Πολέμιοι
783 2329 832 2364 τὴν
843 2329 919 2356 πόλιν
934 2339 983 2356 πε-

148 2371 378 2407 ριετειχίσαντοα·
400 2372 414 2398 6
432 2372 583 2407 στρατηγὸς
603 2373 716 2399 ὲκύκλου
731 2373 765 2399 τὰ
787 2373 880 2409 τείχη·
899 2374 981 2404 πολὺς

146 2417 161 2443 6
175 2415 267 2450 φόϐος,
287 2415 370 2446 πολὺς
390 2416 403 2442 6
421 2415 550 2450 θόρυϐος·
575 2416 655 2443 ποίαν
673 2414 720 2443 οὗν
734 2418 827 2449 αὐτοῖς
849 2417 907 2444 όδὸν
931 2418 981 2452 τῆς

148 2459 292 2494 μετανοίας
304 2457 442 2494 ἁνέῳξας;
460 2459 497 2494 μὴ
513 2459 567 2494 γὰρ
585 2460 727 2495 προφήτην
744 2460 925 2493 ἀπέστειλας;
943 2461 980 2496 μὴ

146 2502 203 2538 γὰρ
224 2502 420 2536 εὐαγγελιστὴν
447 2503 602 2538 διεπέμψω,
627 2504 663 2539 μὴ
685 2504 740 2539 γὰρ
769 2503 804 2540 ἦν
827 2513 870 2536 τις
890 2506 981 2538 αὐτοῖς

148 2545 340 2581 ὑποτιθέμενος
357 2545 386 2572 τὸ
403 2547 557 2581 συμφέρον;
573 2548 636 2578 Ναὶ,
654 2549 746 2583 φησὶν,
764 2546 835 2583 εἶχον
853 2549 926 2576 ἔνδον
940 2550 979 2576 δι-

147 2589 281 2617 δάσκαλον
300 2590 349 2625 τῆς
366 2590 510 2623 μετανοίας
523 2590 571 2626 τὴν
586 2591 743 2628 θαυμαστὴν
757 2593 865 2631 ἐκείνην
884 2593 979 2626 Ῥαὰϐ,

147 2635 182 2669 ἢν
198 2633 289 2660 ἔσωσα
300 2633 344 2660 διὰ
356 2633 510 2668 μετανοίας.
523 2634 575 2660 Τοῦ
591 2635 673 2661 αὐτοῦ
684 2633 718 2671 ἦν
733 2637 908 2672 φυράματος·
924 2637 980 2664 ἀλλ’

148 2675 241 2711 ἐπειδὴ
254 2674 284 2707 ἐξ
297 2675 379 2701 αὐτοῦ
393 2676 442 2701 οὐκ
455 2673 488 2710 ἦν
502 2675 548 2702 τοῦ
559 2677 742 2712 φρονήματος,
758 2679 806 2705 οὐκ
819 2678 981 2713 ἐκοινώνησε

147 2721 181 2756 τῇ
194 2719 318 2756 ἁμαρτίᾳ
330 2720 347 2754 ἡ
365 2720 403 2755 μὴ
423 2721 611 2756 κοινωνήσασα
625 2723 658 2756 τῇ
676 2722 800 2758 ἀπιστίᾳ.

185 2766 216 2790 ε’.
226 2763 280 2790 Καὶ
292 2763 344 2798 ὂρα
356 2771 401 2798 μοι
410 2763 441 2789 τὸ
455 2763 530 2796 ξένον
542 2765 592 2799 τῆς
606 2764 811 2800 φιλανθρωπίας
820 2766 958 2801 κήρυγμα·
969 2768 982 2793 6

150 2807 237 2842 λέγων
252 2807 281 2832 ἐν
294 2807 333 2842 τῷ
348 2807 421 2842 νόμῳ
431 2815 438 2822 ·
453 2808 494 2834 Οὐ
508 2808 692 2842 μοιχεύσεις,
706 2808 737 2835 οὺ
755 2810 922 2845 πορνεύσεις,
940 2819 981 2846 με·

180 2861 192 2879 ⁸
204 2861 266 2891 Reg.
275 2866 342 2885 .unus
356 2863 382 2885 οι
392 2859 467 2885 Savil.
478 2861 700 2892 περιεστοιχὲσανῖο.

537 133 566 160 S.
588 131 733 160 JOANNIS
752 129 994 159 CHRYSOSTOMI
1011 128 1170 156 ARCHIEP.
1189 126 1461 156 CONSTANTINOP.

133 191 233 223 εὐθέως
249 191 280 218 οὐ
301 190 488 227 διωρθώσατο;
515 190 624 226 Ἐπειδὴ
642 188 711 216 οίδεν
735 190 764 215 ἐν
780 190 840 220 ταῖς
865 188 966 222 ἀκμαῖς
982 202 985 205 ‹

1799 125 1853 152 350

1019 186 1144 213 ταϐαλὼν
1157 186 1186 212 τὸ
1204 186 1279 220 ρῆμα
1294 184 1338 211 διὰ
1349 183 1560 219 φιλανθρωπίαν,
1575 183 1624 218 βοᾷ
1639 183 1684 210 διὰ
1697 182 1745 209 τοῦ
1764 191 1854 217 μακα-

1022 231 1079 266 ρίου
1105 230 1208 266 Ἰησοῦ-
1230 229 1321 256 Ῥαὰϐ
1341 229 1360 263 ἠ
1382 229 1477 262 πόρνη
1492 228 1573 260 ζήτω.
1593 228 1696 262 Ἰησοῦς
1718 227 1822 258 ἐκεῖνος
1836 227 1853 253 6

1019 275 1099 310 Ναυῆ
1117 275 1174 306 υίὸς
1186 274 1201 300 6
1216 274 1313 308 λέγων,
1331 274 1363 301 Ἡ
1372 274 1467 307 πόρνη
1485 272 1566 306 ζήτω,
1585 271 1665 299 εἰκὼν
1678 270 1714 307 ἦν
1727 271 1774 298 τοῦ
1793 272 1852 298 Ku-

1022 319 1079 354 ρίου
1098 318 1185 354 Ίησοῦ
1217 318 1263 344 τοῦ
1287 317 1422 351 λέγοντος⁴
1439 317 1548 350 Πόρναι
1568 317 1617 342 καὶ
1638 315 1764 342 τελῶναι
1780 321 1854 349 προ-

1021 362 1150 394 άξουσιν
1162 361 1239 396 ὑμᾶς
1254 362 1297 394 εἰς
1315 360 1372 394 τὴν
1385 360 1549 392 βασιλείαν
1568 359 1627 386 τῶν
1646 358 1792 392 ορρανῶν.
1819 359 1853 385 EI

1021 407 1071 443 ζῇν
1087 407 1199 441 ὀφείλει,
1210 406 1254 432 διὰ
1265 405 1291 432 τί
1302 405 1405 440 πόρνη;
1419 405 1443 430 εἰ
1458 404 1556 439 πόρνη,
1566 403 1609 430 διὰ
1621 403 1647 429 τί
1660 403 1747 439 ζήτω;
1761 401 1852 436 Λέγω,

1022 451 1098 484 φησι,
1114 449 1163 485 τὴν
1180 449 1316 485 προτέραν
1328 448 1504 478 κατάστασιν,
1516 447 1559 474 ἵνα
1570 447 1713 483 θαυμάσῃς
1726 446 1776 482 τὴν
1790 446 1856 472 δευ-

1021 494 1103 529 τέραν
1127 494 1300 528 μετάστασιν.
1315 492 1369 518 Καὶ
1386 491 1412 518 τί
1428 491 1551 526 ἐποίησε,
1563 491 1654 526 φησὶν,
1667 491 1684 526 ἡ
1702 491 1788 517 Ῥαὰϐ
1801 499 1856 517 cm—

1021 537 1118 572 τηρίας
1145 536 1292 571 πρόξενον;
1309 536 1350 562 ὅτι
1371 534 1477 567 ἐδέξατο
1498 535 1561 565 τοὺς
1580 533 1767 565 κατασκόπους
1784 533 1857 569 μετὰ

1022 582 1148 617 εἰρήνης;
1166 580 1252 607 Τοῦτο
1272 580 1318 606 καὶ
1337 579 1532 614 πανδοχεύτρια
1549 579 1628 604 ποιεῖ.
1648 578 1716 604 Ἀλλ’
1734 578 1785 604 οὐκ
1801 577 1856 604 ἀπὸ

1022 624 1071 658 τῆς
1087 624 1186 656 λέξεως
1209 624 1294 659 μόνης
1311 622 1462 658 καρποῦται
1486 622 1534 658 τὴν
1550 621 1770 657 σωτηρίαν,ἀλλὰ
1784 630 1853 656 προ-

1022 668 1182 703 ηγουμένως
1197 669 1250 694 ἀπὸ
1268 667 1316 702 τῆς
1332 666 1459 698 πίστεως,
1476 667 1523 692 καὶ
1539 665 1588 700 τῆς
1604 665 1671 701 πρὸς
1682 665 1748 691 Θεὸν
1764 665 1858 691 διαθέ-

1025 721 1103 744 σεως.
1120 713 1173 738 Καὶ
1192 712 1234 738 ἵνα
1257 711 1345 747 μάθῃς
1363 707 1415 746 ’τὴν
1437 709 1588 746 ὑπερϐολὴν
1608 709 1658 743 τῆς
1675 710 1704 735 ἐν
1724 708 1792 743 αὐτῇ
1810 708 1858 734 πί-

1026 764 1120 787 στεως.
1135 755 1217 782 ἄκουε
1232 755 1316 790 αὐτῆς
1329 755 1379 790 τῆς
1392 754 1504 790 Γραφῆς
1519 753 1697 788 διηγουμένης
1707 752 1742 778 τὰ
1753 760 1859 787 μεμαρ-

1025 800 1166 835 τυρημένα
1186 800 1254 834 αὐτῇ
1270 798 1478 834 κατορθώματα.
1501 796 1555 824 7llv
1570 799 1598 824 ἐν
1618 797 1744 832 πορνείῳ,
1763 796 1860 830 ὧσπερ

1029 844 1200 879 μαργαρίτης
1231 845 1259 870 ἐν
1285 843 1408 878 βορϐόρῳ
1434 841 1682 877 συμπεφυρμένος,
1702 840 1804 875 χρυσὸς
1830 841 1860 866 ἐν

1027 887 1105 922 πηλῷ
1130 887 1339 922 διερῤιμμένος,
1362 886 1442 918 ἄνθος
1457 885 1597 916 εὐσεϐείας
1616 883 1748 915 ἀκάνθαις
1772 892 1861 919 κεχω-

1028 931 1135 966 σμένον,
1146 931 1260 966 εὐσεϐὴς
1275 931 1347 965 ψυχὴ
1359 931 1388 956 ἐν
1399 929 1526 960 ἀσεϐείας
1541 928 1621 964 χώρῳ
1636 928 1860 954 κατεκέκλειστο.

1027 975 1078 1001 Καί
1095 984 1138 1010 μοι
1151 975 1267 1009 πρόσεχε
1279 974 1324 1000 τὸν
1336 974 1396 1000 νοῦν
1413 972 1543 1008 ἀκριϐῶς.
1565 971 1686 1005 Ἑδέξατο
1699 972 1762 1003 τοὺς
1775 980 1861 997 κατα-

1028 1019 1155 1050 σκόπους,
1176 1019 1222 1045 καὶ
1241 1018 1270 1044 ὃν
1285 1017 1439 1053 προέδωκεν
1456 1016 1563 1052 Ἰσραὴλ
1577 1017 1605 1042 ἐν
1623 1017 1655 1051 τῇ
1673 1016 1781 1050 ἐρήμῳ,
1798 1014 1861 1040 τοῦ-

1027 1071 1072 1089 τον
1087 1062 1220 1098 ἐκήρυξεν
1239 1063 1256 1097 ἡ
1278 1061 1362 1088 Ῥαὰϐ
1379 1062 1407 1087 ὲν
1426 1060 1464 1096 τῷ
1482 1060 1607 1095 πορνείῳ.
1622 1056 1682 1086 Οίον
1703 1059 1730 1085 τί
1748 1058 1830 1092 λέγω,
1847 1059 1862 1084 6

1034 1106 1142 1141 Ἰσραὴλ
1155 1106 1184 1132 ἐν
1198 1107 1231 1140 τῇ
1247 1106 1356 1140 ἐρήμῳ;
1376 1105 1438 1131 Ὅτε
1455 1103 1486 1130 τὸ
1507 1104 1568 1137 ὅρος
1586 1102 1765 1138 ἐπεπλήρωτο
1783 1102 1862 1136 νεφέ-

1027 1150 1086 1185 λης,
1105 1151 1152 1176 καὶ
1171 1150 1282 1184 γνόφου,
1311 1150 1356 1176 καὶ
1382 1148 1548 1181 σαλπίγγων,
1569 1148 1615 1173 καὶ
1631 1146 1792 1181 ἀστραπῶν,
1815 1146 1863 1172 καὶ

1028 1194 1082 1220 τῶν
1095 1193 1182 1220 ἄλλων
1197 1193 1349 1228 φοϐἠτρων,
1372 1193 1471 1226 ἡκουσέ
1486 1191 1561 1227 παρὰ
1577 1190 1623 1217 τοῦ
1639 1190 1707 1216 Θεοῦ
1726 1191 1759 1216 ἐκ
1779 1189 1862 1223 μέσον

1027 1238 1074 1264 τοῦ
1089 1237 1174 1272 πυρός
1184 1245 1191 1251 ’
1207 1238 1309 1263 Ἄκουε
1325 1235 1463 1270 Ἰσραήλ·
1478 1236 1584 1269 Κύριος
1597 1236 1614 1261 ὁ
1627 1235 1698 1267 Θεός
1714 1242 1785 1265 σου,
1803 1235 1863 1260 Κύ-

1024 1291 1090 1316 ριος
1103 1279 1148 1314 εἷς
1161 1281 1263 1307 ἐστιν·
1279 1281 1335 1307 οὐκ
1347 1280 1469 1306 ἔσονταί
1485 1287 1534 1306 σοι
1549 1279 1608 1306 θεοὶ
1624 1279 1734 1312 ἕτεροι·
1756 1278 1815 1312 ἐγὼ
1828 1278 1864 1304 ἐν

1027 1325 1068 1358 τῷ
1081 1324 1197 1359 οιῖιρανῷ
1218 1325 1289 1356 ἅνω,
1306 1324 1353 1351 καὶ
1368 1325 1402 1350 ἐν
1417 1323 1454 1358 τῇ
1474 1323 1511 1358 τῇ
1527 1323 1614 1353 κάτω,
1629 1323 1677 1349 καὶ
1691 1322 1775 1356 πλὴν
1790 1321 1863 1356 ἐμοῦ

1030 1369 1101 1402 Θεὸς
1113 1370 1168 1396 οὐκ
1187 1368 1263 1404 [5541
1275 1368 1340 1394 ἐστι
1350 1377 1357 1383 -
1371 1367 1458 1394 ταῦτα
1470 1367 1575 1394 ἁκούων
1590 1367 1603 1392 ὁ
1624 1366 1742 1401 Ἰσραὴλ,
1763 1366 1863 1401 μόσχον

1028 1413 1173 1454 ἐχώνευσε,
1188 1413 1235 1439 καὶ
1255 1413 1321 1439 Θεὸν
1344 1412 1492 1447 ἡθέτησεν·
1506 1412 1622 1446 ἠγνόησε
1642 1412 1687 1437 τὸν
1712 1411 1862 1446 Δεσπότην,

1029 1457 1139 1491 ἀπέγνω
1150 1457 1195 1483 τὸν
1207 1456 1364 1492 εὐεργέτην,
1381 1456 1428 1483 καὶ
1444 1455 1517 1489 λέγει
1532 1455 1571 1490 τῷ
1588 1455 1693 1490 Ἀαρών
1703 1463 1710 1469 ·
1729 1456 1864 1487 Ποίησον

1028 1501 1100 1535 ἡμῖν
1118 1501 1214 1533 θεούς.
1240 1501 1272 1526 Εἰ
1295 1500 1386 1531 θεοὺς,
1407 1499 1452 1526 διὰ
1466 1500 1492 1525 τί
1506 1499 1653 1532 ποίησον;
1671 1498 1729 1530 πῶς
1756 1499 1814 1524 θεοὶ
1830 1499 1865 1524 τὰ

1029 1544 1174 1579 γινόμενα;
1201 1543 1293 1574 Οὕτως
1318 1544 1334 1578 ἡ
1355 1543 1439 1569 κακία
1462 1541 1668 1577 τυφλώττουσα,
1692 1541 1761 1577 αὐτὴ
1779 1542 1864 1576 ἑαυτῇ

1031 1587 1156 1622 μάχεται,
1173 1586 1220 1613 καὶ
1240 1586 1338 1620 ἑαυτὴν
1357 1585 1491 1620 ἀφανίζει.
1504 1583 1550 1617 Εἷς
1568 1585 1674 1618 ἐγένετο
1690 1585 1802 1619 μόσχος,
1818 1585 1865 1610 καὶ

1030 1631 1080 1666 βοᾷ
1092 1632 1105 1657 6
1118 1631 1264 1666 ἀχάριστος
1282 1630 1388 1665 Ἰσραήλ
1398 1638 1404 1645 ·
1418 1628 1505 1657 Οὗτοι
1521 1630 1548 1656 οἱ
1563 1629 1624 1656 θεοί
1638 1636 1706 1660 σου,
1728 1629 1864 1662 Ἰσραὴλ,

1029 1676 1056 1701 οἱ
1074 1674 1270 1709 ἐξαγαγόντες
1289 1682 1326 1700 σε
1343 1673 1377 1700 ἐκ
1392 1673 1448 1708 γῆς
1463 1673 1624 1707 Αἰγύπτου.
1647 1671 1725 1699 Οὗτοι
1745 1674 1769 1698 οἱ
1791 1672 1848 1698 θεοί

1029 1718 1077 1745 ἕνα
1092 1718 1184 1754 βλέπει
1199 1719 1308 1753 μόσχον,
1324 1717 1353 1744 ἓν
1371 1718 1401 1744 τὸ
1415 1717 1556 1752 γινόμενον
1569 1717 1687 1748 εἴδωλον,
1703 1717 1748 1743 διὰ
1764 1716 1792 1742 τί
1808 1714 1866 1749 οὖν,

1032 1759 1119 1788 Οὗτοι
1135 1763 1162 1787 ol
1177 1762 1239 1788 θεοί
1250 1768 1259 1792 ;
1270 1761 1327 1787 Ἵνα
1343 1761 1425 1795 δείξῃ,
1439 1761 1478 1787 ὅτι
1490 1761 1538 1795 οὐχ
1549 1761 1563 1786 ὃ
1576 1760 1668 1795 βλέπει
1683 1760 1763 1795 μόνον
1781 1769 1866 1795 προσ-

1031 1805 1116 1836 κυνεῖ,
1131 1803 1198 1830 ἀλλά
1212 1803 1357 1829 πολυθεῖαν
1379 1803 1558 1836 φαντάζεται·
1576 1803 1625 1837 τὴν
1644 1803 1757 1837 γνώμην
1779 1804 1867 1838 ἑρμη-

1030 1847 1113 1878 νεύει,
1129 1847 1160 1873 οὐ
1180 1847 1210 1873 τὸ
1230 1847 1390 1882 φαινόμενον
1411 1847 1507 1882 κρίνει.
1523 1847 1580 1873 Ἵνα
1597 1847 1624 1873 δὲ
1639 1848 1678 1878 εἰς
1701 1847 1732 1872 τὸ
1756 1847 1867 1882 προκεί-

1031 1900 1111 1925 μενον
1127 1891 1316 1925 ἐπανέλθωμεν
1332 1891 1423 1923 πάλιν,
1445 1890 1462 1917 ἃ.
1476 1891 1590 1925 ἤκουσεν
1607 1890 1724 1925 Ἰσραὴλ,
1744 1891 1758 1917 6
1772 1890 1866 1917 τοσού-

1029 1943 1084 1966 τοις
1099 1934 1363 1970 περιστοιχιζόμενος
1380 1934 1508 1969 θαύμασι,
1522 1934 1569 1960 καὶ
1580 1934 1699 1969 τοσούτῳ
1714 1934 1791 1969 νόμῳ
1805 1943 1866 1960 παι-

1030 1979 1247 2014 δαγωγούμενος,
1272 1978 1319 2004 καὶ
1342 1979 1490 2014 ἠρνήσατο,
1509 1978 1596 2005 ταῦτα
1616 1980 1632 2013 ἡ
1658 1978 1744 2005 Ῥαὰϐ
1762 1979 1864 2005 ἀποκε-

1031 2022 1176 2058 κλεισμένη
1198 2023 1226 2048 ὲν
1255 2022 1293 2056 τῷ
1321 2022 1438 2057 πορνείῳ
1462 2022 1608 2057 κηρύττει·
1635 2022 1708 2056 λέγει
1733 2023 1788 2058 γὰρ
1810 2024 1866 2054 τοῖς

1031 2066 1229 2097 κατασκόποις’
1249 2066 1397 2100 Ἔγνωμεν
1409 2065 1468 2092 ὅσα
1488 2066 1632 2100 ἐποίησεν
1654 2068 1670 2092 o'
1686 2067 1759 2098 Θεὸς
1783 2066 1865 2100 ὑμῶν

1031 2110 1093 2142 τοῖς
1106 2110 1285 2144 Αὶγυπτίοις.
1304 2110 1333 2136 ’0
1345 2110 1469 2141 Ἰουδαῖος
1483 2110 1571 2144 λέγει·
1588 2108 1674 2137 Οὗτοι
1687 2111 1714 2136 οὶ
1730 2111 1795 2137 θεοί
1808 2119 1865 2137 σου

1032 2155 1058 2180 οἱ
1073 2153 1269 2188 ἐξαγαγόντες·
1284 2162 1321 2180 σε
1335 2154 1369 2180 ἐκ
1385 2153 1441 2187 γῆς
1454 2153 1614 2188 Αἰγύπτου,
1628 2154 1674 2180 καὶ
1689 2154 1705 2188 ἡ
1721 2154 1820 2188 πόρνη,
1835 2154 1864 2180 οὑ

1031 2197 1112 2229 θεοῖς,
1131 2197 1197 2224 ἀλλᾶ
1214 2197 1273 2232 Θεῷ
1295 2197 1441 2232 ἐπιγράφει
1467 2198 1517 2232 τὴν
1537 2197 1683 2232 σωτηρίαν.
1711 2198 1866 2232 Ἔγνωμεν

1031 2241 1089 2268 ὅσα
1103 2243 1119 2268 ὀ
1129 2241 1201 2273 Θεὸς
1216 2241 1297 2275 ὑμῶν
1310 2241 1436 2274 ἐποίησε
1452 2241 1690 2275 τοῖς-Αἰγυπτίοις
1700 2241 1735 2268 ἐν
1749 2241 1788 2275 τῇ
1799 2242 1866 2275 ἐρή-

1028 2294 1084 2320 μῳ,
1099 2285 1149 2312 καὶ
1168 2286 1354 2319 ἠκούσαμεν,
1370 2285 1418 2311 καὶ
1431 2284 1521 2318 ἐτάκη
1540 2284 1624 2319 ἡμῶν
1643 2286 1662 2318 ἠ
1681 2285 1799 2318 καρδία,
1817 2286 1864 2312 καὶ

1031 2329 1120 2364 ἰσχὺς
1136 2329 1171 2355 ἐν
1182 2328 1253 2363 ἡμῖν
1264 2330 1318 2355 οὐκ
1335 2329 1429 2355 ἐστιν.
1441 2329 1592 2362 Ἓγνωμεν
1605 2327 1662 2354 ὅσα
1671 2330 1687 2355 ό
1696 2329 1768 2361 Θεὸς
1783 2329 1865 2361 ὐμῶν

1029 2373 1166 2406 ἐποίησε.
1186 2372 1299 2404 Βλέπεις
1320 2371 1378 2403 πῶς
1393 2372 1578 2407 ἀναλαμϐάνει
1599 2372 1646 2398 τοῦ
1672 2373 1819 2407 νομοθέτου
1835 2373 1866 2399 τὸ

1032 2417 1108 2452 ῥῆμα.
1120 2417 1163 2443 διὰ
1177 2416 1312 2448 πίστεωςς
1327 2415 1382 2443 Καὶ
1398 2414 1475 2445 οἶδα,
1491 2415 1535 2442 ὅτι
1555 2417 1571 2442 o'
1585 2415 1658 2448 Θεὸς
1675 2415 1760 2450 ὑμῶν
1775 2417 1811 2442 ἐν
1827 2416 1864 2449 τῷ

1031 2460 1147 2494 οὐρανῷ
1171 2460 1242 2491 ἀνω,
1267 2460 1316 2487 καὶ
1337 2460 1372 2486 ἐν
1388 2459 1425 2494 τῇ
1443 2459 1481 2494 γῇ
1498 2459 1585 2492 κάτω,
1605 2461 1654 2486 καὶ
1670 2459 1757 2494 πλὴν
1771 2460 1864 2488 αὑτοῦ

1032 2505 1104 2537 Θεὸς
1117 2505 1172 2531 οὐκ
1188 2504 1283 2530 ἔστιν.

1066 2547 1155 2575 Εἰκὼν
1167 2548 1217 2582 τῆς
1235 2547 1425 2582 Ἐκκλησίαςὴ
1442 2547 1526 2573 Ῥαὰϐ
1542 2547 1591 2582 τῆς
1604 2556 1668 2574 ποτε
1687 2548 1865 2583 πεφυρμένης

1030 2593 1063 2628 τῇ
1079 2591 1191 2626 πορνείᾳ
1213 2592 1268 2617 τῶν
1293 2591 1438 2625 δαιμόνων,
1463 2591 1609 2626 δεχομένης
1620 2591 1648 2617 δὲ
1663 2591 1712 2618 νῦν
1734 2592 1800 2624 τοὺς
1818 2593 1863 2619 τοῦ

1032 2635 1152 2671 Χριστοῦ
1168 2635 1368 2667 κατασκόπους,
1385 2635 1415 2661 οὐ
1429 2636 1491 2667 τοὺς
1509 2636 1584 2670 παρὰ
1611 2635 1698 2670 Ἰησοῦ
1713 2636 1763 2662 τοῦ
1775 2637 1862 2671 Ναυῆ,

1032 2680 1099 2707 ἀλλὰ
1113 2679 1175 2710 τοὺς
1203 2679 1368 2710 ἀποστόλους
1387 2680 1449 2711 τοὺς
1473 2680 1548 2715 παρὰ
1565 2680 1652 2716 Ἰησοῦ
1673 2680 1720 2706 τοῦ
1737 2680 1862 2716 ἀληθινοῦ

1033 2724 1158 2759 Σωτῆρος
1176 2723 1410 2758 ἀπεσταλμένους,
1426 2724 1551 2758 Ἔπηλων,
1573 2724 1670 2759 φησὶν,
1691 2724 1736 2750 ὅτι
1756 2726 1773 2751 ὁ
1794 2725 1863 2757 Θεὸς

1033 2767 1116 2802 ὑμῶν
1131 2767 1166 2793 ἐν
1185 2766 1224 2798 τῷ
1244 2767 1361 2801 οὐρανῷ
1375 2767 1445 2799 ἅνω,
1471 2767 1520 2794 καὶ
1543 2768 1576 2794 ἐν
1593 2766 1629 2801 τῇ
1645 2766 1684 2801 τῇ
1705 2767 1793 2800 κάτω,
1815 2769 1861 2795 καὶ

1034 2811 1118 2844 πλὴν
1134 2810 1226 2837 αὐτοῦ
1239 2811 1309 2843 Θεὸς
1324 2811 1379 2837 οὐκ
1394 2810 1468 2837 ἐστι.
1482 2810 1574 2837 Ταῦτα
1589 2811 1744 2845 παρέλαϐον
1756 2812 1781 2838 al
1803 2812 1862 2838 Ἰου-

1035 2856 1112 2888 δαῖοι,
1132 2853 1178 2880 καὶ
1199 2853 1249 2880 οὐκ
1264 2853 1411 2888 ἐφύλαξαν·
1429 2854 1514 2882 ταῦτα
1532 2854 1646 2889 ἤκουσεν
1668 2855 1685 2889 ἡ
1706 2854 1860 2890 Ἐκκλησία,
