1978 3130
152 153 200 181 5‘39

152 215 305 249 primordiis
331 218 490 243 excmcatam
521 210 687 246 peccantium
721 208 854 239 animam,
880 206 941 240 quia

155 263 281 290 obturatas
294 265 371 288 erant
381 267 459 287 aures
475 265 578 289 eorum,
593 264 653 283 cum
673 255 699 282 in
710 253 867 288 profundum
881 258 943 286 pec-

153 309 200 336 cati
233 307 352 335 demersi
378 309 477 333 essent.
508 303 599 331 ltiliert
631 309 694 335 ergo
721 298 832 326 tumenti
864 296 943 324 animi

156 354 248 383 morbo
257 352 386 380 auxilium
401 351 554 382 admovere,
568 352 682 383 postque
699 350 800 374 tantum
816 341 944 377 temporis

155 400 240 435 prodit
261 398 505 431 correctio;atque
529 395 554 422 in
584 401 637 421 uno
659 391 787 427 temporis
807 392 944 417 momento

151 444 307 481 poenitentia
332 447 359 470 et
382 441 514 470 remissio.
531 439 564 466 Et
590 438 712 465 Dominus
740 435 835 462 dimisit
857 441 945 468 pecca-

151 476 203 517 ium
227 495 309 516 tuum.
328 487 351 515 0
371 485 595 522 dispensationem
620 479 822 510 comminantis!
850 476 945 506 Viden’

150 535 219 570 quod
248 535 329 562 velox
358 533 392 560 sit
414 532 447 559 ad
478 529 610 558 salutem?
640 527 668 555 Id
695 532 721 554 et
746 527 772 553 in
800 524 858 552 aliis
883 522 945 550 facit

151 581 259 608 tardans
274 579 382 614 quidem
406 577 439 604 ad
460 575 682 604 destructionem,
695 572 727 599 ad
752 570 944 606 protectionem

150 635 216 654 vero
236 633 394 660 properans.
409 622 528 657 Exempli
550 628 646 653 causa,
662 618 731 654 apud
754 625 802 644 nos
823 616 945 643 homines

150 673 235 699 multo
246 676 368 705 tempore
381 669 491 697 :edilicia
514 670 714 698 construuntur,
726 664 861 697 multoque
877 667 946 688 tetu-

153 727 219 754 pore
229 718 339 745 domum
354 716 516 744 aedificamus
531 723 537 740 :
549 718 628 748 atque
637 712 718 746 ipsius
729 714 866 737 structura?
876 707 945 734 mul-

151 769 206 791 tum
216 768 258 791 est
268 762 408 796 temporis,
420 768 513 796 parum
525 766 588 786 vero
594 756 789 785 destructionis.
802 755 828 781 In
838 755 891 781 Deo
900 761 946 779 au-

152 815 205 837 tem
219 808 386 835 Contrarium
397 805 492 834 accidit
510 813 516 831 :
530 811 590 831 cum
599 802 720 832 a‘dilieat,
729 800 856 828 velociter
868 797 947 825 mdili-

151 861 194 884 cat
206 865 212 882 :
228 864 288 883 cum
303 853 427 885 destruit,
437 851 510 878 tarde
525 849 646 877 destruit.
656 847 739 874 Velox
751 846 820 873 Deus
830 850 944 876 struens,

153 903 245 930 tardus
256 902 366 929 diruens
376 909 383 925 τ
393 899 454 934 quia
468 897 523 924 Deo
535 896 591 922 hmc
599 894 678 921 ambo
686 892 846 920 conveniunt
861 900 867 917 :
884 889 946 917 illud

151 950 223 977 enim
242 948 368 983 potentia:
386 951 437 978 est,
449 944 499 971 hoc
515 942 658 970 bonitatis:
677 939 801 976 potentia:
815 937 947 966 excellen-

155 996 189 1022 tia
202 995 291 1024 velox.
303 991 487 1027 magnitudine
498 988 622 1016 b0uitatis
641 986 740 1014 tardus.
755 985 946 1019 Argumentum

153 1040 297 1067 verborum
310 1042 352 1065 est
363 1035 525 1071 experientia
534 1041 634 1061 rerum.
645 1032 697 1059 Sex
706 1030 799 1058 diebus
808 1029 869 1056 fecit
879 1028 947 1054 Deus

154 1085 248 1112 calum
264 1089 292 1111 et
307 1088 420 1114 terram,
436 1079 631 1116 magnitudines
643 1077 771 1104 montium
782 1096 788 1106 .
804 1074 926 1110 planities
939 1094 945 1105 ,

154 1132 246 1164 valles,
261 1130 355 1160 saltus,
369 1128 469 1164 sylvas,
486 1127 599 1162 plantas,
615 1124 710 1155 fontes,
726 1122 832 1149 llumina
843 1141 850 1153 ,
867 1126 945 1155 para—

154 1178 253 1210 disum,
269 1175 402 1203 visibilem
418 1180 524 1201 omnem
537 1172 692 1198 varietatem
704 1191 711 1201 ,
727 1169 778 1196 hoc
800 1175 875 1195 mare
889 1174 946 1193 ma-

154 1231 234 1258 gnum
257 1227 284 1249 et
307 1221 466 1256 spatiosum,
482 1218 590 1250 insulas,
603 1216 750 1243 maritimas
768 1215 890 1250 regiones
901 1234 908 1246 ,
921 1216 948 1240 et

157 1269 389 1299 mediterraneas;
416 1273 522 1294 onmem
554 1264 626 1291 hunc
657 1262 787 1289 visibilem
820 1260 948 1287 mundum

155 1316 267 1351 ejusque
280 1312 503 1349 pulchritudinem
515 1318 561 1338 sex
571 1309 666 1337 diebus
680 1308 741 1335 fecit
750 1308 818 1334 Deus
829 1315 835 1334 :
847 1307 948 1333 anima-

156 1362 188 1390 lia
199 1362 225 1388 in
236 1368 269 1388 eo
284 1359 433 1392 rationalia,
445 1362 472 1384 et
485 1355 656 1386 irrationalia,
665 1360 834 1387 omnemque,
845 1351 889 1387 qui
901 1351 949 1378 sub

156 1412 292 1444 aspectum
306 1406 386 1438 cadit,
404 1409 525 1431 ornatum
546 1410 592 1430 sex
607 1402 701 1429 diebus
716 1399 828 1435 perlicit.
844 1399 890 1425 llic
902 1397 949 1433 igi-

157 1459 201 1481 tur
218 1459 271 1480 tam
284 1452 361 1479 velox
387 1451 414 1478 in
438 1449 627 1480 construendo,
649 1454 709 1474 cum
734 1445 895 1473 deliberaret
914 1444 948 1471 de

158 1508 210 1527 una
231 1497 392 1526 destruenda
411 1497 487 1528 urbe,
510 1495 600 1523 tardus
619 1494 653 1521 ob
668 1494 811 1521 bonitatem
827 1496 948 1524 repertus

155 1551 209 1573 est.
226 1545 289 1571 Vult
311 1542 494 1571 .Ierichuntem
518 1541 633 1572 diruere,
649 1545 675 1566 et
694 1539 731 1565 ait
751 1537 784 1564 ad
804 1536 948 1564 Israclem:

156 1592 268 1619 Circuile
281 1599 336 1616 eam
349 1594 443 1624 septem
458 1588 553 1618 diebus.
568 1592 590 1613 et
611 1586 716 1620 septima
729 1585 769 1611 die
779 1585 852 1611 cadet
864 1591 950 1609 murus

158 1637 225 1672 (los.
242 1638 268 1663 6.
280 1637 307 1664 '5.
318 1635 357 1670 5).
374 1634 501 1662 Mundam
516 1633 668 1660 universum
680 1639 726 1658 sex
740 1630 832 1657 condis
844 1629 948 1661 diebus,

158 1688 187 1710 et
204 1690 284 1709 unam
305 1681 399 1708 urbem
430 1684 530 1714 septem
553 1678 647 1705 diebus
671 1677 773 1704 solvis?
789 1675 852 1710 quid
877 1679 949 1701 tuam

158 1728 270 1762 impedit
284 1725 451 1761 potentiam?
465 1732 513 1752 cur
527 1731 585 1750 eam
606 1726 716 1757 repente
739 1730 791 1749 non
814 1720 950 1748 destruis?

158 1781 247 1800 annon
261 1773 296 1800 de
316 1776 342 1799 te
366 1772 463 1798 clamat
486 1770 629 1804 propheta,
648 1769 749 1800 dicens,
766 1767 795 1794 Si
822 1765 950 1802 aperueris

158 1819 259 1851 cwlum,
274 1823 368 1844 tremor
381 1826 396 1843 a
409 1822 432 1843 te
446 1820 540 1842 montes
550 1814 690 1849 occupabit,
705 1819 728 1840 et
739 1813 873 1848 liquescth
885 1811 950 1844 sicut

158 1873 215 1891 cera
237 1873 253 1890 a
271 1864 338 1898 facie
358 1863 424 1898 ignis
437 1861 511 1897 (Isui.
523 1861 567 1888 64.
586 1861 611 1888 l.
627 1859 678 1895 2)?
692 1867 779 1885 annon
805 1857 883 1884 David
904 1864 952 1890 po-

161 1911 249 1939 tentia:
275 1915 328 1937 tua:
351 1917 432 1944 opera
458 1915 569 1934 narrans
593 1906 640 1938 ait,
655 1904 715 1932 Non
730 1903 870 1930 timebimus
891 1903 950 1929 dum

161 1957 301 1983 turbabitur
315 1960 392 1987 terra,
409 1960 431 1980 et
453 1954 636 1988 transferentur
654 1955 750 1978 montes
763 1951 789 1976 in
811 1958 854 1976 cor
873 1949 951 1975 maris

161 2002 245 2039 (Psal.
259 2003 304 2030 45.
317 2003 333 2029 5
347 2002 372 2036 )?
386 2001 488 2028 Montes
503 1999 649 2027 transferre
659 2003 686 2025 et
708 1998 733 2024 in
753 2004 827 2024 mare
841 1996 951 2031 injicere

162 2055 245 2084 potes,
262 2054 344 2082 atque
362 2047 455 2074 urbem
475 2053 553 2072 uuam
574 2048 764 2079 repugnantem
783 2050 835 2069 non
849 2042 889 2068 vis
902 2041 950 2068 de-

161 2100 280 2127 struere,
297 2094 344 2121 sed
374 2097 476 2127 septem
499 2092 557 2119 dies
580 2090 684 2118 excidio
707 2088 820 2116 tribuis?
846 2086 951 2123 quare?

161 2141 216 2169 Non
232 2140 363 2175 potentia,
376 2139 477 2173 inquit,
499 2137 598 2169 delicit,
622 2135 669 2162 sed
693 2134 831 2161 clementia
852 2133 952 2160 diutius

162 2187 258 2214 tolerat
272 2195 278 2212 :
294 2186 329 2213 do
344 2190 446 2220 septem
460 2184 517 2211 dies
529 2204 536 2215 ,
552 2187 582 2209 ut
606 2181 720 2209 triduum
743 2181 843 2208 Ninivac
860 2188 868 2207 ε
882 2180 951 2207 forte

161 2232 270 2267 recipiet
285 2230 448 2266 pteniteutire
461 2229 688 2264 przedicationem,
705 2232 731 2254 et
749 2227 860 2253 salutem
888 2233 952 2253 cou-

161 2283 298 2313 sequetur.
314 2276 348 2303 Et
361 2277 421 2311 quis
434 2275 473 2303 eis
488 2274 650 2309 paenitentia:
666 2272 842 2307 przedicator?
856 2271 952 2298 Hostes

162 2325 253 2352 urbem
283 2324 536 2357 circumsepserant,
551 2320 603 2347 dux
629 2319 812 2347 circumdabat
837 2325 949 2345 muros:

162 2377 272 2405 magnus
300 2375 397 2399 terror.
412 2369 506 2402 ingens
528 2366 655 2393 tumultus
672 2372 768 2400 :quam
798 2371 861 2398 ergo
887 2363 952 2397 ipsis

162 2416 326 2452 ptenitentia:
340 2416 410 2441 viam
426 2413 552 2448 aperuisti
564 2413 575 2438 ?
588 2419 649 2438 num
663 2410 820 2446 prophetam
831 2408 946 2436 misisti?

161 2470 223 2490 num
235 2459 448 2496 evangelistam?
462 2466 524 2485 num
539 2458 598 2492 quis
611 2459 668 2484 erat
684 2456 750 2482 inter
765 2463 811 2482 eos
821 2475 828 2486 ,
842 2455 886 2489 qui
899 2461 929 2480 ea
943 2474 950 2486 ,

161 2515 218 2542 qmc
245 2507 334 2535 facere
363 2505 527 2535 conveniret,
551 2502 722 2537 suggereret?
744 2501 840 2532 Etiam,
856 2499 950 2534 inquit,

163 2554 292 2581 habebant
308 2553 380 2579 intus
403 2550 564 2586 pceniteutite
586 2549 731 2579 doctorem,
748 2546 895 2573 mirabilem
919 2545 951 2572 il—

161 2602 210 2627 lam
226 2600 329 2631 Bahab,
342 2606 422 2633 quam
434 2605 481 2631 per
491 2595 672 2630 pmnitcutiam
685 2594 785 2621 salvam
801 2592 858 2619 feci.
875 2591 952 2626 Ejus-

161 2649 220 2676 dem
232 2651 293 2676 erat
305 2653 415 2678 masszc,
430 2644 476 2672 sed
491 2644 551 2679 quia
563 2642 682 2677 ejusdem
698 2649 749 2668 non
765 2645 822 2668 erat
842 2644 950 2667 senten-

163 2696 214 2727 tias.
228 2703 281 2723 non
301 2691 510 2722 communicavit
525 2695 642 2725 peccato,
658 2696 717 2724 quae
735 2695 787 2715 non
803 2685 951 2714 communi-

164 2743 233 2770 cavit
246 2739 439 2769 incredulitati.

195 2789 220 2816 5.
242 2788 275 2814 Et
289 2786 350 2813 vide
364 2784 430 2812 mihi
446 2791 541 2810 novam
552 2781 702 2810 clementia:
718 2780 950 2815 praedicationem:

160 2834 202 2864 aui
227 2834 253 2860 in
278 2833 339 2868 lege
367 2831 447 2861 dicit,
465 2829 524 2856 Non
538 2828 700 2856 mica/laberis
714 2826 808 2862 (Exod.
824 2826 868 2853 ΞΟ.
886 2825 950 2860 14),

158 2887 209 2908 non
236 2877 429 2912 fornicaberis,
446 2877 496 2904 hoc
514 2875 625 2904 verbum
651 2877 758 2909 propter
782 2871 950 2900 clementiam

719 148 763 176 DE
782 145 1013 175 POENITENTIA.
1034 144 1148 172 IIOMIL.
1171 143 1225 172 γη.

1734 144 1785 171 550

997 208 1103 231 mutans
1115 203 1213 231 clamat
1235 209 1282 237 per
1302 201 1407 228 beatum
1431 200 1521 229 Jesum
1536 210 1542 228 :
1559 200 1648 228 Bahal;
1667 202 1786 228 meretrix

996 252 1061 278 vivat
1077 250 1143 286 (los.
1160 250 1187 278 6.
1207 249 1267 285 I7)!
1281 249 1359 277 Jesus
1385 249 1430 276 ille
1459 249 1527 276 lilius
1546 249 1627 282 Nave,
1640 249 1684 284 qui
1709 249 1784 282 dicit,

997 296 1119 324 Meretrix
1138 296 1213 328 vivat,
1229 296 1316 329 imago
1339 299 1396 322 erat
1421 295 1523 322 Domini
1544 295 1615 327 Jcsu,
1632 295 1676 330 qui
1699 295 1785 323 dicit:

997 341 1141 368 Meretrices
1152 345 1175 367 et
1188 340 1315 376 publicani
1329 340 1468 375 prwcedcnt
1482 347 1524 366 vos
1536 340 1562 368 in
1577 348 1654 375 regno
1665 341 1785 368 telorum

997 386 1103 421 (Matth.
1115 386 1160 412 21.
1178 385 1234 420 3t).
1251 385 1278 413 Si
1291 385 1380 412 vivere
1389 385 1477 418 debet,
1490 393 1571 420 quare
1584 387 1711 414 meretrix
1726 387 1786 413 est?

997 434 1020 460 si
1034 433 1171 464 meretrix,
1185 440 1268 468 quare
1290 432 1380 459 vivat?
1395 432 1468 466 Dico,
1483 432 1578 467 inquit,
1592 433 1706 467 priorem
1730 438 1785 460 sta-

998 483 1064 511 tum,
1077 486 1129 513 quo
1152 483 1307 513 sequentem
1334 478 1438 504 mireris
1463 479 1646 505 mutationem.
1666 479 1700 505 Et
1723 479 1785 514 quid

996 524 1072 557 iecit,
1089 525 1200 559 inquies,
1216 524 1310 552 Rabab
1325 524 1394 559 quod
1417 523 1450 551 ad
1474 524 1585 551 salutem
1605 524 1783 552 conduceret?

996 571 1066 606 quod
1079 572 1263 606 exploratores
1276 579 1336 598 cum
1356 578 1420 605 pace
1431 570 1599 604 susceperit?
1614 570 1669 597 Hoc
1687 575 1714 597 et
1734 570 1785 597 ho-

997 619 1065 652 spita
1079 617 1150 643 facit.
1167 618 1200 644 At
1216 624 1267 643 non
1287 624 1319 643 ex
1338 617 1397 643 solo
1421 623 1545 644 sermone
1559 616 1670 643 salutem
1693 623 1788 643 consc-

997 665 1104 698 quitur;
1119 663 1164 691 sed
1180 663 1312 698 prmcipue
1331 671 1363 689 ex
1384 662 1435 690 lide
1454 667 1480 690 et
1494 662 1591 690 alTectu
1612 670 1674 697 erga
1693 662 1787 689 Deum.

998 712 1085 745 Atque
1099 715 1128 737 ut
1141 710 1228 737 discas
1245 710 1305 737 lidci
1320 710 1391 736 illius
1404 709 1623 745 magnitudinem,
1639 709 1700 736 audi
1712 717 1786 736 eam-

997 757 1057 784 dem
1072 757 1155 791 ipsam
1169 755 1344 790 Scriptorum,
1358 756 1415 790 ejus
1435 755 1561 790 prteclara
1583 760 1657 789 gesta
1677 762 1787 782 narran-

1000 807 1053 829 tem
1067 806 1146 841 atque
1162 806 1313 829 testantem.
1331 801 1395 828 Erat
1408 801 1433 828 in
1448 801 1550 828 fornice
1561 821 1567 832 ,
1584 808 1632 827 ceu
1647 801 1789 836 margarita

999 848 1024 874 in
1035 855 1112 875 emno
1125 848 1240 874 volutata
1250 867 1258 880 ,
1273 855 1365 874 aurum
1389 847 1536 882 projectum
1562 847 1588 874 in
1612 847 1666 874 luto
1679 847 1782 881 jaccns,

999 893 1047 921 llos
1062 893 1167 928 pietatis
1182 894 1265 928 spinis
1279 893 1389 920 obrutus
1400 913 1407 925 ,
1425 893 1466 926 pia
1487 893 1574 919 anima
1596 892 1622 919 in
1646 893 1789 926 impleta-tis

999 939 1059 966 loco
1083 939 1301 966 concludehatur.
1316 939 1430 965 Mentem
1450 938 1514 965 mihi
1528 938 1671 973 diligenter
1682 938 1787 965 adhibe.

1000 984 1111 1019 Excepit
1136 985 1328 1018 exploratores,
1355 989 1382 1011 et
1407 992 1486 1018 quem
1512 984 1626 1019 prodidit
1653 984 1732 1011 Israel
1763 984 1788 1010 in

999 1030 1105 1057 deserto
1118 1051 1125 1063 ,
1139 1030 1209 1056 hunc
1235 1030 1387 1064 pra-dicavit
1413 1030 1504 1056 Rabab
1525 1030 1552 1056 in
1575 1030 1703 1065 lupanari.
1717 1030 1785 1063 Quid

999 1083 1118 1103 memoro
1146 1076 1226 1102 Israel
1250 1076 1275 1102 in
1302 1076 1507 1103 deserto?(;um
1533 1084 1609 1103 mons
1638 1077 1790 1112 replebatur

999 1122 1070 1149 nube
1091 1125 1118 1148 et
1143 1122 1264 1157 caligine,
1278 1122 1356 1153 tubis,
1371 1123 1514 1156 fulguribus
1528 1143 1535 1154 ,
1550 1123 1661 1157 aliisque
1685 1123 1790 1150 terribi-

999 1167 1079 1201 libus,
1095 1167 1195 1194 audivit
1209 1175 1223 1193 a
1244 1168 1298 1194 Deo
1320 1167 1353 1194 de
1377 1167 1464 1194 medio
1490 1168 1557 1202 ignis
1574 1177 1580 1194 :
1601 1168 1668 1195 Audi
1683 1168 1766 1196 Israel
1783 1176 1790 1184 ·

1000 1213 1125 1240 Dominus
1150 1214 1216 1240 Deus
1244 1218 1311 1246 tuus,
1326 1213 1449 1240 Dominus
1473 1222 1536 1241 unus
1560 1219 1595 1241 est
1609 1214 1696 1250 (Deut.
1711 1215 1737 1242 6.
1749 1214 1789 1250 4).

1001 1259 1062 1286 Non
1075 1264 1147 1287 erunt
1161 1259 1204 1285 tibi
1221 1259 1258 1285 dii
1269 1259 1314 1286 alii
1328 1259 1477 1295 (Exod.20.
1490 1260 1529 1293 It).
1547 1259 1601 1295 Ego
1614 1261 1639 1286 in
1653 1260 1713 1287 uelo
1732 1269 1790 1287 sur~

1000 1314 1055 1333 sum
1068 1305 1129 1332 etin
1145 1309 1212 1331 terra
1226 1305 1352 1336 deorsum,
1363 1310 1388 1332 et
1409 1310 1499 1339 praeter
1526 1314 1564 1332 me
1587 1314 1637 1332 non
1662 1311 1697 1332 cst
1722 1305 1791 1333 Deus

1003 1351 1090 1387 (Deut.
1109 1351 1136 1378 4.
1151 1351 1207 1386 59).
1223 1351 1285 1378 Ιιωο
1302 1351 1413 1378 audiens
1427 1351 1507 1377 Israel
1522 1351 1631 1378 vitulum
1653 1351 1790 1382 conﬂavit,

1002 1397 1137 1432 Deumque
1150 1397 1303 1432 reprobavit
1318 1406 1324 1424 :
1337 1397 1466 1431 ignoravit
1478 1397 1627 1429 Dominum,
1641 1397 1791 1431 repudiavit

1002 1442 1208 1474 benefactorem,
1223 1448 1250 1470 et
1260 1442 1324 1470 dicit
1338 1443 1435 1470 Aaroni
1448 1451 1454 1470 :
1466 1442 1521 1469 Fac
1532 1442 1601 1469 nobis
1616 1442 1682 1470 Deos
1694 1443 1789 1479 (Exod.

1001 1488 1094 1523 52.1).
1104 1489 1131 1516 Si
1142 1489 1188 1520 dii,
1200 1496 1281 1524 quare
1293 1489 1370 1520 dicis,
1385 1489 1446 1525 fac?
1459 1489 1593 1524 quomodo
1606 1489 1653 1523 dii,
1669 1490 1692 1517 si
1709 1491 1793 1517 ﬁant?

1001 1535 1152 1562 Sicmalitia
1168 1539 1312 1568 exciecata,
1327 1542 1417 1562 secum
1432 1536 1487 1569 ipsa
1501 1540 1609 1570 pugnat,
1622 1536 1792 1570 semetipsum

1002 1582 1125 1609 destruit.
1137 1581 1212 1609 Unus
1229 1581 1315 1608 factus
1327 1585 1369 1609 est
1387 1582 1496 1615 vitulus,
1510 1587 1537 1609 et
1558 1582 1655 1610 clamat
1674 1583 1793 1617 ingratus

1002 1627 1083 1655 Israel
1099 1636 1106 1654 :
1126 1626 1160 1653 Hi
1179 1627 1215 1653 dii
1238 1628 1284 1658 tui,
1298 1625 1396 1659 Israel,
1409 1627 1450 1661 qui
1474 1627 1611 1654 eduxerunt
1633 1632 1656 1654 te
1675 1629 1705 1654 de
1727 1633 1791 1655 terra

1002 1673 1111 1709 JEgypti
1123 1673 1220 1707 (Exod.
1244 1673 1288 1700 52.
1299 1673 1336 1708 4).
1353 1672 1388 1699 Hi
1407 1673 1443 1699 dii
1457 1681 1466 1700 :
1480 1681 1559 1700 unum
1580 1673 1650 1701 videt
1670 1674 1791 1706 vitulum,

1003 1727 1084 1746 unum
1096 1719 1192 1746 factum
1207 1719 1306 1746 idolum
1319 1726 1326 1751 ;
1342 1726 1389 1746 cur
1399 1726 1462 1753 ergo
1476 1719 1502 1746 Ιιὶ
1518 1720 1576 1746 dii?
1595 1719 1628 1747 Ut
1641 1720 1792 1747 ostenderet

1002 1771 1032 1792 se
1047 1773 1098 1791 non
1113 1765 1194 1791 modo
1208 1765 1233 1791 id
1249 1764 1318 1799 quod
1332 1763 1570 1797 videbatadorare,
1583 1765 1630 1792 sed
1642 1770 1668 1792 et
1681 1765 1791 1792 deorqu

1003 1811 1182 1845 pluralitatem
1198 1810 1352 1845 contingere
1366 1819 1372 1837 :
1387 1811 1546 1838 sententiam
1563 1818 1637 1837 suam
1659 1811 1791 1845 interpre-

1005 1861 1084 1888 tatur,
1100 1864 1153 1884 uon
1172 1861 1260 1884 autem
1287 1856 1312 1884 id
1327 1856 1396 1891 quod
1411 1856 1516 1884 videtur
1524 1856 1635 1890 judicat.
1652 1856 1686 1883 Ut
1703 1861 1792 1884 autent

1003 1903 1036 1929 ad
1052 1902 1217 1937 propositum
1241 1905 1416 1934 revertamur,
1435 1910 1495 1936 quae
1520 1902 1619 1929 audivit
1639 1900 1738 1935 Israel,
1754 1905 1793 1928 tot

1002 1950 1196 1983 circumseptus
1222 1950 1368 1983 portentis,
1382 1953 1409 1976 et
1435 1952 1507 1975 tanta
1529 1948 1646 1975 imbutus
1670 1947 1745 1984 lege,
1767 1952 1793 1974 et

1005 2000 1093 2022 tamen
1107 1994 1220 2029 negavit,
1238 1994 1295 2021 ha-e
1305 1994 1397 2022 Rahah
1411 1994 1437 2021 in
1451 1993 1571 2029 lupanari
1587 1994 1686 2020 inclusa
1699 1992 1793 2027 praedi.

1004 2046 1046 2067 cat
1063 2049 1069 2067 :
1085 2040 1150 2066 dicit
1164 2039 1234 2066 enim
1246 2039 1459 2073 exploratoribus
1471 2060 1478 2070 ,
1491 2038 1615 2065 Nouimus
1627 2043 1721 2072 quanta
1732 2038 1791 2074 fecit

1005 2085 1072 2112 Deus
1096 2091 1174 2112 vester
1200 2084 1331 2120 zEgyptiis
1346 2084 1412 2119 (los.
1428 2085 1455 2111 2.
1469 2084 1507 2119 9).
1522 2084 1629 2111 Juda-us
1649 2084 1732 2116 dicit,
1757 2083 1793 2110 Hi

1003 2135 1060 2158 sunt
1080 2131 1115 2157 dii
1137 2130 1182 2163 tui,
1197 2131 1239 2163 qui
1260 2130 1400 2157 eduxerunt
1420 2135 1443 2156 te
1456 2129 1487 2155 de
1500 2134 1566 2156 terra
1577 2128 1793 2164 AEgyptHExod.

1004 2178 1048 2205 52.
1061 2178 1088 2212 4)
1101 2185 1108 2209 ;
1122 2181 1150 2205 et
1163 2178 1290 2204 meretrix
1303 2184 1356 2203 non
1368 2175 1429 2208 diis,
1442 2175 1487 2203 sed
1500 2175 1556 2203 Deo
1568 2175 1680 2202 salutem
1694 2175 1794 2202 adscri-

1005 2224 1042 2251 bit
1055 2233 1061 2250 :
1077 2224 1200 2250 Nouimus
1211 2227 1304 2257 quanta
1317 2221 1389 2249 Deus
1400 2226 1479 2248 vester
1489 2221 1547 2255 fecit
1561 2220 1692 2256 {Egyptiis
1706 2221 1732 2247 in
1746 2221 1792 2247 de-

1004 2274 1070 2297 serto
1083 2290 1091 2302 ,
1107 2275 1129 2296 et
1145 2270 1303 2302 audivimus,
1320 2273 1343 2295 et
1365 2268 1527 2303 liquefactth
1550 2273 1586 2294 est
1602 2275 1646 2294 cor
1667 2272 1791 2299 nostrum,

1005 2320 1028 2343 et
1050 2315 1170 2350 fortitudo
1194 2323 1243 2341 non
1266 2319 1302 2341 est
1328 2315 1354 2340 in
1369 2313 1449 2340 nobis.
1471 2312 1595 2339 Nouimus
1618 2317 1712 2347 quanta
1738 2313 1795 2347 fecit

1006 2361 1074 2389 Deus
1084 2366 1171 2388 vester.
1189 2360 1269 2388 Vides
1289 2359 1423 2395 quomodo
1446 2359 1540 2393 recipit
1559 2359 1719 2393 legislatoris
1735 2366 1796 2385 ver-

1006 2407 1068 2433 bum
1096 2414 1143 2440 per
1162 2405 1262 2433 fidem?
1277 2404 1310 2431 Et
1331 2405 1388 2431 navi
1406 2404 1473 2439 quod
1497 2404 1565 2431 Deus
1580 2409 1658 2431 vester
1681 2404 1708 2430 in
1734 2405 1795 2430 aulo

1006 2461 1124 2484 sursum,
1139 2457 1161 2479 et
1174 2452 1200 2478 in
1220 2456 1286 2478 terra
1304 2451 1421 2478 deorsum
1438 2455 1482 2477 .‘et
1497 2455 1587 2485 pra'ter
1612 2458 1668 2477 eum
1691 2459 1742 2477 non
1761 2455 1796 2476 est

1008 2499 1086 2526 Deus.

1044 2545 1133 2573 Ita/tab
1149 2544 1269 2572 Ecclesia:
1289 2545 1382 2579 ﬁgura.
1394 2559 1430 2564 —
1441 2543 1533 2570 Rahah
1543 2548 1583 2570 est
1602 2544 1683 2578 ﬁgura
1702 2542 1795 2570 Eccle-

1007 2592 1054 2618 sia:
1069 2592 1094 2618 in
1118 2591 1293 2618 fornicatione
1315 2589 1465 2616 daemonum
1485 2589 1549 2615 olim
1567 2588 1710 2620 volutatur,
1727 2595 1796 2614 nunc

1007 2645 1073 2665 vero
1098 2636 1195 2664 Christi
1222 2635 1403 2671 exploratores
1426 2634 1607 2668 suscipientis,
1620 2641 1674 2660 non
1694 2641 1708 2659 a
1733 2632 1795 2659 .Iesu

1005 2684 1077 2712 Nave
1089 2683 1155 2717 ﬁlio,
1168 2682 1215 2710 sed
1229 2690 1243 2709 a
1258 2682 1321 2709 .lesu
1334 2689 1399 2708 vero
1414 2682 1558 2708 Scrvatore
1573 2681 1670 2706 missos
1682 2684 1792 2711 aposto-

1005 2731 1056 2758 los.
1068 2730 1144 2762 Novi,
1160 2729 1246 2763 inquit
1256 2750 1263 2759 .
1278 2727 1345 2764 quod
1362 2727 1427 2754 Deus
1438 2732 1516 2754 vester
1528 2728 1555 2752 iu
1569 2726 1631 2752 casio
1645 2733 1761 2757 sursum,
1772 2732 1793 2751 et

1004 2777 1032 2803 in
1056 2781 1121 2802 terra
1135 2775 1251 2801 deorsum
1268 2782 1277 2801 :
1291 2779 1314 2800 et
1329 2778 1419 2809 praeter
1433 2781 1489 2799 eum
1511 2780 1560 2799 non
1585 2775 1621 2798 est
1643 2770 1712 2797 Deus
1728 2769 1796 2804 (Jac.

1005 2822 1033 2849 2.
1051 2822 1105 2858 ll).
1124 2821 1185 2848 lla‘c
1197 2824 1358 2854 acceperunt
1373 2818 1468 2848 Judaai.
1484 2822 1512 2846 et
1531 2825 1583 2845 non
1595 2816 1794 2844 custodierunt:

1007 2868 1066 2896 haec
1093 2866 1193 2895 audivit
1211 2865 1352 2900 Ecclesia,
1378 2870 1405 2893 ct
1428 2864 1588 2893 observavit.
1612 2863 1694 2900 Digna
1720 2861 1794 2897 igitur
