1978 3130
204 137 253 164 531

201 192 273 219 οηιηί
287 188 366 219 laude
378 191 481 222 Raltab.
495 192 620 220 Ecclesia
633 195 729 229 imago.
745 195 833 228 Quare
846 204 992 230 generosus

202 239 299 265 Paulus
318 246 378 266 cum
394 238 453 272 ejus
480 239 542 266 lidei
567 239 722 275 dignitatem
746 241 914 274 edidicisset,
940 251 993 270 non

201 292 260 311 eam
275 284 415 318 reprobam
431 288 527 320 putans
547 285 582 312 ob
599 286 714 320 priorcnt
728 292 825 314 statum
835 308 842 320 ,
856 288 903 315 sed
918 296 993 316 acce-

199 330 322 364 ptabiletn
332 330 367 356 ob
377 330 493 358 divinam
504 331 688 365 mutationem,
696 340 754 360 eam
764 335 862 360 sanctis
871 334 993 362 omnibus

197 381 375 403 connutncrat
387 386 393 404 :
407 382 434 404 et
449 383 588 412 postquam
603 378 716 411 dixerat,
731 378 796 406 Fide
814 379 876 406 Abel
894 381 994 415 sacri/i-

198 424 265 448 cium
286 422 384 454 obtulit,
399 423 449 455 ﬁde
460 423 587 449 Abraham
610 424 660 450 hoc
683 429 710 452 et
735 424 799 451 illud
825 425 990 461 lecit(Hebr.

199 466 284 502 11.4)
294 488 300 499 ,
322 467 374 494 lide
386 467 442 495 Noe
462 476 550 495 arcam
567 468 639 501 fecit,
655 469 706 506 ﬁde
717 470 823 506 Moyses
837 471 893 498 bare
908 477 934 499 et
948 472 991 499 illa

197 513 325 547 praeclare
351 518 423 548 gesta
452 514 554 545 edidit;
582 522 613 542 ac
641 516 738 543 mullos
764 516 862 544 deinde
883 523 990 546 sanctos

195 565 391 587 memoraverat
422 560 527 588 tandem
542 561 655 596 adjecit,
671 561 737 589 Fide
761 563 848 590 Rultub
874 566 991 592 meretrix

195 613 245 632 non
259 607 332 640 periit
346 614 402 632 cum
416 606 560 639 incredulis,
573 609 744 642 exploratores
757 609 893 643 excipiens.
905 616 928 637 et
938 611 990 638 alia

194 653 233 678 via
249 653 375 679 remittens
390 652 481 687 (Hebr.
498 653 540 679 11.
555 654 612 689 51).
628 654 663 681 Et
682 654 742 682 vide
756 656 889 690 quomodo
907 657 988 685 multa

195 706 255 725 cum
281 699 410 733 sapientia
435 699 627 727 humanitatem
653 705 725 728 tuam
759 703 986 737 attemperaverit.

193 743 259 770 Nam
274 751 333 771 cum
344 752 361 781 _a
375 752 437 779 rege
453 746 526 772 missi
544 750 606 773 sunt
622 747 666 780 qui
680 747 866 781 exploratores
881 750 988 784 perqui-

193 794 284 817 rerent
294 810 301 823 ,
317 790 408 817 dicunt
419 791 454 825 ci,
468 791 498 818 Si
511 792 618 827 ingressi
630 798 687 819 sunt
702 793 736 819 ad
748 799 771 821 te
784 795 831 821 viri
839 794 905 829 (los.
920 796 947 822 2.
958 797 985 823 5.

192 834 220 869 4)
231 834 242 859 ‘!
253 835 391 869 respondit
403 837 442 863 eis
454 857 462 869 ,
477 837 561 864 Etiam
576 838 688 873 ingressi
699 844 771 866 sunt.
786 839 875 868 Primo
889 841 986 869 verita-

192 883 246 906 tem
260 880 384 913 :cdil‘tcat,
394 885 472 916 atque
485 882 520 909 ita
534 883 703 911 mendacium
716 885 824 913 inducit.
836 887 984 923 Numquam

191 924 263 951 enittt
277 926 442 954 mendacium
459 935 505 962 per
514 936 542 955 se
551 929 677 962 creditur,
694 931 744 958 nisi
756 932 894 959 veritatem
911 934 984 968 prius

190 971 334 998 ostendere
347 974 526 1007 occupaverit.
544 973 606 1002 Ideo
620 976 664 1010 qtti
674 976 754 1003 modo
769 977 802 1004 ad
823 979 984 1012 persuaden-

189 1015 253 1042 dum
270 1022 331 1051 apto
348 1018 521 1053 mentiuntur,
543 1021 630 1054 printo
653 1029 715 1048 vera
734 1023 827 1050 dicunt
846 1028 925 1059 atque
939 1033 981 1060 ea,

188 1070 248 1096 qum
263 1063 333 1098 apud
345 1071 440 1092 ontnes
459 1066 485 1092 itt
501 1066 625 1094 confesso
647 1072 725 1101 sunt;
743 1076 773 1096 ac
786 1069 883 1098 deinde
905 1079 982 1099 meu-

188 1108 262 1136 dacia
278 1114 305 1136 ct
317 1109 396 1137 dubia
413 1111 549 1139 ittducunt.
567 1113 680 1148 ingressi
696 1120 758 1142 sunt
771 1116 803 1143 ad
819 1121 844 1144 te
858 1118 982 1152 explora-

189 1159 261 1182 tores
275 1154 452 1190 ircspondct,
471 1158 565 1185 Etiam.
582 1159 610 1186 Si
626 1161 698 1187 enim
717 1169 730 1187 a
743 1162 876 1196 principio
898 1164 980 1190 dixis-

188 1205 238 1232 set,
251 1200 318 1234 Non,
334 1202 365 1228 ad
380 1203 536 1231 scrutiniutn
552 1211 724 1239 provocasset
739 1215 795 1239 eos,
807 1209 850 1242 qui
866 1209 980 1236 advenev

187 1251 256 1273 rant.
266 1246 328 1279 Sed,
341 1247 374 1274 Et
384 1248 495 1284 ingressi
508 1254 579 1282 suttt,
591 1251 686 1285 inquit,
701 1256 728 1279 ct
741 1254 842 1287 egressi
857 1260 918 1281 suttt
931 1255 980 1282 hac

186 1292 243 1320 via:
253 1294 453 1329 perseqttintini,
463 1300 489 1323 et
498 1297 732 1331 comprehcndetis
741 1307 797 1326 cos.
807 1299 829 1327 0
838 1302 977 1335 pulchrunt

186 1339 354 1366 mendacium
368 1340 374 1366 !
391 1348 406 1366 ο
421 1341 560 1375 pulchrum
571 1342 672 1377 dolttttt,
687 1344 774 1372 divina
796 1354 849 1372 ttott
865 1348 978 1381 proden-

185 1388 250 1415 tem.
270 1385 317 1413 sed
344 1386 470 1420 pietatem
493 1388 708 1417 custodientem!
725 1391 753 1418 Si
782 1392 860 1426 igitur
887 1393 978 1422 llahab

184 1431 255 1458 illam
272 1432 424 1466 pmnitentia
450 1434 535 1462 salute
554 1435 660 1470 dignam
683 1437 784 1471 ell‘ecit,
801 1443 827 1466 et
852 1440 907 1474 ipsa
931 1449 978 1475 per

184 1483 335 1505 sanctorum
352 1486 398 1506 ora
413 1480 572 1513 prmdicatur
582 1503 589 1514 ,
603 1482 665 1509 Jesu
682 1483 752 1511 Nave
764 1485 788 1511 itt
804 1485 912 1513 deserto
923 1487 977 1514 ela-

183 1528 282 1556 'llattlc,
305 1524 374 1551 Vivat
394 1525 482 1552 lia/iub
507 1528 640 1559 "mretrix,
658 1529 740 1556 Paulo
753 1536 840 1558 autettt
859 1532 973 1566 dicente,

185 1570 248 1596 Fide
264 1570 353 1597 lia/tab
369 1573 486 1599 meretrix
499 1582 549 1600 nun
566 1575 638 1608 periit
659 1584 716 1602 cum
730 1585 779 1604 non
796 1579 953 1606 credentibus
965 1589 974 1607 :

181 1621 281 1650 quanto
296 1618 381 1652 magis
396 1627 444 1645 nos
458 1619 478 1646 si
498 1621 682 1653 ptenitentiam
700 1623 884 1658 exhibeamus,
901 1627 972 1653 salu-

182 1666 235 1688 tent
261 1665 478 1698 consequemur?
495 1665 661 1694 Pocuitentire
687 1673 791 1703 tempus
813 1678 884 1698 nunc
908 1677 972 1699 est:

180 1707 274 1742 ingens
287 1710 358 1736 ettim
370 1710 449 1738 timor
465 1711 544 1738 instat
563 1713 758 1742 imminentium
783 1723 949 1750 peccatorum
964 1741 971 1752 ,

181 1754 230 1780 nisi
245 1755 401 1789 supplicium
412 1762 552 1790 prtevcrtat
573 1760 738 1792 pmnitcntia.
764 1761 973 1798 Pus-occupemus

179 1800 269 1834 facient
283 1801 337 1835 ejus
351 1801 376 1827 in
387 1803 544 1838 confessione
556 1803 640 1840 (l’sal.
653 1806 696 1833 94.
711 1806 738 1841 2)
752 1816 758 1833 :
774 1809 972 1844 exstinguatnus

180 1850 351 1879 peccatorum
374 1855 484 1882 rogum,
509 1858 562 1876 tton
589 1852 679 1879 multis
707 1854 792 1888 aquis,
807 1856 853 1882 sed
881 1858 971 1891 parvis

178 1891 312 1927 lacrytttis.
324 1892 421 1920 Multus
434 1899 475 1921 est
490 1895 557 1929 ignis
572 1898 682 1930 peccati,
705 1905 731 1925 et
746 1905 832 1927 tantett
859 1903 970 1930 modicis

177 1937 301 1973 lacrytnis
313 1939 487 1974 exstinguitur
503 1950 509 1967 :
525 1951 585 1968 nam
602 1943 726 1979 latrytttte
739 1948 911 1982 citstinguunt
924 1958 969 1977 ro—

176 1990 239 2016 gum
265 1981 446 2018 peccatorum,
462 1991 489 2013 et
520 1989 619 2022 peccati
645 1990 766 2018 fauorem
790 1993 912 2022 abluunt.
941 1996 967 2023 id

177 2029 333 2057 testiﬁcatur
361 2031 454 2058 beatus
483 2033 563 2060 David
588 2034 700 2069 dicens,
714 2042 741 2064 et
754 2044 852 2073 quanta
871 2042 904 2068 sit
929 2043 968 2070 vis

175 2076 351 2111 lacrymarunt
366 2080 510 2106 ostendens
523 2089 529 2107 :
545 2080 645 2108 Lavabo
657 2104 664 2116 ,
687 2084 786 2118 ittquit,
799 2095 844 2120 per
854 2088 967 2123 singulas

174 2123 360 2150 nocteslectum
374 2133 466 2158 meum,
483 2131 506 2152 et
530 2126 650 2162 lacrymis
671 2131 732 2156 meis
755 2136 861 2159 stratum
884 2143 966 2162 meum

173 2169 260 2204 riga/ro
275 2170 358 2204 (ρδιιι.
373 2170 399 2198 6.
414 2172 451 2206 7).
468 2173 548 2205 Atqui
572 2175 594 2200 si
618 2174 794 2211 lacrytnarutn
817 2180 964 2208 ubertatem

173 2216 300 2243 voluisset
315 2218 466 2251 ostendere,
482 2220 546 2247 satis
559 2226 616 2248 erat
627 2223 740 2255 dixisse,
759 2225 890 2262 Lacr'yntis
904 2230 965 2256 meis

172 2266 277 2288 stratum
291 2271 373 2289 meum
391 2265 478 2299 rigui/0
493 2274 502 2292 :
515 2273 563 2293 cur
577 2276 641 2303 ergo
662 2272 791 2303 praemisit
812 2273 875 2300 illud
887 2296 893 2307 ,
912 2275 964 2302 Lu-

171 2308 254 2334 rabo?
270 2308 301 2336 Ut
314 2311 436 2338 ostendat
448 2311 583 2341 lavacrum
597 2319 624 2342 et
638 2316 771 2350 piaculum
791 2327 961 2354 peccatorum

170 2361 229 2380 esse
243 2354 384 2390 lacryntas.

205 2399 232 2426 6.
258 2399 365 2427 l’eccata
389 2404 499 2430 omnium
520 2414 597 2432 causa
623 2409 758 2437 malorum.
780 2427 816 2432 ——
839 2413 961 2442 Omnium

168 2453 247 2471 causa
259 2447 386 2474 ntalorum
397 2454 457 2476 suttt
473 2457 577 2484 peccata
588 2462 594 2479 :
607 2460 712 2489 propter
723 2465 829 2491 peccata
843 2460 959 2495 dolores,

169 2495 278 2525 propter
303 2498 410 2526 peccata
434 2497 579 2531 ttttttttltus,
608 2505 717 2535 propter
742 2511 849 2537 peccata
873 2507 959 2540 bella,

168 2537 272 2569 morbi,
287 2543 313 2564 et
335 2544 462 2574 quotquot
485 2543 560 2570 nobis
585 2546 708 2573 accidunt
730 2555 822 2577 sanatu
838 2537 960 2580 difﬁciles

166 2582 345 2617 :egritudincs.
361 2586 587 2618 Quemadmodum
602 2591 681 2625 igitur
693 2595 785 2628 optimi
798 2599 891 2626 medici
907 2609 958 2628 non

167 2629 246 2656 modo
261 2636 420 2664 apparentes
432 2634 538 2662 morbos
553 2638 702 2670 explorant.
713 2641 760 2668 sed
772 2643 851 2671 etiam
866 2653 957 2674 eorum

165 2681 273 2701 causata
288 2681 440 2704 scrutantur
454 2688 461 2706 :
476 2678 511 2707 ita
530 2685 557 2708 et
569 2682 695 2711 Servator
709 2688 851 2717 ostendere
867 2692 959 2720 volens

166 2720 284 2748 omnium
299 2730 358 2756 quae
371 2722 523 2752 hominibus
537 2728 692 2763 contingunt
705 2733 834 2762 ntalorum
850 2744 956 2765 causam

165 2773 224 2793 esse
240 2773 374 2801 peccatum
387 2790 394 2802 ,
410 2771 556 2807 paralytico
571 2772 634 2801 dicit
647 2795 654 2806 ,
670 2778 730 2811 quia
745 2786 840 2815 nempe
853 2783 959 2812 videbat

165 2811 209 2838 ille
222 2814 368 2841 attimarunt
383 2817 502 2844 medicus
512 2825 573 2845 eum
586 2820 673 2848 anima
688 2824 769 2857 prius,
783 2827 880 2856 deinde
895 2838 956 2858 cor-

165 2865 229 2892 pore
253 2862 424 2897 paralyticum
435 2884 442 2897 ,
457 2864 513 2898 ait,
527 2865 633 2900 inquam
645 2888 652 2901 ,
671 2868 708 2897 illi
725 2879 732 2897 :
750 2872 814 2902 Em:
827 2884 901 2904 sanus
916 2880 956 2911 [tt-

572 137 600 165 S.
616 137 755 166 JOANNIS
773 138 1008 168 CHRYSOSTOMI
1023 141 1181 170 ARCHIEP.
1197 143 1463 175 CONSTANTINOP.

1791 154 1844 180 '53!

1056 201 1111 224 ctus
1122 205 1148 224 es
1161 218 1167 228 ,
1180 199 1232 226 noli
1243 201 1353 235 amplius
1366 210 1477 236 peccare,
1493 213 1524 231 ne
1535 207 1595 237 quid
1608 208 1650 234 tibi
1664 209 1776 238 deterius
1787 219 1846 238 cun-

1046 242 1126 277 tingat
1139 243 1234 278 (Joan.
1245 245 1271 272 5.
1286 246 1340 281 M).
1360 247 1441 283 igitur
1453 255 1478 276 et
1493 252 1668 284 prarcedentis
1681 255 1845 284 inﬁrmitatis

1046 295 1127 316 causa
1141 295 1279 324 peccatum
1297 298 1372 326 erat;
1388 294 1413 321 id
1428 294 1516 324 damni
1530 305 1608 326 causa
1619 319 1626 331 ,
1641 299 1667 327 id
1688 301 1802 335 doloris,
1819 303 1845 330 id

1045 335 1202 364 calamitatis
1218 338 1347 366 universae
1357 341 1476 368 materia.
1490 342 1620 371 Cancrum
1633 345 1698 373 illud
1710 347 1840 380 admiror,

1045 382 1180 414 quomodo
1198 383 1242 417 qui
1256 382 1327 411 hunc
1340 384 1459 413 dolorem
1474 387 1508 414 ab
1523 388 1598 416 initio
1613 390 1715 419 homini
1732 393 1843 421 dederat

1045 425 1115 452 Deus
1130 432 1238 462 propter
1251 435 1398 462 peccatum,
1413 434 1543 461 sententia
1557 438 1718 464 sententiam
1732 439 1840 474 solvat,

1046 475 1073 497 et
1087 471 1310 502 condemnatione
1320 476 1566 506 condemnationem
1577 481 1675 515 ejiciat.
1688 483 1840 519 Quomodo,

1043 517 1115 544 attdi.
1131 518 1195 545 Data
1209 525 1249 546 est
1263 521 1367 548 tristitia
1387 529 1496 558 propter
1512 531 1649 560 peccatum
1659 549 1666 562 ,
1682 535 1710 557 et
1724 538 1774 565 per
1790 517 1840 558 tri-'-

1041 563 1139 590 stitiant
1155 570 1291 599 peccatum
1303 568 1424 596 solvitur.
1436 569 1550 599 Attende
1561 573 1702 609 diligenter
1714 563 1839 605 {mulieri

1042 610 1208 638 comminans
1227 611 1298 639 Deus
1310 632 1318 646 ,
1333 618 1360 640 et
1384 621 1490 650 propter
1505 620 1751 652 praevaricationem
1775 631 1840 658 sup-

1040 654 1148 688 plicium
1168 656 1307 691 inducens,
1323 659 1358 686 ait
1372 660 1408 687 illi
1422 670 1427 686 :
1440 660 1473 688 In
1487 662 1573 691 dolare
1585 666 1668 700 paries
1677 667 1746 701 ﬁlios
1761 654 1837 704 (Gen.

1039 700 1067 728 5.
1083 701 1136 736 16)
1153 710 1159 729 :
1175 703 1344 739 ostenditque
1364 705 1477 733 fructum
1497 711 1597 742 peccati
1619 700 1681 740 esse
1702 700 1836 742 dolorem.

1039 746 1092 774 Sed
1104 768 1112 780 ,
1128 756 1145 775 ο
1167 750 1335 784 magniﬁcum
1349 752 1355 779 l
1370 753 1440 786 quod
1461 754 1534 781 dedit
1556 756 1589 783 ad
1615 759 1775 793 supplicium
1788 782 1794 792 ,
1811 762 1836 788 itt

1038 792 1151 820 salutem
1171 796 1290 822 mutavit.
1306 796 1446 825 Peccatum
1463 799 1582 828 dolorem
1597 792 1700 837 peperit
1717 814 1725 832 :
1741 805 1836 834 dolore

1038 843 1175 872 peccatum
1197 842 1361 877 consumpsit
1384 852 1390 869 :
1413 849 1441 871 et
1454 846 1676 879 quemadmodum
1697 852 1798 878 vermis
1820 860 1836 879 e

1037 883 1108 918 ligno
1129 890 1206 912 natus
1227 887 1313 921 ipsunt
1326 888 1425 923 lignum
1447 893 1595 926 consumit,
1611 894 1650 922 sic
1670 900 1699 922 et
1719 897 1798 924 dolor
1819 906 1835 925 e

1036 935 1146 963 peccato
1170 936 1248 959 natus
1267 939 1403 967 peccatum
1429 938 1562 970 consumit
1579 947 1625 974 per
1648 943 1834 975 ptenitcntiam

1036 975 1172 1003 ittducttts.
1194 977 1360 1013 Quapropter
1384 980 1481 1008 Paulus
1504 983 1592 1012 dixit:
1607 986 1671 1019 Quae
1694 990 1834 1017 secundum

1035 1020 1116 1048 Deum
1130 1028 1164 1048 est
1185 1024 1285 1050 tristitia
1300 1026 1469 1060 paenitentiam
1483 1030 1509 1055 in
1522 1031 1627 1058 salutent
1639 1034 1755 1061 stabilem
1770 1044 1833 1070 ope-

1034 1072 1104 1093 ratur
1120 1067 1158 1103 (2.
1171 1068 1229 1095 Car.
1245 1070 1270 1096 7.
1288 1071 1342 1106 10).
1358 1071 1430 1100 Bona
1446 1079 1487 1101 est
1501 1075 1606 1104 tristitia
1620 1086 1683 1106 vere
1698 1067 1832 1114 poeniten-

1034 1114 1103 1141 tibus
1117 1124 1123 1141 :
1135 1117 1258 1143 convenit
1268 1119 1439 1152 peccantibus
1452 1120 1539 1149 luctus
1553 1131 1600 1157 pro
1615 1131 1724 1159 peccato
1737 1136 1743 1152 :
1758 1127 1832 1155 Beati

1033 1161 1075 1193 qui
1090 1161 1193 1196 lugent,
1207 1165 1326 1197 quoniam
1342 1166 1392 1199 ipsi
1411 1169 1605 1197 consolabuntur
1619 1172 1728 1208 (Matth.
1745 1175 1772 1202 5.
1791 1177 1830 1210 5).

1033 1204 1104 1238 Lugd
1119 1213 1255 1240 peccatum
1269 1230 1275 1241 ,
1291 1215 1318 1236 ιιι
1333 1218 1385 1238 non
1400 1211 1490 1247 lugeas
1507 1204 1664 1249 supplicium
1678 1227 1686 1245 :
1698 1227 1782 1255 purga
1804 1227 1830 1249 te

1031 1253 1101 1287 apud
1114 1254 1240 1288 judicent,
1255 1262 1398 1292 antequam
1410 1260 1443 1286 ad
1457 1261 1571 1289 tribunal
1584 1265 1683 1292 venias.
1695 1267 1737 1293 An
1751 1253 1829 1302 igno-

1031 1306 1075 1325 ras
1095 1305 1224 1335 quotquot
1240 1302 1356 1336 judieem
1382 1305 1504 1340 mitigare
1526 1310 1634 1343 volunt,
1650 1319 1703 1338 non
1720 1313 1746 1339 in
1770 1314 1829 1348 ipso

1030 1345 1152 1372 examine
1165 1353 1260 1380 causzc,
1273 1351 1318 1375 sed
1337 1355 1479 1385 atttequatn
1493 1352 1519 1379 in
1530 1354 1657 1388 jttdicium
1675 1358 1828 1392 ingredian-

1031 1394 1073 1416 tur
1085 1412 1093 1423 ,
1108 1391 1192 1425 ipsum
1210 1393 1259 1420 sibi
1275 1394 1431 1423 benevolum
1447 1405 1554 1432 parare,
1568 1401 1624 1429 sive
1644 1410 1690 1436 per
1703 1406 1806 1445 amicos
1818 1427 1827 1439 ,

1029 1435 1086 1462 sive
1109 1443 1156 1470 per
1175 1442 1319 1472 patronos,
1333 1440 1389 1468 sive
1401 1441 1454 1469 alio
1475 1445 1568 1477 quovis
1587 1435 1689 1474 modo?
1704 1437 1788 1483 lgittir
1802 1456 1829 1478 et

1029 1481 1098 1514 apud
1115 1482 1198 1509 Deum
1214 1483 1306 1518 jttdicii
1323 1490 1458 1521 tempore,
1473 1496 1525 1516 non
1550 1496 1591 1518 est
1615 1493 1685 1526 quod
1707 1481 1826 1528 judicent

1029 1526 1119 1554 ﬂectas
1133 1537 1138 1554 :
1151 1529 1196 1556 sed
1207 1535 1268 1557 ante
1276 1531 1368 1565 judicii
1385 1537 1488 1568 tempus
1501 1541 1588 1570 potest
1600 1538 1682 1572 judex
1697 1526 1825 1576 mitigari.

1027 1571 1207 1605 Quamobrem
1222 1575 1327 1603 dicebat
1340 1577 1653 1616 David:Prteoccupemus
1664 1584 1756 1619 facient
1771 1588 1826 1624 ejus

1025 1617 1053 1643 in
1077 1619 1232 1652 confessione
1256 1621 1340 1656 (Paul.
1364 1623 1408 1650 94.
1425 1625 1464 1658 2).
1487 1625 1544 1653 Illic
1565 1617 1688 1663 tttagnuin
1706 1617 1824 1664 judicent

1026 1671 1078 1689 non
1092 1663 1269 1692 circumvenit
1290 1674 1333 1694 ars
1349 1668 1484 1696 rhetorum
1495 1691 1502 1703 ,
1517 1679 1570 1698 non
1586 1675 1702 1706 potentia
1717 1675 1800 1703 ﬂectit
1813 1685 1822 1706 :

1024 1707 1145 1742 dignitati
1170 1718 1222 1737 tton
1246 1711 1289 1738 ille
1303 1720 1404 1740 ntorcnt
1417 1716 1495 1749 gerit,
1513 1725 1653 1750 personam
1677 1727 1733 1747 non
1747 1729 1824 1749 vere-

1025 1756 1076 1785 tur,
1092 1755 1210 1788 pecuniis
1221 1763 1273 1783 n0n
1285 1760 1472 1794 corrumpitur,
1486 1762 1533 1789 sed
1549 1765 1716 1792 tremendum
1729 1771 1757 1793 ct
1770 1767 1823 1794 itit-

1026 1798 1155 1832 placabile
1168 1805 1209 1827 est
1222 1801 1322 1835 justum
1335 1803 1476 1838 judicium.

1061 1842 1229 1880 Elcemosyua
1250 1846 1332 1874 Deum
1348 1848 1442 1884 placat.
1462 1866 1498 1871 —
1516 1852 1565 1880 llic
1590 1854 1679 1889 itaque
1700 1856 1820 1890 judicent

1023 1895 1163 1917 cxorentus
1173 1895 1200 1918 et
1209 1891 1352 1926 placemus,
1364 1894 1424 1922 huic
1432 1897 1502 1923 ontni
1514 1899 1609 1927 robore
1618 1902 1818 1935 supplicemus:

1023 1943 1075 1961 non
1088 1936 1222 1970 pecuniis;
1236 1938 1289 1965 into
1305 1944 1332 1966 ttt
1346 1941 1431 1968 \‘ct'ius
1444 1942 1575 1977 dicamus,
1591 1948 1711 1980 pecuniis
1728 1949 1818 1982 placa-

1022 1984 1064 2006 tur
1079 1980 1208 2016 benignus
1223 1983 1276 2015 ille,
1293 1992 1345 2011 non
1363 1986 1418 2020 ipse
1432 1988 1572 2022 recipiens,
1589 1991 1635 2018 sed
1652 2000 1701 2026 per
1716 1980 1802 2028 panpc

1021 2032 1072 2052 res.
1087 2025 1122 2052 Da
1136 2027 1207 2061 inopi
1222 2031 1369 2063 pecuniam,
1385 2037 1411 2058 et
1422 2033 1539 2067 judicettt
1551 2025 1672 2069 placasti.
1689 2025 1752 2066 lit—ec
1767 2048 1816 2066 au-

1021 2075 1074 2097 tem
1096 2071 1155 2099 dico
1179 2074 1255 2101 vobis
1278 2076 1353 2110 quasi
1375 2078 1566 2114 familiaribus;
1581 2083 1643 2116 quia
1660 2085 1816 2118 paenitentia

1019 2116 1077 2144 sine
1089 2117 1257 2155 clecmosytta
1269 2127 1372 2149 mortua
1383 2129 1424 2150 est
1437 2125 1537 2160 alisque
1547 2132 1621 2154 caret
1633 2137 1639 2155 :
1653 2131 1746 2164 tteqttit
1761 2140 1817 2166 pte-

1021 2162 1130 2190 nitculia
1159 2165 1264 2198 volare,
1291 2167 1348 2194 sine
1370 2168 1411 2195 ala
1432 2170 1621 2207 cleetttosynm.
1650 2174 1711 2202 [dco
1734 2178 1816 2210 probe

1019 2206 1157 2241 j'unnitcnti
1172 2210 1296 2238 Cornelio
1313 2213 1353 2240 ala
1373 2214 1405 2241 ad
1419 2206 1608 2250 pietatcntrt‘uit
1621 2220 1792 2257 elceutosyna
1805 2233 1813 2250 :

1017 2251 1193 2289 Elcemosyna:
1211 2261 1276 2289 tute,
1289 2257 1424 2293 inquit,et
1447 2263 1572 2289 orationes
1597 2269 1647 2290 tua:
1669 2265 1695 2292 in
1724 2268 1814 2294 cie/um

1017 2300 1184 2327 ascenderunt
1197 2300 1264 2337 (Act.
1283 2303 1326 2330 l0.
1340 2305 1368 2339 ιι)
1384 2314 1390 2332 :
1405 2306 1440 2332 ita
1457 2311 1485 2334 ut
1497 2308 1519 2334 si
1532 2316 1585 2336 non
1597 2310 1732 2339 ltabuisset
1743 2313 1812 2340 alam

1015 2345 1191 2380 elecntosyoze
1207 2349 1370 2382 ptenitentia,
1386 2359 1551 2388 nequaquam
1568 2355 1594 2382 itt
1609 2356 1704 2383 czelum
1719 2366 1812 2392 perve-

1016 2392 1107 2418 nisset.
1124 2393 1250 2427 Aperitur
1269 2403 1333 2431 ergo
1355 2396 1433 2425 hodie
1456 2400 1602 2435 emporiunt
1618 2403 1810 2439 eleemosynaa.

1015 2435 1141 2464 Videmus
1155 2439 1225 2465 ettittt
1239 2442 1357 2475 captivos
1370 2448 1396 2470 et
1410 2451 1557 2479 pauperes,
1572 2447 1695 2476 videmus
1711 2449 1737 2476 itt
1753 2450 1811 2478 foro

1014 2482 1220 2516 circumeuntes,
1233 2485 1354 2513 videmus
1365 2488 1512 2517 clamantes
1521 2511 1528 2520 .
1545 2491 1727 2527 lacrytnantes
1740 2516 1747 2526 ,
1762 2504 1811 2530 ge-

1014 2534 1119 2555 tnctttcs
1145 2538 1152 2556 :
1180 2531 1305 2559 nundinae
1333 2534 1411 2561 nobis
1439 2536 1574 2565 tttirabiles
1601 2547 1809 2575 proponuntur:

1014 2574 1191 2601 nundinarum
1206 2583 1269 2603 vero
1286 2585 1337 2604 non
1361 2579 1411 2606 alia
1435 2581 1501 2608 ratio
1513 2587 1571 2615 est,
1586 2586 1745 2619 negotiatori
1760 2597 1810 2615 ttolt

1013 2617 1079 2645 alius
1101 2619 1224 2653 animus,
1248 2630 1326 2656 qttatn
1349 2625 1452 2652 venalia
1479 2633 1560 2660 parvo
1588 2638 1698 2663 emere,
1715 2640 1809 2667 magno

1012 2663 1137 2692 vendere.
1161 2667 1255 2694 Annon
1277 2668 1320 2695 ltic
1341 2675 1383 2697 est
1411 2673 1591 2706 quorumlibet
1612 2677 1807 2710 negotiatorum

1011 2711 1202 2743 scopus?nutn
1221 2719 1330 2748 propter
1349 2715 1420 2742 aliud
1444 2718 1574 2752 quispiam
1599 2722 1806 2756 negotiationem

1011 2754 1076 2786 adit,
1089 2755 1139 2782 nisi
1155 2761 1183 2784 ttt
1195 2766 1254 2792 qua:
1270 2768 1351 2793 parvo
1364 2762 1429 2789 emit
1441 2770 1537 2798 magno
1547 2754 1663 2800 vendat,
1675 2772 1704 2795 et
1717 2770 1806 2796 multi-

1011 2800 1134 2834 plicatam
1158 2804 1363 2838 ncgotiationent
1388 2808 1505 2836 referat?
1520 2809 1598 2838 Tales
1621 2812 1703 2846 igitur
1730 2814 1804 2841 nobis

1011 2846 1142 2874 nundinas
1165 2848 1234 2876 Deus
1256 2852 1394 2886 proposuit
1409 2862 1415 2880 :
1431 2853 1535 2881 modico
1547 2855 1665 2890 justitias
1687 2866 1763 2891 eme,
1777 2864 1803 2886 ut

1011 2892 1096 2921 multo
1110 2895 1209 2923 vendas
1223 2895 1249 2923 itt
1265 2896 1364 2933 futuro;
1380 2899 1402 2926 si
1416 2903 1502 2929 tamen
1518 2902 1699 2938 venditionem
1713 2905 1804 2940 appel~
