1978 3131
134 160 177 187 555
673 157 715 184 DE
736 155 970 185 ΡΟΕΝΙΤΕΝΤΙΑ.
991 157 1104 183 Ηυδιιιλ.
1126 155 1181 184 γιι.

134 217 182 243 tare
188 218 287 250 oportet
299 214 509 243 retributionem.
519 214 568 242 llic
578 214 681 241 modico
689 213 790 248 justitia
799 213 906 246 emitur,

133 262 169 288 vili
180 260 248 295 panis
259 261 413 296 fragmento,
428 261 473 288 vili
486 261 656 291 vestimento,
671 261 754 287 calice
768 268 844 295 aqum
860 259 908 286 fri-

131 306 189 342 gida.-
204 315 210 332 :
224 306 254 333 Si
273 307 329 340 quis
345 311 430 340 putum
455 306 550 333 dederit
571 306 675 333 calicem
696 314 769 341 aqua:
788 305 889 340 frigidm
901 325 908 337 ,

130 360 192 380 allen
211 352 263 378 dico
278 351 344 378 vobis
354 372 362 384 ,
374 351 411 379 ait
430 352 574 386 spiritualis
595 351 781 387 negotiationis
795 351 888 378 doctor
899 372 906 383 ,

130 406 173 424 non
186 397 267 430 perdet
277 397 493 425 ntereademsuam
502 397 610 433 (Matth.
622 397 666 425 10.
678 397 735 432 42).
748 397 824 425 Calix
834 405 909 432 aqum.

130 443 219 477 (rigida:
225 442 318 477 dignus
328 447 370 470 est
381 443 515 476 mercede,
526 449 553 471 et
566 444 721 471 vestimenta
736 444 908 478 pecuniasque

130 496 169 521 per
181 488 331 515 beneﬁcium
346 488 415 515 datm
431 497 482 515 non
503 489 582 524 digna
597 494 676 517 erunt
694 489 839 516 mercede?
854 489 909 516 luto

128 543 140 560 υ
153 533 276 561 contrario
300 534 381 561 ntulta
400 539 478 561 eruttt
493 535 615 562 mercede
637 534 728 569 digna.
742 534 830 567 Quare
845 542 909 569 ergo

127 579 225 606 calicem
257 586 333 614 aqua:
358 579 460 615 frigida:
485 580 645 607 memoravit
666 580 678 606 ἳ
703 580 906 616 Eleemosynam

126 625 176 653 sine
195 625 344 660 sumptibus
364 626 431 653 dixit
453 636 460 653 :
482 635 542 654 itaut
568 627 661 662 frigida
680 635 749 662 aqua
769 635 856 662 neque
877 628 908 654 li-

126 676 196 704 gnum
206 690 213 702 ,
227 678 313 704 neque
333 672 403 698 aliud
417 671 552 707 quidpiam
573 673 715 707 impendis.
731 673 807 706 Quod
820 673 841 700 si
855 673 909 699 lar-

126 714 214 749 gitione
235 715 293 743 sine
316 723 422 751 sumptu
447 717 515 744 facta
530 722 601 744 tanta
614 723 656 746 est
668 718 789 746 beneﬁcii
806 719 907 754 gratia,

127 760 162 785 tibi
175 760 389 789 vestimentorum
401 763 488 797 copia,
501 765 671 798 pecuniarum
687 764 907 796 subministratio,

125 804 278 840 aliorumque
293 806 424 834 bonorum
440 808 600 836 abundantia
612 830 619 841 ,
635 809 741 844 qualem
757 817 770 836 a
782 809 908 844 justoju-

125 850 177 877 dice
195 851 345 879 mercedem
362 853 462 881 referre
477 855 604 889 oportet?
616 855 729 889 Quando
751 856 830 891 igitur
848 864 909 890 pro-

125 899 188 923 stant
200 896 310 924 virtutes
323 905 406 932 parvo
421 899 578 931 vendibiles,
592 908 607 927 a
622 901 762 935 magniﬁco
777 901 823 928 illo
836 902 908 929 acci-

126 942 226 975 piamus,
237 943 385 977 rapiamus,
397 952 526 974 entamus.
541 946 669 979 Sitientes,
682 947 775 982 inquit,
788 948 866 974 venite
876 948 910 974 ad

124 995 204 1018 aquam
215 997 223 1014 :
234 993 257 1015 et
269 990 316 1024 qui
329 998 378 1018 non
391 991 486 1018 habetis
498 998 639 1027 argentum,
651 1000 737 1021 euntes
748 994 820 1021 emite
834 993 907 1029 (ltiti.

123 1034 162 1062 55.
174 1033 207 1070 l).
221 1035 286 1062 Dnnt
305 1043 489 1071 proponuntur
500 1039 624 1066 nundinae
635 1060 642 1072 ,
657 1047 776 1067 emamus
791 1040 909 1067 eleemo-

124 1087 202 1116 syuas,
215 1081 268 1109 imo
284 1083 374 1116 potius
384 1091 431 1118 per
440 1084 637 1119 eieetnosynam
653 1093 773 1113 emamus
784 1085 907 1114 salutem.

122 1124 245 1153 Christum
260 1127 354 1160 Vestis,
369 1129 412 1163 qui
425 1136 568 1164 pauperem
588 1131 678 1158 vestis.
693 1130 771 1162 Haec,
785 1131 887 1166 inquies
899 1151 906 1164 ,

123 1171 195 1205 probe
207 1177 234 1199 et
243 1179 369 1201 accurate
382 1176 442 1201 novi
456 1184 462 1202 ε
476 1175 532 1203 lucc
545 1177 620 1211 prius
630 1177 719 1209 didici,
732 1185 784 1204 non
799 1182 825 1204 ιιι
837 1178 909 1212 prior

122 1218 225 1248 docuisti
243 1229 248 1246 :
266 1228 356 1255 neque
374 1229 389 1248 a
413 1227 439 1249 tc
455 1224 568 1257 priuttttn
588 1223 640 1251 hoc
661 1224 810 1252 audivimus
827 1234 834 1252 :
855 1232 908 1251 non

122 1271 181 1291 nova
193 1266 323 1299 prtedicas
335 1288 342 1300 ,
358 1267 405 1295 sed
420 1276 479 1302 quae
491 1277 562 1304 saepe
581 1270 656 1297 tnulti
678 1278 711 1297 ex
733 1271 908 1305 pratsentibus

120 1317 164 1336 nos
176 1309 337 1339 doctterunt.
354 1313 418 1341 Novi
434 1315 536 1349 utique,
552 1315 612 1342 novi
627 1320 655 1343 et
674 1316 730 1351 ipse
748 1324 796 1343 vos
809 1322 836 1344 et
850 1317 908 1344 tunc

120 1359 143 1384 et
162 1355 252 1384 similia
276 1365 351 1393 sape
373 1359 518 1392 didicisse;
534 1360 580 1388 sed
604 1361 704 1389 utinam
725 1369 798 1397 saepe
816 1362 907 1395 docti,

119 1402 204 1430 saltent
218 1403 320 1431 bounnt
331 1406 438 1440 aliquod
453 1407 576 1442 exiguum
591 1413 756 1443 przestemus.
771 1409 821 1443 Qui
834 1409 909 1436 mise-

119 1453 180 1475 retur
192 1451 324 1484 pauperis,
340 1453 478 1487 [teneretur
488 1453 542 1481 Deo
557 1454 647 1488 (Prov.
663 1455 708 1482 19.
722 1455 777 1491 Π).
795 1456 848 1483 Deo
857 1456 906 1483 fua-

119 1501 237 1522 ueremur
250 1497 453 1533 eleemosynam
464 1519 472 1530 ,
487 1505 518 1526 ut
531 1500 564 1526 ab
577 1507 610 1527 eo
623 1501 772 1528 clementia:
790 1501 907 1529 retribu—

119 1539 209 1567 tionem
229 1542 405 1577 accipiamus.
421 1543 472 1572 Sed
484 1565 491 1577 ,
507 1552 524 1571 ο
535 1546 760 1580 sapientissimum
777 1547 885 1574 verbum
899 1548 905 1575 Ξ

120 1585 164 1618 Qui
177 1587 311 1614 miseretur
329 1591 463 1624 pauperis,
477 1592 613 1626 [teneretur
630 1592 694 1619 Deo.
706 1593 759 1620 Cur
777 1601 841 1628 ergo
855 1601 907 1621 tton

117 1632 186 1665 dixit,
203 1635 251 1667 Qui
269 1635 415 1667 miseretur
429 1638 562 1672 pauperis,
580 1639 625 1666 dat
640 1639 702 1672 Deo,
723 1641 770 1667 sed
784 1639 907 1668 Faenera-

117 1679 173 1705 tur?
184 1679 266 1707 Novit
277 1681 415 1715 Scriptura
429 1683 567 1711 avaritiam
585 1690 702 1712 nostram
716 1694 722 1710 :
737 1685 850 1712 attendit
864 1685 906 1712 itt-

116 1724 256 1753 satiabilem
281 1727 454 1760 cupiditatem
476 1734 594 1756 nostram
607 1750 614 1762 ,
636 1730 670 1756 ad
691 1731 830 1757 avaritiam
845 1739 906 1765 spe-

116 1774 225 1799 ctantem
240 1791 248 1803 ,
274 1776 408 1806 quaestum
438 1775 574 1808 requirere
589 1795 597 1807 ,
625 1775 738 1810 ideoque
763 1784 815 1803 non
841 1776 907 1803 dixit

116 1815 287 1850 simpliciter,
309 1818 359 1851 Qui
384 1819 527 1848 miseretur
551 1821 695 1855 pauperis,
716 1820 762 1848 dat
784 1822 857 1849 Deo:
873 1829 906 1849 ne

116 1860 256 1896 .Siluplicem
285 1864 486 1892 retributionem
507 1871 630 1900 putares,
643 1866 689 1894 sed
706 1866 757 1900 Qui
777 1867 907 1894 miseretur

116 1908 227 1941 Pauperis
239 1930 246 1941 ,
263 1911 404 1944 fanantur
425 1910 489 1938 Deo.
515 1911 543 1938 Si
566 1912 620 1939 Deo
645 1912 806 1940 faeneramur
819 1933 826 1946 ,
842 1920 906 1948 ergo

115 1953 212 1981 debitor
227 1955 275 1983 ille
292 1957 369 1984 nobis
383 1962 434 1985 est.
450 1958 534 1992 Quem
548 1966 612 1994 ergo
627 1967 688 1987 eum
704 1960 751 1987 tibi
763 1961 804 1987 vis
825 1967 885 1987 esse
897 1980 904 1992 ,

113 1998 221 2033 judicent
243 2009 282 2028 an
305 2002 471 2031 debitorem?
487 2004 594 2032 Debitor
607 2010 749 2033 veneratur
770 2006 906 2034 fmtteratt-

116 2046 264 2080 tent,judex
283 2056 346 2075 vero
360 2057 411 2076 non
424 2055 561 2078 reveretur
581 2059 651 2085 eum,
666 2053 708 2079 cui
723 2053 780 2088 ipse
792 2053 906 2080 [tenera-

114 2096 152 2120 tus
164 2097 214 2120 est.

145 2139 169 2166 7.
184 2140 303 2169 Necesse
316 2147 404 2170 autem
419 2149 468 2176 est,
483 2150 512 2172 ut
525 2146 671 2174 secundum
682 2147 760 2175 aliam
772 2149 902 2176 rationem

115 2184 266 2220 videamus,
289 2195 338 2215 cur
360 2189 429 2216 Deus
448 2190 550 2218 dixerit
569 2192 619 2219 sibi
633 2193 756 2220 uenerari
767 2202 845 2228 enin,
860 2195 904 2230 qui

113 2231 156 2258 dat
177 2234 299 2268 pauperi.
316 2234 445 2268 Quoniam
461 2237 565 2265 videbat
584 2240 721 2267 avaritiam
742 2246 859 2268 nostram
872 2241 905 2269 ad

113 2282 240 2311 curetum
253 2280 383 2313 tendere,
397 2281 489 2316 utjam
505 2283 574 2317 dixi,
593 2289 620 2311 et
631 2292 692 2312 eum
708 2286 751 2320 qui
766 2287 904 2320 pecuniam

114 2321 225 2357 iubeat,
244 2325 399 2354 nullatenus
419 2329 488 2356 velle
507 2329 566 2357 sine
586 2331 728 2358 securitate
750 2332 873 2360 {mnerari
896 2341 903 2360 :

114 2368 226 2400 postulat
238 2371 313 2398 cnim
327 2371 479 2405 l‘uanerator,
490 2378 536 2401 aut
546 2374 733 2410 bypotltecam,
744 2382 787 2405 attt
800 2378 903 2412 pignus,

112 2418 156 2440 aut
166 2421 328 2450 sponsorem
343 2426 350 2445 :
364 2423 442 2453 atqtte
455 2419 506 2447 hac
516 2420 611 2455 triplici
627 2423 750 2449 cautione
765 2424 904 2457 pecuniam

112 2459 195 2487 credit
204 2469 281 2489 suam
293 2484 300 2494 ,
314 2468 361 2490 aut
376 2465 548 2499 sponsionem
561 2468 711 2502 accipiens,
726 2474 755 2496 ut
766 2469 819 2504 jam
833 2470 902 2503 dixi,

113 2511 155 2533 aut
169 2507 366 2542 ltypotbeeam,
380 2516 426 2538 aut
440 2513 543 2547 pignus.
557 2513 622 2540 Cum
635 2516 715 2543 sciret
732 2516 820 2551 itaque
836 2517 904 2544 Deus

112 2553 244 2581 neminem
259 2555 301 2582 bis
311 2556 370 2584 sine
380 2558 546 2586 cautionibus
556 2559 692 2594 fmuerari,
704 2562 837 2589 neminem
848 2563 903 2589 sola

111 2599 251 2628 dementia
266 2604 368 2630 moveri
378 2625 384 2634 ,
401 2604 448 2631 sed
460 2605 532 2632 lucro
544 2610 644 2633 tantum
660 2608 774 2636 intentos
787 2616 879 2637 omnes
895 2619 901 2636 :

111 2651 256 2680 pauperem
269 2656 334 2676 vero
345 2649 397 2676 iliis
406 2651 529 2678 omnibus
542 2659 600 2679 esse
610 2653 780 2687 destitutum;
793 2663 844 2681 non
858 2655 904 2691 ity-

113 2693 253 2726 pothecam
275 2694 389 2729 habere,
410 2697 453 2731 qui
475 2697 539 2724 nihil
556 2699 705 2732 possideat,
727 2708 778 2727 non
795 2700 903 2735 pignora

112 2739 152 2771 qui
175 2739 264 2766 nudus
284 2742 335 2773 sit,
356 2749 408 2768 nou
428 2750 600 2777 sponsorem,
616 2745 658 2772 cui
675 2753 753 2772 nemo
766 2746 858 2773 credat
870 2746 904 2773 ob

112 2784 227 2819 inopiam
241 2795 248 2813 :
265 2791 293 2813 ut
306 2787 373 2814 vidit
383 2789 470 2823 itaque
484 2790 556 2817 illum
570 2791 605 2818 ob
616 2791 730 2825 inopiam
748 2793 902 2827 periclitari,

113 2830 219 2859 divitem
234 2841 341 2868 quoque
350 2835 492 2869 periclitari
503 2835 536 2862 0b
548 2836 772 2868 inltutnanitatcm,
787 2839 905 2873 seipsum'

114 2878 230 2906 medium
250 2881 359 2914 protulit
374 2881 465 2908 vadem
487 2884 612 2918 pauperi,
635 2885 728 2919 pignus
752 2885 901 2912 tmneranti.

271 2925 407 2955 ΡΑτιιοι..
431 2926 488 2955 (in.
514 2926 577 2956 XLI
586 2927 622 2956 Χ.

1699 156 1751 184 355

961 212 1019 241 Non
1039 213 1127 242 credis
1138 213 1217 246 huic,
1239 214 1339 249 inquit,
1363 214 1397 242 ob
1412 214 1526 248 inopiam
1537 234 1544 246 ,
1560 213 1623 240 mihi
1644 218 1753 248 propter

960 259 1063 292 copiam
1075 259 1164 287 crede.
1181 259 1250 286 Vidit
1266 267 1419 294 pauperem,
1434 264 1461 286 ct
1473 258 1653 286 misericordia
1665 263 1752 285 motus

960 309 1022 332 est:
1040 305 1105 332 vidit
1119 312 1278 339 pauperem,
1302 311 1329 332 et
1344 313 1396 331 non
1415 305 1552 339 despexit;
1574 304 1620 331 sed
1634 304 1752 338 seipsum

960 351 1033 378 dedit
1048 351 1072 378 in
1087 352 1181 385 pignus
1194 351 1234 383 ei,
1251 351 1294 385 qui
1309 351 1373 380 until
1388 350 1513 382 haberet,
1528 355 1556 377 et
1572 350 1606 377 ob
1619 349 1752 385 ingentem

962 396 1151 431 benignitatem
1170 396 1241 431 inopi
1256 395 1357 423 adstitit
1372 404 1378 420 :
1395 394 1463 422 banc
1483 402 1546 422 vere
1563 394 1753 430 benignitatem

960 450 1020 470 esse
1033 441 1188 469 testiﬁcatur
1204 441 1298 469 beatus
1312 441 1392 469 David
1408 441 1449 468 bis
1461 441 1564 473 verbis,
1581 441 1645 474 Quia
1656 441 1754 471 adstitit

960 495 976 513 a
993 487 1087 515 dextris
1105 488 1223 522 pauperis
1237 486 1321 522 (Ρδηι.
1339 487 1398 514 108.
1413 487 1471 521 51).
1487 487 1536 519 Qui
1550 488 1680 515 miseretur
1691 495 1754 521 pau-

963 534 1039 567 peris,
1055 535 1194 568 [reuertitur
1207 533 1262 562 Deo
1278 533 1367 568 (Prov.
1384 533 1428 561 19.
1447 533 1506 570 Π).
1519 533 1637 565 Cottiide,
1653 533 1751 567 inquit,

962 581 1025 608 milii
1041 581 1189 609 l'ceneraris.
1207 581 1239 608 Et
1253 581 1316 616 quid
1329 585 1430 608 tantum
1444 579 1509 607 lucri
1522 579 1590 607 iacio
1606 580 1650 606 tibi
1666 580 1752 607 imite-

961 628 1040 654 rans?
1055 627 1325 661 Saneiniquissimum
1338 631 1379 654 est
1390 634 1405 653 a
1419 627 1474 656 Deo
1487 626 1616 655 rationem
1626 626 1752 660 exigere:

962 681 1053 702 verum
1066 678 1096 701 ιιι
1110 674 1234 709 nequitia:
1248 679 1300 701 tua;
1311 681 1353 701 me
1367 677 1541 707 attemperem
1551 693 1558 704 ,
1572 677 1600 700 et
1612 671 1752 699 clementia

960 720 1090 748 sevitiem
1104 725 1174 747 luam
1188 719 1300 751 solvam,
1313 719 1371 746 bare
1381 724 1473 745 mtttno
1485 719 1676 747 examinemus.
1688 717 1752 744 Aliis
1771 744 1773 746 .

961 766 1095 793 iii-iterans
1109 765 1171 800 quid
1182 765 1311 793 lucraris?
1324 765 1386 800 qttid
1397 765 1431 792 ab
1442 765 1493 792 illis
1507 764 1616 793 fenoris
1627 764 1752 799 requiris?

962 820 1024 839 num
1047 813 1237 845 centesimam,
1253 812 1275 839 si
1299 812 1442 846 legitimam
1466 811 1610 846 requiras?
1630 811 1706 844 Quod
1730 811 1752 838 si

962 858 1147 893 inexplebilem
1167 859 1338 893 cupiditatem
1358 858 1464 886 auxeris
1479 857 1499 891 ί,
1517 857 1650 892 duplicem
1667 857 1752 891 tripli-

960 911 1072 939 cemque
1095 904 1240 931 lucrabcris
1260 904 1436 938 iniquitatem.
1452 903 1508 938 Ego
1531 910 1595 930 vero
1614 903 1752 930 avaritiam

962 954 1033 976 tuam
1055 956 1170 984 supero,
1195 949 1435 984 inexplebilemque
1458 947 1630 983 cupiditatem
1649 948 1751 975 vinco:

960 995 1035 1029 copia
1050 1003 1107 1022 mea
1123 995 1326 1022 immoderatum
1344 994 1490 1029 appetitum
1510 998 1584 1021 tuum
1595 993 1697 1028 operio.
1712 993 1751 1020 Tu

960 1042 1132 1068 cutttesimant
1148 1040 1259 1075 qua‘ris,
1273 1048 1321 1076 ego
1334 1041 1485 1076 centuplum
1503 1040 1538 1068 do
1550 1040 1607 1068 tibi.
1623 1040 1711 1074 Itaque
1725 1040 1751 1067 in

959 1086 1045 1113 [tenus
1055 1086 1163 1120 accipis,
1177 1086 1297 1117 Domine,
1309 1090 1335 1113 ct
1345 1085 1388 1113 hic
1396 1086 1421 1112 itt
1432 1085 1520 1113 ftenus
1530 1086 1627 1120 accipis
1637 1085 1751 1113 eleemo-

959 1140 1053 1169 synam
1069 1133 1178 1168 pauperi
1191 1134 1291 1166 datam,
1304 1133 1471 1168 quandonam
1486 1134 1544 1160 lucc
1557 1132 1621 1160 mihi
1636 1132 1752 1160 reddes?

959 1179 1055 1213 Quer
1069 1184 1142 1214 pacta
1153 1184 1293 1212 conventa,
1304 1184 1469 1207 contractum
1478 1179 1638 1208 Conﬁrmare
1649 1179 1750 1206 volens.

960 1225 1073 1260 Designa
1095 1225 1160 1252 milti
1181 1225 1361 1253 retributionis
1378 1230 1481 1260 tempus
1501 1234 1507 1251 :
1525 1225 1658 1253 constitue
1676 1225 1751 1254 solu-

960 1271 1039 1298 tionis
1055 1271 1206 1297 tcrminum.
1224 1271 1279 1298 lmo
1296 1278 1361 1297 vero
1376 1270 1426 1297 hoc
1440 1269 1602 1305 superﬂuum
1615 1274 1673 1302 est,
1689 1277 1750 1296 nam

960 1316 1057 1344 Fidelis
1071 1316 1195 1344 Dominus
1205 1317 1231 1342 in
1245 1316 1359 1345 omnibus
1369 1316 1446 1342 verbis
1456 1316 1508 1342 suis
1519 1315 1602 1352 (Ptol.
1614 1315 1674 1343 ibi.
1687 1315 1731 1348 15)
1743 1323 1749 1341 :

959 1363 1019 1398 quia
1034 1370 1096 1390 vero
1110 1363 1135 1389 in
1152 1370 1227 1390 more
1247 1368 1273 1388 et
1294 1362 1319 1388 in
1333 1369 1415 1396 scopo
1427 1365 1469 1388 est
1489 1361 1529 1394 ei,
1549 1360 1594 1395 qui
1615 1360 1683 1389 bona
1700 1360 1751 1386 fide

960 1409 1047 1437 t‘tnnus
1059 1409 1171 1444 accipit,
1183 1413 1287 1444 tempus
1302 1408 1399 1440 metiri,
1415 1407 1539 1443 diemque
1551 1406 1674 1439 deﬁnire,
1689 1405 1750 1433 audi

958 1455 1064 1491 quando
1077 1459 1104 1483 et
1118 1455 1160 1483 ubi
1177 1455 1294 1483 debitum
1313 1454 1358 1483 tibi
1373 1453 1467 1485 reddat
1484 1453 1517 1486 is,
1530 1453 1573 1483 cui
1588 1460 1637 1488 per
1650 1459 1750 1487 paupe-

958 1510 1015 1530 rem
1029 1502 1176 1531 itnncraris.
1191 1500 1255 1534 Cum
1273 1501 1364 1529 sederit
1388 1499 1472 1529 Filius
1488 1499 1597 1528 hominis
1614 1500 1640 1526 in
1660 1498 1750 1525 throno

958 1548 1046 1583 gloria:
1056 1556 1119 1581 sate,
1132 1552 1156 1574 et
1168 1547 1281 1581 statuerit
1293 1554 1350 1577 oues
1359 1546 1460 1580 quidem
1472 1554 1488 1573 a
1503 1546 1598 1574 dextris
1611 1545 1662 1575 sui;
1672 1565 1680 1578 ,
1696 1544 1750 1574 haz-

958 1595 1005 1622 dos
1016 1603 1073 1622 vero
1085 1603 1101 1621 a
1115 1594 1234 1626 sinistris,
1250 1598 1274 1621 et
1283 1594 1348 1621 dicet
1361 1594 1408 1626 iis,
1423 1593 1466 1628 qui
1480 1601 1496 1619 α
1508 1592 1604 1625 deurit
1614 1596 1672 1622 sunt
1685 1599 1695 1618 :
1706 1590 1750 1618 hic

958 1641 1065 1669 attende
1074 1649 1153 1676 quant
1164 1640 1308 1669 benevolus
1318 1640 1353 1669 sit
1362 1639 1466 1668 debitor
1475 1647 1536 1674 erga
1544 1639 1731 1667 iceitcratorem
1741 1647 1749 1665 :

957 1695 1011 1722 quo
1026 1692 1103 1721 pacto
1118 1687 1151 1719 is,
1166 1687 1210 1722 qui
1225 1691 1347 1714 mutuum
1361 1685 1478 1720 accepit,
1495 1685 1577 1715 multa
1592 1691 1653 1713 eum
1666 1683 1749 1719 gratia

958 1732 1061 1760 reddat.
1078 1732 1175 1764 Venite,
1190 1732 1311 1759 benedicti
1325 1731 1410 1760 Putris
1420 1731 1468 1759 mei
1478 1753 1485 1764 ,
1500 1731 1624 1766 possidete
1634 1735 1749 1766 paratuttt

957 1780 1026 1807 vobis
1039 1788 1143 1815 regnum
1158 1788 1173 1806 a
1187 1779 1366 1807 constitutione
1380 1778 1478 1805 mundi.
1491 1778 1597 1812 Quare?
1612 1777 1681 1810 Quid
1690 1785 1750 1804 ecu-

958 1826 1014 1856 rivi,
1031 1830 1054 1852 et
1069 1825 1172 1854 dedistis
1184 1825 1246 1852 mihi
1259 1825 1414 1852 manducare
1423 1832 1433 1851 .'
1447 1824 1524 1856 sitivi,
1540 1829 1562 1850 et
1573 1823 1677 1850 dedistis
1687 1822 1749 1849 mihi

957 1872 1039 1899 bibere
1056 1880 1065 1899 .'
1080 1872 1163 1899 nudus
1175 1880 1242 1899 eram
1253 1893 1259 1904 ,
1276 1876 1300 1899 et
1312 1867 1477 1906 cooperuistis
1490 1880 1529 1898 me
1543 1879 1551 1898 :
1563 1871 1590 1897 in
1603 1878 1713 1902 carcere,
1727 1875 1750 1896 et

957 1919 1057 1946 venistis
1072 1919 1106 1945 ad
1118 1927 1157 1946 me
1170 1927 1179 1945 :
1191 1919 1309 1953 inﬁrmus
1322 1926 1401 1949 eram,
1418 1922 1440 1945 et
1454 1918 1573 1946 uisitauit
1586 1925 1627 1944 me
1636 1925 1646 1944 .-
1659 1917 1750 1952 hospes

957 1973 1025 1992 cram
1035 1985 1042 1997 ,
1067 1970 1090 1991 et
1103 1965 1237 2000 coltegistis
1250 1973 1289 1991 me
1302 1964 1311 2000 (
1321 1964 1413 1991 Matth.
1428 1964 1472 1991 9.5.
1490 1964 1533 1991 5L
1545 1963 1635 2000 seqq.)
1650 1963 1750 1991 Deinde

957 2011 1002 2046 qtti
1018 2011 1044 2038 in
1061 2015 1180 2045 tempore
1193 2010 1261 2037 bene
1276 2010 1469 2042 ministrarum,
1487 2011 1618 2044 propriam
1634 2009 1749 2036 inﬁrmi-

957 2061 1037 2084 tatem
1051 2048 1227 2091 respicientes
1236 2076 1245 2087 .
1259 2061 1337 2091 atque
1349 2057 1423 2091 ejus,
1436 2057 1479 2091 qui
1494 2060 1613 2083 mutuum
1627 2056 1728 2090 accepit
1740 2077 1748 2086 ,

956 2103 1112 2137 dignitatem
1122 2123 1130 2135 ,
1146 2103 1236 2129 dicent
1253 2111 1259 2129 :
1275 2101 1399 2133 Domine‘,
1418 2102 1519 2137 quando
1533 2106 1556 2128 te
1572 2102 1680 2128 uidimus
1693 2110 1749 2128 estt-

956 2150 1077 2182 rientem,
1096 2154 1120 2175 et
1133 2148 1248 2183 ponimus
1261 2141 1365 2174 te?'aut
1385 2147 1526 2181 sitientem,
1544 2152 1568 2174 et
1591 2148 1750 2182 potat-imus?

956 2194 982 2222 in
1002 2202 1080 2229 quem
1102 2194 1172 2222 oculi
1185 2194 1303 2221 omnium
1319 2198 1445 2228 sperant,
1458 2197 1486 2221 et
1504 2198 1531 2220 tu
1546 2193 1593 2220 das
1611 2201 1699 2220 escaut
1716 2194 1748 2220 il-

957 2239 1043 2267 lorum
1065 2239 1093 2267 in
1114 2239 1275 2268 abundantia
1291 2239 1376 2274 (Prol.
1391 2240 1452 2267 “4.
1466 2239 1528 2275 IS)?
1542 2240 1564 2267 0
1575 2240 1684 2266 multant
1699 2239 1750 2266 bo-

956 2286 1065 2314 nitatem
1073 2286 1081 2313 -!
1098 2286 1213 2313 occultat
1224 2285 1377 2320 dignitatem
1391 2285 1426 2312 ob
1440 2285 1610 2313 clementiam
1626 2294 1632 2312 :
1648 2285 1748 2314 Esuriri

955 2333 1032 2365 mitti,
1042 2337 1064 2360 et
1075 2332 1179 2360 dedistis
1189 2332 1251 2359 mihi
1259 2332 1421 2359 manducare.
1431 2332 1453 2360 0
1463 2332 1573 2360 multam
1585 2332 1729 2360 bonitatem
1739 2333 1746 2361 Ζ

955 2387 972 2406 o
982 2379 1137 2407 immensam
1149 2378 1351 2415 benignitatem!
1364 2377 1408 2413 qui
1419 2377 1465 2406 dat
1476 2386 1563 2405 escam
1576 2378 1648 2405 ontni
1663 2379 1746 2410 carni.

955 2427 1000 2460 qui
1019 2427 1106 2460 aperit
1128 2432 1236 2457 manus,
1262 2429 1288 2451 et
1310 2424 1402 2459 implet
1420 2432 1500 2451 omtte
1518 2425 1615 2451 animal
1637 2425 1747 2452 benedi-

955 2472 1044 2499 ctione
1059 2471 1145 2506 (i’sal.
1158 2471 1219 2499 ιιι.
1233 2470 1289 2505 16),
1303 2470 1413 2502 Esurivi,
1427 2471 1520 2505 inquit,
1534 2475 1559 2497 et
1573 2470 1677 2498 dedisti:
1687 2471 1748 2497 mihi

956 2518 1124 2549 manducare,
1150 2524 1201 2543 non
1224 2517 1361 2543 imminuta
1382 2516 1526 2551 dignitate,
1547 2516 1594 2543 sed
1613 2516 1672 2551 ejus
1690 2517 1746 2544 cic-

955 2564 1053 2592 mentia
1071 2571 1119 2598 pro
1141 2563 1301 2598 pauperibus
1312 2562 1485 2596 ﬁdejubeute.
1505 2563 1590 2594 Sitivi,
1606 2568 1630 2589 et
1644 2563 1748 2597 potasti:

956 2617 1004 2635 me.
1024 2609 1152 2643 Quisnam
1177 2608 1234 2635 tunc
1255 2608 1338 2635 dicit?
1357 2608 1407 2642 Qui
1431 2608 1557 2642 lacubus,
1577 2608 1743 2642 ﬂuminibus,

956 2655 1074 2683 fontibus
1088 2662 1164 2689 aqua:
1184 2658 1305 2681 naturam
1320 2653 1451 2686 infundit,
1475 2655 1519 2688 qui
1541 2662 1588 2688 per
1606 2654 1744 2688 Evangelia

955 2701 1019 2728 dicit
1032 2709 1038 2727 ε
1054 2700 1104 2733 Qui
1115 2699 1193 2726 credit
1213 2700 1238 2726 in
1251 2707 1300 2732 me,
1316 2699 1380 2726 sicut
1394 2699 1454 2726 dicit
1473 2699 1621 2733 Scriptura,
1637 2699 1743 2734 [lumina

955 2746 986 2773 de
998 2751 1082 2773 uentre
1093 2746 1148 2780 ejus
1160 2745 1239 2780 ﬂuent
1246 2752 1319 2779 aqua:
1329 2745 1389 2771 uiuat
1398 2743 1486 2780 (Joan.
1500 2744 1526 2771 7.
1537 2744 1583 2777 58)
1594 2752 1601 2770 :
1614 2744 1658 2778 qui
1669 2743 1745 2776 dixit,

955 2792 986 2820 Si
996 2791 1051 2826 qui:
1065 2791 1117 2818 titit
1128 2812 1136 2824 ,
1150 2791 1232 2818 ueniat
1245 2791 1279 2817 ad
1296 2798 1352 2823 me,
1368 2795 1391 2817 et
1406 2790 1472 2817 bibat
1486 2789 1567 2825 (Ibid.
1581 2799 1594 2817 υ
1617 2788 1744 2825 '37)..Scd

987 2860 994 2874 ι
1014 2862 1037 2890 tn
1050 2858 1119 2884 Savil.
1131 2862 1156 2883 et
1167 2864 1216 2884 uno
1232 2861 1299 2890 Reg,
1312 2857 1376 2890 quod
1396 2857 1518 2884 simulam
1539 2857 1613 2889 ﬁdem
1624 2858 1746 2883 abumttne

955 2889 1051 2920 feceris.

1530 2924 1565 2952 21
