1978 3131
219 159 270 188 535

219 217 302 245 nudus
314 225 399 250 nam,
411 217 514 252 inquit,
529 222 553 243 et
568 217 732 253 cooperuistis
747 225 794 244 me.
817 216 1010 252 Cooperuimus

220 272 280 292 eum
291 285 299 297 ,
312 263 356 298 qui
369 263 455 298 operit
472 263 565 291 ctelnm
581 263 712 296 nubibus,
732 262 778 298 qui
792 262 942 290 universam
957 261 1010 289 Ec-

220 310 328 338 clesium
339 331 346 343 ,
365 314 392 338 et
404 310 507 338 orbem.
521 309 648 344 Quotquot
660 310 727 337 enim
740 309 766 336 in
778 307 878 336 Cltn'sto
890 308 1012 343 baptizari

223 356 290 388 estis,
306 354 434 383 Christum
447 355 566 382 induisti:
579 354 650 390 (Gal.
664 355 692 382 5.
706 354 764 391 27).
775 353 808 381 1η
817 362 917 381 carcere
931 362 1011 380 eram.

222 400 249 427 In
266 407 375 428 carcere
391 403 433 432 tu,
449 400 494 435 qui
514 400 606 427 educis
625 400 745 427 vinctos?
759 399 937 434 lnterpretate
954 406 1014 433 qua:

224 446 359 480 loqueris:
374 453 435 473 nam
445 445 563 481 dignitas
577 445 656 473 fidem
672 445 784 480 derogat
797 445 885 472 dictis.
903 443 1014 478 Quando

225 497 250 520 te
262 493 289 519 in
303 496 375 519 tanta
393 492 482 527 inopia
498 491 629 518 vidimus?
642 491 748 526 quando
768 491 824 518 haec
838 490 967 518 fecimus?
983 489 1016 516 In

224 544 345 573 quantum
357 560 364 572 ,
381 538 434 571 ait,
449 539 494 565 uni
507 546 538 566 ex
551 538 591 565 his
602 538 712 566 minimis
725 538 818 574 fecistis
827 559 833 569 ,
845 538 908 564 mihi
922 537 1016 572 fecistis

230 586 336 618 (Matth.
347 585 393 613 25.
403 585 460 620 40).
472 586 568 613 Annon
579 593 658 613 verus
666 590 707 613 est
714 592 813 619 sermo,
825 584 875 617 Qui
886 585 1017 611 miseretur

227 632 356 667 pauperis,
370 632 507 665 {teneretur
519 631 573 658 Dea
586 630 677 667 (Prov.
696 631 739 658 t9.
752 631 817 666 l7)?
831 631 864 658 Et
879 631 941 658 vide
959 638 1016 658 rem

186 674 189 677 ’
228 678 397 706 mirabilem:
418 678 519 705 nullum
539 677 612 705 aliud
631 677 736 705 virtutis
753 684 820 711 opus
839 681 935 712 prarter
953 676 1017 704 illud

228 724 395 751 memoravit.
410 723 488 758 Atqui
504 727 608 758 poterat
627 723 717 751 dicere
732 733 738 750 :
754 722 848 750 Venite
868 722 1016 754 benedicti,

229 769 290 802 quia
305 768 488 801 continentes,
504 767 565 803 quia
579 767 695 803 virgines
711 767 797 796 fuistis
808 788 815 799 ,
830 767 891 803 quia
905 774 1019 802 evange-

227 815 304 842 licam
325 815 406 842 vitam
427 815 598 849 suscepistis;
618 814 666 841 sed
684 814 741 841 haec
765 818 851 847 tacet,
874 821 927 840 non
947 812 1018 848 quod

228 860 363 888 mentione
382 860 436 887 sint
451 859 574 895 indigna,
592 860 640 887 sed
659 859 730 894 quod
749 864 810 895 post
828 859 1018 894 benignitatem

230 905 347 933 secunda
363 906 426 932 sint.
439 905 536 932 Verum
547 905 770 940 quemadmodum
783 905 824 938 iis,
838 905 908 940 quia
919 904 1020 932 dextris

228 955 314 983 erant,
329 951 364 978 ob
380 951 568 985 benignitatem
582 951 697 978 delatum
711 951 827 978 ostendit
842 959 967 986 regnum,
982 951 1020 978 sic

228 1002 256 1024 ct
271 998 302 1025 iis
316 998 388 1033 quia
402 999 517 1026 sini~tris
527 1020 536 1033 ,
552 1000 586 1027 ob
602 999 768 1027 sterilitatem
783 1001 960 1028 comminatus
980 1006 1021 1028 est

229 1051 334 1078 pcenam
350 1053 356 1070 :
373 1043 422 1077 Ite,
436 1045 562 1072 maledicti
572 1066 579 1077 ,
593 1046 620 1072 in
631 1045 747 1072 tenebras
759 1046 903 1077 exteriores.
919 1052 1021 1081 paratas

229 1089 339 1122 diabolo,
353 1094 376 1116 et
388 1089 486 1125 angelis
498 1091 553 1124 eius
565 1090 672 1126 (Matth.
686 1091 732 1119 25.
742 1091 799 1127 41).
809 1092 913 1125 Quare?
926 1101 977 1128 qua
988 1093 1021 1121 de

227 1135 326 1162 causa?
338 1135 405 1169 Quia
421 1137 512 1163 εδειήυί
523 1157 530 1169 ,
544 1140 567 1164 et
581 1145 631 1164 non
651 1136 754 1164 dedisti:
769 1138 831 1164 mihi
857 1138 1019 1165 manducare.

229 1181 287 1209 Non
299 1182 376 1214 dixit,
397 1183 459 1217 quia
478 1182 600 1210 fornicati
615 1183 694 1215 estis,
709 1183 770 1218 quia
790 1184 904 1211 adulteri
919 1183 1018 1217 fuistis,

230 1229 292 1263 quia
313 1228 391 1256 furati
406 1228 489 1261 estis,
505 1230 566 1264 quia
587 1229 681 1256 falsum
704 1230 885 1257 testimonium
907 1230 1019 1264 tulistis,

230 1275 291 1309 quia
312 1275 461 1309 pejerastis.
478 1275 540 1303 Haec
555 1276 653 1310 quippe
673 1275 812 1303 manifeste
825 1277 933 1311 quidem
953 1278 1021 1304 mala

230 1325 309 1354 sunt,
325 1314 372 1348 sed
395 1320 520 1348 inferiora
542 1329 622 1356 quam
647 1322 758 1349 durities
781 1327 808 1350 et
832 1322 1020 1350 inhumanitas.

219 1365 327 1400 EQuare,
338 1366 459 1398 Domine,
472 1374 525 1394 nun
537 1367 647 1395 aliarum
659 1368 760 1395 viarum
772 1369 934 1396 mentionem
946 1369 1022 1397 facis?

230 1411 287 1438 Non
305 1411 395 1446 judico
407 1431 415 1445 ,
429 1412 530 1447 inquit,
547 1417 701 1448 peccatum,
714 1414 761 1442 sed
779 1414 996 1443 inbumanitatem
1013 1425 1019 1442 :

220 1464 282 1483 non
293 1456 384 1491 judico
398 1463 552 1492 peccatores
562 1479 570 1492 ,
589 1459 636 1486 sed
655 1467 702 1487 eos
713 1460 758 1495 qui
771 1461 953 1494 pcenilenliam
967 1469 1020 1489 non

219 1507 339 1537 'egerunt
355 1511 360 1529 :
378 1503 553 1531 inclementia:
570 1511 617 1532 vos
633 1505 748 1539 damno,
769 1506 840 1541 quod
862 1506 941 1534 talem
962 1512 1020 1534 tan-

220 1553 336 1584 tamque
358 1549 450 1577 salutis
471 1550 630 1578 medicinam
650 1551 798 1586 habentes,
822 1553 1019 1590 eleemosynam

229 1594 341 1627 scilicet.
355 1602 407 1629 qua
421 1595 511 1623 omnia
524 1602 632 1630 peccata
651 1596 783 1630 delentur,
799 1598 850 1625 hoc
863 1598 1019 1627 beneficium

228 1639 397 1676 dcspcxistis.
410 1640 509 1676 dtaque
530 1642 727 1670 inclementiam
746 1644 898 1678 exprobro,
920 1650 948 1672 ut
971 1653 1020 1672 ne-

228 1687 318 1721 quitia:
330 1687 470 1722 omnisque
480 1687 623 1724 nnpietatis
635 1688 763 1722 radicem,
775 1689 944 1718 clementiam
958 1699 1021 1720 vero

229 1732 319 1764 laudo,
334 1736 364 1759 ut
377 1733 492 1760 radicem
504 1734 623 1762 omnium
643 1735 790 1769 bonorum;
810 1742 838 1764 et
851 1737 902 1765 illis
912 1738 1018 1773 quidem

231 1777 318 1811 ignem
330 1782 458 1806 teternum
469 1781 627 1814 comminur,
642 1782 682 1809 his
693 1790 755 1809 vero
770 1790 880 1818 regnum
894 1785 1019 1812 caelorum

231 1823 368 1856 promitto.
381 1823 505 1856 Pulchra.
519 1825 640 1859 Domine,
653 1828 782 1862 promissa
799 1833 852 1862 tua,
869 1830 1018 1864 pulchrum,

222 1868 300 1902 'quod
313 1875 482 1904 exspectatur
501 1879 611 1907 regnum
632 1877 723 1905 tuum,
748 1874 864 1910 itemque
886 1876 1018 1910 gehenua,

222 1921 309 1948 quam
329 1916 515 1950 comminaris;
531 1926 651 1953 quorum
673 1919 740 1947 illud
754 1921 852 1954 allicit,
875 1922 932 1950 haec
955 1931 1020 1950 vero

571 159 600 187 S.
621 159 760 188 JOANNIS
779 157 1018 188 CHRYSOSTO)“
1035 157 1195 186 ARCHIEP.
1209 158 1475 187 CONSTANTINOP.

1808 157 1859 186 δίε

1064 216 1217 244 deterret':
1235 216 1317 244 allicit
1340 215 1451 250 pulchre
1476 216 1605 251 regnum,
1619 215 1739 243 deterret
1762 215 1860 242 utiliter

1065 261 1197 297 gehenna.
1212 261 1367 289 Geltennam
1383 261 1454 289 enim
1468 261 1645 288 comminatur
1657 261 1746 292 Dens,
1763 267 1818 287 non
1833 266 1861 287 ut

1066 307 1091 334 in
1101 306 1249 342 gehennam
1263 306 1371 342 injiciat,
1382 307 1428 335 sed
1440 307 1616 342 utagehenna
1629 307 1735 334 liberet.
1748 306 1776 334 Si
1791 307 1859 333 enim

1066 353 1160 387 punire
1177 353 1267 383 vellet.
1283 361 1334 380 non
1353 358 1415 381 ante
1426 354 1539 380 minatus
1550 359 1630 385 esset,
1645 358 1673 380 nt
1687 359 1765 380 caute
1777 353 1863 380 minas

1066 398 1413 426 vitaremus.Comminatur
1424 398 1594 434 supplicium,
1607 403 1633 426 ut
1645 398 1770 433 supplicii
1783 405 1862 432 expc-

1068 443 1211 471 rimentum
1234 443 1388 478 fugiamus:
1411 449 1494 471 terret
1516 445 1617 477 verbo,
1641 448 1670 471 ut
1694 451 1748 471 non
1771 444 1863 479 puniat

1068 497 1158 524 opere.
1173 489 1348 517 Faeneremur
1359 489 1447 524 itaque
1464 490 1517 517 Deo
1537 490 1718 517 clementiam.
1735 489 1862 517 Ftenere-

1070 543 1145 568 mur,
1163 540 1191 562 ut
1211 536 1379 563 inveniamus
1394 536 1467 562 illum
1482 535 1630 563 debitorem
1641 556 1648 567 .
1673 541 1702 563 ut
1716 540 1779 563 ante
1793 535 1845 562 dixi
1855 557 1861 568 ,

1070 589 1122 608 non
1134 581 1271 616 iudicem:
1293 586 1434 608 reveretur
1453 581 1524 608 enim
1547 581 1652 608 debitor
1671 581 1862 611 ftenerantem.

1070 633 1208 655 reveretur
1218 635 1279 655 eum
1294 632 1321 654 et
1335 627 1479 654 erubescit.
1491 627 1519 654 Si
1532 626 1676 654 faenerator
1686 627 1719 653 ad
1734 626 1862 653 debitoris

1068 673 1176 707 januam
1189 673 1309 706 accedat,
1323 673 1365 700 hic
1378 673 1400 700 si
1413 673 1491 707 inops
1502 673 1546 705 sit,
1561 673 1640 707 fugit;
1654 673 1694 699 sin
1711 672 1864 708 opulentus,

1071 726 1133 745 eum
1148 726 1208 746 cum
1224 719 1318 746 fiducia
1333 719 1442 754 excipit.
1455 719 1523 746 Vide
1537 719 1600 746 mihi
1614 719 1727 746 alterum
1742 719 1807 754 justi
1823 719 1866 753 ju-

1071 764 1139 791 dicis
1152 765 1310 792 miraculum
1325 765 1446 792 humanis
1462 773 1494 792 ex
1506 766 1586 793 rebus
1597 766 1772 800 propositum.
1787 765 1814 791 Si
1824 766 1864 791 cui

1074 810 1099 837 in
1115 816 1271 845 paupertate
1285 810 1390 846 degenti
1408 810 1554 838 fmneratus
1569 810 1662 843 fueris,
1679 819 1710 838 ac
1723 811 1821 838 deinde
1833 811 1865 837 atl

1073 864 1228 891 prosperam
1242 857 1374 884 fortunam
1390 858 1495 884 venerit
1506 857 1528 884 is
1538 877 1546 889 ,
1558 858 1601 891 qui
1617 862 1737 884 mutuum
1752 857 1865 892 accepit,

1073 902 1174 937 tibique
1188 902 1306 930 debitum
1321 903 1433 930 reddere
1450 903 1547 938 possit,
1563 903 1661 930 multos
1671 904 1749 935 latet,
1765 908 1792 931 et
1805 903 1867 930 red-

1074 947 1123 980 dit,
1138 955 1171 974 ne
1181 947 1215 975 de
1229 948 1310 982 priori
1324 955 1373 975 suo
1388 953 1458 975 statu
1473 949 1633 975 erubescat:
1651 953 1678 976 et
1691 949 1793 984 gratias
1806 949 1867 983 qni-

1074 993 1135 1020 dem
1150 993 1253 1025 reddit,
1267 994 1314 1021 sed
1328 1002 1382 1029 pra:
1399 994 1495 1028 inopia
1510 994 1630 1029 pristina:
1650 995 1752 1030 pudore
1766 995 1868 1022 benefi-

1074 1042 1144 1069 cium
1155 1042 1280 1070 oecultat.
1294 1043 1326 1069 At
1335 1050 1387 1069 non
1399 1043 1433 1070 ita
1447 1042 1516 1070 Deus
1528 1043 1599 1074 facit,
1611 1042 1656 1069 sed
1668 1043 1735 1069 clam
1748 1049 1869 1069 mutuum

1075 1087 1181 1121 accipit,
1193 1092 1219 1115 et
1232 1087 1319 1122 palam
1331 1087 1466 1122 libereque
1479 1093 1599 1114 mutuum
1612 1087 1708 1114 reddit.
1720 1088 1785 1114 Cum
1797 1087 1869 1114 enim

1075 1133 1187 1167 accipit,
1201 1133 1270 1160 clam
1292 1140 1339 1168 per
1359 1133 1556 1168 eleemosynam
1570 1133 1682 1167 accipit;
1704 1141 1765 1160 cum
1780 1138 1869 1160 autem

1076 1179 1180 1212 reddit,
1202 1180 1228 1206 in
1243 1179 1327 1207 oculis
1348 1179 1478 1207 universa:
1501 1184 1632 1206 creatura:
1651 1179 1748 1207 reddit.
1764 1180 1798 1206 At
1818 1179 1869 1205 fur-

1076 1229 1146 1252 tasse
1164 1225 1237 1253 dicat
1251 1225 1382 1260 quispiam
1397 1235 1404 1253 :
1418 1227 1507 1258 Quare
1519 1225 1625 1253 tandem
1636 1246 1643 1257 ,
1667 1231 1696 1252 ut
1710 1225 1775 1252 mihi
1794 1225 1869 1252 diviti

1075 1270 1158 1303 dedit,
1175 1279 1226 1298 non
1240 1271 1274 1298 ita
1284 1279 1390 1306 quoque
1410 1271 1518 1306 pauperi
1535 1271 1629 1298 dedit?
1643 1271 1751 1298 Poterat
1761 1270 1869 1306 quidem

1076 1317 1122 1344 tibi
1134 1317 1258 1345 similiter
1271 1318 1334 1345 dare
1344 1339 1351 1349 ,
1367 1323 1397 1344 ut
1410 1318 1518 1352 pauperi
1533 1317 1623 1349 dedit;
1641 1317 1687 1344 sed
1703 1317 1804 1348 noluit,
1822 1324 1870 1343 nor

1075 1362 1181 1390 divitias
1194 1367 1251 1390 tuas
1267 1362 1446 1390 infructuosas
1459 1370 1519 1389 esse
1538 1362 1634 1395 voluit,
1651 1370 1700 1389 nec
1720 1362 1792 1389 illius
1812 1370 1868 1397 pan

1076 1412 1205 1443 pertatem
1226 1408 1285 1436 sine
1306 1408 1439 1435 mercede.
1455 1408 1513 1435 Tibi
1535 1408 1609 1435 diviti
1629 1408 1764 1435 concessit
1778 1413 1807 1435 ut
1825 1416 1869 1443 per

1075 1456 1273 1491 elecmosyuam
1284 1455 1359 1483 dives
1371 1463 1444 1482 csses
1455 1476 1461 1487 ,
1478 1459 1505 1482 et
1519 1455 1687 1490 dispergeres
1708 1455 1734 1481 in
1747 1455 1849 1489 justitia
1863 1465 1870 1480 :

1076 1500 1201 1536 Disponit
1216 1501 1297 1534 enim,
1311 1501 1380 1528 dedit
1389 1501 1541 1536 pauperibus
1554 1509 1564 1528 :
1573 1501 1674 1536 justitia
1686 1501 1742 1536 ejus
1752 1506 1835 1527 manet
1847 1502 1869 1526 in

1076 1547 1195 1573 secutum
1206 1546 1289 1580 (Psal.
1307 1547 1368 1574 HL
1383 1546 1422 1582 9).
1435 1546 1515 1574 Vides
1527 1546 1597 1581 quod
1611 1546 1685 1573 dives
1697 1553 1745 1581 per
1755 1546 1869 1574 eleemo-

1075 1599 1169 1628 synam
1193 1597 1321 1619 aeternam
1342 1592 1504 1619 thesaurizet
1524 1591 1672 1627 justitiam?
1692 1591 1757 1618 vide
1775 1598 1872 1618 rursus

1076 1645 1236 1672 pauperem,
1253 1638 1314 1673 quia
1329 1638 1438 1667 divitias
1452 1646 1504 1666 non
1518 1637 1614 1672 habet,
1629 1638 1726 1674 quibus
1739 1639 1872 1674 justitiam

1075 1688 1209 1719 operetur,
1224 1685 1302 1712 habet
1315 1689 1508 1719 paupertatem,
1521 1692 1572 1720 qua
1586 1685 1743 1718 patientiam
1756 1685 1871 1712 lucratur

1075 1735 1210 1758 aeternam.
1226 1731 1291 1758 Nam
1308 1730 1434 1758 Patientia
1449 1739 1587 1767 pauperum
1599 1740 1648 1758 non
1663 1731 1754 1766 peribit
1765 1732 1792 1758 in
1802 1737 1871 1758 teter-

1076 1785 1137 1803 uum
1158 1776 1244 1811 (Psal.
1258 1777 1286 1804 9.
1305 1777 1371 1812 l9):
1392 1777 1418 1804 in
1439 1777 1546 1804 Christo
1567 1777 1678 1804 Domino
1703 1781 1814 1810 nostro,
1830 1778 1872 1804 cui

1076 1822 1158 1858 gloria
1174 1823 1199 1850 in
1211 1822 1306 1850 saecula
1317 1822 1487 1850 saeculorum.
1503 1823 1598 1850 Amen.

1107 1879 1115 1894 ¹
1133 1879 1220 1907 Verba,
1233 1878 1286 1904 haec
1298 1885 1353 1904 vero
1370 1879 1482 1908 deterret,
1501 1886 1548 1904 non
1561 1879 1682 1905 habentur
1700 1881 1725 1905 in
1744 1881 1827 1906 Morel.
1847 1884 1876 1906 et

1074 1908 1144 1943 savii.
1155 1916 1161 1939 ;
1174 1910 1262 1943 sed_in
1282 1914 1340 1942 Reg.
1359 1916 1432 1941 supra
1449 1915 1583 1936 memorato
1601 1911 1726 1942 leguntur,
1746 1916 1775 1936 et
1784 1912 1875 1943 optime

1076 1940 1193 1971 quadrent
1203 1941 1232 1965 ad
1243 1940 1351 1965 sensum.

232 1968 1862 1993 Mm

831 2026 901 2061 DE
928 2027 1282 2065 P(ENITENTIA.

887 2091 1036 2099 h—

489 2130 603 2153 loutut
621 2133 669 2153 vui
685 2126 734 2162 (α).

266 2189 291 2216 l.
304 2188 413 2217 Etiamsi
426 2189 483 2218 heri
498 2199 513 2218 ι
528 2191 603 2220 vobis
617 2192 759 2227 abfuerim,
777 2199 805 2222 at
818 2195 926 2231 invitus,
936 2203 962 2225 at
976 2207 1022 2227 ne-

231 2234 356 2263 cessitate
379 2237 532 2271 compulsus
547 2247 554 2264 :
568 2246 682 2274 corpore
703 2240 786 2273 abfui,
799 2249 851 2269 non
868 2245 1021 2279 proposito;

230 2281 350 2309 absentia
356 2283 453 2316 carnis,
460 2291 511 2311 non
521 2284 614 2312 all‘ectu
624 2286 716 2313 animi.
722 2287 825 2315 Etenim
835 2297 883 2324 pro
889 2290 955 2317 virili
964 2299 1022 2319 mea

231 2333 279 2353 vos
294 2327 506 2362 eomplectcbar,
519 2335 660 2366 menteque
678 2340 772 2360 omnes
789 2334 1020 2364 circumferebam.

233 2372 343 2404 Rursus,
357 2373 466 2407 fratres,
480 2375 529 2403 hoc
545 2378 705 2411 temporario
716 2378 797 2406 misso
812 2381 907 2408 morbo
919 2381 1022 2410 ardenti

228 2417 505 2447 studiocoutendimus
517 2426 632 2448 vestram
643 2424 760 2450 contueri
774 2423 868 2452 faciem
880 2435 886 2452 :
897 2429 1023 2454 manenti-

231 2462 278 2490 bus
288 2463 359 2491 enim
367 2464 454 2492 adhuc
466 2466 629 2501 a-gritudinis
637 2468 754 2503 reliquiis
765 2472 904 2505 properavi
915 2472 947 2499 ad
956 2474 1022 2500 cari-

230 2513 310 2537 tatem
320 2515 444 2538 vestram.
461 2511 525 2540 Nam
538 2514 716 2549 :egriquidem
730 2515 834 2552 [morbo
849 2519 969 2555 relevati]
985 2520 1021 2546 la-

232 2563 309 2583 vacra
328 2562 455 2591 expetunt
470 2564 497 2586 et
517 2560 629 2594 balnea;
644 2569 693 2597 ego
714 2570 778 2590 vero
798 2571 886 2598 opera:
908 2567 1020 2600 pretium

228 2608 288 2629 esse
301 2601 364 2629 duxi
375 2602 552 2633 desideratam
567 2611 683 2635 vestram
705 2608 798 2636 faciem
813 2609 919 2642 videre,
930 2618 962 2638 ac
976 2611 1022 2639 de-

228 2647 309 2675 bitum
325 2648 388 2676 illud
402 2655 519 2678 vestrum
543 2652 666 2680 audiendi
681 2654 788 2689 explere
805 2655 934 2689 studium,
960 2665 1017 2684 ma-

228 2701 307 2728 guum
330 2694 382 2722 hoc
405 2696 522 2732 pelagus,
548 2698 614 2725 nihil
639 2699 739 2727 habens
764 2701 916 2737 salsuginis.
943 2710 1018 2730 mare

230 2739 353 2767 fluctibus
367 2748 489 2769 vacuum.
513 2742 576 2770 Veni
587 2751 679 2771 arvum
692 2745 824 2773 invisurus
838 2753 954 2774 vestrum
970 2755 1018 2775 ex-

230 2791 381 2820 purgatum.
397 2787 462 2820 Quis
476 2788 547 2815 enim
572 2789 631 2817 talis
665 2796 756 2825 portus
778 2798 818 2819 est
832 2794 852 2826 ',
869 2794 955 2828 qualis
977 2799 1017 2823 est

257 2841 719 2888 t“?£°‘l:5§.°se.99dicsta£§t9-_

285 2876 337 2903 t‘t'o,
346 2873 400 2899 talis
412 2879 502 2906 portus,
514 2876 577 2906 quod
587 2873 661 2902 habet
671 2881 738 2910 ch.,
752 2878 819 2909 Editi,
828 2879 875 2905 tute
886 2884 990 2912 pratum.

1037 2084 1245 2110 W—

1077 2135 1196 2163 Ecclesia
1207 2136 1219 2162 ?
1229 2136 1289 2171 quis
1300 2135 1439 2170 paradisus
1451 2135 1532 2162 coetui
1548 2139 1637 2162 vestro
1649 2134 1769 2161 similis?
1781 2133 1873 2161 Nullus

1079 2181 1121 2209 hic
1137 2181 1277 2209 insidiator
1299 2188 1421 2215 serpens,
1438 2180 1485 2208 sed
1499 2180 1621 2207 Christus
1644 2180 1783 2207 institutor
1798 2189 1804 2206 :
1820 2188 1873 2206 non

1077 2227 1132 2254 Eva
1146 2227 1352 2262 supplantatrix,
1370 2226 1416 2254 sed
1428 2226 1546 2254 Ecclesia
1560 2226 1677 2253 erectrix
1693 2235 1699 2252 :
1716 2233 1771 2253 non
1785 2225 1828 2253 hic
1839 2225 1873 2253 fo-

1076 2273 1110 2300 lia
1123 2272 1250 2300 arborum
1263 2293 1271 2305 ,
1286 2272 1332 2300 Sed
1353 2272 1453 2300 fructus
1467 2272 1575 2306 spiritus
1591 2280 1597 2298 :
1619 2280 1671 2299 non
1684 2280 1766 2307 sepes
1779 2273 1872 2308 spina-

1076 2327 1146 2351 rum,
1163 2319 1209 2346 sed
1224 2319 1301 2346 vinea
1317 2318 1461 2355 fructifera.
1479 2318 1508 2346 Si
1533 2325 1612 2353 quam
1627 2318 1698 2345 enim
1712 2318 1819 2353 spinam
1832 2318 1871 2346 of-

1076 2365 1192 2396 fendam,
1215 2365 1241 2391 in
1256 2365 1352 2391 olivam
1369 2368 1505 2392 commuto
1519 2373 1525 2390 :
1541 2371 1593 2391 non
1605 2364 1676 2390 enim
1693 2363 1737 2391 hic
1749 2364 1821 2391 valet
1834 2365 1870 2391 in-

1075 2410 1135 2445 opia
1147 2416 1256 2442 naturzc,
1268 2410 1314 2437 sed
1332 2410 1438 2438 libertas
1454 2409 1556 2437 arbitrii
1568 2409 1725 2436 honoratur.
1737 2410 1765 2437 Si
1780 2410 1869 2444 lupum

1075 2455 1212 2488 invenero,
1227 2463 1303 2483 ovem
1315 2455 1392 2490 facio,
1407 2463 1460 2483 non
1475 2459 1596 2482 naturam
1609 2461 1727 2488 mutans,
1744 2456 1793 2483 sed
1810 2463 1868 2490 pro-

1074 2502 1190 2536 positum
1213 2502 1385 2529 transferens.

1111 2548 1223 2575 Ecclesia
1237 2555 1304 2575 arca:
1324 2547 1381 2575 Noe
1401 2551 1562 2582 comparatur
1574 2547 1624 2581 (α).
1639 2561 1675 2566 -
1688 2547 1872 2580 Quamobrem

1074 2602 1126 2621 nou
1140 2595 1273 2622 erraverit
1282 2594 1412 2628 quispiam
1427 2594 1449 2620 si
1462 2593 1560 2620 dixerit
1573 2592 1720 2619 Ecclesiam
1734 2599 1796 2620 esse
1809 2600 1870 2620 area

1074 2642 1296 2676 praestantiorem.
1317 2640 1421 2668 Etenim
1441 2647 1502 2668 arca
1526 2639 1650 2666 animalia
1676 2639 1831 2674 excipiebat
1843 2646 1870 2666 (ιι

1073 2687 1197 2715 animalia
1211 2687 1397 2719 conservabat,
1415 2686 1531 2713 Ecclesia
1546 2692 1609 2712 vero
1627 2685 1755 2712 animalia
1770 2686 1868 2720 excipit

1073 2739 1099 2761 et
1115 2735 1245 2761 immutat.
1261 2733 1382 2768 Exempli
1394 2740 1485 2765 causa,
1499 2732 1560 2759 illuc
1578 2732 1716 2766 ingressus
1729 2732 1857 2766 accipiter

1072 2780 1200 2814 accipiter
1212 2780 1284 2812 exit;
1302 2780 1436 2815 ingressus
1460 2779 1547 2813 lupus,
1564 2778 1629 2805 exiit
1651 2778 1732 2812 lupus
1747 2787 1755 2805 :
1776 2782 1805 2805 at
1819 2778 1872 2805 huc.

1075 2825 1210 2860 ingressus
1224 2825 1361 2863 accipiter,
1377 2825 1431 2852 exit
1445 2824 1587 2855 columba;
1602 2823 1743 2859 ingressus
1772 2822 1851 2857 lupus
1863 2841 1870 2852 ι

1097 2881 1133 2912 (a)
1151 2881 1207 2906 \‘ide
1221 2881 1303 2906 Homil.
1321 2882 1427 2906 interrae
1438 2883 1528 2905 motum
1545 2883 1602 2904 tom.
1616 2879 1639 2904 l.
