1978 3131
119 197 160 223 537
651 194 694 221 DE
720 193 953 221 PUENITENTIA.
976 194 1088 221 llt).\lll..
1111 195 1178 222 Vill.

117 261 163 282 exit
175 253 245 283 uiis:
267 252 400 287 ingressus
416 259 527 286 serpens
542 273 547 283 ,
563 251 702 286 egreditur
722 258 823 286 agnus;
841 258 893 277 non

118 304 204 327 mutata
219 303 309 325 natura
324 319 332 331 ,
348 298 393 325 sed
408 298 515 332 explosa
539 298 667 332 nequitia.
691 297 753 324 Ideo
773 296 894 331 frequen-

117 351 162 373 teut
173 345 203 372 de
216 344 371 378 pceuitentia
387 351 481 371 moveo
502 352 666 370 sermonem.
689 343 732 370 Est
748 343 818 370 enim
843 350 894 376 pm-

115 391 212 418 nitentia
225 411 231 422 ,
248 390 358 416 molesta
380 394 406 416 et
432 389 608 417 formidabilis
626 389 755 424 peccatori
767 410 774 420 ,
791 389 893 415 medela

115 437 266 468 delictorum,
282 436 449 469 consumplio
464 435 643 470 iuiquitatum,
655 435 750 462 effusio
763 435 895 470 lacryma—

117 490 165 509 rum
179 502 186 514 ,
200 481 291 508 ﬁducia
307 481 376 517 apud
393 482 484 514 Deum,
494 487 628 508 armatura
642 486 733 508 contra
747 480 892 513 diabolum,

114 527 202 561 gladius
214 527 270 562 ejus
281 532 360 562 caput
372 528 532 555 abscindens
547 549 554 561 ,
571 535 632 562 spes
645 527 739 554 saltttis
750 548 756 559 ,
767 527 894 562 despera-

113 573 180 600 tionis
191 573 361 608 proﬁigatio‘.
381 573 444 601 Haec
457 573 551 601 caelum
564 573 660 608 aperit,
673 573 730 600 huic
741 573 767 600 itt
783 572 889 607 paradi-

113 626 161 646 sum
183 618 334 652 introducit,
358 619 415 646 hmo
427 619 561 646 diabolum
575 618 830 655 superat(ideoque
844 618 893 646 hac

113 665 139 691 de
152 672 178 691 re
191 664 342 699 frequenter
363 672 513 692 sermonem
538 664 653 700 moveo)
672 673 678 691 :
694 672 753 691 natu
769 665 890 691 ﬁduciam

115 711 197 738 inducit
208 711 294 746 ipsum
310 719 389 746 posse
403 712 546 746 prosterni.
572 712 700 739 Peccator
722 711 770 739 es?
790 719 823 738 nc
845 711 893 738 de-

111 763 188 790 speres
203 765 209 783 2
225 764 277 784 tton
292 756 387 784 desino
407 764 455 784 vos
469 756 568 792 jngiter
594 757 667 784 hisce
691 756 891 784 medicamentis

111 802 207 829 allinere
221 810 228 828 :
242 803 341 829 etenim
367 803 427 830 novi
442 807 568 837 quantum
583 807 676 830 contra
698 802 833 829 diabolum
857 802 892 828 sit

111 847 180 873 telum
194 854 245 874 non
260 847 419 882 desperare.
432 847 460 875 Si
475 848 501 875 itt
512 848 628 883 peccatis
639 849 687 880 sis,
702 855 736 875 ne
746 847 888 882 desperes:

111 892 158 919 hac
169 891 269 920 dicendi
285 893 388 920 nullum
408 893 488 920 liuent
507 893 575 920 facio
590 902 596 920 ε
616 893 638 920 si
652 893 770 928 quotidie
785 901 889 928 peccas,

110 939 212 973 quotidie
225 938 409 973 pcenitcntiam
425 947 490 974 age:
503 944 530 967 et
540 939 611 974 quod
625 939 650 966 in
663 939 774 966 vetustis
788 939 891 966 a-dibus

110 992 176 1019 agere
188 984 314 1016 solemus,
331 992 393 1011 cum
413 985 577 1012 labefactata:
602 984 700 1012 ftterint
712 1005 719 1017 ,
741 992 800 1020 qua:
819 984 890 1011 labe-

110 1029 191 1056 factata
212 1034 274 1056 sunt
285 1029 434 1057 auferimus
448 1051 455 1064 ,
471 1037 504 1057 ac
518 1038 587 1058 nova
600 1030 783 1063 admovemus,
805 1038 891 1065 neque

110 1083 204 1110 usquam
219 1076 253 1103 ab
265 1077 374 1104 assidua
385 1085 447 1104 cura
463 1077 616 1104 desistimus
628 1085 634 1103 :
650 1077 700 1104 hoc
713 1077 792 1104 etiam
806 1077 833 1104 in
842 1085 890 1103 tto-

110 1122 143 1148 bis
152 1121 272 1149 faciamus
285 1123 306 1149 ¹.
322 1122 352 1150 Si
365 1123 529 1150 inveteratus
544 1130 573 1150 es
596 1123 675 1150 hodie
689 1131 704 1150 a
720 1125 838 1157 peccato,
849 1130 892 1150 re-

111 1175 167 1194 nora
180 1168 289 1203 teipsum
306 1176 356 1203 per
370 1169 564 1203 ptenitentiam.
580 1168 699 1201 Licetne,
716 1168 829 1202 inquies,
845 1175 891 1203 per

109 1213 277 1246 paenitentiam
313 1215 426 1242 salutem
445 1215 595 1249 consequi?
615 1214 696 1242 Plane
710 1215 781 1242 licet.
797 1214 889 1241 Totam

110 1260 177 1286 vitam
201 1261 225 1287 in
250 1261 369 1295 peccatis
384 1261 507 1295 contrivi,
522 1267 548 1289 et
561 1262 583 1288 si
599 1261 780 1295 paenitentiam
794 1268 873 1296 egero
883 1281 890 1293 ,

108 1306 184 1333 salvus
197 1307 263 1334 cro?
288 1307 403 1335 Prorsus
424 1308 489 1336 eris.
508 1307 537 1335 Id
561 1308 629 1335 unde
654 1307 755 1343 liquet?
770 1307 811 1334 Ab
836 1307 892 1342 ipsa

110 1353 201 1379 homini
215 1353 251 1380 tui
274 1361 338 1389 erga
355 1353 475 1381 homines
490 1354 661 1390 benignitate.
683 1353 751 1381 Num
777 1362 809 1380 ex
833 1361 892 1389 po:-

110 1399 207 1426 uitentia
232 1404 276 1427 tua
292 1407 372 1428 sumo
388 1400 527 1428 ﬁduciam?
541 1408 603 1428 nnm
618 1400 773 1436 pwnitenlia
789 1404 831 1426 tua
846 1407 894 1434 po-

109 1450 152 1472 test
165 1450 200 1472 tot
210 1446 368 1481 abstergere
381 1447 469 1474 mala?
480 1447 550 1474 Sane
570 1447 592 1473 si
604 1446 758 1481 paenitentia
779 1445 834 1473 sola
848 1452 892 1472 es-

108 1495 149 1521 set,
159 1490 215 1525 jure
227 1491 337 1519 timeres
350 1500 357 1524 ;
373 1492 419 1519 sed
433 1492 540 1527 quando
553 1492 719 1528 paenitentiae
742 1497 793 1518 tum
806 1491 893 1518 admi-

108 1542 187 1563 scetur
199 1537 244 1564 Dei
264 1538 411 1565 clementia
424 1558 431 1571 ,
450 1538 565 1566 conﬁde.
583 1538 630 1565 Dei
651 1538 723 1565 euitn
743 1537 894 1565 clementia:

108 1582 170 1608 nulla
182 1587 222 1609 est
234 1591 373 1615 mensura.
397 1591 483 1618 neque
504 1584 561 1618 ejus
580 1582 685 1612 bonitas
700 1583 824 1618 explicari
838 1590 895 1610 ser-

108 1637 176 1657 mone
189 1633 284 1664 potest.
299 1630 367 1656 Nam
388 1630 486 1657 malitia
498 1630 606 1665 quidem
623 1634 665 1656 tua
682 1637 832 1657 tueusuram
843 1629 891 1656 lla-

109 1676 156 1707 hcr,
169 1675 315 1703 remedium
331 1683 396 1703 vero
411 1684 562 1704 mensuram
588 1684 640 1703 non
664 1676 763 1709 habet;
791 1677 889 1703 malitia

109 1726 155 1753 tua,
168 1722 371 1757 qualiscumque
394 1723 443 1754 sit,
458 1723 572 1750 humana
584 1728 626 1750 cst
639 1723 756 1755 malitia;
772 1723 818 1750 Dei
832 1730 895 1750 vero

108 1769 235 1796 clementia
257 1774 299 1796 est
321 1769 493 1797 immensa’:
519 1769 625 1797 conﬁde
650 1769 706 1797 fore
726 1774 755 1796 ut
774 1777 806 1798 ea
823 1774 895 1796 tuam

108 1816 185 1842 vincat
208 1817 350 1843 malitiam.
369 1816 461 1851 Cogita
487 1816 551 1843 mihi
573 1817 714 1844 scintillam
734 1816 759 1843 iu
787 1817 896 1851 pelagus

107 1861 234 1888 cadentem
260 1870 267 1888 :
299 1870 364 1888 num
392 1867 478 1896 potest
498 1863 541 1889 illa
568 1867 657 1894 stare,
681 1866 727 1889 aut
748 1861 896 1896 apparere?

108 1909 201 1940 Quanta
213 1913 254 1935 est
267 1908 386 1935 scintilla
397 1915 458 1935 cum
473 1909 572 1942 pelago-
582 1908 688 1939 collata,
703 1911 773 1934 tanta
786 1911 827 1934 est
838 1914 895 1934 nta-

109 1953 157 1980 litia
169 1974 176 1986 ,
192 1955 213 1981 si
228 1962 291 1982 cum
313 1955 476 1989 benignitate
490 1955 536 1981 Dei
557 1958 743 1989 comparetur;
764 1954 818 1981 imo
831 1962 897 1982 vero

108 2008 154 2028 non
168 2005 250 2033 tanta,
266 2001 315 2028 sed
340 2001 426 2028 multo
442 2000 528 2036 major
547 2000 696 2035 benignitas
710 2001 763 2027 illa.
786 2001 897 2036 Pelagus

108 2046 181 2079 enim,
196 2055 327 2082 maguum
339 2047 403 2074 licet
415 2047 459 2080 sit,
473 2054 625 2074 mensuram
639 2047 736 2080 habet,
749 2046 898 2081 benignitas

108 2099 164 2118 vero
181 2092 342 2120 Deinullum
356 2092 435 2120 habet
449 2093 603 2120 terminum.

142 2136 204 2164 Vitia
218 2138 346 2173 paulatim
354 2138 526 2165 cradicantur.
539 2153 575 2158 —
586 2138 648 2165 Haec
658 2137 730 2170 dico,
745 2145 796 2166 non
809 2143 837 2165 ιιι
851 2145 898 2165 vos

107 2183 234 2217 segniores
254 2183 379 2217 reddam,
399 2184 446 2212 sed
462 2188 491 2211 ut
509 2184 692 2219 diligentiores
705 2183 830 2212 efﬁciam.
843 2184 898 2212 Vos

106 2237 171 2264 saepe
181 2231 271 2257 monui
287 2239 322 2258 ne
335 2231 361 2258 in
376 2231 477 2258 theatra
498 2231 689 2259 ascettdcretis.
717 2232 831 2265 Audisti,
849 2239 899 2259 nec

107 2283 200 2304 tutorem
210 2278 320 2312 gessisti
337 2286 344 2304 :
355 2278 380 2304 in
393 2277 524 2305 theatrunt
541 2277 695 2310 ascendisti,
708 2278 825 2305 sermoni
838 2285 898 2305 meo

108 2331 154 2350 non
173 2324 365 2359 obtemperasti
389 2333 396 2351 :
412 2332 446 2352 ne
471 2329 498 2352 te
520 2324 618 2358 pudeat
637 2331 730 2351 rursus
742 2324 856 2359 ingredi,
871 2328 899 2351 et

107 2369 202 2397 audire.
216 2370 326 2402 Audivi,
342 2377 390 2397 nec
410 2370 561 2400 observavi,
582 2369 716 2404 quomodo
735 2376 843 2404 possum
858 2369 899 2396 in-

108 2416 196 2449 gredi?
207 2417 318 2444 ltttcrim
334 2417 383 2443 ltoc
397 2416 483 2451 ipsum
499 2417 567 2443 11οδιὶ
581 2436 588 2448 ,
605 2421 630 2443 te
644 2423 697 2442 non
715 2416 873 2443 observasse
890 2424 896 2441 ε

108 2462 206 2489 interim
222 2467 249 2490 te
265 2462 357 2497 pudet,
379 2462 485 2489 interim
500 2462 652 2494 erubescis;
670 2461 777 2489 interim
791 2462 899 2488 netttine

108 2513 228 2543 arguenle
263 2508 369 2535 frenum
394 2508 570 2540 circumfers;
608 2508 713 2535 interim
746 2515 897 2536 sermonem

110 2562 190 2581 meum
211 2555 359 2582 radicatnm
378 2553 499 2586 habes‘,
520 2561 606 2588 neque
624 2561 676 2580 non
701 2558 833 2588 praesente
849 2554 899 2581 do-

109 2601 187 2628 ctrina
202 2609 262 2629 mca
277 2605 305 2628 te
316 2600 447 2636 puriﬁcat.
463 2599 522 2627 Non
539 2599 698 2631 observasti,
714 2599 898 2626 condenmasti

110 2646 151 2672 te?
162 2654 194 2672 ex
207 2646 318 2674 dimidia
341 2650 416 2680 parte
428 2645 586 2678 observasti,
609 2644 714 2672 etiarnsi
730 2652 781 2671 non
804 2644 899 2671 obser-

110 2694 217 2725 vaveris,
231 2692 278 2720 sed
293 2692 394 2720 dixeris
406 2695 519 2724 tantum,
534 2699 587 2718 non
600 2691 759 2719 observavi:
774 2698 835 2718 nam
855 2690 899 2726 qui

139 2771 147 2787 ¹
156 2771 200 2807 ‘s_ic
209 2771 280 2807 savii.
304 2771 394 2797 melius
409 2776 481 2803 quam
489 2769 573 2796 Morel.
583 2789 590 2800 ,
602 2771 646 2802 qui
664 2770 735 2802 legit,
758 2770 901 2803 ignorantia

111 2801 431 2869 priiﬂtiﬂgtmopropositionem
441 2831 532 2869 addidit
542 2833 612 2869 Savil.
620 2836 647 2869 et
657 2839 707 2869 nos.
714 2839 745 2857 ex
757 2832 852 2869 savilio.

141 2864 151 2879 ³
166 2867 235 2895 περ..
247 2864 373 2889 uenientia
383 2870 439 2890 vero
458 2864 505 2895 Dei
515 2867 558 2889 est.
582 2864 663 2894 savil.,
684 2864 810 2890 clementia
822 2867 901 2890 autem

118 2895 204 2921 (“cunni
215 2901 351 2921 metuurum
362 2902 409 2920 non
420 2894 499 2919 habet.

146 2928 155 2941 ⁸
172 2928 273 2953 savilius
284 2926 359 2959 addit,
366 2927 393 2953 in
404 2929 481 2951 mente
492 2929 541 2951 tua.

1691 196 1742 224 553

946 251 1062 285 soipsnm
1077 253 1236 279 condemnat
1249 259 1282 279 c0
1295 252 1363 287 quod
1378 260 1429 280 non
1443 253 1644 286 observat-erit.
1662 261 1694 281 eo
1707 254 1745 282 fc-

946 299 1029 325 Stinat
1044 302 1072 324 ut
1086 299 1224 328 observet.
1241 301 1413 336 licspexisti?
1436 302 1599 337 iniquitatem
1615 308 1743 337 operatus

946 344 993 370 es?
1012 345 1161 372 meretricis
1184 346 1304 381 captivus
1327 347 1438 374 effectus
1464 349 1510 375 cs?
1524 348 1687 376 descendiin
1709 349 1744 376 de

947 389 1060 421 theatro,
1075 395 1101 418 et
1113 391 1209 418 iterum
1224 392 1379 419 recordatus
1393 393 1493 427 pudore
1508 394 1619 421 alfectus
1631 395 1684 421 es?
1700 401 1744 421 ac-

946 435 1020 463 cede.
1037 437 1151 465 Mmrorc
1163 438 1273 465 aﬂ‘cctus
1286 439 1461 467 es?0bscera
1478 439 1560 467 Deum
1576 449 1583 467 :
1598 440 1737 476 hucusque

945 484 1125 511 resnrrexisti.
1143 484 1189 512 Va:
1200 485 1276 519 Inibi,
1292 485 1381 513 audivi
1393 490 1421 513 et
1434 494 1486 513 non
1503 487 1641 514 olecrvavi
1654 510 1662 519 ,
1676 496 1743 523 quo»

945 529 1027 556 modo
1050 529 1075 556 in
1098 531 1239 558 ecclesiam
1265 531 1418 567 ingrediar?
1436 533 1570 567 quomodo
1592 541 1685 561 rursus
1698 543 1743 560 att-

945 574 1014 602 diatu
1025 575 1037 602 ?
1050 575 1105 603 lmo
1117 577 1267 611 ingredere,
1282 578 1342 613 quia
1359 586 1412 605 non
1427 578 1588 611 observasti,
1602 584 1629 605 ut
1651 587 1745 606 rursus

945 621 1073 656 audiens,
1097 623 1234 651 observes.
1259 624 1482 652 Medicamentum
1509 625 1531 652 si
1556 625 1602 652 tibi
1627 625 1746 652 medicus

942 668 1076 703 imponat,
1089 676 1138 696 nec
1152 675 1178 697 te
1191 671 1336 702 curaverit,
1353 679 1442 698 annon
1456 671 1605 706 insequenti
1626 671 1669 699 die
1683 680 1743 699 rur-

943 720 989 740 sus
999 715 1132 749 apponet?
1146 715 1172 742 Si
1187 716 1246 750 quis
1259 715 1387 751 lignarios
1411 724 1539 751 quercum
1553 717 1613 745 velit
1629 717 1744 749 ca-dcre,

943 760 1058 787 securim
1073 761 1175 796 arripit,
1190 761 1283 789 incidit
1296 762 1413 790 radicem
1427 771 1433 789 :
1455 764 1476 790 si
1494 771 1547 790 uno
1562 764 1616 791 ictu
1630 764 1744 799 infrttgi-

944 807 999 834 fera
1013 806 1092 833 arbor
1108 814 1160 834 non
1180 807 1324 841 deciderit,
1338 816 1428 835 annon
1442 809 1514 836 addit
1529 809 1631 837 alium?
1655 818 1744 839 annon

942 855 1066 885 quartum
1076 856 1102 879 et
1115 853 1253 887 quintum?
1264 861 1352 881 annon
1359 854 1511 881 decimum?
1524 855 1568 883 Sic
1575 860 1602 883 et
1612 859 1640 883 tu
1654 850 1742 884 facito.

942 897 1062 929 Quercus
1090 903 1132 925 est
1151 900 1276 926 meretrix
1303 900 1322 933 ‘,
1350 900 1431 928 arbor
1459 900 1613 936 infrugifera
1631 922 1638 934 ,
1666 902 1744 938 glan-

942 942 990 971 des
1016 944 1155 978 proferens
1183 946 1209 972 in
1226 946 1378 973 alimoniam
1407 954 1547 981 porcorum
1573 949 1745 976 irrationabi-

943 989 1007 1017 lium
1021 999 1028 1017 :
1040 991 1123 1018 multo
1135 996 1256 1027 tempore
1268 993 1370 1020 radices
1385 994 1473 1028 posuit
1489 995 1514 1021 in
1532 995 1622 1022 animo
1639 994 1698 1029 tuo,
1718 996 1744 1022 in

942 1037 1067 1064 arborum
1092 1039 1208 1066 ambitus
1222 1040 1412 1067 conscientiam
1436 1045 1509 1068 tuam
1524 1041 1621 1076 dcjccit
1634 1051 1640 1069 ς
1655 1050 1745 1070 sertno

942 1091 1017 1111 meus
1038 1085 1140 1112 securis
1158 1090 1208 1113 est.
1230 1086 1334 1114 Audisti
1347 1087 1390 1115 die
1401 1095 1464 1115 uno.
1476 1087 1617 1122 Quomodo
1628 1089 1671 1116 die
1686 1097 1741 1116 uno

942 1130 1125 1158 cadat'tanto
1137 1132 1253 1160 radicata
1267 1134 1409 1169 tempore?
1425 1134 1452 1162 Si
1475 1135 1545 1162 enim
1570 1135 1628 1168 his,
1650 1135 1743 1166 sitter.

943 1176 965 1203 si
977 1177 1077 1204 centies
1093 1198 1099 1209 ,
1115 1178 1136 1204 si
1151 1178 1242 1207 decies
1265 1180 1379 1213 millies,
1396 1179 1462 1207 nihil
1480 1180 1601 1208 mirabile
1612 1181 1702 1214 fuerit,
1716 1188 1745 1208 ιιι

943 1231 987 1251 res
1002 1224 1071 1251 utala
1095 1229 1121 1252 ct
1137 1225 1211 1252 lirtna
1226 1246 1233 1258 ,
1247 1233 1328 1260 prava
1348 1227 1514 1254 consuetudo
1530 1247 1537 1258 ,
1561 1227 1742 1254 cxscindatur.

944 1271 1039 1298 Manna
1058 1272 1233 1299 comedebant
1254 1272 1350 1305 Judrci,
1373 1278 1401 1300 et
1419 1281 1498 1308 cepas
1512 1273 1650 1309 Egyptias
1661 1275 1745 1309 requi-

945 1319 1039 1345 rebant
1051 1327 1057 1345 :
1073 1318 1141 1346 Bene
1151 1319 1221 1346 nobis
1232 1325 1285 1346 erat
1295 1320 1322 1346 in
1333 1320 1449 1356 Αἰσωνιο
1465 1320 1558 1356 (Num.
1575 1321 1604 1348 11
1612 1341 1619 1348 .
1627 1319 1672 1356 18)
1686 1330 1693 1348 :
1705 1321 1741 1347 ita

945 1365 1030 1400 turpis
1038 1365 1207 1400 pessimaque
1216 1374 1259 1393 res
1270 1371 1312 1394 est
1327 1367 1503 1394 consuetudo.
1520 1367 1577 1396 Etsi
1592 1375 1640 1402 per
1653 1367 1744 1395 decem

945 1410 1001 1438 dies
1015 1415 1086 1439 recte
1099 1412 1185 1447 egeris
1196 1433 1203 1445 ,
1217 1413 1239 1440 si
1256 1421 1302 1447 per
1311 1413 1411 1448 viginti,
1425 1413 1446 1441 si
1461 1421 1507 1449 per
1521 1413 1637 1449 triginta,
1652 1422 1704 1441 non
1721 1418 1746 1442 te

945 1457 1074 1491 approbo,
1090 1465 1142 1484 non
1157 1458 1204 1485 tibi
1217 1459 1329 1494 gratiam
1346 1459 1442 1492 habeo,
1470 1467 1525 1487 non
1541 1465 1565 1488 te
1576 1460 1722 1495 amplector
1737 1469 1744 1487 :

947 1505 1049 1535 tantum
1074 1510 1108 1530 nc
1120 1503 1237 1537 deﬁcias,
1252 1503 1300 1532 sed
1317 1509 1342 1531 te
1353 1505 1459 1539 pudeat,
1475 1505 1589 1540 teipsum
1604 1513 1744 1540 coarguas.

982 1547 1010 1575 2.
1023 1549 1138 1577 Rursum
1149 1550 1183 1578 de
1199 1551 1310 1578 caritate
1327 1552 1441 1580 diSScrui
1453 1561 1459 1579 :
1474 1552 1571 1580 attdisti
1582 1573 1589 1584 ,
1602 1552 1702 1586 abiisti,-
1716 1557 1744 1579 et

946 1594 1078 1629 rapuisti?
1097 1597 1223 1632 operibus
1242 1597 1352 1624 verbum
1383 1605 1435 1625 non
1461 1597 1623 1626 exhibuisti?
1648 1598 1687 1626 Ne
1708 1602 1746 1625 ta-

947 1651 1008 1671 men
1028 1649 1054 1671 te
1069 1644 1168 1679 pudeat
1182 1651 1289 1671 rursum
1315 1644 1418 1679 ingredi
1439 1644 1464 1672 in
1478 1645 1618 1672 ecclesiam
1637 1653 1643 1670 :
1657 1649 1683 1671 te
1696 1652 1745 1679 pu-

947 1690 1008 1717 deat
1021 1690 1134 1725 peccati,
1147 1697 1199 1716 nou
1214 1694 1240 1717 te
1256 1689 1352 1724 pudeat
1367 1689 1540 1725 pmnilenlim.
1554 1689 1668 1718 Attende
1681 1689 1745 1724 quid

948 1735 996 1762 tibi
1005 1735 1098 1763 fecerit
1109 1735 1242 1762 diabolus.
1261 1735 1317 1762 Duo
1331 1740 1393 1762 sunt
1407 1735 1474 1768 haec,
1491 1741 1629 1770 peccatum
1646 1741 1673 1763 et
1688 1743 1747 1770 po:-

948 1781 1081 1809 nitentia:
1099 1785 1238 1815 peccatum
1252 1785 1291 1808 est
1304 1781 1412 1811 vulnus.
1433 1781 1590 1816 poenitentia
1609 1788 1675 1808 vero
1686 1789 1745 1808 tne-

948 1827 1017 1856 dela.
1033 1827 1262 1862 Quemadmodum
1288 1827 1358 1854 cuitu
1381 1827 1407 1854 iu
1423 1833 1536 1861 corpore
1558 1831 1620 1854 sunt
1634 1826 1746 1854 medelas

948 1879 975 1901 et
987 1874 1097 1901 vulnera
1121 1874 1180 1900 :sic
1192 1878 1219 1901 et
1232 1873 1257 1900 itt
1278 1873 1367 1900 anima
1393 1877 1501 1908 peccata
1517 1877 1545 1899 et
1569 1872 1746 1907 potnilentia;

949 1921 996 1947 sed
1014 1924 1150 1954 peceatutn
1166 1919 1293 1954 pudorem
1310 1919 1400 1950 habet,
1425 1918 1580 1953 poenitentia
1601 1925 1666 1945 vero
1676 1917 1746 1945 ﬁdu-

950 1967 1019 1994 ciam
1034 1966 1146 1993 obtinet.
1159 1965 1284 1996 Attende,
1296 1972 1396 2000 qumso,
1414 1965 1478 1992 mihi
1489 1964 1642 1999 diligenter,
1656 1971 1690 1991 ne
1701 1972 1746 1991 or-

950 2013 1040 2040 dinem
1066 2011 1233 2040 confundens
1254 2011 1394 2038 utilitatem
1421 2010 1526 2045 perdas.
1543 2011 1591 2037 Est
1609 2009 1705 2037 vulnus
1719 2015 1754 2037 et.

950 2058 1109 2091 retnedium,
1125 2062 1261 2092 peceatum
1271 2061 1298 2084 et
1309 2056 1484 2092 pcenitentia:
1499 2055 1593 2082 vulnus
1602 2060 1642 2083 est
1655 2063 1746 2090 pecea~

953 2110 1019 2137 tum,
1033 2104 1181 2132 remedium
1197 2095 1351 2138 ptenitentia
1367 2111 1373 2129 :
1387 2102 1413 2128 in
1427 2101 1537 2128 vulnere
1553 2101 1652 2132 sanies,
1664 2101 1691 2128 in
1700 2108 1745 2128 re-

950 2150 1039 2177 medio
1054 2149 1211 2184 expurgatio
1225 2148 1308 2175 saniei
1326 2157 1332 2175 :
1348 2148 1374 2174 in
1389 2152 1498 2182 peccato
1517 2147 1616 2179 sanies,
1641 2147 1667 2173 in
1682 2153 1746 2181 pec-

951 2201 1011 2224 cato
1024 2196 1162 2232 probrum,
1176 2196 1202 2222 in
1215 2200 1326 2230 peccato
1337 2194 1406 2221 risus
1419 2203 1425 2221 :
1437 2193 1463 2220 in
1472 2192 1626 2228 pwnilentia
1639 2192 1757 2226 ﬁducia,.

952 2243 978 2270 in
992 2242 1148 2278 paenitentia
1160 2242 1278 2274 libertas,
1293 2241 1319 2268 in
1330 2240 1485 2276 poenitentia
1501 2240 1623 2274 purgatio
1633 2239 1747 2273 peccati.

952 2289 1068 2317 Attende
1094 2288 1245 2324 diligenter.
1267 2287 1408 2314 Peccatum
1433 2285 1536 2321 pudor,
1564 2284 1747 2319 paenitentiam

953 2336 1048 2364 ﬁducia
1061 2336 1191 2371 sequitur.
1204 2333 1423 2361 Animadvertisti
1437 2331 1508 2367 quod
1522 2331 1606 2359 dico?
1619 2331 1748 2359 Ordinem

953 2382 1062 2410 invertit
1071 2385 1188 2414 satanas,
1200 2380 1326 2415 deditque
1341 2384 1450 2414 peccato
1463 2378 1652 2406 conﬁdentiam
1664 2398 1670 2410 ,
1687 2385 1746 2412 pin-

953 2429 1070 2456 nitentia:
1088 2427 1228 2462 pudorem.
1249 2425 1306 2453 Non
1320 2425 1438 2452 desinam
1454 2431 1538 2459 usque
1552 2423 1585 2450 ad
1597 2430 1746 2458 vesperam,

952 2475 1038 2503 donec
1051 2473 1116 2501 illud
1136 2473 1262 2500 solvero:
1286 2470 1445 2505 promissum
1470 2470 1594 2504 itnpleattt
1619 2473 1724 2503 oportet
1741 2477 1748 2494 :

954 2529 1006 2548 non
1021 2527 1129 2555 possum
1140 2518 1281 2546 absistere.
1298 2517 1347 2544 Est
1357 2517 1452 2544 vulnus
1463 2521 1491 2543 et
1503 2515 1651 2544 remedium
1668 2524 1675 2542 :
1693 2516 1749 2542 vul-

954 2575 1004 2594 nus
1016 2566 1118 2594 sattiem
1135 2564 1229 2597 habet,
1245 2562 1392 2590 remedium
1406 2562 1488 2589 sanici
1502 2561 1684 2596 purgationem
1700 2561 1746 2587 ob-

954 2612 1103 2641 tinet.Num
1117 2612 1142 2638 in
1150 2610 1268 2638 retuedio
1278 2609 1385 2637 sanies?
1394 2616 1456 2636 num
1465 2609 1491 2635 in
1503 2608 1612 2636 vulnere
1625 2607 1726 2635 medela
1738 2607 1744 2634 ε

954 2668 1042 2687 attnon
1057 2664 1084 2686 et
1096 2659 1154 2686 htec
1166 2662 1193 2686 et
1213 2657 1257 2685 illa
1271 2656 1406 2692 proprium
1431 2660 1522 2683 tenent
1534 2654 1673 2682 ordinem?
1684 2662 1749 2682 num

954 2711 1041 2742 potest
1055 2705 1105 2733 hoc
1119 2704 1152 2732 ad
1166 2703 1241 2736 illud,
1253 2702 1317 2730 illud
1331 2702 1364 2729 ad
1378 2701 1429 2729 hoc
1451 2699 1658 2728 transcendere?
1669 2699 1749 2727 Nullo

953 2753 1042 2780 modo.
1068 2752 1126 2779 Jam
1146 2749 1325 2778 veniamusad
1342 2748 1456 2775 animam
1478 2747 1592 2782 peccatis
1614 2750 1748 2773 onustam.

955 2800 1095 2828 Peccatum
1111 2798 1248 2833 probrum,
1267 2799 1403 2831 peccatum
1419 2794 1546 2829 pudorem
1560 2791 1749 2828 ignominiam-

955 2853 1006 2881 que
1019 2845 1130 2872 sortitur
1146 2853 1153 2871 :
1170 2842 1325 2878 paenitentia
1348 2840 1472 2868 ﬁduciam
1485 2839 1576 2872 habet,
1592 2838 1747 2874 pmnitentia

988 2893 996 2908 ί
1014 2895 1039 2916 tn
1047 2891 1128 2920 savil.,
1138 2889 1272 2923 fornicatio,
1286 2894 1339 2920 pro,
1349 2886 1477 2923 meretrir.
1520 2917 1535 2923 μ

987 2925 997 2940 ’
1014 2922 1109 2954 M0rel.,
1119 2916 1214 2947 audivit
1224 2916 1336 2952 die'n'rw,‘
1347 2919 1409 2944 itura
1422 2924 1497 2944 totum
1509 2917 1573 2943 diem
1584 2916 1690 2946 caderet,
1701 2918 1748 2940 etc.
