1978 3131
240 186 290 212 3.7!)

239 241 379 274 jejunium,
407 242 561 276 poenitentia
575 242 706 276 justitiam
719 242 842 271 obtinet:
858 241 905 269 Dic
923 243 994 271 enim
1008 248 1034 270 tu

239 287 382 320 iniquitates
393 292 450 314 tuas
460 287 568 322 primus,
578 288 758 324 utjustiﬁceris
774 288 850 324 (lsat'.
861 289 904 316 43.
915 288 960 316 25.
969 288 1032 325 26):

238 337 274 363 et,
289 331 380 360 Justus
393 333 419 359 in
429 334 553 368 principio
563 334 686 361 territorii:
695 339 828 361 accusator
841 339 877 361 est
885 335 923 361 sui
933 334 942 368 (
953 333 1032 361 Prov.

238 378 279 406 18.
298 379 331 405 l7
341 378 361 415 ).
371 378 438 406 Cum
454 379 533 414 igitur
543 380 609 407 sciat
623 385 740 413 satanas,
755 381 824 416 quod
838 385 975 414 peccatum
991 387 1034 407 se-

236 429 333 460 quatur
354 425 450 460 pudor,
464 426 508 460 qui
523 426 607 460 possit
621 432 788 461 peccatorem
801 426 954 459 deterrere;
972 433 1032 461 pm-

235 471 346 499 nitentia
366 478 430 498 vero
443 471 565 498 fiduciam
583 470 696 504 habeat,
721 478 781 507 qua:
794 471 878 506 possit
900 471 1032 506 paeniten-

240 517 302 543 tiam
316 517 424 544 allicere
440 527 445 544 :
462 517 584 545 ordinem
597 517 714 549 invertit,
729 517 855 552 deditque
866 517 1032 551 prenitentia:

240 562 377 595 pudorem,
395 567 503 598 peccato
519 563 652 590 ﬁduciam.
669 562 807 591 Undenam
831 563 857 590 id
871 563 1031 597 liquet?ego

237 607 334 635 dicam.
351 608 461 644 Capitur
483 611 543 645 quis
564 609 666 637 ardenti
680 610 894 644 concupiscentia
918 609 1031 644 publica:

237 654 404 687 meretricis;
426 658 594 683 meretricem
621 656 665 683 ille
687 663 735 683 ceu
758 656 878 691 captivus
887 656 1008 691 sequitur
1021 675 1029 688 ,

237 709 262 727 tn
279 701 453 735 prostibulum
465 702 626 737 ingreditur;
641 702 715 730 nullo
728 703 947 738 pudore,rubore
958 703 1031 731 nullo

236 745 346 774 affectus
354 755 415 775 cum
428 749 568 776 meretrice
581 748 761 783 congreditur,
778 754 969 784 peccatumque
981 750 1030 777 ad-

237 793 315 820 mittit
337 802 343 820 :
373 798 433 828 post
455 795 599 822 admissum
625 800 762 831 peccatum
791 796 861 823 illinc
884 796 1028 832 egreditur:

235 844 262 867 et
282 839 316 868 de
344 841 498 876 poenitentia
521 843 620 877 agenda
644 843 786 869 erubescit.
814 842 902 875 Miser,
923 843 1030 877 quando

235 894 296 914 cum
309 888 448 915 meretrice
469 889 694 924 congredicbaris,
719 897 771 916 non
793 889 986 920 erubescebas;
1003 894 1030 917 at

235 940 294 958 cum
310 932 342 959 ad
359 933 541 967 paenitentiam
561 935 678 967 accedis,
695 939 756 962 tunc
770 935 925 963 erubescis?
945 935 1030 963 Pudet

235 985 294 1004 eum
307 998 314 1010 ,
331 978 374 1006 dic
396 979 471 1006 milti.
487 979 576 1013 Quare
589 987 648 1007 cum
663 981 838 1008 fornicaretur
861 988 914 1008 non
928 981 1029 1016 pudore

235 1023 416 1052 afficiebatur?
429 1025 531 1054 facinus
546 1031 690 1061 perpetrat.
704 1032 731 1054 et
746 1035 798 1054 non
825 1028 925 1062 pudore
941 1027 1027 1055 affici-

235 1077 288 1103 tnr,
304 1070 377 1098 etde
395 1071 476 1098 verbo
498 1073 654 1100 erubescit?
679 1073 779 1100 Diaboli
803 1073 899 1100 astutia
921 1078 972 1100 est.
1000 1073 1027 1101 In

233 1121 342 1151 peccato
353 1125 405 1144 non
416 1118 480 1145 sinit
493 1126 552 1145 euut
568 1118 737 1151 erubescere,
759 1119 806 1146 sed
831 1119 934 1154 publice
948 1120 1027 1147 inno-

234 1167 336 1190 tescere
350 1163 433 1196 sinit;
454 1164 504 1191 scit
518 1164 589 1191 enim
605 1164 662 1192 fore
685 1165 748 1192 utsi
770 1166 871 1200 pudore
885 1165 1026 1198 afficiatur,

233 1213 370 1242 peccatum
383 1207 466 1243 fugiat
481 1218 488 1236 :
504 1209 530 1236 in
542 1209 695 1244 pmnitcntia
706 1218 769 1238 vero
779 1211 938 1238 erubescere
947 1211 1026 1244 facit;

233 1254 305 1281 novit
315 1255 386 1282 enim
401 1263 462 1282 cum
474 1263 528 1290 ιιι-ω
538 1257 638 1291 pttdore
649 1257 830 1292 ptenitentiam
843 1266 895 1285 non
903 1264 1026 1286 acturunt

233 1307 302 1327 esse.
321 1301 377 1328 Duo
390 1301 458 1328 mala
471 1301 534 1329 facit
545 1323 553 1333 ,
577 1302 610 1329 ad
626 1308 762 1337 peccatum
786 1304 895 1339 pellicit,
910 1309 1027 1340 διειρω-

233 1346 340 1372 nitentia
356 1352 437 1374 arcet.
452 1347 506 1375 Cur
521 1352 546 1375 te
559 1348 614 1383 jam
630 1348 728 1383 pudet?
750 1349 817 1377 Cum
843 1350 1024 1384 fornicareris,

232 1399 283 1418 non
310 1392 505 1426 erubescebas;
520 1402 581 1421 cum
605 1395 752 1423 remedium
776 1397 912 1430 admoves,
926 1397 1026 1432 pudore

232 1437 412 1466 suffunderis?
435 1447 495 1467 eum
519 1441 632 1476 teipsum
653 1448 668 1468 a
687 1446 797 1477 peccato
810 1442 915 1474 liberas.
930 1443 1027 1471 erube-

234 1483 299 1510 scis?
315 1483 390 1512 Tunc
404 1485 562 1514 erubescere
576 1487 693 1514 debebas
703 1508 710 1520 ,
724 1493 787 1515 tnttc
808 1488 934 1523 pudefieri
945 1496 1026 1524 opor-

231 1529 314 1563 tebat,
328 1537 388 1558 cum
404 1538 538 1566 peccares.
550 1532 616 1560 Cum
630 1538 754 1568 peccatur
765 1534 853 1566 fieres,
869 1543 920 1561 nott
931 1535 1026 1563 erube-

231 1576 340 1608 scebant;
355 1584 415 1604 cuni
425 1577 513 1612 justus
527 1578 651 1612 efﬁccris,
665 1579 821 1607 erubescis?
833 1579 881 1607 Dic
895 1585 921 1607 tu
933 1581 1026 1616 iniqui-

233 1626 295 1649 tates
308 1628 365 1649 tua:
387 1623 483 1658 primus
495 1645 502 1657 ,
527 1629 554 1651 ut
561 1625 711 1660 justiﬁceris
725 1625 800 1661 (Isai.
827 1627 872 1655 45.
896 1627 941 1655 25.
955 1627 991 1655 26
1004 1627 1024 1663 ).

232 1667 289 1696 Νοη
301 1668 377 1701 dixit,
393 1675 422 1696 ut
436 1677 488 1696 non
503 1670 626 1704 plectaris
639 1672 787 1707 supplicio;
807 1673 866 1706 sed,
884 1672 917 1701 Ut
927 1674 1026 1708 justiﬁ-

231 1713 303 1740 reris.
327 1716 422 1741 Annon
443 1715 590 1743 sufficiebat
613 1717 656 1750 ei,
679 1717 751 1752 quod
772 1725 824 1745 non
839 1719 932 1753 punias
945 1727 1024 1752 eum,

231 1758 310 1786 etiam
321 1759 421 1793 jttstutn
435 1760 538 1788 efﬁcis?
552 1761 631 1789 Plane
645 1762 763 1797 quidem.
789 1765 825 1791 At
848 1764 965 1791 sermoni
980 1772 1024 1791 se-

232 1804 294 1831 dulo
310 1810 426 1832 mentem
440 1806 547 1834 adhibe.
562 1807 665 1835 Justum
681 1808 754 1835 illurn
767 1809 865 1836 efficio.
876 1810 908 1837 Et
918 1810 1025 1838 ubinam

233 1850 283 1877 hoc
298 1850 380 1878 fecit?
392 1851 420 1878 In
435 1852 549 1886 latrone,
571 1858 600 1880 ut
615 1854 665 1882 ltoc
677 1859 778 1882 tantutn
793 1856 877 1883 sodali
899 1856 1001 1884 diceret
1017 1866 1024 1884 :

232 1895 323 1932 Ner/ue
335 1902 361 1924 tu
382 1899 454 1926 times
471 1898 560 1926 Deum.
576 1900 608 1926 Et
617 1909 663 1928 nos
675 1902 776 1937 quidem
787 1903 865 1937 jure;
879 1912 938 1930 nam
949 1903 1026 1938 digna

232 1942 306 1975 [actis
320 1943 456 1977 recipimus
466 1943 540 1980 (Luc.
557 1945 601 1972 25.
617 1946 662 1973 40.
679 1947 736 1981 Η).
754 1947 820 1974 Dicit
832 1951 859 1975 et
880 1948 1001 1976 Salvator
1017 1958 1023 1975 :

233 1985 317 2014 Hodie
334 1996 431 2015 mentm
451 1990 499 2016 cria
514 1990 539 2016 in
554 1991 674 2025 paradiso
691 1991 770 2028 (Ibid.
786 1992 844 2027 ‘5).
867 1992 924 2020 Non
938 1993 1023 2026 dixit,

231 2032 270 2060 Te
283 2042 297 2060 a
314 2042 391 2068 poena
406 2039 434 2062 et
455 2036 588 2070 supplicio
603 2038 702 2071 exime,
714 2038 759 2066 sed
784 2039 868 2074 ipsum
882 2040 982 2074 justum
998 2041 1023 2067 iit

233 2080 383 2114 paradisum
399 2082 552 2110 introducit.

266 2127 396 2162 Confessio
404 2129 504 2164 justum
516 2130 597 2165 «meo.
613 2145 646 2150 —
658 2130 888 2166 Vidistin'justum
901 2140 948 2167 per
957 2140 1025 2163 con-

232 2173 373 2201 fessionem
396 2173 540 2202 effectum?
560 2176 710 2204 Admodum
726 2177 855 2213 benignus
870 2184 910 2206 est
934 2180 1002 2207 Deus
1016 2188 1024 2208 :

233 2218 286 2246 fliio
300 2226 354 2246 non
371 2221 500 2255 pepercit,
513 2225 541 2248 ut
556 2229 634 2249 servo
648 2229 770 2257 parceret
786 2233 792 2251 :
807 2225 914 2252 tradidit
926 2225 1024 2261 Unigc-

233 2264 327 2298 ttitunt,
342 2269 370 2292 ut
383 2265 501 2301 ingratos
514 2274 608 2294 servos
622 2268 768 2297 redimeret
781 2279 788 2297 :
801 2271 956 2306 sanguinem
965 2272 1025 2299 Filii

232 2311 274 2338 sui
289 2311 314 2339 itt
330 2311 443 2346 pretium
458 2312 589 2346 deposuit.
606 2313 628 2340 0
641 2314 830 2349 benignitatem
851 2317 971 2344 Domini!
987 2317 1026 2345 Ne

232 2356 296 2383 tnilti
310 2364 417 2384 rursum
431 2358 505 2386 dicas
521 2359 646 2387 :Pcct-avi
659 2362 781 2394 tnnltum,
791 2363 924 2396 quomodo
933 2368 1025 2398 potero

231 2402 342 2429 salutem
353 2404 478 2438 consequi
490 2404 548 2432 ?Tu
559 2414 611 2432 non
621 2412 706 2440 potes,
718 2407 910 2436 Dominustnus
921 2414 1004 2444 potest
1017 2418 1023 2436 :
1042 2439 1043 2442 η

231 2452 312 2482 atque
324 2448 359 2476 ita
377 2454 480 2484 potest,
494 2455 521 2477 ttt
540 2450 628 2479 deleat
641 2457 748 2487 peccata
765 2458 819 2481 tua.
836 2455 951 2482 Attende
964 2455 1025 2482 dili-

231 2499 324 2529 genter
336 2503 343 2522 :
359 2496 394 2522 ita
407 2495 478 2523 delet
491 2503 609 2532 peccata,
625 2503 653 2526 ut
666 2507 698 2527 ne
708 2500 846 2535 veStigiutn
861 2501 966 2536 quidem
980 2510 1026 2529 eo-

231 2549 290 2567 rutn
306 2545 422 2569 maneat.
444 2541 473 2568 In
487 2544 644 2577 corporibus
659 2552 712 2572 non
728 2545 790 2572 item
804 2554 810 2572 :
828 2554 887 2572 natn
903 2548 951 2574 etsi
967 2555 1025 2575 tne-

230 2588 306 2615 :licns
321 2588 416 2616 millies
436 2589 552 2617 studium
579 2596 605 2618 et
628 2593 744 2620 remedia
773 2593 908 2623 adhibeat.
932 2595 1026 2621 vulnus

230 2634 338 2669 quidem
355 2642 370 2662 e
385 2635 473 2662 medio
485 2636 553 2662 tollit
565 2645 572 2668 ;
586 2637 632 2664 sed
644 2638 799 2673 plerumque
811 2639 846 2671 ei,
860 2640 904 2674 qui
916 2640 941 2666 in
958 2640 1025 2667 facie

234 2680 338 2715 plagam
363 2684 486 2718 accepit,
501 2684 597 2711 vulnus
620 2685 726 2720 quidem
752 2691 837 2717 curat,
853 2687 900 2713 sed
915 2687 1025 2714 cicatrix

232 2732 362 2761 remanet,
374 2733 401 2756 et
417 2730 441 2756 itt
456 2736 640 2765 argumentum
664 2732 780 2759 vulneris
794 2733 882 2760 vultus
897 2733 1025 2760 deformi-

233 2778 315 2801 tatem
333 2773 488 2803 circumfcrt
501 2785 507 2803 :
522 2776 648 2812 milleqtte
663 2777 749 2805 modis
761 2779 890 2805 annititur
906 2779 1025 2806 medicus

232 2819 382 2848 cicatricem
397 2821 497 2853 delere,
512 2821 559 2849 sed
570 2830 622 2849 tton
639 2827 740 2858 potest;
758 2825 966 2859 repugnatenim
982 2825 1024 2851 in-

232 2865 344 2894 firmitas
357 2872 458 2895 natura:
469 2888 476 2900 ,
493 2875 543 2895 nec
557 2875 609 2895 non
623 2868 688 2896 artis
701 2873 728 2896 et
742 2870 921 2897 remediorum
939 2871 1022 2898 imbe-

231 2912 334 2941 cillitas.
349 2913 447 2941 Contra
458 2921 522 2942 vero
536 2913 606 2942 Deus
621 2922 681 2943 cum
696 2921 804 2951 peccata
820 2917 901 2951 delet,
925 2925 973 2946 nec
984 2919 1021 2946 ci-

595 188 623 215 S.
644 185 783 215 JOANNIS
801 180 1027 211 CllllYSOSTOM

1086 181 1220 210 RCHIEP.
1240 183 1505 212 CONSTANTINOP.

1833 186 1883 213 3H!

1080 240 1214 269 ,catricem
1228 242 1365 277 relinquit,
1381 250 1430 270 nec
1456 241 1597 277 vestigium
1617 250 1726 270 manere
1750 242 1832 273 sinit.
1853 251 1882 270 at:

1087 295 1147 314 cum
1161 287 1274 315 sanitate
1290 288 1381 315 formte
1395 288 1477 316 decus
1495 289 1614 324 largitur,
1628 297 1688 316 cum
1714 289 1883 318 immunitate

1085 340 1099 358 a
1116 333 1246 368 supplicio
1256 334 1386 368 justitiam
1397 334 1453 362 dat.
1468 343 1583 369 eumque
1596 336 1640 370 qui
1650 336 1772 371 peccavit
1782 335 1807 363 ei
1818 357 1825 368 ,
1838 336 1882 370 qui

1086 386 1138 405 non
1160 380 1290 414 peccavit,
1318 388 1408 414 parem
1424 379 1516 408 efficit.
1532 380 1614 408 Tollit
1635 381 1706 408 enim
1730 387 1880 416 peccatum,

1073 430 1166 460 atque
1181 425 1205 453 id
1219 426 1302 453 efficit
1312 432 1339 453 ut
1350 435 1437 461 neque
1454 427 1498 458 sit,
1514 435 1600 462 neque
1615 427 1713 455 factum
1731 428 1830 460 fuerit;
1847 429 1880 455 ita

1084 472 1185 498 scilicet
1205 472 1347 500 universim
1367 473 1440 500 delet
1459 473 1524 500 illud
1541 480 1614 500 :non
1637 477 1728 501 manet
1748 473 1860 501 cicatrix
1872 494 1879 505 ,

1085 525 1137 544 non
1154 518 1302 553 vestigium,
1315 525 1367 545 non
1382 524 1577 554 argumentum,
1592 527 1645 546 non
1656 520 1771 554 signum.

1119 563 1145 590 5.
1162 562 1189 590 ld
1205 564 1336 591 nndenam
1361 565 1462 599 liquet?
1474 565 1610 592 Dictorum
1625 565 1695 592 enim
1710 565 1881 592 demonstra-

1084 609 1170 637 tiones
1192 609 1320 637 exhibere
1341 610 1436 641 debeo,
1463 611 1498 638 ita
1511 615 1540 637 ut
1554 618 1606 638 non
1630 619 1716 638 meam
1743 610 1878 646 proferant

1082 656 1252 687 sententiam,
1262 656 1309 683 sed
1316 664 1350 683 ex
1358 655 1503 691 Scriptnris
1512 656 1704 689 demonstrem,
1714 660 1796 683 utres
1805 660 1879 682 certa

1083 700 1283 736 indubitataque
1303 706 1419 729 maneat.
1443 701 1541 729 induco
1562 702 1642 736 igitur
1661 702 1735 729 vobis
1755 701 1879 729 homines

1085 746 1241 774 vulneribus
1264 748 1415 780 sauciatos,
1446 747 1570 782 populum
1594 747 1725 782 integrum
1755 747 1879 775 homines

1083 793 1176 826 plenos
1185 793 1420 826 nlceribus,sanie,
1431 793 1576 826 vermibus,
1588 794 1632 828 qni
1641 793 1705 820 nihil
1715 793 1787 820 aliud
1797 800 1878 828 quam

1082 838 1177 866 vulnus
1190 842 1218 866 et
1231 839 1306 866 ulcus
1318 839 1372 866 sint
1388 848 1395 866 :
1411 839 1456 874 qui
1469 844 1556 866 tamen
1573 839 1608 866 ita
1620 839 1709 867 curari
1722 839 1836 874 possint,
1849 843 1878 865 ut

1082 891 1132 911 nec
1147 884 1255 911 cicatrix
1268 904 1276 917 ,
1302 892 1352 912 nec
1367 884 1518 920 vestigium,
1544 891 1594 912 nec
1616 884 1720 919 signum
1735 884 1852 918 supersit
1867 892 1875 910 :

1082 930 1203 958 homines
1215 932 1259 966 qui
1273 938 1326 958 non
1340 939 1433 962 unum,
1448 938 1500 958 non
1515 930 1578 963 duo,
1601 938 1654 957 non
1669 929 1729 962 tria,
1746 937 1798 956 non
1809 937 1876 964 qua-

1082 982 1141 1004 tuor
1150 977 1260 1005 vulnera
1275 977 1398 1010 habeant,
1415 976 1462 1005 sed
1483 984 1498 1004 a
1516 977 1602 1010 capite
1613 976 1645 1003 ad
1659 976 1740 1011 pedes
1756 976 1803 1003 toti
1819 975 1877 1002 vul-

1081 1031 1131 1050 nus
1150 1025 1214 1050 sint.
1238 1024 1354 1051 Attende
1379 1024 1521 1059 diligenter
1532 1023 1645 1051 orationi
1660 1027 1720 1050 :est
1734 1023 1807 1050 enim
1833 1022 1877 1049 hic

1080 1077 1170 1097 sermo
1181 1074 1272 1097 noster
1280 1071 1430 1097 communis
1440 1075 1520 1105 atque
1533 1070 1666 1096 salutaris.
1680 1069 1876 1097 Medicamenta

1081 1124 1145 1152 paro
1160 1116 1324 1144 ntedicorum
1339 1116 1465 1144 remediis
1488 1116 1684 1151 praestantiora,
1714 1123 1774 1150 qum
1787 1123 1822 1142 ne
1833 1122 1876 1142 re-

1080 1170 1128 1198 ges
1149 1162 1256 1197 quidem
1280 1162 1413 1189 adornare
1435 1167 1556 1196 possunt.
1573 1161 1640 1194 Quid
1653 1169 1700 1188 rex
1722 1161 1832 1196 potest?
1855 1161 1876 1188 E

1079 1217 1188 1237 carcere
1215 1217 1319 1241 eruere,
1346 1216 1360 1235 3
1376 1209 1497 1243 geltenna
1524 1212 1610 1234 autem
1625 1207 1744 1235 eximere
1758 1215 1811 1234 non
1824 1214 1875 1242 p0-

1081 1260 1132 1283 tcst
1148 1265 1153 1282 :
1170 1256 1296 1290 pecunias
1311 1255 1412 1290 largiri,
1428 1254 1543 1281 animam
1558 1262 1622 1281 vero
1637 1262 1745 1281 servare
1759 1261 1812 1280 non
1827 1261 1875 1280 va-

1079 1302 1125 1328 let.
1141 1301 1193 1328 Sed
1208 1301 1234 1328 in
1250 1308 1344 1328 manus
1359 1300 1522 1335 pmnitentim
1533 1307 1580 1327 vos
1596 1299 1680 1331 trado,
1697 1304 1726 1326 ut
1741 1301 1793 1326 vim
1817 1299 1876 1333 ejus

1079 1347 1213 1379 ediscatis,
1246 1347 1397 1374 utdiscatis
1424 1350 1562 1380 peccatum
1591 1354 1644 1373 non
1666 1346 1690 1373 ei
1715 1346 1873 1381 prmvalere,

1082 1401 1169 1428 neque
1185 1393 1264 1420 ullam
1278 1400 1338 1421 esse
1351 1393 1528 1428 iniquitatem,
1540 1400 1600 1427 qua:
1614 1392 1666 1419 vim
1677 1392 1735 1426 ejus
1746 1399 1876 1427 Superare

1080 1440 1173 1474 possit.
1186 1439 1294 1466 Interim
1310 1439 1407 1466 induco
1422 1446 1476 1466 non
1505 1446 1585 1465 unum
1599 1459 1606 1470 ,
1633 1445 1685 1465 non
1709 1438 1776 1464 duos
1790 1458 1797 1468 .
1821 1445 1874 1464 non

1080 1490 1144 1517 tres,
1159 1485 1207 1513 sed
1222 1485 1321 1520 pluries
1335 1485 1458 1512 millenos
1472 1484 1767 1517 homines,vulneribus
1779 1484 1875 1511 ulceri-

1079 1531 1180 1566 basque
1193 1531 1297 1566 plenos,
1318 1531 1464 1558 innumeris
1480 1529 1594 1565 peccatis
1619 1534 1730 1556 ottustos
1742 1549 1750 1562 ,
1766 1530 1811 1564 qui
1828 1537 1874 1564 per

1080 1578 1264 1613 paenitentiam
1278 1577 1313 1604 ita
1337 1577 1450 1604 salutem
1463 1576 1589 1611 consequi
1605 1580 1727 1610 potuere,
1743 1580 1771 1602 ut
1785 1583 1873 1610 neque

1079 1624 1219 1659 vestigium
1234 1632 1318 1658 neqtte
1327 1623 1433 1651 cicatrix
1446 1623 1563 1657 priorum
1580 1623 1699 1650 ulcerum
1711 1627 1874 1650 remaneret.

1078 1671 1177 1699 Verum
1187 1671 1329 1706 diligenter
1342 1669 1471 1698 attendite
1486 1669 1614 1702 sermoni,
1627 1676 1714 1704 neque
1724 1669 1811 1696 solum
1832 1673 1869 1696 at-

1077 1718 1188 1750 tendite,
1196 1717 1242 1745 sed
1252 1718 1330 1744 etiam
1341 1725 1383 1750 ea,
1390 1725 1449 1752 qua:
1458 1715 1731 1748 dicuntur,memorim
1739 1715 1875 1748 mandate,

1079 1769 1107 1791 ut
1120 1764 1244 1791 absentes
1261 1763 1421 1794 instituatis,
1440 1768 1467 1789 et
1477 1770 1538 1794 eos,
1555 1762 1598 1797 qui
1613 1761 1728 1789 utilitate
1741 1762 1876 1789 sermonis

1079 1811 1157 1846 Itnjus
1169 1811 1287 1838 destituti
1302 1815 1379 1842 sunt,
1392 1810 1575 1845 diligentiores
1601 1808 1731 1836 reddatis.
1757 1808 1877 1836 Accedat

1078 1859 1158 1892 igitur
1173 1857 1216 1885 ille
1230 1856 1441 1891 Seraphinorum
1456 1860 1594 1890 spectator
1607 1856 1698 1886 Isaias,
1714 1855 1759 1890 qui
1781 1855 1871 1890 mysti-

1077 1911 1135 1930 cam
1152 1903 1223 1930 illam
1238 1903 1381 1930 nlelodiam
1394 1902 1511 1934 audivit,
1531 1902 1576 1937 qui
1596 1901 1698 1928 infinita
1719 1900 1753 1928 de
1767 1900 1875 1927 Christo

1079 1950 1209 1985 przodixit.
1224 1949 1293 1983 Quid
1307 1949 1378 1977 dicat
1393 1953 1582 1984 percontemur
1596 1955 1603 1973 :
1622 1946 1706 1980 Visio,
1725 1955 1802 1980 quam
1815 1946 1875 1972 cidit

1078 1996 1161 2024 Isaias
1185 1997 1305 2023 adversus
1316 1995 1434 2023 Judazam
1454 2000 1478 2022 et
1491 1995 1610 2022 adversus
1630 1993 1776 2021 Jerusalem
1798 1991 1873 2030 (Isai.

1079 2043 1104 2069 l.
1119 2043 1157 2077 l).
1178 2042 1225 2069 Die
1240 2042 1382 2074 visionem,
1398 2049 1477 2076 quam
1499 2040 1599 2067 vidisti.
1615 2040 1697 2072 Audi,
1721 2039 1829 2071 mlum,
1851 2045 1875 2067 et

1078 2089 1180 2115 auribus
1186 2089 1295 2124 percipe,
1303 2093 1379 2121 terra,
1386 2088 1444 2123 quia
1452 2087 1576 2114 Dominus
1583 2087 1700 2122 loquutus
1706 2092 1742 2114 est
1749 2086 1773 2122 (Ι
1777 2086 1828 2113 bid.
1834 2086 1862 2120 2)
1867 2106 1874 2112 .

1078 2135 1135 2162 Alia
1152 2135 1283 2169 pollicitus
1297 2141 1336 2167 es,
1352 2138 1379 2160 et
1399 2133 1449 2160 alia
1460 2133 1538 2160 dicis.
1554 2133 1682 2166 Quantam
1701 2132 1755 2159 alia
1769 2132 1872 2166 pollici-

1079 2186 1121 2209 tus
1137 2181 1215 2209 sum?
1229 2181 1363 2215 Principio
1374 2180 1451 2213 dicis,
1464 2179 1537 2207 Visio
1549 2178 1678 2206 adversus
1693 2178 1814 2205 .Indteam
1825 2199 1833 2210 ,
1849 2183 1875 2205 et

1078 2228 1206 2255 adversus
1216 2227 1382 2258 Jerusalem,
1396 2231 1423 2254 et
1443 2226 1523 2253 missa
1543 2225 1633 2252 Iudaea
1662 2229 1745 2260 atque
1766 2224 1874 2252 Jerusa-

1078 2274 1146 2306 lem,
1162 2273 1255 2300 ca'lum
1270 2272 1430 2307 alloqneris.
1442 2276 1470 2299 et
1485 2271 1517 2298 ad
1531 2275 1630 2298 terram
1651 2277 1806 2297 sermonem
1829 2269 1875 2296 dc-

1078 2319 1162 2346 clinas
1175 2327 1181 2344 :
1194 2318 1337 2345 rationales
1351 2317 1473 2344 homines
1486 2317 1582 2343 missos
1594 2315 1658 2342 facis
1668 2337 1675 2347 ,
1689 2320 1716 2342 et
1735 2323 1796 2342 cum
1812 2315 1874 2342 irra-

1080 2364 1249 2392 tionabilibus
1271 2363 1413 2391 elementis
1439 2363 1521 2390 verba
1534 2362 1655 2389 conseris
1667 2362 1680 2388 ?
1693 2362 1761 2395 Quia
1778 2369 1872 2395 nempe

1080 2411 1303 2438 irrationabilihus
1319 2409 1530 2437 rationabiliores
1549 2408 1608 2435 facti
1624 2413 1686 2435 sunt
1700 2407 1873 2434 rationabiles

1079 2457 1115 2483 illi
1129 2465 1136 2483 τ
1153 2464 1238 2491 neque
1255 2456 1316 2484 ideo
1331 2460 1432 2483 tantum
1446 2476 1453 2488 ,
1465 2455 1511 2482 sed
1526 2454 1587 2489 quia
1601 2462 1660 2481 cum
1675 2453 1873 2481 introducturus

1079 2511 1125 2530 eos
1138 2507 1210 2530 esset
1224 2502 1328 2538 Moyses
1341 2502 1367 2529 in
1383 2506 1480 2529 terrant
1495 2500 1681 2536 promissionis
1691 2521 1698 2533 ,
1714 2505 1744 2527 et
1758 2508 1818 2534 quaz
1832 2499 1873 2526 fu-

1080 2554 1138 2575 tura
1152 2553 1228 2575 erant
1245 2548 1405 2582 prtevidcret
1415 2568 1422 2579 ,
1436 2547 1508 2582 quod
1523 2546 1650 2573 nimirum
1668 2554 1730 2581 qua:
1755 2546 1806 2572 sibi
1821 2550 1872 2572 tra-

1078 2595 1132 2621 dita
1148 2594 1438 2629 fuerantoontempturi
1451 2597 1541 2621 essent
1555 2602 1562 2619 :
1575 2592 1655 2625 Audi,
1664 2593 1768 2625 calum,
1782 2592 1870 2626 inquit.

1078 2646 1102 2668 et
1116 2641 1227 2667 attendat
1239 2645 1306 2667 terra
1320 2641 1394 2667 verba
1406 2648 1438 2666 ea:
1445 2648 1489 2667 ore
1502 2648 1557 2666 meo
1570 2639 1658 2674 (Deut.
1671 2639 1718 2666 δὲ.
1727 2639 1765 2673 1).
1776 2639 1871 2665 Contc-

1079 2692 1135 2714 stor
1147 2687 1223 2714 vobis
1231 2688 1325 2714 czelum
1336 2691 1363 2713 et
1373 2693 1481 2718 terram,
1493 2685 1577 2720 inquit
1589 2685 1708 2720 Moyses,
1728 2685 1799 2720 quod
1808 2685 1828 2711 si
1837 2684 1870 2710 in-

1079 2734 1163 2768 gressi
1178 2733 1279 2760 fueritis
1288 2733 1313 2759 in
1324 2736 1421 2759 terratn
1433 2731 1618 2766 promissionis
1625 2752 1632 2763 ,
1641 2735 1668 2758 et
1677 2730 1870 2765 dereliqueritis

1081 2779 1223 2806 Dominum
1236 2779 1328 2810 Deunt,
1340 2778 1453 2804 futurum
1462 2777 1496 2804 sit
1505 2781 1533 2804 ut
1544 2777 1735 2811 dispergamini
1745 2778 1771 2803 in
1785 2783 1871 2802 omnes

1079 2823 1263 2859 gentos.Venit
1272 2824 1352 2850 lsaias
1361 2832 1367 2849 :
1377 2823 1491 2850 futurum
1498 2827 1555 2849 erat
1562 2827 1590 2849 ut
1599 2822 1773 2849 comminatio
1780 2822 1804 2848 in
1811 2828 1871 2855 opus

1079 2871 1196 2905 prodiret
1212 2879 1217 2896 :
1233 2877 1285 2896 non
1301 2873 1403 2904 poterat
1421 2868 1537 2903 Moysth
1553 2875 1677 2898 evocare,
1694 2875 1745 2894 nec
1759 2874 1815 2898 eos,
1830 2866 1870 2900 qui

1080 2918 1165 2953 ipsum
1176 2916 1323 2950 audierant,
1338 2920 1430 2951 utpote
1441 2915 1594 2948 defunctos;
1610 2918 1636 2942 et
1651 2913 1785 2942 elementa
1795 2911 1869 2939 advo-
