1978 3131
140 180 186 206 541
687 175 732 204 ΠΕ
753 174 936 205 ΡΕΕΝΙΤΕΝΊ

1010 177 1121 204 ll'l).\llL.
1143 177 1211 205 Vill.

138 231 189 258 cat,
200 229 260 259 quae
274 228 438 251 t-ontestatus
451 228 508 251 erat
516 223 628 258 MoySes.
641 223 709 251 Ecce
722 231 737 251 a
753 225 929 259 promissione

140 270 273 299 excidistis
286 291 295 301 ,
318 278 335 297 ο
352 269 435 297 Judtei
452 278 460 296 :
475 277 539 297 ecce
557 269 736 304 dereliquistis
753 271 846 298 Deum.
870 271 930 304 Quo

139 322 212 353 meto
233 322 259 343 te
279 317 430 348 advocabo,
454 316 579 352 Moyses?
596 316 737 344 defunctus
758 317 830 344 enim
851 325 890 350 es,
904 323 929 345 et

139 364 215 390 vitam
226 363 329 390 obiisti.
345 363 404 396 Quo
416 367 493 397 pacto
508 363 570 390 item
588 363 720 390 Aaronem
735 363 872 390 evocabo?
887 364 931 390 ille

137 417 242 445 quoque
274 414 388 437 mortem
419 409 556 443 oppetivit.
597 408 654 436 Non
689 414 766 444 potes
796 408 931 436 hominem

136 455 267 482 evocare?
287 462 369 482 evoca
392 455 533 482 elementa.
556 454 656 481 Idcirco
669 455 739 481 enim
754 459 782 482 et
804 461 854 490 ego
867 454 930 481 dum

137 502 262 534 viverem,
283 509 335 528 non
354 502 487 529 Aaronem
511 501 608 534 solum,
631 507 683 528 non
704 501 778 528 illum
804 505 843 529 et'
857 501 930 528 illum

137 547 306 575 contestabar
317 568 324 580 ,
340 548 401 583 quia
415 547 512 575 obituri
532 552 622 580 erant;
641 548 688 575 sed
709 548 838 575 elementa
850 569 857 580 ,
872 556 931 582 qua:

136 598 254 624 manent,
266 600 363 628 nempe
374 594 468 621 cmlum
487 597 514 621 et
528 598 638 627 terram,
653 597 799 621 contestor.
816 595 857 621 Ait
881 595 930 628 igi-

136 644 176 667 tur
192 639 284 671 Isaias,
297 640 375 673 Audi,
389 641 489 673 calum,
504 645 527 667 et
539 641 642 668 auribus
655 641 764 674 percipe,
780 645 856 668 terra.
877 641 931 668 Vos

135 686 202 713 enim
212 687 294 721 jussit
307 687 412 723 Moyses
424 687 503 715 hodie
515 687 655 715 advocare.
667 686 758 722 Neque
769 687 836 714 hanc
846 687 932 714 solum

136 733 168 760 ob
180 741 290 760 causam
311 739 388 761 vocat
400 734 542 767 elementa,
557 734 603 761 sed
618 734 678 769 quia
692 734 801 762 Jndzeos
815 735 933 769 alloque-

136 779 219 806 batur.
239 779 319 811 Audi,
342 779 432 806 caelum
444 787 454 812 ;
467 785 493 806 tu
506 779 577 807 enim
593 787 688 807 manna
712 780 841 807 demisisti
856 789 863 807 :
878 779 933 806 Au-

135 825 200 852 ribus
213 825 329 860 percipe,
352 831 438 858 terra;
452 830 480 852 tu
503 833 618 861 namque
640 825 804 853 coturnicem
826 825 932 853 dedisti.

135 872 210 905 Audi,
223 873 328 906 ειειιιπι,
339 872 400 899 audi
415 881 422 900 :
439 877 466 900 tu
478 873 548 900 enim
559 880 655 900 manna
668 871 797 899 demisiin
807 881 814 905 ;
824 875 852 899 tu
862 872 932 899 enim

135 926 191 953 quze
203 926 287 953 supra
301 924 424 946 naturam
434 923 511 947 erant
521 919 663 946 exhibuisti
682 928 689 947 :
703 926 808 946 sursum
821 926 892 951 eras,
904 923 932 946 et

134 972 221 992 aream
246 965 407 992 imitabaris.
437 965 546 993 Auribus
569 966 680 1000 percipe,
698 970 764 992 terra
783 973 793 992 :
814 969 843 992 tu
863 966 933 992 enim

135 1010 256 1037 deorsum
279 1018 340 1038 eras
354 1031 362 1043 ,
385 1015 411 1037 et
444 1011 652 1044 extemporalem
681 1017 801 1038 mensam
821 1010 929 1044 parasti.

135 1056 220 1082 ()tiosa
234 1061 293 1083 erat
308 1060 413 1089 natura,
427 1056 544 1091 etgratia
557 1060 665 1091 operata
676 1059 718 1083 est
733 1063 740 1082 :
755 1055 835 1083 boum
847 1055 935 1082 nullus

136 1107 191 1129 erat
203 1102 293 1134 labor,
307 1108 335 1129 et
349 1103 422 1137 spica
436 1101 635 1136 proferebatur:
652 1109 704 1128 non
717 1108 862 1136 coquorum
876 1109 934 1128 ma-

135 1156 192 1180 nus,
205 1156 261 1176 non
276 1149 380 1183 jussum
395 1149 488 1176 aderat
505 1158 512 1176 :
526 1149 572 1176 sed
592 1153 690 1176 manna
703 1148 782 1175 fontis
796 1148 880 1175 sancti
895 1148 935 1174 in-

135 1200 187 1222 star
197 1196 322 1223 omnium
337 1196 423 1223 vicem
439 1195 581 1230 supplebat
601 1204 607 1223 :
624 1199 716 1222 natura
731 1195 846 1229 propria:
858 1194 934 1222 infir-

135 1242 232 1269 mitatis
263 1241 481 1270 obliviscebatur.
512 1241 572 1275 Quo
596 1245 674 1276 pacto
703 1241 824 1275 ipsorum
847 1245 936 1269 vestes

135 1287 237 1314 detriue
251 1295 308 1314 non
321 1293 384 1315 sunt
393 1287 406 1313 ?
419 1287 559 1320 Quomodo
567 1288 684 1323 ipsorum
690 1287 874 1314 calceamenta
883 1293 934 1314 non

136 1337 194 1360 sunt
206 1337 342 1361 vetustate
353 1334 530 1367 constnnpta?
544 1333 638 1360 Omina
653 1333 686 1360 ad
698 1333 803 1360 illorum
816 1332 936 1360 ministe-

136 1379 202 1406 rium
231 1379 427 1407 inscrviebant.
451 1379 528 1409 Audi,
552 1378 652 1411 uelum,
669 1383 692 1406 et
706 1379 808 1405 auribus
826 1379 934 1413 percipe,

136 1429 210 1451 terra.
228 1424 295 1451 Post
310 1429 349 1451 tot
365 1425 474 1454 monita.
490 1429 548 1459 post
562 1429 600 1451 tot
622 1423 762 1455 beneﬁcia,
777 1424 936 1452 contumelia

137 1470 253 1497 adicitur
268 1470 407 1497 Dominus.
424 1470 506 1504 Quem
531 1470 672 1504 alloquar?
685 1476 747 1496 num
762 1470 830 1496 vos?
844 1469 935 1496 Nemi-

138 1523 195 1542 nrm
209 1515 257 1550 qui
271 1515 360 1542 audiat
377 1515 474 1542 habeo.
490 1515 555 1542 Ecce
564 1516 629 1548 veni,
642 1519 664 1542 et
675 1515 761 1542 nullas
777 1520 829 1542 erat
841 1515 916 1542 homo
926 1523 936 1541 .-

138 1563 256 1593 loqnutus
271 1571 338 1595 sitm,
355 1570 400 1589 nec
412 1568 466 1589 erat
479 1563 521 1597 qui
532 1563 639 1589 audiret.
659 1562 851 1590 lrrationabilia
867 1562 936 1589 allo-

137 1616 212 1641 quar,
237 1608 455 1642 quanquuidem
480 1607 651 1635 rationabiles
665 1607 697 1634 ad
717 1607 936 1635 irrationabilium

138 1654 265 1680 vilitatem
277 1653 380 1688 delapsi
394 1659 464 1680 sunt.
478 1653 655 1687 Quamobrem
672 1653 739 1680 alius
754 1654 885 1688 propheta
899 1654 937 1680 vi-

137 1700 179 1727 det
193 1699 329 1728 furentem
348 1708 450 1734 regem,
464 1700 562 1727 idolum
575 1700 648 1727 rullu
667 1699 836 1731 honoratum,
853 1700 936 1727 Deum

137 1747 297 1774 contumelia
313 1747 448 1779 all'ectum,
470 1747 537 1774 alios
552 1754 646 1774 omnes
657 1748 793 1778 attonitos,
808 1751 836 1774 et
850 1747 912 1773 dicit
928 1754 936 1773 :

139 1793 202 1819 Audi
224 1802 276 1824 me,
302 1794 392 1824 altare,
418 1793 480 1819 audi
501 1800 540 1820 me
563 1793 602 1827 (5.
627 1793 691 1828 Reg.
716 1793 759 1819 15.
782 1793 829 1828 2).
857 1792 936 1827 Lapi-

139 1839 196 1865 dem
210 1847 246 1866 ne
260 1839 424 1874 alloqucris‘?
438 1839 524 1866 Etiam
542 1848 548 1866 :
560 1838 776 1874 quandoquidem
790 1846 836 1865 rex
850 1839 938 1865 minus

139 1890 177 1911 est
197 1893 311 1920 compos
334 1894 471 1917 sc'nsuum,
493 1893 571 1920 quam
593 1886 669 1920 lapis.
691 1885 758 1912 Audi
777 1893 825 1918 me,
846 1885 936 1919 altare,

139 1932 219 1964 muli;
236 1931 292 1958 lucc
304 1932 366 1957 dicit
381 1930 515 1958 Dominus.
532 1931 565 1959 Et
584 1931 672 1958 statim
695 1931 779 1958 altare
802 1931 936 1965 diruptum

139 1982 178 2004 t-sl
194 1987 200 2005 :
216 1977 323 2012 etlapis
334 1978 444 2009 audivit,
459 1978 526 2012 lapis
538 1978 659 2013 diruptus
673 1983 723 2007 est.
737 1984 763 2005 et
776 1978 936 2005 sacriﬁcium

140 2023 243 2049 clludit.
260 2023 401 2056 Quomodo
409 2031 460 2050 non
477 2023 576 2050 audivit
587 2023 684 2050 homo?
694 2023 822 2050 Extrudit
831 2031 937 2050 manum

139 2076 224 2100 suam,
256 2075 282 2096 ut
306 2073 410 2103 raprrct
430 2070 585 2103 pronhetam
600 2078 606 2096 :
622 2074 649 2096 et
673 2069 735 2104 quid
758 2068 819 2096 facit
847 2069 939 2096 Deus?

140 2115 257 2142 Arel'ecit
271 2115 330 2149 ejus
344 2123 462 2142 manum.
475 2114 541 2142 Vide
553 2114 678 2149 quidnam
701 2114 802 2146 fecerit,
813 2114 873 2141 vide
886 2114 939 2141 Do-

143 2161 204 2189 mini
220 2160 392 2188 clementiam
408 2181 415 2192 ,
431 2165 457 2188 et
471 2161 541 2187 servi
563 2165 712 2194 peccatum.
728 2160 817 2193 Quare
840 2167 892 2188 non
905 2160 940 2187 ab

141 2205 215 2232 initio
228 2213 338 2232 manum
352 2206 410 2240 ejus
430 2205 559 2233 arefecit?
572 2205 606 2233 Ut
626 2205 732 2240 dirupto
747 2205 833 2240 lapide
846 2206 940 2240 resipi-

141 2257 239 2279 sceret.
256 2252 362 2279 Etenim
389 2252 411 2279 si
427 2252 492 2287 lapis
507 2252 628 2286 diruptus
641 2260 694 2279 nun
719 2253 821 2282 luisset.
837 2253 882 2280 tibi
895 2258 941 2287 pe-

143 2297 307 2331 percisscm:
333 2298 394 2332 quia
408 2305 472 2324 vero
495 2298 622 2325 discissus
646 2302 687 2325 est
705 2298 782 2332 lapis,
807 2301 835 2324 et
845 2303 871 2325 tu
887 2304 939 2325 non

142 2343 300 2370 emendatus
320 2352 360 2375 es,
376 2344 441 2370 iram
455 2343 481 2370 in
502 2349 527 2371 te
540 2344 679 2371 transiero.
696 2343 820 2371 Extendit
833 2351 940 2371 manum

144 2393 172 2415 nt
193 2393 302 2423 raperet
325 2389 493 2424 prophetam.
512 2395 537 2416 et
559 2389 672 2417 arefacta
688 2393 729 2417 est
754 2397 858 2417 manus.
873 2389 941 2417 Ere-

143 2439 214 2462 etum
229 2440 288 2462 erat
312 2440 441 2469 tropaeum
458 2445 464 2463 :
481 2436 593 2463 aderant
617 2439 655 2463 tot
668 2435 797 2463 satellites
811 2439 838 2462 et
861 2435 942 2462 duces

145 2481 292 2513 exercitus,
301 2481 430 2507 auxilium
445 2482 546 2515 ingens,
559 2485 585 2508 et
596 2488 702 2507 manum
713 2480 771 2515 ejus
783 2480 942 2507 contrahere

147 2534 197 2553 non
219 2531 361 2561 poterant;
386 2527 432 2554 sed
447 2528 532 2554 stabat
547 2535 641 2554 manus
659 2534 725 2554 voce
738 2527 877 2554 declarans
890 2527 942 2553 im-

148 2571 250 2605 pietatis
267 2571 491 2606 prolligationem,
512 2572 619 2606 pietatis
642 2577 781 2607 tropaeum.
808 2572 854 2599 Dei
878 2579 942 2607 erga

149 2617 268 2646 homines
282 2617 484 2653 benignitatem,
501 2618 571 2645 illius
585 2617 724 2645 insaniam.
739 2618 772 2645 Et
787 2617 858 2645 illam
876 2625 942 2645 cou-

150 2663 252 2691 trahere
264 2671 318 2691 non
333 2668 466 2698 poterant.

182 2711 209 2737 Ᾱ.
222 2709 323 2737 Verum
340 2718 372 2738 ne
388 2711 498 2737 verbum
511 2717 543 2737 cx
560 2709 643 2737 verbo
659 2714 778 2737 texentes
793 2709 942 2745 argumenti

154 2756 348 2789 abliviscamur,
370 2764 419 2791 age
442 2763 501 2788 qum
515 2756 624 2791 polliciti
643 2764 736 2783 sumus
758 2756 942 2783 ostendamus.

151 2803 278 2836 Quidnam
294 2803 408 2838 polliciti
427 2809 518 2830 sumus
533 2803 544 2829 ἲ
557 2802 634 2837 Quod
649 2803 670 2831 si
683 2803 744 2838 quis
762 2802 896 2830 sexcentis
909 2801 945 2828 sit

153 2849 261 2876 allectus
274 2848 443 2880 vulneribus,
458 2848 690 2883 pteniteutiamquc
704 2852 773 2883 agat,
796 2853 821 2874 et
846 2847 943 2874 bonum

153 2899 285 2928 operetur,
312 2895 353 2921 sic
371 2902 402 2921 ea
415 2893 515 2920 delebit
537 2894 616 2926 Deus,
639 2899 666 2921 ut
690 2901 739 2920 nec
754 2892 883 2926 cicatrix,
896 2899 946 2920 nec

155 2940 303 2972 vestigium.
323 2947 374 2968 ncc
399 2938 522 2967 iudicium
542 2939 658 2975 priorum
675 2944 843 2975 peccatorum
864 2945 946 2973 appa-

1725 179 1778 205 δη

985 230 1051 252 rcat.
1065 224 1127 252 llarc
1141 225 1260 259 promisi,
1276 225 1334 252 hrcc
1349 225 1534 254 demunsu'are
1544 228 1673 254 conabor.
1690 226 1774 260 dtuli,

983 272 1083 302 calum,
1102 275 1126 298 et
1155 271 1257 298 auribus
1282 279 1381 306 perctpe
1399 292 1407 305 ,
1425 277 1501 304 terra,
1517 272 1575 307 quia
1595 270 1716 299 Dominus
1736 272 1775 298 lc-

983 323 1075 352 qtmtus
1089 322 1124 344 est
1138 316 1214 352 (Isai.
1227 317 1253 345 1.
1267 317 1295 344 2.
1312 317 1345 343 ad
1360 318 1399 352 4.)
1413 318 1460 345 Die
1482 318 1556 349 mihi,
1573 317 1634 353 quid
1648 317 1774 350 loquutus

984 364 1042 390 est?
1058 363 1138 391 Filios
1146 365 1220 399 genui
1235 368 1258 391 et
1273 364 1391 396 exaltari,
1409 364 1458 399 ipsi
1472 368 1555 390 autent
1568 367 1714 398 spreverunt
1727 370 1778 391 me.

986 408 1107 444 Cognovit
1118 409 1161 435 bos
1172 417 1350 443 possessorem,
1366 409 1591 436 irrationabilibus
1607 409 1778 436 irrationabi-

985 455 1084 483 liorcs:
1100 460 1122 482 et
1134 457 1220 482 asinus
1242 464 1352 491 pra’sepe
1370 455 1466 482 domini
1484 455 1540 487 sui,
1557 455 1639 482 asinis
1657 455 1780 482 hebetio-

985 509 1039 528 res.
1056 501 1137 528 Israel
1149 507 1232 528 autem
1249 510 1288 528 me
1300 510 1351 528 non
1365 502 1490 536 cognovit.
1512 506 1534 527 et
1553 500 1663 536 populus
1677 506 1716 527 me
1727 504 1778 526 non

986 548 1118 575 intellexit.
1140 547 1184 575 Vw
1198 548 1266 583 genti
1286 548 1426 582 peccati-isi.
1454 547 1517 578 Cur,
1533 546 1627 580 inquit,
1649 546 1719 573 nulla
1739 550 1779 572 est

986 601 1048 629 spes
1060 594 1152 620 salutis
1162 593 1173 620 ?
1183 593 1239 626 Qua
1250 593 1284 621 de
1298 595 1377 620 causa
1390 592 1466 626 dicis,
1481 592 1542 619 Vm?
1556 591 1621 625 Quia
1640 598 1691 618 non
1705 591 1780 618 inve-

987 641 1032 669 nio
1044 641 1185 668 medelam.
1200 641 1256 674 Qna
1273 641 1306 668 de
1317 648 1395 667 causa
1405 640 1482 670 dicis,
1503 638 1568 666 νων
1584 638 1648 673 Quia
1661 638 1780 665 medica-

987 693 1076 716 menta
1091 688 1214 719 adhibui,
1231 695 1280 714 nrc
1297 688 1378 714 cessit
1389 687 1463 714 uicus
1477 687 1484 712 l
1506 686 1565 713 ideo
1587 688 1696 712 aversus
1711 691 1779 710 sum.

988 734 1055 768 Quid
1071 734 1134 761 mihi
1147 734 1226 768 icitur
1237 733 1386 761 faciendum
1402 736 1443 760 est
1457 733 1468 759 ?
1483 732 1539 760 Non
1550 731 1675 758 laborabo
1688 734 1717 757 ut
1730 736 1780 756 cu-

987 787 1055 808 rem.
1072 779 1141 807 ινφ]
1160 780 1296 807 Mulierem
1318 783 1491 814 reprmscntat
1509 778 1698 805 lamentantem
1718 785 1725 803 :
1753 780 1780 802 et

988 825 1055 853 bene
1069 825 1284 856 l'acit.Animum,
1294 833 1394 859 qumso,
1409 824 1473 851 mihi
1488 823 1614 850 adhibete
1627 822 1781 856 diligenter.

994 871 1048 903 Vw.
1063 871 1170 906 quare?
1190 871 1256 904 Quia
1278 871 1391 905 idipsum
1406 871 1431 897 in
1446 869 1603 904 corporibus
1623 868 1678 895 licri
1702 867 1782 894 solet.

988 917 1055 945 Cum
1064 918 1134 945 enim
1148 916 1244 944 viderit
1255 916 1373 943 medicus
1384 923 1482 951 mgrum
1491 914 1591 941 nullam
1605 913 1698 940 salutis
1707 920 1782 946 spem

988 963 1141 996 habentem,
1154 963 1315 998 lat-rymatur
1328 971 1334 990 :
1345 966 1372 989 ct
1385 961 1523 989 domestici
1540 965 1566 987 et
1576 959 1669 986 attines
1682 958 1784 993 ejulant

988 1015 1067 1044 atque
1078 1009 1268 1041 lamentantur,
1282 1008 1330 1036 sed
1345 1007 1442 1035 frustra
1459 1007 1585 1041 nulloque
1606 1005 1691 1032 fructu
1705 1013 1711 1031 :
1727 1010 1784 1032 mo-

989 1056 1102 1083 riturum
1123 1056 1194 1082 enim
1219 1062 1253 1082 ne
1279 1053 1393 1082 mundus
1420 1052 1526 1088 quidem
1547 1057 1617 1079 totus
1640 1051 1784 1086 deplorans

989 1101 1125 1130 excitabit.
1141 1101 1266 1128 Planctus
1280 1108 1345 1136 ergo
1360 1100 1404 1127 ille
1416 1100 1448 1126 ad
1461 1100 1560 1126 luctum
1573 1098 1657 1131 valet,
1673 1100 1726 1125 ‘nou
1750 1097 1784 1124 ad

989 1147 1190 1175 reslaurandam
1200 1147 1351 1174 sanitatem.
1368 1146 1451 1173 Secns
1459 1150 1547 1172 autem
1559 1145 1584 1171 in
1599 1144 1686 1171 anima
1700 1152 1706 1170 :
1722 1147 1783 1170 nam

990 1193 1011 1220 si
1027 1192 1142 1224 ﬂeveris,
1154 1199 1226 1226 smpe
1238 1191 1362 1226 eum,qui
1377 1191 1463 1218 anima
1478 1195 1600 1217 mortuus
1615 1193 1670 1221 est,
1684 1189 1785 1216 excita-

990 1238 1040 1266 bis.
1061 1237 1169 1271 Quare?
1188 1237 1255 1270 Quia
1278 1243 1376 1270 eorpus
1398 1241 1532 1263 mortuum
1553 1235 1578 1261 vi
1603 1234 1716 1262 humana
1732 1239 1785 1260 non

990 1284 1134 1317 excitatur,
1157 1284 1245 1310 anima
1259 1290 1324 1310 vero
1337 1287 1441 1309 mortua
1455 1281 1623 1308 correctione
1643 1279 1784 1307 excitatur.

991 1331 1104 1366 Respice
1120 1330 1303 1361 fornicarium,
1316 1333 1342 1356 et
1354 1329 1439 1364 plora.
1453 1332 1579 1362 saepeque
1592 1326 1665 1353 illum
1684 1325 1786 1353 excita-

991 1378 1041 1405 bis.
1053 1376 1168 1412 Ideoque
1182 1375 1279 1403 Paulus
1292 1382 1345 1402 non
1369 1374 1504 1401 scribebat
1525 1378 1553 1400 et
1567 1371 1727 1399 admonebat
1740 1378 1787 1397 so-

991 1425 1044 1452 lmn
1062 1444 1069 1457 ,
1094 1423 1141 1450 sed
1156 1422 1235 1450 etiam
1249 1429 1308 1449 cum
1335 1420 1459 1456 lziceris
1473 1423 1499 1446 et
1515 1418 1640 1446 lamentis
1658 1416 1786 1444 hortaba-

995 1475 1038 1498 tur
1053 1474 1280 1504 unumquemque.
1296 1467 1361 1495 Esto
1371 1467 1526 1498 admoneas,
1537 1470 1585 1492 cur
1592 1465 1671 1492 etiam
1685 1463 1788 1499 ploras?

992 1515 1027 1544 Ut
1042 1515 1063 1542 si
1078 1522 1131 1542 non
1145 1514 1231 1541 valeat
1244 1512 1401 1544 admonitio,
1415 1512 1577 1539 auxiliantur
1589 1510 1725 1545 lac’r‘ytn‘ac.
1741 1508 1787 1536 Sic

992 1566 1019 1590 et
1035 1561 1163 1596 propheta
1180 1561 1349 1587 lamentatur.
1367 1559 1494 1586 Dominus
1510 1557 1572 1584 item
1587 1561 1678 1584 uoster
1690 1555 1784 1582 videns

993 1608 1141 1642 proximam
1154 1606 1330 1642 Jerosolymze
1343 1605 1447 1631 ruinam
1463 1604 1527 1631 dicit
1540 1611 1546 1630 :
1561 1602 1716 1634 Jerusalem,
1728 1605 1786 1635 quae

992 1654 1085 1681 occidis
1113 1653 1263 1688 prophetas,
1287 1657 1309 1678 et
1330 1651 1429 1686 lepidas
1446 1659 1487 1677 eo:
1510 1650 1553 1685 qui
1566 1650 1601 1676 ad
1611 1654 1634 1675 te
1646 1648 1716 1675 missi
1730 1650 1787 1674 sunt

993 1699 1003 1735 (
1018 1698 1111 1726 Matth.
1126 1699 1174 1726 25.
1185 1698 1241 1733 37).
1257 1697 1354 1726 Urbem
1373 1697 1516 1731 compellat
1534 1696 1587 1731 jam
1609 1694 1720 1730 lapsam,
1736 1693 1786 1721 ho-

994 1746 1145 1780 minemque
1171 1745 1305 1779 lugentem
1326 1743 1453 1770 imitatur.
1480 1742 1613 1777 Propheta
1640 1747 1721 1771 vero.
1741 1738 1786 1768 Va:

992 1791 1060 1826 genti
1082 1790 1214 1826 peccatrici
1227 1810 1234 1821 .
1251 1788 1345 1824 populo
1371 1788 1444 1823 pleno
1470 1788 1577 1822 peccatis
1594 1786 1603 1823 (
1617 1785 1715 1813 Ism'.l.
1726 1784 1743 1812 4
1755 1786 1764 1820 )
1778 1795 1786 1813 :

993 1837 1058 1864 nihil
1073 1837 1151 1864 habet
1161 1844 1254 1863 sanum
1266 1843 1363 1871 corpus
1378 1835 1450 1862 illud.
1465 1834 1584 1861 Vidistin“
1594 1840 1641 1860 eos
1653 1832 1788 1860 ulceribus

993 1882 1110 1918 plenos?
1125 1882 1349 1915 Seminincquam,
1362 1882 1456 1916 popqu
1481 1880 1553 1915 pleno
1576 1879 1694 1915 peccatis.
1722 1877 1785 1910 Cur,

993 1937 1095 1964 quzrso,
1108 1929 1281 1956 lamenlalis?
1299 1926 1474 1962 Dereliquistis
1492 1925 1628 1952 Dominum
1639 1946 1646 1957 ,
1662 1929 1684 1951 et
1698 1924 1785 1951 irrita-

993 1975 1038 2002 slis
1052 1975 1174 2003 Sanctum
1186 1973 1278 2001 Israel.
1294 1973 1361 2006 Quid
1375 1973 1441 1999 ultra
1455 1971 1628 2006 percutiamini
1645 1969 1726 2005 (Ibid.
1739 1969 1766 2004 5)
1775 1969 1788 1995 ‘i

993 2021 1050 2053 Qua
1064 2028 1111 2048 vos
1125 2020 1199 2055 plaga
1218 2019 1327 2047 teriam?
1341 2018 1447 2046 famene
1462 2025 1495 2044 an
1511 2016 1608 2051 peste?
1623 2016 1708 2043 0.nne
1722 2023 1788 2048 snp-

994 2068 1064 2102 plicii
1085 2075 1170 2103 genus
1193 2067 1320 2098 accessit,
1335 2070 1361 2092 et
1383 2064 1499 2099 nequitia
1522 2068 1610 2090 vestra
1630 2066 1788 2095 consumpta

995 2123 1048 2142 non
1072 2119 1114 2142 est
1141 2124 1148 2141 :
1170 2113 1297 2140 Addentes
1322 2111 1550 2146 prwtmrimtiones.
1573 2110 1654 2136 Omne
1673 2112 1748 2143 caput
1762 2107 1788 2134 in

995 2161 1116 2193 laborem,
1136 2165 1159 2187 et
1174 2168 1247 2186 omne
1270 2168 1313 2185 τοι·
1326 2159 1352 2185 in
1366 2158 1513 2185 tristitiam:
1526 2165 1576 2183 non
1591 2160 1628 2183 est
1642 2155 1727 2190 plaga,
1737 2163 1787 2182 non

994 2207 1102 2235 cicatrix
1115 2206 1195 2240 (Ibid.
1207 2206 1244 2239 6).
1258 2206 1310 2232 Res
1324 2212 1390 2231 nova
1400 2204 1419 2230 ².
1431 2203 1513 2230 Paulo
1527 2206 1589 2229 ante
1603 2201 1710 2228 dicebas
1722 2209 1728 2227 ε
1741 2200 1789 2228 Se-

995 2262 1051 2280 men
1062 2260 1168 2287 nequam
1181 2273 1188 2284 ,
1203 2251 1251 2285 ﬁlii
1263 2251 1352 2286 iniqui,
1370 2249 1535 2284 dereliquistis
1558 2247 1704 2279 Dominum,
1718 2250 1740 2272 et
1750 2247 1789 2272 ir-

995 2300 1090 2327 ritastis
1101 2299 1223 2326 Sanctum
1235 2297 1327 2328 Israel;
1336 2301 1373 2330 et,
1386 2295 1431 2323 νω
1439 2295 1506 2330 genti
1520 2293 1662 2330 peccatrici.
1676 2293 1798 2320 Lamenr

998 2346 1071 2376 laris.
1088 2345 1162 2380 luges
1174 2365 1182 2377 ,
1209 2343 1329 2378 quereris
1343 2363 1350 2374 ,
1365 2342 1473 2369 vulnera
1495 2347 1637 2372 recenses;
1651 2343 1679 2367 et
1694 2337 1791 2365 deinde

998 2392 1075 2424 dicis,
1091 2390 1181 2425 Neque
1204 2390 1311 2419 uulnus,
1327 2396 1406 2422 neque
1425 2387 1550 2414 cicatrix?
1565 2385 1689 2413 Attende.
1716 2384 1791 2411 Tunc

997 2437 1093 2463 vulnus
1107 2436 1221 2463 efﬁcitur
1234 2456 1241 2468 ,
1257 2443 1317 2462 cum
1343 2434 1395 2460 alia
1409 2432 1529 2467 corporis
1550 2436 1626 2466 parte
1641 2430 1764 2458 incolumi
1782 2449 1791 2462 ,

999 2491 1049 2510 una
1063 2482 1183 2516 corporis
1197 2489 1258 2516 pars
1281 2487 1361 2508 sensu
1388 2479 1513 2506 destituta
1535 2482 1625 2504 manet
1649 2485 1656 2504 :
1672 2477 1715 2504 hic
1727 2484 1792 2503 vero

998 2528 1079 2560 dicit,
1094 2533 1176 2556 totum
1191 2534 1288 2560 corpus
1303 2533 1364 2553 esse
1383 2525 1481 2551 vulnus
1495 2532 1503 2550 :
1518 2522 1609 2558 Neque
1623 2521 1729 2552 uulnus,
1746 2530 1791 2548 ne-

999 2583 1046 2609 que
1056 2573 1171 2605 cicatrix,
1188 2579 1268 2607 neque
1283 2571 1358 2606 plaga
1372 2569 1541 2602 tumens;sed
1558 2577 1572 2596 a
1587 2568 1698 2603 pedibus
1708 2575 1793 2600 usque

999 2619 1032 2646 ad
1043 2623 1122 2654 caput
1139 2626 1191 2645 non
1210 2621 1296 2652 potest
1309 2616 1408 2651 imponi
1425 2615 1573 2642 fomentum
1589 2635 1597 2646 ,
1613 2621 1666 2640 non
1687 2613 1786 2642 oleum.

999 2673 1052 2693 non
1080 2665 1214 2700 ligamina.
1242 2663 1320 2690 Terra
1335 2667 1414 2690 vestra
1435 2661 1542 2692 deserta,
1568 2661 1679 2687 ciuitate:
1706 2664 1792 2685 vestri:

999 2719 1125 2740 succensa:
1139 2711 1202 2747 igni,
1217 2711 1332 2746 regiones
1344 2713 1438 2736 vestras
1458 2708 1537 2736 alieni
1551 2707 1685 2734 caniedunt
1700 2706 1709 2741 (
1724 2705 1785 2732 Ibid.

1000 2758 1038 2793 7).
1056 2755 1119 2784 llaec
1133 2757 1222 2784 omnia
1241 2755 1302 2788 feci,
1318 2760 1344 2783 et
1355 2763 1403 2782 vos
1425 2761 1477 2781 non
1499 2753 1649 2787 resipuistis
1663 2759 1671 2779 :
1685 2756 1792 2778 omnem

1000 2803 1109 2830 adhibui
1122 2807 1205 2829 artem
1218 2821 1226 2835 ,
1240 2805 1267 2829 et
1278 2808 1350 2836 aeger
1373 2804 1494 2828 mortuus
1517 2802 1616 2826 manet.
1633 2797 1731 2830 Venite,
1746 2805 1792 2823 om

1001 2850 1053 2876 dite
1065 2848 1166 2875 verbum
1185 2847 1290 2874 Domini
1302 2867 1309 2880 ,
1324 2846 1449 2882 principes
1465 2844 1635 2873 Sodomorum
1648 2847 1671 2871 et
1685 2841 1792 2870 Gomor-

1003 2895 1065 2923 rhw.
1094 2894 1150 2928 Quo
1170 2894 1232 2920 mihi
1259 2892 1442 2920 multitudinem
1471 2891 1626 2919 victimarum
1653 2893 1796 2917 vestrarum

1033 2943 1041 2957 ¹
1059 2941 1095 2966 sic
1105 2939 1175 2966 savil.
1186 2943 1212 2965 At
1220 2938 1312 2968 Motel.,
1325 2943 1364 2962 res
1375 2941 1442 2962 vane.
