1978 3131
165 139 218 167 SH

167 182 360 218 (IsaiJJO)?
381 181 449 215 Quid
475 180 569 216 igitur?
596 179 782 207 Sodomitasne
796 177 961 213 alloquitur?

167 228 399 265 Nequaquam,sed
406 227 514 254 Judmos
521 225 672 254 Sodomitas
685 225 812 260 appellat.
829 222 959 257 Quoniam

167 278 238 304 enim
249 282 340 303 eorum
362 281 451 301 tuores
466 271 657 304 imitabantur,
673 279 766 298 eorum
782 270 848 304 ipsis
862 277 959 297 nomen

169 323 292 359 imponit.
307 321 404 351 Venite,
421 319 506 347 audite
520 319 622 346 verbum
636 318 749 350 Domini,
766 317 893 352 principes
908 316 960 344 Sa-

169 370 301 396 domorum
313 372 336 394 et
351 365 509 393 Gomorrlue.
524 364 581 397 Qua
594 364 655 390 milii
679 362 867 389 multitudinem
887 361 959 388 victi-

169 422 268 442 :narum
282 418 420 440 vestrarqu
433 412 446 438 2
471 411 532 437 dicit
556 409 690 436 Dominus.
709 408 803 435 I’lcnus
818 417 873 434 sum
887 407 961 434 holo-

169 461 265 488 caustis
277 460 383 486 arietum
394 479 401 490 ,
415 463 438 484 et
452 457 555 492 adipem
577 464 701 492 agnorunt
716 455 785 482 uolo.
800 455 831 482 Si
849 454 961 487 offeratis

171 508 232 534 mihi
247 507 365 538 similent,
382 513 472 532 vanum
485 512 494 531 :
511 504 648 539 thymiama
661 502 813 529 abominalio
831 506 867 528 est
880 501 941 527 mihi
952 508 962 526 :

170 553 313 581 tteomenias
327 557 420 578 vestras
431 556 453 578 et
466 550 569 578 sabbata
583 550 636 576 odit
651 549 736 575 anima
746 556 801 574 mea
815 556 824 574 :
835 548 962 583 jejunium

173 605 196 626 et
208 600 274 626 diem
289 606 409 634 magnum
422 606 473 624 non
484 597 548 632 fero.
564 595 627 623 Cum
642 595 801 622 extenderitis
821 601 911 620 mimus
922 601 964 619 ue-

166 650 236 671 stras
257 644 291 670 ad
312 652 351 670 me
362 664 369 676 ,
388 648 499 669 auertant
521 641 606 668 oculos
621 649 687 668 meos
700 649 716 666 ιι
728 640 797 681 vqbis
811 639 891 674 (Ibid.
914 639 963 666 i5-

172 690 320 724 !5).Estne
336 690 372 716 ira
390 689 450 716 huic
463 688 596 722 a-qualis?
613 686 745 721 Propheta
768 686 862 713 etclum
879 685 963 712 adro-

170 742 223 769 cat,
239 737 399 763 lamentatur
410 756 418 769 ,
437 735 530 769 ejulat,
545 735 642 769 plorat,
656 734 773 768 dicitque
787 733 841 766 illi,
855 731 915 759 Non
930 736 965 760 est

168 783 271 813 uulnus,
295 790 345 808 non
359 786 396 808 est
409 781 536 807 cicatrix:
554 780 624 807 Detts
644 780 769 807 irascitur
781 799 788 810 ,
812 787 864 805 non
885 778 966 806 susci-

170 829 209 864 pit
221 829 367 861 victimam,
380 835 432 854 uott
459 827 638 859 neomeuiam,
661 834 712 852 non
739 825 895 857 sabbatum,
912 832 965 851 non

171 876 298 906 similam,
315 883 367 902 non
383 874 542 906 orationem,
559 881 611 900 non
626 880 750 899 tnanuttm
761 872 955 899 extensionem.

177 920 300 947 Vidistin‘
311 920 386 947 ulcus
396 921 408 945 ‘.'
429 919 547 946 vidistin’
558 918 678 946 morbum
702 917 876 944 ineurabilem
889 937 897 950 ,
913 923 966 943 non

173 965 262 998 ttuius,
277 973 328 992 non
343 965 456 992 duorum
467 986 474 997 ,
490 972 543 992 non
555 964 660 996 dccem,
673 964 719 990 sed
744 963 888 990 multorum
908 962 967 989 mil-

178 1011 244 1038 lium
260 1010 351 1044 ?Quid
366 1011 446 1044 igitur
470 1015 562 1045 postea
577 1010 588 1037 ?
606 1009 739 1036 Lauamini
751 1030 758 1040 ,
782 1008 871 1035 mundi
892 1012 968 1035 estote

174 1058 183 1093 (
200 1057 270 1084 Ibid.
288 1057 352 1091 i6).
374 1057 441 1083 Num
466 1061 507 1083 est
531 1061 668 1091 peccatum
684 1063 733 1090 pro
746 1062 798 1090 quo
812 1054 848 1081 sit
872 1053 967 1088 despe-

173 1102 309 1130 randum?
323 1102 380 1137 ipse
396 1103 523 1130 Dominus
538 1122 546 1135 ,
560 1101 604 1136 qui
623 1101 704 1134 dicit,
722 1100 780 1128 Non
800 1099 880 1127 audio
897 1107 966 1132 vos;

179 1149 244 1176 dicit
259 1149 350 1181 etiam,
364 1147 506 1175 Lavamiui.
535 1149 575 1175 Ad
591 1147 654 1182 quid
677 1148 735 1176 hmo
750 1147 866 1182 loqueris
882 1146 893 1173 ?
914 1146 968 1173 Cur

173 1195 222 1222 ista
237 1195 248 1221 ?
261 1195 341 1222 ambo
355 1201 417 1222 sunt
432 1195 505 1222 utilia
522 1203 528 1221 :
545 1194 588 1221 illa
604 1215 611 1226 .
626 1198 654 1221 ut
676 1199 791 1222 terream
805 1201 813 1225 ;
840 1192 898 1219 haec
916 1213 922 1224 ,
939 1195 968 1219 ut

174 1242 318 1270 attraham.
338 1241 366 1270 Si
393 1249 445 1269 non
458 1241 534 1269 audis
554 1241 612 1269 illos
627 1262 634 1271 .
651 1248 725 1275 spem
746 1240 840 1267 salutis
854 1247 906 1266 non
922 1239 970 1265 Ita-

174 1293 240 1317 oent
252 1299 258 1316 :
274 1290 296 1316 si
310 1297 384 1323 spem
407 1289 501 1316 salutis
515 1296 567 1316 non
582 1289 681 1316 habent
695 1308 702 1320 ,
718 1295 765 1316 cur
779 1287 846 1314 dicis
859 1307 867 1319 ,
886 1285 968 1313 Lava-

174 1335 235 1362 mim'
251 1335 264 1362 3’
280 1334 376 1362 Verum
392 1334 469 1362 Pater
479 1339 521 1362 est
535 1334 649 1362 ﬁliorum
660 1341 763 1367 amans,
774 1333 848 1361 solus
861 1333 946 1361 bonus
958 1353 966 1364 ,

177 1380 237 1414 plus
248 1387 327 1414 quam
345 1384 420 1414 pater
433 1379 468 1406 ad
482 1379 744 1407 commiserationem
760 1386 870 1414 pronus.
891 1378 926 1405 Et
940 1383 969 1405 ut

176 1425 267 1452 discas
281 1426 367 1459 ipsum
380 1432 441 1452 esse
453 1429 567 1459 patrem,
583 1425 620 1452 ait
635 1425 697 1456 illis.
708 1424 776 1456 Quid
789 1425 882 1460 faciam
897 1444 903 1455 ,
917 1422 969 1450 Ju-

175 1475 209 1500 do
221 1473 234 1500 .9
247 1473 288 1500 An
303 1473 392 1500 nescis
408 1473 473 1507 quid
494 1472 611 1500 facturus
629 1472 686 1500 sis?
709 1472 774 1500 Novi
803 1473 881 1507 plane
893 1493 900 1505 ,
922 1471 969 1499 sed

176 1519 257 1546 nolo:
273 1518 356 1554 exigit
369 1524 538 1553 peccatorum
557 1523 661 1552 natura,
676 1518 723 1546 sed
737 1518 843 1546 cohibet
853 1518 970 1545 elemen-

175 1566 219 1592 tize
230 1565 393 1600 magnitudo.
406 1565 475 1598 Quid
500 1565 594 1592 iaciam
611 1565 681 1592 tibi?
695 1572 838 1599 parcamue
860 1564 925 1591 tibi?
943 1568 971 1591 at

175 1612 282 1647 segnior
295 1611 402 1639 evades.
415 1611 548 1640 Ultionem
562 1611 595 1639 de
610 1615 639 1639 te
653 1612 779 1638 sumam?
803 1611 850 1638 sed
872 1611 898 1638 id
917 1618 970 1638 non

178 1659 276 1692 patitur
289 1658 429 1686 clementia
441 1666 511 1685 mea.
525 1658 593 1692 Quid
607 1658 701 1685 faciam
717 1658 784 1686 tibi?
798 1666 832 1685 an
844 1662 872 1685 ut
883 1657 970 1686 Sodo-

177 1711 248 1731 mam
267 1708 293 1731 te
315 1711 411 1739 ponam
425 1725 432 1737 ,
456 1704 497 1732 vel
519 1709 548 1731 ut.
570 1704 747 1732 Gomorrliam
775 1708 892 1735 eve'Jam
920 1703 971 1730 te?

178 1750 342 1777 Conversum
356 1755 398 1777 est
412 1758 458 1777 eor
480 1758 579 1778 uteum.
596 1750 699 1777 Affectu
713 1750 771 1777 licet
787 1757 886 1777 vacuus
898 1770 904 1781 ,
920 1749 971 1776 ho-

179 1795 278 1822 minem
291 1795 387 1823 alleetu
410 1795 550 1830 prteditum
574 1796 713 1828 imitatur;
729 1796 783 1823 imo
808 1795 895 1830 potius
916 1803 973 1822 ma-

176 1845 244 1868 trem
258 1841 340 1875 prolis
363 1845 510 1869 amantem.
520 1841 686 1869 Conversum
697 1845 738 1869 est
757 1849 805 1868 cor
819 1849 925 1875 meum;
940 1849 972 1868 ac

178 1936 218 1956 DE
241 1935 463 1963 POENITENTIA,
487 1936 527 1956 ET
550 1936 590 1956 DE
620 1935 659 1956 HS
681 1935 734 1962 QUI
759 1936 777 1957 Α
801 1935 967 1957 COLLECTIS
998 1935 1201 1964 ABFUERUNT,

538 134 567 162 ε.
588 131 727 162 JOANMS
745 130 982 161 CIIBYSOSTOMI
1003 129 1161 158 ARCHIEP.
1183 129 1449 158 CONSTANTINOP.

1756 131 1808 158 3M

1017 188 1038 216 si
1057 187 1130 214 dicat
1141 187 1238 214 mulier
1251 186 1285 214 de
1301 195 1393 221 puero,
1408 187 1572 214 Conversum
1588 191 1630 213 est
1650 193 1699 214 cor
1720 194 1809 214 meuu.

1014 238 1135 261 materno
1148 241 1232 261 more.
1248 234 1283 260 At
1298 241 1350 260 non
1363 233 1428 260 satis
1441 232 1533 260 habuit
1543 232 1632 267 priora
1645 232 1688 259 illa
1697 231 1809 264 dixisse,

1013 279 1072 310 scd.
1098 278 1226 306 Turbatus
1238 287 1293 305 sum
1308 279 1334 305 in
1349 278 1499 314 pmnitentia-
1516 286 1571 305 mea
1588 278 1597 313 (
1611 277 1675 305 Osee
1711 278 1757 306 Η.
1771 279 1810 313 8).

1018 324 1123 351 Deusne
1137 324 1258 351 turbatur
1270 324 1282 350 ’ἔ
1295 324 1382 351 Absit.
1407 323 1510 350 Numen
1535 323 1694 350 turbationis
1715 331 1814 352 emere

1014 375 1056 397 est
1069 379 1076 402 ;
1091 370 1149 403 sed,
1168 375 1196 397 ut
1207 370 1262 405 jam
1275 370 1343 403 dixi,
1360 375 1480 397 nostrum
1497 369 1621 405 loquendi
1637 377 1740 398 morem
1751 371 1816 397 .mi-

1014 421 1095 443 tatur.
1111 416 1274 443 Conversum
1300 421 1342 443 est
1360 423 1406 442 cor
1424 423 1530 447 meum;
1555 416 1697 449 Lammini,
1725 415 1817 443 mundi

1015 467 1102 489 estote.
1117 461 1190 495 Quid
1205 469 1263 488 sum
1283 461 1360 489 vobis
1375 461 1528 497 pollicitus?
1541 461 1617 495 Quod
1632 466 1790 497 peceatores
1806 481 1814 493 ,

1015 509 1094 535 etiam
1116 508 1248 535 sexcentis
1263 512 1373 534 onustos
1387 508 1501 543 peccatis
1514 528 1522 540 ,
1549 507 1736 542 ulceribusque
1759 507 1816 542 plc-

1016 562 1074 585 nos,
1091 554 1112 580 si
1131 554 1313 588 paenitentiam
1329 559 1408 589 agant
1420 574 1427 586 ,
1443 554 1511 581 Deus
1526 557 1666 588 susceptos
1679 553 1714 580 ita
1728 557 1814 586 curet,

1017 605 1045 626 ut
1061 608 1093 626 ue
1110 600 1250 634 vestigium
1267 621 1274 630 ,
1291 604 1319 626 ιιι
1345 607 1378 626 ue
1400 599 1549 626 cicatricem
1562 619 1570 632 ,
1587 603 1615 625 ut
1638 607 1672 626 nc
1688 598 1816 626 iudiciuin

1016 647 1122 681 quidem
1136 652 1306 681 peccatorum
1319 646 1459 680 relinquat.
1471 645 1612 677 Lavamini,
1626 645 1715 672 mundi
1728 650 1815 677 estote,

1017 693 1115 727 auferte
1128 692 1250 727 nequitias
1274 697 1369 718 uestras
1390 691 1421 717 ab
1434 691 1567 718 animabus
1591 691 1678 718 vestris
1696 699 1707 718 :
1729 691 1818 717 discite

1018 739 1078 766 bene
1091 740 1172 773 facere
1187 739 1196 774 (
1211 737 1276 765 Isai.
1292 738 1317 765 1.
1334 737 1377 765 16.
1393 737 1446 773 17).
1462 737 1496 764 Ει
1509 737 1572 772 quid
1589 737 1650 764 boni
1677 737 1818 772 prmcipis?

1016 783 1134 810 ludicate
1159 784 1301 818 pupillum,
1322 788 1346 810 et
1356 783 1497 818 justiﬁcate
1518 782 1631 809 viduam.
1655 782 1713 809 Non
1729 783 1817 818 gravia

1021 835 1152 863 pra-cepta
1180 834 1251 861 sunt,
1279 828 1325 855 sed
1340 829 1372 855 ad
1385 836 1443 863 qua:
1467 832 1559 855 natura
1575 828 1630 862 ipsa
1654 836 1738 862 prona
1764 828 1817 854 sit:

1019 875 1122 902 mttlieri
1134 875 1204 902 cnim
1220 876 1344 902 convenit
1355 875 1548 902 misericordia.
1569 874 1601 902 Et
1615 875 1705 906 uenite,
1722 880 1747 901 et
1762 875 1815 901 dis-

1019 922 1163 956 ceptemus(
1180 920 1248 948 Ibid.
1263 921 1295 949 18
1306 921 1327 957 ).
1355 921 1422 948 Dicit
1441 921 1580 954 Dominus,
1592 921 1725 948 modicum
1740 920 1818 955 quid-

1020 970 1091 1003 piam
1107 969 1185 996 facite
1197 990 1204 1001 ,
1216 975 1243 996 et
1256 977 1307 1004 ego
1319 969 1389 1004 quod
1404 969 1534 1004 reliqttum
1559 973 1601 996 est
1625 968 1721 995 addam
1738 976 1745 994 :
1759 967 1819 994 exi-

1020 1022 1099 1050 guum
1110 1015 1208 1049 aliquid
1219 1015 1283 1041 mihi
1296 1014 1368 1048 date,
1383 1019 1410 1042 et
1421 1020 1505 1042 totum
1519 1021 1569 1049 ego
1583 1015 1743 1048 impertiam.
1766 1012 1816 1039 Vc-

1019 1062 1081 1088 nite.
1096 1061 1217 1094 Quouam
1230 1061 1379 1089 abeamus?
1406 1061 1446 1088 Ad
1470 1069 1524 1092 me,
1544 1069 1622 1096 quem
1639 1059 1814 1095 provocastis,

1020 1115 1099 1142 quem
1113 1107 1251 1139 irritastis;
1262 1106 1296 1135 ad
1310 1115 1352 1134 me
1365 1107 1410 1142 qui
1422 1106 1492 1140 dico,
1505 1106 1569 1133 Non
1579 1106 1658 1133 audio
1671 1114 1725 1136 vos,
1738 1109 1767 1131 ut
1779 1105 1818 1131 iu-

1022 1153 1211 1180 termiuatione
1224 1153 1358 1188 perterriti
1372 1174 1379 1186 ,
1397 1153 1463 1180 iram
1484 1153 1595 1180 sedetis.
1609 1151 1705 1180 Venite
1718 1151 1751 1178 ad
1764 1159 1816 1177 non

1022 1198 1174 1226 audientem
1189 1219 1197 1233 ,
1213 1204 1241 1226 ut
1255 1198 1355 1226 audiat.
1380 1199 1414 1226 Et
1433 1198 1497 1233 quid
1523 1198 1605 1226 facis?
1619 1198 1677 1225 Non
1698 1197 1821 1231 relinquo

1023 1244 1164 1279 vestigium
1182 1265 1189 1277 ,
1209 1251 1262 1271 uon
1278 1244 1392 1271 indicem
1407 1265 1415 1278 ,
1432 1251 1484 1271 non
1499 1244 1661 1271 cicatricem.
1683 1242 1784 1275 Venite,
1798 1247 1820 1269 et

1022 1290 1197 1325 disceptemus,
1211 1290 1273 1316 dicit
1289 1289 1412 1316 Dominus
1429 1297 1438 1315 :
1462 1294 1490 1316 et
1508 1289 1591 1321 addit,
1615 1288 1645 1316 Si
1655 1289 1752 1322 fuerint
1765 1296 1821 1320 pec-

1022 1340 1078 1362 cata
1090 1340 1173 1362 ucstra
1183 1340 1212 1362 ut
1226 1336 1355 1362 coccinum
1365 1356 1373 1368 ,
1390 1335 1462 1370 quasi
1475 1335 1557 1362 nivem
1578 1334 1701 1361 dealbabo
1725 1340 1735 1368 ί
1751 1332 1818 1359 Ibid.

1023 1382 1078 1416 18).
1103 1381 1233 1409 Numcubi
1257 1381 1389 1409 cicatrix?
1415 1381 1540 1408 numcubi
1562 1387 1627 1415 ruga
1651 1380 1733 1407 etiam
1759 1386 1817 1405 cum

1023 1428 1113 1455 colore
1125 1428 1303 1462 expiationis?
1316 1427 1347 1454 Et
1362 1427 1384 1454 si
1397 1427 1489 1462 fuerint
1503 1431 1529 1453 ut
1544 1426 1681 1458 coccinum,
1695 1426 1769 1460 quasi
1780 1425 1819 1451 la-

1024 1482 1085 1500 nam
1100 1473 1233 1500 dealbabo.
1263 1473 1396 1501 Numcubi
1423 1474 1556 1508 nigricans
1577 1472 1673 1500 color?
1697 1471 1823 1498 umncubi

1024 1520 1127 1547 macula
1141 1519 1194 1547 ?Et
1208 1527 1262 1554 quo
1277 1525 1354 1554 pacto
1381 1520 1447 1547 ﬁunt
1461 1519 1532 1546 ista?
1546 1519 1614 1546 Num
1627 1518 1687 1545 alim
1703 1517 1818 1552 promis-

1024 1565 1139 1593 siones?
1162 1573 1192 1592 os
1217 1567 1287 1593 enim
1313 1566 1417 1593 Domini
1443 1566 1500 1593 haac
1525 1566 1661 1600 loquutum
1685 1569 1737 1591 est.
1764 1563 1823 1590 Non

1024 1611 1110 1638 solum
1123 1611 1331 1646 magnitudinem
1343 1611 1431 1639 vidisti
1451 1613 1642 1646 promissorum
1656 1631 1663 1643 ,
1678 1610 1726 1638 sed
1741 1615 1767 1636 ct
1779 1610 1820 1636 di-

1025 1658 1152 1693 gnitatem
1166 1658 1311 1693 largientis.
1327 1658 1382 1686 Deo
1395 1659 1467 1686 enim
1483 1657 1617 1693 possibilia
1633 1662 1696 1684 sunt
1706 1657 1795 1683 omnia
1808 1677 1815 1688 ,

1025 1705 1070 1739 qui
1085 1709 1172 1739 potest
1183 1712 1197 1731 a
1212 1704 1320 1732 sordido
1333 1703 1419 1732 facere
1430 1704 1568 1732 mundttm.
1579 1704 1655 1731 Hunc
1671 1703 1751 1738 igitur
1763 1710 1820 1729 cum

1025 1751 1198 1783 audierimus,
1213 1756 1240 1779 et
1253 1751 1416 1786 poenitentia:
1431 1751 1560 1778 medelam
1577 1750 1732 1778 noverimus
1744 1769 1752 1780 .
1765 1749 1822 1784 glo-

1026 1797 1092 1823 riam
1117 1796 1167 1831 ipsi
1191 1797 1404 1824 trausmittamns
1420 1805 1429 1823 :
1443 1796 1505 1832 quia
1529 1795 1612 1831 ipsius
1625 1799 1667 1822 est.
1689 1794 1775 1829 gloria
1797 1797 1825 1820 et

1028 1841 1170 1876 imperittm
1183 1842 1208 1868 in
1220 1842 1327 1869 saecula.
1342 1843 1437 1869 Amen.

1237 1937 1381 1962 ITEMOUE
1403 1936 1444 1957 DE
1472 1936 1568 1956 SACllA
1592 1935 1697 1956 MENSA
1721 1935 1762 1955 ET
1784 1933 1824 1954 ηε

922 1975 1047 1996 JL‘DlClO
1064 1969 1084 1996 ‘.

496 2037 603 2056 ιιοκιιιλ
618 2037 653 2055 IX.

215 2097 444 2132 Quemadmodum
470 2096 535 2124 nihil
552 2096 660 2130 prodest
683 2096 714 2122 iis
727 2096 770 2125 qui
786 2096 929 2127 seminant,
953 2096 974 2122 si

179 2143 254 2178 juxta
282 2143 350 2169 viam
371 2145 472 2169 semina
493 2142 592 2176 jaciaut
607 2151 612 2168 :
628 2142 662 2168 ita
686 2149 772 2176 neque
797 2141 873 2168 nobis
896 2141 974 2175 quid-

181 2197 260 2224 quam
279 2189 408 2224 proderit,
429 2188 451 2215 si
466 2187 610 2215 Christiani
634 2186 764 2217 dicamur.
786 2186 835 2214 nisi
849 2194 908 2221 qute
929 2194 977 2220 ap-

182 2235 316 2268 pellationi
338 2238 436 2261 nostra:
449 2233 612 2261 conveniant
631 2240 711 2266 opera
729 2237 896 2266 prmstemus.
912 2231 976 2265 Ejus

181 2280 230 2310 rei,
252 2280 273 2306 si
296 2280 391 2313 placet,
405 2278 538 2306 adhibebo
553 2277 604 2305 lide
627 2278 734 2313 dignum
757 2283 850 2304 testem
867 2277 975 2304 fratrem

181 2327 228 2353 Dei
250 2325 378 2353 Jacobum
401 2325 552 2352 dicentem:
569 2324 645 2351 Fides
667 2324 720 2350 siue
743 2323 859 2357 operibus
877 2329 977 2350 mortua

181 2377 217 2399 est
233 2371 323 2408 (Iacob
346 2372 373 2398 2.
389 2372 444 2407 17).
463 2372 531 2406 Ergo
544 2371 641 2405 ubique
657 2378 723 2405 opus
736 2376 776 2396 est
792 2370 975 2396 mandatorum

182 2418 356 2452 operatione:
373 2425 432 2443 nam
448 2418 489 2443 illa
503 2417 622 2447 absente,
640 2424 725 2447 neque
734 2416 877 2442 Christiani
893 2416 977 2442 uomi—

185 2464 226 2490 nis
241 2463 383 2498 appellatio
393 2463 469 2489 nobis
484 2462 612 2498 prodesse
628 2462 734 2496 poterit.
754 2462 786 2489 Et
806 2469 839 2488 ne
860 2461 975 2488 mireris.

181 2509 249 2542 Quid
272 2509 357 2541 euitn,
376 2508 420 2534 dic
446 2507 521 2538 mihi,
545 2508 609 2534 lucri
633 2507 712 2534 habet
736 2507 812 2534 miles
832 2506 937 2542 quando
951 2507 976 2533 in

182 2555 301 2581 exercitu
316 2559 366 2586 est,
380 2554 431 2580 nisi
446 2553 540 2580 militia
553 2553 647 2588 dignus
660 2554 708 2585 sit,
723 2558 748 2580 et
763 2562 810 2588 pro
823 2561 884 2587 rege
899 2560 977 2587 aquo

228 2681 326 2708 'l‘itulus
352 2682 376 2707 in
406 2682 515 2708 Colhert.
528 2701 534 2711 ,
567 2683 679 2714 Ejttsdem
696 2684 727 2707 de
742 2684 882 2708 necessitate
900 2681 978 2714 sacris

184 2715 310 2739 assistendi
318 2714 431 2740 collectis.
440 2714 528 2744 rcjecto
538 2714 602 2738 omni
608 2714 784 2743 inmedimento,
793 2717 815 2739 et
826 2716 856 2738 de
865 2713 979 2742 pmnitcn-

182 2744 226 2773 tia,
238 2751 316 2770 sermo
327 2745 472 2776 ttigesimus,
481 2745 616 2776 secundum
625 2745 797 2776 \tss._ordiuem.
814 2745 907 2769 initium
919 2751 979 2776 vero

184 2777 304 2810 sermonis
314 2773 431 2810 sjciiabet
444 2782 450 2800 :
462 2775 557 2809 Dilecti,
571 2774 720 2810 uouisti/[icit
740 2782 783 2800 nas
801 2778 890 2810 temere
901 2778 929 2810 _et
940 2774 978 2810 in-

184 2806 292 2837 consulto
302 2807 450 2832 Christianos
466 2805 594 2834 nominari.
606 2809 638 2836 et,
655 2805 677 2831 si
689 2805 792 2837 placeat,
809 2806 927 2837 adhibebo
943 2809 978 2830 te-

186 2841 245 2862 stim
257 2836 305 2870 [ide
318 2838 418 2870 dignum
434 2838 536 2870 fratrem
553 2837 597 2862 Dei
612 2837 726 2862 Jacobttm
743 2837 861 2863 dicentem
874 2844 881 2862 :
897 2836 976 2862 rides.

185 2870 247 2893 intra
258 2869 374 2899 deest,“
385 2875 413 2894 ne
426 2869 530 2894 mireris.

1027 2028 1119 2061 alitur,
1144 2029 1276 2056 militet”!
1299 2029 1377 2056 Forte
1398 2033 1497 2059 autem,
1524 2028 1627 2054 tametsi
1648 2027 1767 2054 terribile
1785 2031 1825 2053 est

1028 2075 1097 2108 quod
1113 2074 1219 2107 dicitur,
1241 2075 1334 2102 melius
1354 2075 1378 2102 ei
1402 2079 1459 2102 erat
1479 2083 1530 2101 non
1552 2074 1676 2104 militare.
1698 2081 1777 2108 quam
1797 2073 1823 2099 in

1028 2120 1121 2146 militia
1137 2128 1228 2147 curam
1242 2125 1269 2148 et
1287 2120 1414 2147 honorem
1438 2121 1508 2155 regis
1527 2121 1674 2155 negligere.
1689 2119 1742 2152 Qui
1754 2120 1822 2146 ettim

1028 2166 1084 2193 ﬁeri
1099 2171 1187 2201 potest
1200 2171 1230 2194 ut
1249 2175 1302 2194 non
1325 2167 1451 2202 puniatur
1466 2166 1498 2198 is,
1512 2166 1556 2200 qui
1577 2173 1591 2192 a
1615 2173 1678 2200 rege
1698 2165 1820 2196 utttritur,

1029 2220 1077 2247 pro
1099 2220 1160 2247 rege
1185 2218 1272 2239 autem
1296 2220 1348 2239 non
1373 2212 1477 2239 certat?
1501 2211 1570 2245 Quid
1595 2215 1683 2238 autetn
1703 2210 1764 2237 dico
1777 2217 1822 2244 pro

1028 2260 1111 2293 rege?
1131 2259 1231 2286 utinam
1246 2259 1326 2286 etiatn
1343 2267 1390 2293 pro
1412 2258 1510 2286 nosuis
1523 2257 1663 2284 animabus
1677 2264 1767 2284 curam
1780 2264 1822 2290 ge-

1029 2313 1150 2333 reremus
1170 2305 1222 2332 !Et
1243 2305 1388 2340 quomodo,
1410 2305 1456 2336 ait,
1477 2304 1604 2339 possibile
1626 2304 1653 2330 in
1677 2302 1776 2330 mundo
1798 2305 1823 2329 et

1031 2352 1119 2378 medio
1134 2352 1270 2378 hominum
1291 2353 1330 2379 sic
1344 2356 1493 2379 versantem
1516 2350 1635 2378 salvari?
1657 2349 1727 2384 Quid
1747 2349 1821 2379 dicis,

1030 2397 1130 2424 homo?
1151 2398 1195 2425 Vis
1217 2398 1334 2425 breviter
1355 2397 1493 2424 ostendam
1517 2405 1569 2423 non
1593 2404 1655 2423 esse
1668 2396 1758 2423 locum
1780 2393 1821 2429 qui

1029 2444 1121 2475 salvet,
1145 2443 1192 2470 sed
1213 2451 1302 2470 mores
1314 2448 1341 2470 et
1354 2443 1515 2470 voluntatem
1527 2443 1539 2468 ?
1550 2441 1634 2469 Adam
1652 2442 1676 2468 in
1691 2441 1822 2476 paradiso,

1030 2495 1059 2517 ιιι
1073 2490 1098 2517 in
1120 2495 1196 2524 portu
1213 2490 1378 2524 naufragium
1401 2489 1462 2516 fecit
1477 2488 1553 2525 (Gen.
1567 2489 1595 2523 5)
1611 2497 1617 2515 :
1633 2487 1701 2515 Loth
1728 2488 1754 2514 in
1776 2487 1823 2514 So—

1029 2536 1115 2563 domis
1126 2537 1194 2563 sicut
1208 2536 1233 2563 in
1249 2537 1342 2571 pelago
1356 2541 1476 2563 servatus
1490 2540 1531 2562 est
1545 2534 1620 2569 (Gen.
1648 2535 1693 2567 19;
1706 2542 1713 2559 :
1726 2533 1776 2560 Job
1800 2533 1821 2559 in

1029 2588 1148 2610 stercore
1175 2583 1333 2617 justitieatus
1356 2587 1397 2609 est
1419 2581 1478 2617 (Job
1499 2581 1528 2617 ‘2)
1549 2581 1632 2609 :Sat'tl
1655 2580 1700 2607 ille
1725 2580 1750 2607 in
1770 2579 1823 2605 tlte~

1030 2629 1115 2655 Sauris
1143 2636 1253 2655 versans
1288 2636 1370 2663 regno
1398 2628 1521 2662 praesenti
1552 2632 1579 2654 et
1605 2626 1695 2653 futuro
1728 2625 1823 2653 excidit

1030 2674 1137 2709 (LReg.
1146 2675 1201 2707 i8).
1214 2675 1269 2702 Non
1281 2680 1322 2703 est
1332 2674 1462 2706 defensio,
1473 2673 1543 2708 qttod
1560 2673 1637 2705 dicis,
1650 2672 1708 2699 Non
1719 2679 1821 2706 possum

1031 2720 1163 2747 inmundo
1177 2721 1287 2752 versari,
1302 2726 1381 2755 atque
1397 2720 1423 2746 iu
1440 2718 1703 2753 medionegotiorum
1713 2716 1815 2745 salvari.

1031 2766 1084 2793 Sed
1099 2766 1156 2793 lucc
1170 2766 1257 2801 gravia
1273 2766 1342 2793 unde
1361 2765 1505 2792 accidunt?
1517 2764 1583 2798 Quia
1598 2763 1643 2790 alii
1656 2762 1754 2790 divinis
1766 2769 1821 2797 pre-

1063 2836 1071 2852 ι
1085 2839 1108 2859 tn
1118 2835 1194 2862 Colh..
1202 2834 1264 2865 Quid
1273 2835 1336 2860 enim
1346 2834 1408 2860 lucri
1417 2833 1485 2858 habet
1498 2831 1566 2865 miles
1577 2838 1609 2857 cI
1618 2829 1715 2862 militia,
1727 2837 1769 2856 nu“.
1779 2834 1821 2861 ira:

1032 2866 1119 2892 virtute
1140 2863 1238 2892 militem
1251 2866 1318 2892 ιιι-(σι
1330 2873 1374 2893 pro
1387 2871 1428 2896 reg
1438 2872 1441 2879 ι
1453 2863 1558 2889 mttttcti’
