  <div class='ocr_page' id='page_1' title='image "/cluster/home/n/w/nwhite01/storage/ocr_20150623/49-50/njp.32101077772620/346.png"; bbox 0 0 1978 3131; ppageno 0'>
   <div class='ocr_carea' id='block_1_1' title="bbox 163 154 954 187">
    <p class='ocr_par' dir='ltr' id='par_1_1' title="bbox 163 154 954 187">
     <span class='ocr_line' id='line_1_1' title="bbox 163 154 954 187; baseline -0.004 -1"><span class='ocrx_word' id='word_1_1' title='bbox 163 159 209 187; x_wconf 65' lang='lat'><strong>555</strong></span> <span class='ocrx_word' id='word_1_2' title='bbox 721 156 765 184; x_wconf 84' lang='lat' dir='ltr'><strong>DE</strong></span> <span class='ocrx_word' id='word_1_3' title='bbox 787 154 954 185; x_wconf 72' lang='lat' dir='ltr'><strong>PCE’NITEN&#39;</strong></span> 
     </span>
    </p>
   </div>
   <div class='ocr_carea' id='block_1_2' title="bbox 1008 154 1219 187">
    <p class='ocr_par' dir='ltr' id='par_1_2' title="bbox 1012 154 1219 184">
     <span class='ocr_line' id='line_1_2' title="bbox 1012 154 1219 184; baseline 0.019 -4"><span class='ocrx_word' id='word_1_4' title='bbox 1012 175 1018 180; x_wconf 98' lang='lat'><strong><em>.</em></strong></span> <span class='ocrx_word' id='word_1_5' title='bbox 1039 154 1153 182; x_wconf 68' lang='lat' dir='ltr'><strong>llOillL.</strong></span> <span class='ocrx_word' id='word_1_6' title='bbox 1177 155 1219 184; x_wconf 79' lang='grc' dir='ltr'><strong>ΙΧ.</strong></span> 
     </span>
    </p>
   </div>
   <div class='ocr_carea' id='block_1_3' title="bbox 162 211 955 246">
    <p class='ocr_par' dir='ltr' id='par_1_3' title="bbox 162 211 955 246">
     <span class='ocr_line' id='line_1_3' title="bbox 162 211 955 246; baseline -0.003 -5"><span class='ocrx_word' id='word_1_7' title='bbox 162 215 242 246; x_wconf 78' lang='lat' dir='ltr'><strong>cibus,</strong></span> <span class='ocrx_word' id='word_1_8' title='bbox 253 212 297 240; x_wconf 89' lang='lat' dir='ltr'><strong>alii</strong></span> <span class='ocrx_word' id='word_1_9' title='bbox 307 212 591 240; x_wconf 86' lang='lat' dir='ltr'><strong>divinis-conventibus</strong></span> <span class='ocrx_word' id='word_1_10' title='bbox 605 212 757 246; x_wconf 75' lang='lat' dir='ltr'><strong>frequentes</strong></span> <span class='ocrx_word' id='word_1_11' title='bbox 764 220 817 240; x_wconf 88' lang='lat' dir='ltr'><strong>non</strong></span> <span class='ocrx_word' id='word_1_12' title='bbox 829 211 955 240; x_wconf 80' lang='lat' dir='ltr'><strong>adestis‘.</strong></span> 
     </span>
    </p>
   </div>
   <div class='ocr_carea' id='block_1_4' title="bbox 163 257 956 293">
    <p class='ocr_par' dir='ltr' id='par_1_4' title="bbox 163 257 956 293">
     <span class='ocr_line' id='line_1_4' title="bbox 163 257 956 293; baseline -0.004 -6"><span class='ocrx_word' id='word_1_13' title='bbox 163 261 254 287; x_wconf 80' lang='lat' dir='ltr'><strong>Annon</strong></span> <span class='ocrx_word' id='word_1_14' title='bbox 279 258 377 285; x_wconf 74' lang='lat' dir='ltr'><strong>videtis</strong></span> <span class='ocrx_word' id='word_1_15' title='bbox 395 265 443 287; x_wconf 85' lang='lat' dir='ltr'><strong>eos</strong></span> <span class='ocrx_word' id='word_1_16' title='bbox 463 258 507 293; x_wconf 86' lang='lat' dir='ltr'><strong>qui</strong></span> <span class='ocrx_word' id='word_1_17' title='bbox 521 258 615 285; x_wconf 79' lang='lat' dir='ltr'><strong>voiiint</strong></span> <span class='ocrx_word' id='word_1_18' title='bbox 635 257 788 292; x_wconf 84' lang='lat' dir='ltr'><strong>dignitatem</strong></span> <span class='ocrx_word' id='word_1_19' title='bbox 811 265 827 285; x_wconf 90' lang='lat' dir='ltr'><strong>a</strong></span> <span class='ocrx_word' id='word_1_20' title='bbox 851 262 956 284; x_wconf 90' lang='lat' dir='ltr'><strong>terreno</strong></span> 
     </span>
    </p>
   </div>
   <div class='ocr_carea' id='block_1_5' title="bbox 163 302 955 339">
    <p class='ocr_par' dir='ltr' id='par_1_5' title="bbox 163 302 955 339">
     <span class='ocr_line' id='line_1_5' title="bbox 163 302 955 339; baseline -0.003 -7"><span class='ocrx_word' id='word_1_21' title='bbox 163 312 221 339; x_wconf 79' lang='lat' dir='ltr'><strong>rege</strong></span> <span class='ocrx_word' id='word_1_22' title='bbox 240 304 375 338; x_wconf 84' lang='lat' dir='ltr'><strong>accipere,</strong></span> <span class='ocrx_word' id='word_1_23' title='bbox 392 303 527 338; x_wconf 88' lang='lat' dir='ltr'><strong>quomodo</strong></span> <span class='ocrx_word' id='word_1_24' title='bbox 541 303 669 336; x_wconf 83' lang='lat' dir='ltr'><strong>assident,</strong></span> <span class='ocrx_word' id='word_1_25' title='bbox 688 303 822 338; x_wconf 90' lang='lat' dir='ltr'><strong>quomodo</strong></span> <span class='ocrx_word' id='word_1_26' title='bbox 842 303 908 330; x_wconf 85' lang='lat' dir='ltr'><strong>alios</strong></span> <span class='ocrx_word' id='word_1_27' title='bbox 922 302 955 330; x_wconf 91' lang='lat' dir='ltr'><strong>ad</strong></span> 
     </span>
    </p>
   </div>
   <div class='ocr_carea' id='block_1_6' title="bbox 162 349 956 386">
    <p class='ocr_par' dir='ltr' id='par_1_6' title="bbox 162 349 956 386">
     <span class='ocr_line' id='line_1_6' title="bbox 162 349 956 386; baseline -0.004 -8"><span class='ocrx_word' id='word_1_28' title='bbox 162 350 379 386; x_wconf 83' lang='lat' dir='ltr'><strong>patrocinandiiin</strong></span> <span class='ocrx_word' id='word_1_29' title='bbox 402 350 522 382; x_wconf 87' lang='lat' dir='ltr'><strong>incitant,</strong></span> <span class='ocrx_word' id='word_1_30' title='bbox 546 353 574 377; x_wconf 88' lang='lat' dir='ltr'><strong>ut</strong></span> <span class='ocrx_word' id='word_1_31' title='bbox 594 349 728 384; x_wconf 77' lang='lat' dir='ltr'><strong>poliantur</strong></span> <span class='ocrx_word' id='word_1_32' title='bbox 743 357 776 377; x_wconf 87' lang='lat' dir='ltr'><strong>eo</strong></span> <span class='ocrx_word' id='word_1_33' title='bbox 793 349 864 384; x_wconf 88' lang='lat' dir='ltr'><strong>quod</strong></span> <span class='ocrx_word' id='word_1_34' title='bbox 883 357 956 384; x_wconf 75' lang='lat' dir='ltr'><strong>qua:-</strong></span> 
     </span>
    </p>
   </div>
   <div class='ocr_carea' id='block_1_7' title="bbox 161 395 955 430">
    <p class='ocr_par' dir='ltr' id='par_1_7' title="bbox 161 395 955 430">
     <span class='ocr_line' id='line_1_7' title="bbox 161 395 955 430; baseline -0.005 -5"><span class='ocrx_word' id='word_1_35' title='bbox 161 396 239 425; x_wconf 75' lang='lat' dir='ltr'><strong>runt?</strong></span> <span class='ocrx_word' id='word_1_36' title='bbox 253 396 317 423; x_wconf 70' lang='grc' dir='ltr'><strong>Ηιυε</strong></span> <span class='ocrx_word' id='word_1_37' title='bbox 339 403 389 430; x_wconf 80' lang='lat' dir='ltr'><strong>ego</strong></span> <span class='ocrx_word' id='word_1_38' title='bbox 403 396 516 423; x_wconf 76' lang='lat' dir='ltr'><strong>dixerim</strong></span> <span class='ocrx_word' id='word_1_39' title='bbox 537 395 570 422; x_wconf 86' lang='lat' dir='ltr'><strong>ad</strong></span> <span class='ocrx_word' id='word_1_40' title='bbox 594 403 640 422; x_wconf 88' lang='lat' dir='ltr'><strong>eos</strong></span> <span class='ocrx_word' id='word_1_41' title='bbox 655 395 700 430; x_wconf 90' lang='lat' dir='ltr'><strong>qui</strong></span> <span class='ocrx_word' id='word_1_42' title='bbox 714 395 817 422; x_wconf 82' lang='lat' dir='ltr'><strong>divinas</strong></span> <span class='ocrx_word' id='word_1_43' title='bbox 831 395 955 422; x_wconf 82' lang='lat' dir='ltr'><strong>collectas</strong></span> 
     </span>
    </p>
   </div>
   <div class='ocr_carea' id='block_1_8' title="bbox 160 441 955 476">
    <p class='ocr_par' dir='ltr' id='par_1_8' title="bbox 160 441 955 476">
     <span class='ocr_line' id='line_1_8' title="bbox 160 441 955 476; baseline -0.003 -7"><span class='ocrx_word' id='word_1_44' title='bbox 160 442 324 476; x_wconf 75' lang='lat' dir='ltr'><strong>relinquunt.</strong></span> <span class='ocrx_word' id='word_1_45' title='bbox 339 446 365 468; x_wconf 90' lang='lat' dir='ltr'><strong>et</strong></span> <span class='ocrx_word' id='word_1_46' title='bbox 375 441 426 468; x_wconf 89' lang='lat' dir='ltr'><strong>sub</strong></span> <span class='ocrx_word' id='word_1_47' title='bbox 439 441 531 468; x_wconf 87' lang='lat' dir='ltr'><strong>horam</strong></span> <span class='ocrx_word' id='word_1_48' title='bbox 545 441 670 468; x_wconf 91' lang='lat' dir='ltr'><strong>terribilis</strong></span> <span class='ocrx_word' id='word_1_49' title='bbox 684 444 711 467; x_wconf 84' lang='lat' dir='ltr'><strong>et</strong></span> <span class='ocrx_word' id='word_1_50' title='bbox 725 441 843 476; x_wconf 74' lang='lat' dir='ltr'><strong>mystica:</strong></span> <span class='ocrx_word' id='word_1_51' title='bbox 856 448 955 467; x_wconf 72' lang='lat' dir='ltr'><strong>mensa:</strong></span> 
     </span>
    </p>
   </div>
   <div class='ocr_carea' id='block_1_9' title="bbox 159 486 953 522">
    <p class='ocr_par' dir='ltr' id='par_1_9' title="bbox 159 486 953 522">
     <span class='ocr_line' id='line_1_9' title="bbox 159 486 953 522; baseline -0.003 -8"><span class='ocrx_word' id='word_1_52' title='bbox 159 487 298 522; x_wconf 80' lang='lat' dir='ltr'><strong>colloquiis</strong></span> <span class='ocrx_word' id='word_1_53' title='bbox 316 491 345 514; x_wconf 89' lang='lat' dir='ltr'><strong>et</strong></span> <span class='ocrx_word' id='word_1_54' title='bbox 362 487 437 514; x_wconf 79' lang='lat' dir='ltr'><strong>vanis</strong></span> <span class='ocrx_word' id='word_1_55' title='bbox 461 486 727 514; x_wconf 78' lang='lat' dir='ltr'><strong>sermocinationibus</strong></span> <span class='ocrx_word' id='word_1_56' title='bbox 742 487 862 521; x_wconf 92' lang='lat' dir='ltr'><strong>occupati</strong></span> <span class='ocrx_word' id='word_1_57' title='bbox 882 491 953 513; x_wconf 87' lang='lat' dir='ltr'><strong>sunt.</strong></span> 
     </span>
    </p>
   </div>
   <div class='ocr_carea' id='block_1_10' title="bbox 157 531 954 567">
    <p class='ocr_par' dir='ltr' id='par_1_10' title="bbox 157 531 954 567">
     <span class='ocr_line' id='line_1_10' title="bbox 157 531 954 567; baseline 0 -9"><span class='ocrx_word' id='word_1_58' title='bbox 157 532 225 565; x_wconf 85' lang='lat' dir='ltr'><strong>Quid</strong></span> <span class='ocrx_word' id='word_1_59' title='bbox 251 532 335 565; x_wconf 78' lang='lat' dir='ltr'><strong>facis,</strong></span> <span class='ocrx_word' id='word_1_60' title='bbox 363 531 464 559; x_wconf 86' lang='lat' dir='ltr'><strong>homo?</strong></span> <span class='ocrx_word' id='word_1_61' title='bbox 487 541 539 559; x_wconf 92' lang='lat' dir='ltr'><strong>non</strong></span> <span class='ocrx_word' id='word_1_62' title='bbox 565 532 708 567; x_wconf 87' lang='lat' dir='ltr'><strong>promisisti</strong></span> <span class='ocrx_word' id='word_1_63' title='bbox 736 532 886 564; x_wconf 79' lang='lat' dir='ltr'><strong>sacerdoti,</strong></span> <span class='ocrx_word' id='word_1_64' title='bbox 910 532 954 566; x_wconf 93' lang='lat' dir='ltr'><strong>qui</strong></span> 
     </span>
    </p>
   </div>
   <div class='ocr_carea' id='block_1_11' title="bbox 157 576 956 610">
    <p class='ocr_par' dir='ltr' id='par_1_11' title="bbox 157 576 956 610">
     <span class='ocr_line' id='line_1_11' title="bbox 157 576 956 610; baseline -0.001 -6"><span class='ocrx_word' id='word_1_65' title='bbox 157 578 233 609; x_wconf 81' lang='lat' dir='ltr'><strong>dixit,</strong></span> <span class='ocrx_word' id='word_1_66' title='bbox 247 578 358 604; x_wconf 80' lang='lat' dir='ltr'><strong>Sursum</strong></span> <span class='ocrx_word' id='word_1_67' title='bbox 373 583 479 605; x_wconf 78' lang='lat' dir='ltr'><strong>utentem</strong></span> <span class='ocrx_word' id='word_1_68' title='bbox 492 582 516 604; x_wconf 84' lang='lat' dir='ltr'><strong>et</strong></span> <span class='ocrx_word' id='word_1_69' title='bbox 528 578 617 610; x_wconf 80' lang='lat' dir='ltr'><strong>corda,</strong></span> <span class='ocrx_word' id='word_1_70' title='bbox 630 582 657 604; x_wconf 89' lang='lat' dir='ltr'><strong>et</strong></span> <span class='ocrx_word' id='word_1_71' title='bbox 667 577 764 608; x_wconf 78' lang='lat' dir='ltr'><strong>dixisti,</strong></span> <span class='ocrx_word' id='word_1_72' title='bbox 778 576 909 604; x_wconf 75' lang='lat' dir='ltr'><strong>Habemus</strong></span> <span class='ocrx_word' id='word_1_73' title='bbox 921 577 956 603; x_wconf 85' lang='lat' dir='ltr'><strong>ad</strong></span> 
     </span>
    </p>
   </div>
   <div class='ocr_carea' id='block_1_12' title="bbox 157 623 954 658">
    <p class='ocr_par' dir='ltr' id='par_1_12' title="bbox 157 623 954 658">
     <span class='ocr_line' id='line_1_12' title="bbox 157 623 954 658; baseline -0.001 -7"><span class='ocrx_word' id='word_1_74' title='bbox 157 624 318 651; x_wconf 77' lang='lat' dir='ltr'><strong>Demittunt?</strong></span> <span class='ocrx_word' id='word_1_75' title='bbox 334 631 386 650; x_wconf 93' lang='lat' dir='ltr'><strong>non</strong></span> <span class='ocrx_word' id='word_1_76' title='bbox 405 624 536 651; x_wconf 85' lang='lat' dir='ltr'><strong>revereris</strong></span> <span class='ocrx_word' id='word_1_77' title='bbox 551 629 577 650; x_wconf 82' lang='lat' dir='ltr'><strong>ct</strong></span> <span class='ocrx_word' id='word_1_78' title='bbox 592 623 739 656; x_wconf 79' lang='lat' dir='ltr'><strong>erubescis,</strong></span> <span class='ocrx_word' id='word_1_79' title='bbox 758 623 828 658; x_wconf 90' lang='lat' dir='ltr'><strong>quod</strong></span> <span class='ocrx_word' id='word_1_80' title='bbox 841 623 884 650; x_wconf 83' lang='lat' dir='ltr'><strong>illa</strong></span> <span class='ocrx_word' id='word_1_81' title='bbox 898 623 954 657; x_wconf 87' lang='lat' dir='ltr'><strong>ipsa</strong></span> 
     </span>
    </p>
   </div>
   <div class='ocr_carea' id='block_1_13' title="bbox 157 670 956 705">
    <p class='ocr_par' dir='ltr' id='par_1_13' title="bbox 157 670 956 705">
     <span class='ocr_line' id='line_1_13' title="bbox 157 670 956 705; baseline -0.003 -7"><span class='ocrx_word' id='word_1_82' title='bbox 157 670 221 698; x_wconf 83' lang='lat' dir='ltr'><strong>hora</strong></span> <span class='ocrx_word' id='word_1_83' title='bbox 237 671 352 698; x_wconf 92' lang='lat' dir='ltr'><strong>mendax</strong></span> <span class='ocrx_word' id='word_1_84' title='bbox 375 671 538 698; x_wconf 82' lang='lat' dir='ltr'><strong>inveniaris?</strong></span> <span class='ocrx_word' id='word_1_85' title='bbox 552 670 649 705; x_wconf 75' lang='lat' dir='ltr'><strong>Papae!</strong></span> <span class='ocrx_word' id='word_1_86' title='bbox 675 677 766 697; x_wconf 84' lang='lat' dir='ltr'><strong>mensa</strong></span> <span class='ocrx_word' id='word_1_87' title='bbox 780 670 893 704; x_wconf 85' lang='lat' dir='ltr'><strong>mystica</strong></span> <span class='ocrx_word' id='word_1_88' title='bbox 906 677 956 703; x_wconf 87' lang='lat' dir='ltr'><strong>pa—</strong></span> 
     </span>
    </p>
   </div>
   <div class='ocr_carea' id='block_1_14' title="bbox 158 716 954 752">
    <p class='ocr_par' dir='ltr' id='par_1_14' title="bbox 158 716 954 752">
     <span class='ocr_line' id='line_1_14' title="bbox 158 716 954 752; baseline 0 -9"><span class='ocrx_word' id='word_1_89' title='bbox 158 722 215 743; x_wconf 81' lang='lat' dir='ltr'><strong>rata</strong></span> <span class='ocrx_word' id='word_1_90' title='bbox 227 721 281 748; x_wconf 83' lang='lat' dir='ltr'><strong>est,</strong></span> <span class='ocrx_word' id='word_1_91' title='bbox 297 721 324 744; x_wconf 90' lang='lat' dir='ltr'><strong>et</strong></span> <span class='ocrx_word' id='word_1_92' title='bbox 337 724 421 752; x_wconf 86' lang='lat' dir='ltr'><strong>agnus</strong></span> <span class='ocrx_word' id='word_1_93' title='bbox 432 717 477 744; x_wconf 89' lang='lat' dir='ltr'><strong>Dei</strong></span> <span class='ocrx_word' id='word_1_94' title='bbox 491 724 539 751; x_wconf 88' lang='lat' dir='ltr'><strong>pro</strong></span> <span class='ocrx_word' id='word_1_95' title='bbox 552 721 578 744; x_wconf 95' lang='lat' dir='ltr'><strong>te</strong></span> <span class='ocrx_word' id='word_1_96' title='bbox 593 716 754 749; x_wconf 75' lang='lat' dir='ltr'><strong>immolatur,</strong></span> <span class='ocrx_word' id='word_1_97' title='bbox 769 717 894 744; x_wconf 83' lang='lat' dir='ltr'><strong>sacerdos</strong></span> <span class='ocrx_word' id='word_1_98' title='bbox 907 723 954 750; x_wconf 89' lang='lat' dir='ltr'><strong>pro</strong></span> 
     </span>
    </p>
   </div>
   <div class='ocr_carea' id='block_1_15' title="bbox 157 761 953 797">
    <p class='ocr_par' dir='ltr' id='par_1_15' title="bbox 157 761 953 797">
     <span class='ocr_line' id='line_1_15' title="bbox 157 761 953 797; baseline 0 -9"><span class='ocrx_word' id='word_1_99' title='bbox 157 766 182 789; x_wconf 88' lang='lat' dir='ltr'><strong>te</strong></span> <span class='ocrx_word' id='word_1_100' title='bbox 196 761 315 796; x_wconf 81' lang='lat' dir='ltr'><strong>angitur,</strong></span> <span class='ocrx_word' id='word_1_101' title='bbox 331 762 399 797; x_wconf 84' lang='lat' dir='ltr'><strong>ignis</strong></span> <span class='ocrx_word' id='word_1_102' title='bbox 414 761 560 797; x_wconf 84' lang='lat' dir='ltr'><strong>spiritualis</strong></span> <span class='ocrx_word' id='word_1_103' title='bbox 575 769 608 788; x_wconf 88' lang='lat' dir='ltr'><strong>cx</strong></span> <span class='ocrx_word' id='word_1_104' title='bbox 631 769 705 788; x_wconf 84' lang='lat' dir='ltr'><strong>sacra</strong></span> <span class='ocrx_word' id='word_1_105' title='bbox 723 769 814 788; x_wconf 88' lang='lat' dir='ltr'><strong>mensa</strong></span> <span class='ocrx_word' id='word_1_106' title='bbox 829 761 953 795; x_wconf 84' lang='lat' dir='ltr'><strong>erumpit,</strong></span> 
     </span>
    </p>
   </div>
   <div class='ocr_carea' id='block_1_16' title="bbox 154 807 954 841">
    <p class='ocr_par' dir='ltr' id='par_1_16' title="bbox 154 807 954 841">
     <span class='ocr_line' id='line_1_16' title="bbox 154 807 954 841; baseline 0 -7"><span class='ocrx_word' id='word_1_107' title='bbox 154 807 302 835; x_wconf 85' lang='lat' dir='ltr'><strong>Cherubim</strong></span> <span class='ocrx_word' id='word_1_108' title='bbox 315 808 431 840; x_wconf 80' lang='lat' dir='ltr'><strong>adstant,</strong></span> <span class='ocrx_word' id='word_1_109' title='bbox 446 807 584 841; x_wconf 85' lang='lat' dir='ltr'><strong>Serapliim</strong></span> <span class='ocrx_word' id='word_1_110' title='bbox 594 807 733 840; x_wconf 82' lang='lat' dir='ltr'><strong>advolant,</strong></span> <span class='ocrx_word' id='word_1_111' title='bbox 748 812 775 834; x_wconf 90' lang='lat' dir='ltr'><strong>et</strong></span> <span class='ocrx_word' id='word_1_112' title='bbox 789 807 898 841; x_wconf 88' lang='lat' dir='ltr'><strong>spiritus</strong></span> <span class='ocrx_word' id='word_1_113' title='bbox 909 815 954 834; x_wconf 86' lang='lat' dir='ltr'><strong>sex</strong></span> 
     </span>
    </p>
   </div>
   <div class='ocr_carea' id='block_1_17' title="bbox 154 853 955 887">
    <p class='ocr_par' dir='ltr' id='par_1_17' title="bbox 154 853 955 887">
     <span class='ocr_line' id='line_1_17' title="bbox 154 853 955 887; baseline -0.001 -7"><span class='ocrx_word' id='word_1_114' title='bbox 154 853 212 880; x_wconf 78' lang='lat' dir='ltr'><strong>alas</strong></span> <span class='ocrx_word' id='word_1_115' title='bbox 228 853 361 881; x_wconf 83' lang='lat' dir='ltr'><strong>habentes</strong></span> <span class='ocrx_word' id='word_1_116' title='bbox 376 853 470 880; x_wconf 84' lang='lat' dir='ltr'><strong>faciem</strong></span> <span class='ocrx_word' id='word_1_117' title='bbox 492 857 593 887; x_wconf 88' lang='lat' dir='ltr'><strong>tegunt,</strong></span> <span class='ocrx_word' id='word_1_118' title='bbox 609 861 702 880; x_wconf 87' lang='lat' dir='ltr'><strong>omnes</strong></span> <span class='ocrx_word' id='word_1_119' title='bbox 723 853 886 887; x_wconf 66' lang='lat' dir='ltr'><strong>incorporea:</strong></span> <span class='ocrx_word' id='word_1_120' title='bbox 900 854 955 879; x_wconf 86' lang='lat' dir='ltr'><strong>vir-</strong></span> 
     </span>
    </p>
   </div>
   <div class='ocr_carea' id='block_1_18' title="bbox 155 899 956 934">
    <p class='ocr_par' dir='ltr' id='par_1_18' title="bbox 155 899 956 934">
     <span class='ocr_line' id='line_1_18' title="bbox 155 899 956 934; baseline 0.001 -9"><span class='ocrx_word' id='word_1_121' title='bbox 155 904 227 926; x_wconf 85' lang='lat' dir='ltr'><strong>tutes</strong></span> <span class='ocrx_word' id='word_1_122' title='bbox 242 907 291 934; x_wconf 91' lang='lat' dir='ltr'><strong>pro</strong></span> <span class='ocrx_word' id='word_1_123' title='bbox 314 905 340 927; x_wconf 86' lang='lat' dir='ltr'><strong>te</strong></span> <span class='ocrx_word' id='word_1_124' title='bbox 354 907 413 926; x_wconf 91' lang='lat' dir='ltr'><strong>cum</strong></span> <span class='ocrx_word' id='word_1_125' title='bbox 436 900 573 927; x_wconf 84' lang='lat' dir='ltr'><strong>sacerdote</strong></span> <span class='ocrx_word' id='word_1_126' title='bbox 592 899 761 927; x_wconf 87' lang='lat' dir='ltr'><strong>intercedunt</strong></span> <span class='ocrx_word' id='word_1_127' title='bbox 775 909 780 926; x_wconf 94' lang='lat'>:</span> <span class='ocrx_word' id='word_1_128' title='bbox 797 900 864 934; x_wconf 80' lang='lat' dir='ltr'><strong>ignis</strong></span> <span class='ocrx_word' id='word_1_129' title='bbox 878 900 956 934; x_wconf 90' lang='lat' dir='ltr'><strong>spiri-</strong></span> 
     </span>
    </p>
   </div>
   <div class='ocr_carea' id='block_1_19' title="bbox 155 945 954 981">
    <p class='ocr_par' dir='ltr' id='par_1_19' title="bbox 155 945 954 981">
     <span class='ocr_line' id='line_1_19' title="bbox 155 945 954 981; baseline 0.001 -9"><span class='ocrx_word' id='word_1_130' title='bbox 155 945 234 972; x_wconf 87' lang='lat' dir='ltr'><strong>tualis</strong></span> <span class='ocrx_word' id='word_1_131' title='bbox 252 953 268 973; x_wconf 90' lang='lat' dir='ltr'><strong>e</strong></span> <span class='ocrx_word' id='word_1_132' title='bbox 293 945 359 973; x_wconf 68' lang='lat' dir='ltr'><strong>caelo</strong></span> <span class='ocrx_word' id='word_1_133' title='bbox 374 946 522 979; x_wconf 84' lang='lat' dir='ltr'><strong>descendit,</strong></span> <span class='ocrx_word' id='word_1_134' title='bbox 537 946 645 981; x_wconf 83' lang='lat' dir='ltr'><strong>sanguis</strong></span> <span class='ocrx_word' id='word_1_135' title='bbox 666 946 692 973; x_wconf 92' lang='lat' dir='ltr'><strong>in</strong></span> <span class='ocrx_word' id='word_1_136' title='bbox 716 951 820 974; x_wconf 85' lang='lat' dir='ltr'><strong>cratere</strong></span> <span class='ocrx_word' id='word_1_137' title='bbox 842 946 867 973; x_wconf 93' lang='lat' dir='ltr'><strong>in</strong></span> <span class='ocrx_word' id='word_1_138' title='bbox 884 951 954 974; x_wconf 87' lang='lat' dir='ltr'><strong>tuam</strong></span> 
     </span>
    </p>
   </div>
   <div class='ocr_carea' id='block_1_20' title="bbox 154 992 955 1026">
    <p class='ocr_par' dir='ltr' id='par_1_20' title="bbox 154 992 955 1026">
     <span class='ocr_line' id='line_1_20' title="bbox 154 992 955 1026; baseline 0.002 -8"><span class='ocrx_word' id='word_1_139' title='bbox 154 992 370 1026; x_wconf 81' lang='lat' dir='ltr'><strong>puriﬁcationem</strong></span> <span class='ocrx_word' id='word_1_140' title='bbox 392 1000 424 1020; x_wconf 85' lang='lat' dir='ltr'><strong>ex</strong></span> <span class='ocrx_word' id='word_1_141' title='bbox 446 993 615 1020; x_wconf 82' lang='lat' dir='ltr'><strong>immaculato</strong></span> <span class='ocrx_word' id='word_1_142' title='bbox 635 993 719 1020; x_wconf 87' lang='lat' dir='ltr'><strong>latere</strong></span> <span class='ocrx_word' id='word_1_143' title='bbox 731 992 832 1020; x_wconf 83' lang='lat' dir='ltr'><strong>eﬁ&#39;usus</strong></span> <span class='ocrx_word' id='word_1_144' title='bbox 850 998 891 1020; x_wconf 86' lang='lat' dir='ltr'><strong>est</strong></span> <span class='ocrx_word' id='word_1_145' title='bbox 907 1002 913 1019; x_wconf 89' lang='lat'>:</span> <span class='ocrx_word' id='word_1_146' title='bbox 928 997 955 1020; x_wconf 88' lang='lat' dir='ltr'><strong>et</strong></span> 
     </span>
    </p>
   </div>
   <div class='ocr_carea' id='block_1_21' title="bbox 154 1038 955 1073">
    <p class='ocr_par' dir='ltr' id='par_1_21' title="bbox 154 1038 955 1073">
     <span class='ocr_line' id='line_1_21' title="bbox 154 1038 955 1073; baseline 0.001 -8"><span class='ocrx_word' id='word_1_147' title='bbox 154 1046 208 1065; x_wconf 87' lang='lat' dir='ltr'><strong>non</strong></span> <span class='ocrx_word' id='word_1_148' title='bbox 224 1038 363 1066; x_wconf 87' lang='lat' dir='ltr'><strong>erubescis</strong></span> <span class='ocrx_word' id='word_1_149' title='bbox 378 1046 409 1065; x_wconf 89' lang='lat' dir='ltr'><strong>ac</strong></span> <span class='ocrx_word' id='word_1_150' title='bbox 431 1039 573 1071; x_wconf 84' lang='lat' dir='ltr'><strong>reveraris,</strong></span> <span class='ocrx_word' id='word_1_151' title='bbox 593 1046 642 1066; x_wconf 93' lang='lat' dir='ltr'><strong>nec</strong></span> <span class='ocrx_word' id='word_1_152' title='bbox 661 1043 687 1066; x_wconf 87' lang='lat' dir='ltr'><strong>te</strong></span> <span class='ocrx_word' id='word_1_153' title='bbox 701 1039 781 1073; x_wconf 87' lang='lat' dir='ltr'><strong>pudet</strong></span> <span class='ocrx_word' id='word_1_154' title='bbox 796 1039 822 1066; x_wconf 93' lang='lat' dir='ltr'><strong>in</strong></span> <span class='ocrx_word' id='word_1_155' title='bbox 843 1039 885 1066; x_wconf 84' lang='lat' dir='ltr'><strong>illa</strong></span> <span class='ocrx_word' id='word_1_156' title='bbox 901 1044 955 1067; x_wconf 89' lang='lat' dir='ltr'><strong>tre-</strong></span> 
     </span>
    </p>
   </div>
   <div class='ocr_carea' id='block_1_22' title="bbox 153 1085 955 1120">
    <p class='ocr_par' dir='ltr' id='par_1_22' title="bbox 153 1085 955 1120">
     <span class='ocr_line' id='line_1_22' title="bbox 153 1085 955 1120; baseline 0.001 -8"><span class='ocrx_word' id='word_1_157' title='bbox 153 1086 252 1113; x_wconf 82' lang='lat' dir='ltr'><strong>menda</strong></span> <span class='ocrx_word' id='word_1_158' title='bbox 266 1086 333 1113; x_wconf 88' lang='lat' dir='ltr'><strong>hora</strong></span> <span class='ocrx_word' id='word_1_159' title='bbox 347 1086 501 1113; x_wconf 87' lang='lat' dir='ltr'><strong>mendacem</strong></span> <span class='ocrx_word' id='word_1_160' title='bbox 518 1091 544 1113; x_wconf 92' lang='lat' dir='ltr'><strong>te</strong></span> <span class='ocrx_word' id='word_1_161' title='bbox 558 1085 739 1120; x_wconf 80' lang='lat' dir='ltr'><strong>deprehendi?</strong></span> <span class='ocrx_word' id='word_1_162' title='bbox 749 1086 862 1113; x_wconf 88' lang='lat' dir='ltr'><strong>Centum</strong></span> <span class='ocrx_word' id='word_1_163' title='bbox 877 1093 955 1113; x_wconf 86' lang='lat' dir='ltr'><strong>sexa-</strong></span> 
     </span>
    </p>
   </div>
   <div class='ocr_carea' id='block_1_23' title="bbox 152 1130 952 1166">
    <p class='ocr_par' dir='ltr' id='par_1_23' title="bbox 152 1130 952 1166">
     <span class='ocr_line' id='line_1_23' title="bbox 152 1130 952 1166; baseline 0 -9"><span class='ocrx_word' id='word_1_164' title='bbox 152 1131 226 1166; x_wconf 85' lang='lat' dir='ltr'><strong>ginta</strong></span> <span class='ocrx_word' id='word_1_165' title='bbox 243 1136 305 1159; x_wconf 86' lang='lat' dir='ltr'><strong>octo</strong></span> <span class='ocrx_word' id='word_1_166' title='bbox 315 1131 396 1158; x_wconf 88' lang='lat' dir='ltr'><strong>horas</strong></span> <span class='ocrx_word' id='word_1_167' title='bbox 411 1131 524 1158; x_wconf 85' lang='lat' dir='ltr'><strong>habente</strong></span> <span class='ocrx_word' id='word_1_168' title='bbox 540 1130 717 1163; x_wconf 84' lang='lat' dir='ltr'><strong>ltebdoniada,</strong></span> <span class='ocrx_word' id='word_1_169' title='bbox 734 1139 812 1158; x_wconf 88' lang='lat' dir='ltr'><strong>unam</strong></span> <span class='ocrx_word' id='word_1_170' title='bbox 828 1134 856 1157; x_wconf 89' lang='lat' dir='ltr'><strong>et</strong></span> <span class='ocrx_word' id='word_1_171' title='bbox 869 1131 952 1157; x_wconf 82' lang='lat' dir='ltr'><strong>solum</strong></span> 
     </span>
    </p>
   </div>
   <div class='ocr_carea' id='block_1_24' title="bbox 153 1176 953 1212">
    <p class='ocr_par' dir='ltr' id='par_1_24' title="bbox 153 1176 953 1212">
     <span class='ocr_line' id='line_1_24' title="bbox 153 1176 953 1212; baseline -0.001 -8"><span class='ocrx_word' id='word_1_172' title='bbox 153 1177 250 1204; x_wconf 89' lang='lat' dir='ltr'><strong>horam</strong></span> <span class='ocrx_word' id='word_1_173' title='bbox 275 1177 325 1205; x_wconf 79' lang='lat' dir='ltr'><strong>sibi</strong></span> <span class='ocrx_word' id='word_1_174' title='bbox 341 1177 390 1212; x_wconf 84' lang='lat' dir='ltr'><strong>ipsi</strong></span> <span class='ocrx_word' id='word_1_175' title='bbox 415 1178 564 1211; x_wconf 75' lang='lat' dir='ltr'><strong>segregavit</strong></span> <span class='ocrx_word' id='word_1_176' title='bbox 580 1177 657 1211; x_wconf 90' lang='lat' dir='ltr'><strong>Deus,</strong></span> <span class='ocrx_word' id='word_1_177' title='bbox 681 1181 708 1204; x_wconf 89' lang='lat' dir='ltr'><strong>et</strong></span> <span class='ocrx_word' id='word_1_178' title='bbox 730 1176 799 1204; x_wconf 85' lang='lat' dir='ltr'><strong>hanc</strong></span> <span class='ocrx_word' id='word_1_179' title='bbox 824 1176 848 1203; x_wconf 92' lang='lat' dir='ltr'><strong>in</strong></span> <span class='ocrx_word' id='word_1_180' title='bbox 872 1184 953 1211; x_wconf 88' lang='lat' dir='ltr'><strong>opera</strong></span> 
     </span>
    </p>
   </div>
   <div class='ocr_carea' id='block_1_25' title="bbox 152 1222 952 1257">
    <p class='ocr_par' dir='ltr' id='par_1_25' title="bbox 152 1222 952 1257">
     <span class='ocr_line' id='line_1_25' title="bbox 152 1222 952 1257; baseline 0 -8"><span class='ocrx_word' id='word_1_181' title='bbox 152 1223 307 1255; x_wconf 67' lang='lat' dir='ltr'><strong>smcularia,</strong></span> <span class='ocrx_word' id='word_1_182' title='bbox 328 1228 355 1250; x_wconf 90' lang='lat' dir='ltr'><strong>et</strong></span> <span class='ocrx_word' id='word_1_183' title='bbox 376 1223 401 1249; x_wconf 94' lang='lat' dir='ltr'><strong>in</strong></span> <span class='ocrx_word' id='word_1_184' title='bbox 419 1223 540 1255; x_wconf 84' lang='lat' dir='ltr'><strong>ridicula,</strong></span> <span class='ocrx_word' id='word_1_185' title='bbox 558 1228 584 1250; x_wconf 86' lang='lat' dir='ltr'><strong>et</strong></span> <span class='ocrx_word' id='word_1_186' title='bbox 607 1223 633 1249; x_wconf 92' lang='lat' dir='ltr'><strong>in</strong></span> <span class='ocrx_word' id='word_1_187' title='bbox 648 1230 714 1249; x_wconf 88' lang='lat' dir='ltr'><strong>vana</strong></span> <span class='ocrx_word' id='word_1_188' title='bbox 732 1223 863 1257; x_wconf 89' lang='lat' dir='ltr'><strong>colloquia</strong></span> <span class='ocrx_word' id='word_1_189' title='bbox 878 1222 952 1249; x_wconf 90' lang='lat' dir='ltr'><strong>iusu-</strong></span> 
     </span>
    </p>
   </div>
   <div class='ocr_carea' id='block_1_26' title="bbox 152 1268 953 1304">
    <p class='ocr_par' dir='ltr' id='par_1_26' title="bbox 152 1268 953 1304">
     <span class='ocr_line' id='line_1_26' title="bbox 152 1268 953 1304; baseline 0 -9"><span class='ocrx_word' id='word_1_190' title='bbox 152 1268 229 1295; x_wconf 86' lang='lat' dir='ltr'><strong>mis?</strong></span> <span class='ocrx_word' id='word_1_191' title='bbox 251 1268 319 1296; x_wconf 92' lang='lat' dir='ltr'><strong>Cum</strong></span> <span class='ocrx_word' id='word_1_192' title='bbox 334 1277 386 1303; x_wconf 87' lang='lat' dir='ltr'><strong>qua</strong></span> <span class='ocrx_word' id='word_1_193' title='bbox 402 1273 491 1303; x_wconf 88' lang='lat' dir='ltr'><strong>postea</strong></span> <span class='ocrx_word' id='word_1_194' title='bbox 506 1268 601 1296; x_wconf 82' lang='lat' dir='ltr'><strong>liducia</strong></span> <span class='ocrx_word' id='word_1_195' title='bbox 622 1268 654 1295; x_wconf 92' lang='lat' dir='ltr'><strong>ad</strong></span> <span class='ocrx_word' id='word_1_196' title='bbox 675 1269 801 1304; x_wconf 88' lang='lat' dir='ltr'><strong>mysteria</strong></span> <span class='ocrx_word' id='word_1_197' title='bbox 821 1269 953 1296; x_wconf 85' lang='lat' dir='ltr'><strong>accedes?</strong></span> 
     </span>
    </p>
   </div>
   <div class='ocr_carea' id='block_1_27' title="bbox 151 1314 949 1349">
    <p class='ocr_par' dir='ltr' id='par_1_27' title="bbox 151 1314 949 1349">
     <span class='ocr_line' id='line_1_27' title="bbox 151 1314 949 1349; baseline 0 -8"><span class='ocrx_word' id='word_1_198' title='bbox 151 1321 218 1342; x_wconf 87' lang='lat' dir='ltr'><strong>cum</strong></span> <span class='ocrx_word' id='word_1_199' title='bbox 229 1322 280 1349; x_wconf 88' lang='lat' dir='ltr'><strong>qua</strong></span> <span class='ocrx_word' id='word_1_200' title='bbox 298 1315 398 1349; x_wconf 91' lang='lat' dir='ltr'><strong>polluta</strong></span> <span class='ocrx_word' id='word_1_201' title='bbox 410 1315 592 1342; x_wconf 83' lang='lat' dir='ltr'><strong>conscientia?</strong></span> <span class='ocrx_word' id='word_1_202' title='bbox 605 1314 673 1342; x_wconf 88' lang='lat' dir='ltr'><strong>Num</strong></span> <span class='ocrx_word' id='word_1_203' title='bbox 693 1316 714 1341; x_wconf 89' lang='lat' dir='ltr'><strong>si</strong></span> <span class='ocrx_word' id='word_1_204' title='bbox 733 1320 835 1342; x_wconf 86' lang='lat' dir='ltr'><strong>stercus</strong></span> <span class='ocrx_word' id='word_1_205' title='bbox 851 1315 876 1341; x_wconf 91' lang='lat' dir='ltr'><strong>in</strong></span> <span class='ocrx_word' id='word_1_206' title='bbox 893 1323 949 1342; x_wconf 84' lang='lat' dir='ltr'><strong>ina-</strong></span> 
     </span>
    </p>
   </div>
   <div class='ocr_carea' id='block_1_28' title="bbox 152 1359 953 1395">
    <p class='ocr_par' dir='ltr' id='par_1_28' title="bbox 152 1359 953 1395">
     <span class='ocr_line' id='line_1_28' title="bbox 152 1359 953 1395; baseline 0.002 -9"><span class='ocrx_word' id='word_1_207' title='bbox 152 1359 236 1387; x_wconf 88' lang='lat' dir='ltr'><strong>nibus</strong></span> <span class='ocrx_word' id='word_1_208' title='bbox 258 1359 384 1392; x_wconf 87' lang='lat' dir='ltr'><strong>haberes,</strong></span> <span class='ocrx_word' id='word_1_209' title='bbox 400 1360 514 1388; x_wconf 83' lang='lat' dir='ltr'><strong>auderes</strong></span> <span class='ocrx_word' id='word_1_210' title='bbox 527 1360 681 1395; x_wconf 87' lang='lat' dir='ltr'><strong>contingere</strong></span> <span class='ocrx_word' id='word_1_211' title='bbox 696 1360 829 1387; x_wconf 87' lang='lat' dir='ltr'><strong>ﬁmbriam</strong></span> <span class='ocrx_word' id='word_1_212' title='bbox 852 1361 953 1388; x_wconf 84' lang='lat' dir='ltr'><strong>terreni</strong></span> 
     </span>
    </p>
   </div>
   <div class='ocr_carea' id='block_1_29' title="bbox 150 1406 263 1441">
    <p class='ocr_par' dir='ltr' id='par_1_29' title="bbox 150 1406 263 1441">
     <span class='ocr_line' id='line_1_29' title="bbox 150 1406 263 1441; baseline -0.009 -8"><span class='ocrx_word' id='word_1_213' title='bbox 150 1406 263 1441; x_wconf 64' lang='lat' dir='ltr'><strong>regis“?</strong></span> 
     </span>
    </p>
   </div>
   <div class='ocr_carea' id='block_1_30' title="bbox 191 1449 953 1487">
    <p class='ocr_par' dir='ltr' id='par_1_30' title="bbox 191 1449 953 1487">
     <span class='ocr_line' id='line_1_30' title="bbox 191 1449 953 1487; baseline 0.003 -10"><span class='ocrx_word' id='word_1_214' title='bbox 191 1450 225 1477; x_wconf 83' lang='lat' dir='ltr'><strong>In</strong></span> <span class='ocrx_word' id='word_1_215' title='bbox 240 1449 403 1478; x_wconf 74' lang='lat' dir='ltr'><strong>Eucharistia</strong></span> <span class='ocrx_word' id='word_1_216' title='bbox 416 1459 468 1477; x_wconf 83' lang='lat' dir='ltr'><strong>non</strong></span> <span class='ocrx_word' id='word_1_217' title='bbox 482 1451 565 1484; x_wconf 78' lang='lat' dir='ltr'><strong>panis,</strong></span> <span class='ocrx_word' id='word_1_218' title='bbox 581 1459 632 1478; x_wconf 84' lang='lat' dir='ltr'><strong>non</strong></span> <span class='ocrx_word' id='word_1_219' title='bbox 644 1452 728 1478; x_wconf 86' lang='lat' dir='ltr'><strong>vinum</strong></span> <span class='ocrx_word' id='word_1_220' title='bbox 742 1457 789 1484; x_wconf 76' lang='lat' dir='ltr'><strong>est,</strong></span> <span class='ocrx_word' id='word_1_221' title='bbox 805 1453 849 1479; x_wconf 71' lang='lat' dir='ltr'><strong>sed</strong></span> <span class='ocrx_word' id='word_1_222' title='bbox 862 1461 953 1487; x_wconf 75' lang='lat' dir='ltr'><strong>corpus</strong></span> 
     </span>
    </p>
   </div>
   <div class='ocr_carea' id='block_1_31' title="bbox 151 1496 949 1533">
    <p class='ocr_par' dir='ltr' id='par_1_31' title="bbox 151 1496 949 1533">
     <span class='ocr_line' id='line_1_31' title="bbox 151 1496 949 1533; baseline -0.003 -9"><span class='ocrx_word' id='word_1_223' title='bbox 151 1502 177 1524; x_wconf 72' lang='lat' dir='ltr'><strong>et</strong></span> <span class='ocrx_word' id='word_1_224' title='bbox 202 1497 306 1531; x_wconf 75' lang='lat' dir='ltr'><strong>sanguis</strong></span> <span class='ocrx_word' id='word_1_225' title='bbox 327 1496 530 1524; x_wconf 50' lang='lat' dir='ltr'><strong>Christi—Ne</strong></span> <span class='ocrx_word' id='word_1_226' title='bbox 550 1497 625 1532; x_wconf 88' lang='lat' dir='ltr'><strong>quasi</strong></span> <span class='ocrx_word' id='word_1_227' title='bbox 649 1505 743 1532; x_wconf 87' lang='lat' dir='ltr'><strong>panem</strong></span> <span class='ocrx_word' id='word_1_228' title='bbox 765 1497 789 1525; x_wconf 90' lang='lat' dir='ltr'><strong>id</strong></span> <span class='ocrx_word' id='word_1_229' title='bbox 812 1499 949 1533; x_wconf 73' lang='lat' dir='ltr'><strong>respicias,</strong></span> 
     </span>
    </p>
   </div>
   <div class='ocr_carea' id='block_1_32' title="bbox 151 1542 954 1578">
    <p class='ocr_par' dir='ltr' id='par_1_32' title="bbox 151 1542 954 1578">
     <span class='ocr_line' id='line_1_32' title="bbox 151 1542 954 1578; baseline 0.002 -10"><span class='ocrx_word' id='word_1_230' title='bbox 151 1549 209 1571; x_wconf 88' lang='lat' dir='ltr'><strong>neu</strong></span> <span class='ocrx_word' id='word_1_231' title='bbox 223 1542 299 1578; x_wconf 85' lang='lat' dir='ltr'><strong>quasi</strong></span> <span class='ocrx_word' id='word_1_232' title='bbox 317 1543 408 1570; x_wconf 88' lang='lat' dir='ltr'><strong>vinum</strong></span> <span class='ocrx_word' id='word_1_233' title='bbox 428 1543 565 1571; x_wconf 77' lang='lat' dir='ltr'><strong>existimes</strong></span> <span class='ocrx_word' id='word_1_234' title='bbox 579 1553 586 1570; x_wconf 88' lang='lat'><strong>:</strong></span> <span class='ocrx_word' id='word_1_235' title='bbox 602 1551 688 1578; x_wconf 88' lang='lat' dir='ltr'><strong>neque</strong></span> <span class='ocrx_word' id='word_1_236' title='bbox 710 1544 781 1571; x_wconf 91' lang='lat' dir='ltr'><strong>enim</strong></span> <span class='ocrx_word' id='word_1_237' title='bbox 805 1543 863 1571; x_wconf 88' lang='lat' dir='ltr'><strong>h.i-c</strong></span> <span class='ocrx_word' id='word_1_238' title='bbox 885 1543 954 1570; x_wconf 89' lang='lat' dir='ltr'><strong>sicut</strong></span> 
     </span>
    </p>
   </div>
   <div class='ocr_carea' id='block_1_33' title="bbox 152 1589 954 1624">
    <p class='ocr_par' dir='ltr' id='par_1_33' title="bbox 152 1589 954 1624">
     <span class='ocr_line' id='line_1_33' title="bbox 152 1589 954 1624; baseline 0.001 -8"><span class='ocrx_word' id='word_1_239' title='bbox 152 1589 252 1623; x_wconf 78' lang='lat' dir='ltr'><strong>reliqui</strong></span> <span class='ocrx_word' id='word_1_240' title='bbox 271 1589 323 1616; x_wconf 88' lang='lat' dir='ltr'><strong>cibi</strong></span> <span class='ocrx_word' id='word_1_241' title='bbox 340 1589 366 1616; x_wconf 89' lang='lat' dir='ltr'><strong>in</strong></span> <span class='ocrx_word' id='word_1_242' title='bbox 381 1597 516 1616; x_wconf 85' lang='lat' dir='ltr'><strong>secessum</strong></span> <span class='ocrx_word' id='word_1_243' title='bbox 533 1589 642 1616; x_wconf 86' lang='lat' dir='ltr'><strong>vadunt.</strong></span> <span class='ocrx_word' id='word_1_244' title='bbox 660 1589 757 1617; x_wconf 80' lang='lat' dir='ltr'><strong>Absit:</strong></span> <span class='ocrx_word' id='word_1_245' title='bbox 780 1598 814 1617; x_wconf 91' lang='lat' dir='ltr'><strong>ne</strong></span> <span class='ocrx_word' id='word_1_246' title='bbox 827 1590 865 1617; x_wconf 88' lang='lat' dir='ltr'><strong>sic</strong></span> <span class='ocrx_word' id='word_1_247' title='bbox 880 1590 954 1624; x_wconf 79' lang='lat' dir='ltr'><strong>cogi-</strong></span> 
     </span>
    </p>
   </div>
   <div class='ocr_carea' id='block_1_34' title="bbox 151 1634 953 1670">
    <p class='ocr_par' dir='ltr' id='par_1_34' title="bbox 151 1634 953 1670">
     <span class='ocr_line' id='line_1_34' title="bbox 151 1634 953 1670; baseline -0.001 -9"><span class='ocrx_word' id='word_1_248' title='bbox 151 1639 209 1662; x_wconf 85' lang='lat' dir='ltr'><strong>tes.</strong></span> <span class='ocrx_word' id='word_1_249' title='bbox 232 1634 464 1668; x_wconf 84' lang='lat' dir='ltr'><strong>Quemadmodum</strong></span> <span class='ocrx_word' id='word_1_250' title='bbox 491 1635 561 1663; x_wconf 89' lang='lat' dir='ltr'><strong>enim</strong></span> <span class='ocrx_word' id='word_1_251' title='bbox 584 1642 643 1662; x_wconf 85' lang='lat' dir='ltr'><strong>cera</strong></span> <span class='ocrx_word' id='word_1_252' title='bbox 671 1635 724 1670; x_wconf 86' lang='lat' dir='ltr'><strong>igni</strong></span> <span class='ocrx_word' id='word_1_253' title='bbox 749 1635 867 1667; x_wconf 79' lang='lat' dir='ltr'><strong>admotu,</strong></span> <span class='ocrx_word' id='word_1_254' title='bbox 889 1635 953 1662; x_wconf 87' lang='lat' dir='ltr'><strong>nihil</strong></span> 
     </span>
    </p>
   </div>
   <div class='ocr_carea' id='block_1_35' title="bbox 151 1681 952 1717">
    <p class='ocr_par' dir='ltr' id='par_1_35' title="bbox 151 1681 952 1717">
     <span class='ocr_line' id='line_1_35' title="bbox 151 1681 952 1717; baseline 0.001 -9"><span class='ocrx_word' id='word_1_255' title='bbox 151 1681 313 1709; x_wconf 77' lang='lat' dir='ltr'><strong>substantia:</strong></span> <span class='ocrx_word' id='word_1_256' title='bbox 327 1682 468 1714; x_wconf 84' lang='lat' dir='ltr'><strong>amittitur,</strong></span> <span class='ocrx_word' id='word_1_257' title='bbox 484 1681 549 1708; x_wconf 91' lang='lat' dir='ltr'><strong>nihil</strong></span> <span class='ocrx_word' id='word_1_258' title='bbox 562 1682 700 1716; x_wconf 88' lang='lat' dir='ltr'><strong>supertluit</strong></span> <span class='ocrx_word' id='word_1_259' title='bbox 714 1691 720 1709; x_wconf 92' lang='lat'><strong>:</strong></span> <span class='ocrx_word' id='word_1_260' title='bbox 735 1681 773 1709; x_wconf 91' lang='lat' dir='ltr'><strong>sic</strong></span> <span class='ocrx_word' id='word_1_261' title='bbox 785 1687 812 1709; x_wconf 87' lang='lat' dir='ltr'><strong>et</strong></span> <span class='ocrx_word' id='word_1_262' title='bbox 835 1682 877 1709; x_wconf 90' lang='lat' dir='ltr'><strong>hic</strong></span> <span class='ocrx_word' id='word_1_263' title='bbox 891 1687 952 1717; x_wconf 85' lang='lat' dir='ltr'><strong>puta</strong></span> 
     </span>
    </p>
   </div>
   <div class='ocr_carea' id='block_1_36' title="bbox 151 1727 954 1762">
    <p class='ocr_par' dir='ltr' id='par_1_36' title="bbox 151 1727 954 1762">
     <span class='ocr_line' id='line_1_36' title="bbox 151 1727 954 1762; baseline 0.001 -8"><span class='ocrx_word' id='word_1_264' title='bbox 151 1727 284 1762; x_wconf 78' lang='lat' dir='ltr'><strong>mysteria</strong></span> <span class='ocrx_word' id='word_1_265' title='bbox 293 1727 416 1755; x_wconf 90' lang='lat' dir='ltr'><strong>consumi</strong></span> <span class='ocrx_word' id='word_1_266' title='bbox 426 1727 546 1761; x_wconf 87' lang='lat' dir='ltr'><strong>corporis</strong></span> <span class='ocrx_word' id='word_1_267' title='bbox 556 1727 713 1754; x_wconf 83' lang='lat' dir='ltr'><strong>substantia.</strong></span> <span class='ocrx_word' id='word_1_268' title='bbox 727 1727 836 1762; x_wconf 87' lang='lat' dir='ltr'><strong>Propter</strong></span> <span class='ocrx_word' id='word_1_269' title='bbox 843 1728 913 1762; x_wconf 91' lang='lat' dir='ltr'><strong>quod</strong></span> <span class='ocrx_word' id='word_1_270' title='bbox 927 1732 954 1755; x_wconf 88' lang='lat' dir='ltr'><strong>et</strong></span> 
     </span>
    </p>
   </div>
   <div class='ocr_carea' id='block_1_37' title="bbox 151 1772 954 1809">
    <p class='ocr_par' dir='ltr' id='par_1_37' title="bbox 151 1772 954 1809">
     <span class='ocr_line' id='line_1_37' title="bbox 151 1772 954 1809; baseline 0.002 -10"><span class='ocrx_word' id='word_1_271' title='bbox 151 1772 318 1799; x_wconf 73' lang='lat' dir='ltr'><strong>accedentes</strong></span> <span class='ocrx_word' id='word_1_272' title='bbox 339 1780 373 1799; x_wconf 89' lang='lat' dir='ltr'><strong>ne</strong></span> <span class='ocrx_word' id='word_1_273' title='bbox 393 1773 491 1807; x_wconf 83' lang='lat' dir='ltr'><strong>putetis</strong></span> <span class='ocrx_word' id='word_1_274' title='bbox 512 1781 559 1800; x_wconf 87' lang='lat' dir='ltr'><strong>vos</strong></span> <span class='ocrx_word' id='word_1_275' title='bbox 581 1773 701 1808; x_wconf 85' lang='lat' dir='ltr'><strong>accipere</strong></span> <span class='ocrx_word' id='word_1_276' title='bbox 720 1773 837 1801; x_wconf 87' lang='lat' dir='ltr'><strong>divinum</strong></span> <span class='ocrx_word' id='word_1_277' title='bbox 857 1782 954 1809; x_wconf 90' lang='lat' dir='ltr'><strong>corpus</strong></span> 
     </span>
    </p>
   </div>
   <div class='ocr_carea' id='block_1_38' title="bbox 152 1818 952 1855">
    <p class='ocr_par' dir='ltr' id='par_1_38' title="bbox 152 1818 952 1855">
     <span class='ocr_line' id='line_1_38' title="bbox 152 1818 952 1855; baseline 0.004 -11"><span class='ocrx_word' id='word_1_278' title='bbox 152 1825 189 1845; x_wconf 82' lang='lat' dir='ltr'><strong>ex</strong></span> <span class='ocrx_word' id='word_1_279' title='bbox 199 1818 319 1848; x_wconf 85' lang='lat' dir='ltr'><strong>homine.</strong></span> <span class='ocrx_word' id='word_1_280' title='bbox 336 1818 381 1845; x_wconf 86' lang='lat' dir='ltr'><strong>sed</strong></span> <span class='ocrx_word' id='word_1_281' title='bbox 396 1826 429 1845; x_wconf 88' lang='lat' dir='ltr'><strong>ex</strong></span> <span class='ocrx_word' id='word_1_282' title='bbox 445 1819 508 1853; x_wconf 87' lang='lat' dir='ltr'><strong>ipsis</strong></span> <span class='ocrx_word' id='word_1_283' title='bbox 528 1818 667 1854; x_wconf 88' lang='lat' dir='ltr'><strong>Seraphim</strong></span> <span class='ocrx_word' id='word_1_284' title='bbox 690 1819 790 1854; x_wconf 83' lang='lat' dir='ltr'><strong>forcipe</strong></span> <span class='ocrx_word' id='word_1_285' title='bbox 810 1820 907 1855; x_wconf 81' lang='lat' dir='ltr'><strong>ignem,</strong></span> <span class='ocrx_word' id='word_1_286' title='bbox 923 1825 952 1847; x_wconf 89' lang='lat' dir='ltr'><strong>ut</strong></span> 
     </span>
    </p>
   </div>
   <div class='ocr_carea' id='block_1_39' title="bbox 152 1862 954 1901">
    <p class='ocr_par' dir='ltr' id='par_1_39' title="bbox 152 1862 954 1901">
     <span class='ocr_line' id='line_1_39' title="bbox 152 1862 954 1901; baseline 0.006 -12"><span class='ocrx_word' id='word_1_287' title='bbox 152 1862 258 1890; x_wconf 76' lang='lat' dir='ltr'><strong>scilicet</strong></span> <span class='ocrx_word' id='word_1_288' title='bbox 270 1862 353 1890; x_wconf 75' lang='lat' dir='ltr'><strong>lsaias</strong></span> <span class='ocrx_word' id='word_1_289' title='bbox 365 1863 431 1890; x_wconf 86' lang='lat' dir='ltr'><strong>vidit</strong></span> <span class='ocrx_word' id='word_1_290' title='bbox 446 1863 521 1900; x_wconf 73' lang='lat' dir='ltr'><strong>(lani.</strong></span> <span class='ocrx_word' id='word_1_291' title='bbox 536 1864 576 1899; x_wconf 83' lang='lat'><strong>6),</strong></span> <span class='ocrx_word' id='word_1_292' title='bbox 589 1865 706 1892; x_wconf 92' lang='lat' dir='ltr'><strong>divinum</strong></span> <span class='ocrx_word' id='word_1_293' title='bbox 721 1873 818 1900; x_wconf 90' lang='lat' dir='ltr'><strong>corpus</strong></span> <span class='ocrx_word' id='word_1_294' title='bbox 832 1866 954 1901; x_wconf 85' lang='lat' dir='ltr'><strong>accipere</strong></span> 
     </span>
    </p>
   </div>
   <div class='ocr_carea' id='block_1_40' title="bbox 153 1910 952 1946">
    <p class='ocr_par' dir='ltr' id='par_1_40' title="bbox 153 1910 952 1946">
     <span class='ocr_line' id='line_1_40' title="bbox 153 1910 952 1946; baseline 0.004 -10"><span class='ocrx_word' id='word_1_295' title='bbox 153 1915 248 1945; x_wconf 83' lang='lat' dir='ltr'><strong>putate</strong></span> <span class='ocrx_word' id='word_1_296' title='bbox 265 1915 312 1937; x_wconf 90' lang='lat' dir='ltr'><strong>:et</strong></span> <span class='ocrx_word' id='word_1_297' title='bbox 333 1910 408 1944; x_wconf 86' lang='lat' dir='ltr'><strong>quasi</strong></span> <span class='ocrx_word' id='word_1_298' title='bbox 431 1911 520 1938; x_wconf 90' lang='lat' dir='ltr'><strong>divino</strong></span> <span class='ocrx_word' id='word_1_299' title='bbox 542 1916 569 1938; x_wconf 91' lang='lat' dir='ltr'><strong>et</strong></span> <span class='ocrx_word' id='word_1_300' title='bbox 591 1911 731 1946; x_wconf 89' lang='lat' dir='ltr'><strong>impolluto</strong></span> <span class='ocrx_word' id='word_1_301' title='bbox 751 1912 828 1940; x_wconf 79' lang='lat' dir='ltr'><strong>lateri</strong></span> <span class='ocrx_word' id='word_1_302' title='bbox 854 1912 952 1941; x_wconf 87' lang='lat' dir='ltr'><strong>admoti</strong></span> 
     </span>
    </p>
   </div>
   <div class='ocr_carea' id='block_1_41' title="bbox 154 1956 950 1993">
    <p class='ocr_par' dir='ltr' id='par_1_41' title="bbox 154 1956 950 1993">
     <span class='ocr_line' id='line_1_41' title="bbox 154 1956 950 1993; baseline 0.004 -10"><span class='ocrx_word' id='word_1_303' title='bbox 154 1956 243 1988; x_wconf 82' lang='lat' dir='ltr'><strong>labiis,</strong></span> <span class='ocrx_word' id='word_1_304' title='bbox 271 1957 311 1983; x_wconf 93' lang='lat' dir='ltr'><strong>sic</strong></span> <span class='ocrx_word' id='word_1_305' title='bbox 326 1957 436 1984; x_wconf 84' lang='lat' dir='ltr'><strong>salutari</strong></span> <span class='ocrx_word' id='word_1_306' title='bbox 453 1957 573 1992; x_wconf 79' lang='lat' dir='ltr'><strong>sanguini</strong></span> <span class='ocrx_word' id='word_1_307' title='bbox 596 1958 794 1993; x_wconf 88' lang='lat' dir='ltr'><strong>participenius.</strong></span> <span class='ocrx_word' id='word_1_308' title='bbox 810 1958 950 1992; x_wconf 81' lang='lat' dir='ltr'><strong>Quocirca,</strong></span> 
     </span>
    </p>
   </div>
   <div class='ocr_carea' id='block_1_42' title="bbox 153 2001 952 2037">
    <p class='ocr_par' dir='ltr' id='par_1_42' title="bbox 153 2001 952 2037">
     <span class='ocr_line' id='line_1_42' title="bbox 153 2001 952 2037; baseline 0.003 -9"><span class='ocrx_word' id='word_1_309' title='bbox 153 2001 266 2036; x_wconf 79' lang='lat' dir='ltr'><strong>fratres,</strong></span> <span class='ocrx_word' id='word_1_310' title='bbox 283 2010 332 2029; x_wconf 90' lang='lat' dir='ltr'><strong>oro</strong></span> <span class='ocrx_word' id='word_1_311' title='bbox 348 2009 396 2029; x_wconf 92' lang='lat' dir='ltr'><strong>vos</strong></span> <span class='ocrx_word' id='word_1_312' title='bbox 408 2007 435 2030; x_wconf 90' lang='lat' dir='ltr'><strong>et</strong></span> <span class='ocrx_word' id='word_1_313' title='bbox 452 2002 575 2035; x_wconf 85' lang='lat' dir='ltr'><strong>obsecro,</strong></span> <span class='ocrx_word' id='word_1_314' title='bbox 591 2010 625 2030; x_wconf 90' lang='lat' dir='ltr'><strong>ne</strong></span> <span class='ocrx_word' id='word_1_315' title='bbox 643 2003 762 2030; x_wconf 85' lang='lat' dir='ltr'><strong>absimiis</strong></span> <span class='ocrx_word' id='word_1_316' title='bbox 776 2003 809 2030; x_wconf 91' lang='lat' dir='ltr'><strong>ab</strong></span> <span class='ocrx_word' id='word_1_317' title='bbox 822 2004 952 2037; x_wconf 82' lang='lat' dir='ltr'><strong>ecclesiis,</strong></span> 
     </span>
    </p>
   </div>
   <div class='ocr_carea' id='block_1_43' title="bbox 154 2048 953 2084">
    <p class='ocr_par' dir='ltr' id='par_1_43' title="bbox 154 2048 953 2084">
     <span class='ocr_line' id='line_1_43' title="bbox 154 2048 953 2084; baseline 0.004 -9"><span class='ocrx_word' id='word_1_318' title='bbox 154 2056 246 2084; x_wconf 84' lang='lat' dir='ltr'><strong>neque</strong></span> <span class='ocrx_word' id='word_1_319' title='bbox 269 2048 304 2075; x_wconf 89' lang='lat' dir='ltr'><strong>ibi</strong></span> <span class='ocrx_word' id='word_1_320' title='bbox 328 2049 467 2083; x_wconf 85' lang='lat' dir='ltr'><strong>colloquiis</strong></span> <span class='ocrx_word' id='word_1_321' title='bbox 481 2053 508 2076; x_wconf 89' lang='lat' dir='ltr'><strong>et</strong></span> <span class='ocrx_word' id='word_1_322' title='bbox 526 2050 673 2084; x_wconf 78' lang='lat' dir='ltr'><strong>garrulitati</strong></span> <span class='ocrx_word' id='word_1_323' title='bbox 695 2058 837 2078; x_wconf 86' lang='lat' dir='ltr'><strong>vacemus:</strong></span> <span class='ocrx_word' id='word_1_324' title='bbox 854 2055 953 2078; x_wconf 88' lang='lat' dir='ltr'><strong>stemus</strong></span> 
     </span>
    </p>
   </div>
   <div class='ocr_carea' id='block_1_44' title="bbox 155 2094 952 2128">
    <p class='ocr_par' dir='ltr' id='par_1_44' title="bbox 155 2094 952 2128">
     <span class='ocr_line' id='line_1_44' title="bbox 155 2094 952 2128; baseline 0.003 -8"><span class='ocrx_word' id='word_1_325' title='bbox 155 2098 308 2121; x_wconf 81' lang='lat' dir='ltr'><strong>trementes</strong></span> <span class='ocrx_word' id='word_1_326' title='bbox 328 2098 355 2121; x_wconf 90' lang='lat' dir='ltr'><strong>et</strong></span> <span class='ocrx_word' id='word_1_327' title='bbox 379 2094 474 2127; x_wconf 91' lang='lat' dir='ltr'><strong>timidi,</strong></span> <span class='ocrx_word' id='word_1_328' title='bbox 490 2094 612 2122; x_wconf 81' lang='lat' dir='ltr'><strong>demissis</strong></span> <span class='ocrx_word' id='word_1_329' title='bbox 631 2095 726 2128; x_wconf 86' lang='lat' dir='ltr'><strong>oculis,</strong></span> <span class='ocrx_word' id='word_1_330' title='bbox 751 2096 851 2123; x_wconf 80' lang='lat' dir='ltr'><strong>elevata</strong></span> <span class='ocrx_word' id='word_1_331' title='bbox 865 2101 952 2124; x_wconf 85' lang='lat' dir='ltr'><strong>autem</strong></span> 
     </span>
    </p>
   </div>
   <div class='ocr_carea' id='block_1_45' title="bbox 155 2140 953 2175">
    <p class='ocr_par' dir='ltr' id='par_1_45' title="bbox 155 2140 953 2175">
     <span class='ocr_line' id='line_1_45' title="bbox 155 2140 953 2175; baseline 0.003 -9"><span class='ocrx_word' id='word_1_332' title='bbox 155 2140 259 2172; x_wconf 79' lang='lat' dir='ltr'><strong>anima,</strong></span> <span class='ocrx_word' id='word_1_333' title='bbox 276 2144 415 2175; x_wconf 87' lang='lat' dir='ltr'><strong>gementes</strong></span> <span class='ocrx_word' id='word_1_334' title='bbox 428 2140 485 2167; x_wconf 89' lang='lat' dir='ltr'><strong>sine</strong></span> <span class='ocrx_word' id='word_1_335' title='bbox 499 2148 574 2174; x_wconf 88' lang='lat' dir='ltr'><strong>voce,</strong></span> <span class='ocrx_word' id='word_1_336' title='bbox 586 2140 730 2174; x_wconf 85' lang='lat' dir='ltr'><strong>jiibilantes</strong></span> <span class='ocrx_word' id='word_1_337' title='bbox 751 2141 841 2168; x_wconf 88' lang='lat' dir='ltr'><strong>corde.</strong></span> <span class='ocrx_word' id='word_1_338' title='bbox 858 2143 953 2168; x_wconf 89' lang='lat' dir='ltr'><strong>Annon</strong></span> 
     </span>
    </p>
   </div>
   <div class='ocr_carea' id='block_1_46' title="bbox 156 2186 955 2223">
    <p class='ocr_par' dir='ltr' id='par_1_46' title="bbox 156 2186 955 2223">
     <span class='ocr_line' id='line_1_46' title="bbox 156 2186 955 2223; baseline 0.003 -10"><span class='ocrx_word' id='word_1_339' title='bbox 156 2186 257 2214; x_wconf 73' lang='lat' dir='ltr'><strong>videtis</strong></span> <span class='ocrx_word' id='word_1_340' title='bbox 279 2194 338 2220; x_wconf 87' lang='lat' dir='ltr'><strong>eos,</strong></span> <span class='ocrx_word' id='word_1_341' title='bbox 353 2187 398 2222; x_wconf 88' lang='lat' dir='ltr'><strong>qui</strong></span> <span class='ocrx_word' id='word_1_342' title='bbox 419 2187 548 2219; x_wconf 86' lang='lat' dir='ltr'><strong>sensibili,</strong></span> <span class='ocrx_word' id='word_1_343' title='bbox 571 2187 746 2222; x_wconf 90' lang='lat' dir='ltr'><strong>corruptibili,</strong></span> <span class='ocrx_word' id='word_1_344' title='bbox 763 2188 912 2223; x_wconf 85' lang='lat' dir='ltr'><strong>temporali,</strong></span> <span class='ocrx_word' id='word_1_345' title='bbox 929 2193 955 2215; x_wconf 83' lang='lat' dir='ltr'><strong>et</strong></span> 
     </span>
    </p>
   </div>
   <div class='ocr_carea' id='block_1_47' title="bbox 192 2273 956 2310">
    <p class='ocr_par' dir='ltr' id='par_1_47' title="bbox 192 2273 956 2310">
     <span class='ocr_line' id='line_1_47' title="bbox 192 2273 956 2310; baseline 0.001 -11"><span class='ocrx_word' id='word_1_346' title='bbox 192 2276 200 2290; x_wconf 82' lang='grc'>¹</span> <span class='ocrx_word' id='word_1_347' title='bbox 210 2278 274 2310; x_wconf 61' lang='lat' dir='ltr'><strong>lteg.</strong></span> <span class='ocrx_word' id='word_1_348' title='bbox 288 2281 294 2298; x_wconf 80' lang='grc' dir='ltr'><strong>ε</strong></span> <span class='ocrx_word' id='word_1_349' title='bbox 311 2278 359 2310; x_wconf 44' lang='lat' dir='ltr'><strong>non</strong></span> <span class='ocrx_word' id='word_1_350' title='bbox 369 2276 405 2298; x_wconf 77' lang='lat' dir='ltr'><strong>est</strong></span> <span class='ocrx_word' id='word_1_351' title='bbox 422 2273 529 2310; x_wconf 76' lang='lat' dir='ltr'><strong>defensio</strong></span> <span class='ocrx_word' id='word_1_352' title='bbox 540 2274 604 2310; x_wconf 75' lang='lat' dir='ltr'><strong>quod</strong></span> <span class='ocrx_word' id='word_1_353' title='bbox 692 2273 862 2310; x_wconf 36' lang='lat' dir='ltr'><strong>:‘Impo‘slsibile</strong></span> <span class='ocrx_word' id='word_1_354' title='bbox 879 2278 913 2300; x_wconf 80' lang='lat' dir='ltr'><strong>cst</strong></span> 
     </span>
    </p>
   </div>
   <div class='ocr_carea' id='block_1_48' title="bbox 157 2304 957 2336">
    <p class='ocr_par' dir='ltr' id='par_1_48' title="bbox 157 2304 957 2336">
     <span class='ocr_line' id='line_1_48' title="bbox 157 2304 957 2336; baseline -0.001 -6"><span class='ocrx_word' id='word_1_355' title='bbox 157 2305 240 2331; x_wconf 79' lang='lat' dir='ltr'><strong>medio</strong></span> <span class='ocrx_word' id='word_1_356' title='bbox 250 2304 402 2336; x_wconf 67' lang='lat' dir='ltr'><strong>negotiorum</strong></span> <span class='ocrx_word' id='word_1_357' title='bbox 415 2304 551 2331; x_wconf 36' lang='lat' dir='ltr'><strong>uersaruem‘</strong></span> <span class='ocrx_word' id='word_1_358' title='bbox 558 2304 647 2330; x_wconf 82' lang='lat' dir='ltr'><strong>salvari</strong></span> <span class='ocrx_word' id='word_1_359' title='bbox 657 2312 664 2334; x_wconf 90' lang='lat'><em>;</em></span> <span class='ocrx_word' id='word_1_360' title='bbox 673 2305 716 2330; x_wconf 80' lang='lat' dir='ltr'><strong>sed</strong></span> <span class='ocrx_word' id='word_1_361' title='bbox 725 2304 756 2330; x_wconf 83' lang='lat' dir='ltr'><strong>ea</strong></span> <span class='ocrx_word' id='word_1_362' title='bbox 766 2305 887 2330; x_wconf 74' lang='lat' dir='ltr'><strong>discamus</strong></span> <span class='ocrx_word' id='word_1_363' title='bbox 896 2305 957 2332; x_wconf 79' lang='lat' dir='ltr'><strong>oriri</strong></span> 
     </span>
    </p>
   </div>
   <div class='ocr_carea' id='block_1_49' title="bbox 158 2335 956 2368">
    <p class='ocr_par' dir='ltr' id='par_1_49' title="bbox 158 2335 956 2368">
     <span class='ocr_line' id='line_1_49' title="bbox 158 2335 956 2368; baseline 0.004 -8"><span class='ocrx_word' id='word_1_364' title='bbox 158 2343 193 2362; x_wconf 71' lang='lat' dir='ltr'><strong>ea;</strong></span> <span class='ocrx_word' id='word_1_365' title='bbox 204 2336 249 2360; x_wconf 80' lang='lat' dir='ltr'><strong>hoc</strong></span> <span class='ocrx_word' id='word_1_366' title='bbox 260 2335 326 2367; x_wconf 75' lang='lat' dir='ltr'><strong>quod</strong></span> <span class='ocrx_word' id='word_1_367' title='bbox 338 2335 449 2368; x_wconf 77' lang='lat' dir='ltr'><strong>precibus</strong></span> <span class='ocrx_word' id='word_1_368' title='bbox 460 2339 482 2361; x_wconf 77' lang='lat' dir='ltr'><strong>at</strong></span> <span class='ocrx_word' id='word_1_369' title='bbox 493 2336 629 2368; x_wconf 77' lang='lat' dir='ltr'><strong>prwsertt&#39;m</strong></span> <span class='ocrx_word' id='word_1_370' title='bbox 640 2335 728 2361; x_wconf 76' lang='lat' dir='ltr'><strong>divinis</strong></span> <span class='ocrx_word' id='word_1_371' title='bbox 735 2336 784 2361; x_wconf 78' lang='lat' dir='ltr'><strong>illis</strong></span> <span class='ocrx_word' id='word_1_372' title='bbox 795 2335 901 2362; x_wconf 74' lang='lat' dir='ltr'><strong>collectis</strong></span> <span class='ocrx_word' id='word_1_373' title='bbox 909 2344 956 2364; x_wconf 86' lang='lat' dir='ltr'><strong>non</strong></span> 
     </span>
    </p>
   </div>
   <div class='ocr_carea' id='block_1_50' title="bbox 162 2374 283 2392">
    <p class='ocr_par' dir='ltr' id='par_1_50' title="bbox 162 2374 283 2392">
     <span class='ocr_line' id='line_1_50' title="bbox 162 2374 283 2392; baseline 0 0"><span class='ocrx_word' id='word_1_374' title='bbox 162 2374 283 2392; x_wconf 68' lang='lat' dir='ltr'><strong>vacamus.</strong></span> 
     </span>
    </p>
   </div>
   <div class='ocr_carea' id='block_1_51' title="bbox 192 2397 957 2430">
    <p class='ocr_par' dir='ltr' id='par_1_51' title="bbox 192 2397 957 2430">
     <span class='ocr_line' id='line_1_51' title="bbox 192 2397 957 2430; baseline 0.003 -8"><span class='ocrx_word' id='word_1_375' title='bbox 192 2400 203 2415; x_wconf 78' lang='grc'><strong><em>²</em></strong></span> <span class='ocrx_word' id='word_1_376' title='bbox 214 2401 301 2423; x_wconf 85' lang='lat' dir='ltr'><strong>Totum</strong></span> <span class='ocrx_word' id='word_1_377' title='bbox 313 2398 377 2422; x_wconf 86' lang='lat' dir='ltr'><strong>hunc</strong></span> <span class='ocrx_word' id='word_1_378' title='bbox 389 2397 466 2422; x_wconf 82' lang='lat' dir='ltr'><strong>locum</strong></span> <span class='ocrx_word' id='word_1_379' title='bbox 479 2398 514 2423; x_wconf 89' lang='lat' dir='ltr'><strong>sic</strong></span> <span class='ocrx_word' id='word_1_380' title='bbox 524 2398 585 2429; x_wconf 80' lang='lat' dir='ltr'><strong>legit</strong></span> <span class='ocrx_word' id='word_1_381' title='bbox 596 2402 654 2430; x_wconf 77' lang='lat' dir='ltr'><strong>Reg.</strong></span> <span class='ocrx_word' id='word_1_382' title='bbox 667 2405 673 2422; x_wconf 90' lang='lat'><strong>:</strong></span> <span class='ocrx_word' id='word_1_383' title='bbox 685 2398 776 2430; x_wconf 67' lang='lat' dir='ltr'><strong>Papae!</strong></span> <span class='ocrx_word' id='word_1_384' title='bbox 794 2402 854 2430; x_wconf 77' lang='lat' dir='ltr'><strong>cum</strong></span> <span class='ocrx_word' id='word_1_385' title='bbox 875 2405 957 2425; x_wconf 73' lang='lat' dir='ltr'><strong>mensa</strong></span> 
     </span>
    </p>
   </div>
   <div class='ocr_carea' id='block_1_52' title="bbox 161 2429 957 2461">
    <p class='ocr_par' dir='ltr' id='par_1_52' title="bbox 161 2429 957 2461">
     <span class='ocr_line' id='line_1_52' title="bbox 161 2429 957 2461; baseline 0 -6"><span class='ocrx_word' id='word_1_386' title='bbox 161 2430 274 2461; x_wconf 10' lang='lat' dir='ltr'><strong>motion;</strong></span> <span class='ocrx_word' id='word_1_387' title='bbox 287 2432 374 2461; x_wconf 74' lang='lat' dir='ltr'><strong>parata</strong></span> <span class='ocrx_word' id='word_1_388' title='bbox 388 2432 432 2458; x_wconf 74' lang='lat' dir='ltr'><strong>est.</strong></span> <span class='ocrx_word' id='word_1_389' title='bbox 449 2432 472 2454; x_wconf 72' lang='lat' dir='ltr'><strong>et</strong></span> <span class='ocrx_word' id='word_1_390' title='bbox 494 2435 570 2460; x_wconf 79' lang='lat' dir='ltr'><strong>agnus</strong></span> <span class='ocrx_word' id='word_1_391' title='bbox 582 2429 627 2454; x_wconf 86' lang='lat' dir='ltr'><strong>Dei</strong></span> <span class='ocrx_word' id='word_1_392' title='bbox 645 2435 689 2461; x_wconf 83' lang='lat' dir='ltr'><strong>pro</strong></span> <span class='ocrx_word' id='word_1_393' title='bbox 705 2433 727 2454; x_wconf 78' lang='lat' dir='ltr'><strong>te</strong></span> <span class='ocrx_word' id='word_1_394' title='bbox 738 2429 892 2460; x_wconf 84' lang='lat' dir='ltr'><strong>immolatur;</strong></span> <span class='ocrx_word' id='word_1_395' title='bbox 902 2437 957 2455; x_wconf 85' lang='lat' dir='ltr'><strong>cum</strong></span> 
     </span>
    </p>
   </div>
   <div class='ocr_carea' id='block_1_53' title="bbox 163 2459 957 2491">
    <p class='ocr_par' dir='ltr' id='par_1_53' title="bbox 163 2459 957 2491">
     <span class='ocr_line' id='line_1_53' title="bbox 163 2459 957 2491; baseline 0.001 -6"><span class='ocrx_word' id='word_1_396' title='bbox 235 2459 370 2491; x_wconf 70' lang='lat' dir='ltr'><strong>spiritantia</strong></span> <span class='ocrx_word' id='word_1_397' title='bbox 379 2467 393 2485; x_wconf 77' lang='grc' dir='ltr'><strong><em>θ</em></strong></span> <span class='ocrx_word' id='word_1_398' title='bbox 404 2467 475 2485; x_wconf 81' lang='lat' dir='ltr'><strong>sacra</strong></span> <span class='ocrx_word' id='word_1_399' title='bbox 485 2459 566 2485; x_wconf 72' lang='lat' dir='ltr'><strong>mensa</strong></span> <span class='ocrx_word' id='word_1_400' title='bbox 574 2459 678 2491; x_wconf 82' lang='lat' dir='ltr'><strong>erumpit</strong></span> <span class='ocrx_word' id='word_1_401' title='bbox 688 2467 696 2489; x_wconf 86' lang='lat'><strong>.&#39;</strong></span> <span class='ocrx_word' id='word_1_402' title='bbox 708 2467 763 2485; x_wconf 81' lang='lat' dir='ltr'><strong>cum</strong></span> <span class='ocrx_word' id='word_1_403' title='bbox 779 2461 875 2485; x_wconf 79' lang='lat' dir='ltr'><strong>adstant</strong></span> <span class='ocrx_word' id='word_1_404' title='bbox 886 2466 957 2486; x_wconf 81' lang='lat' dir='ltr'><strong>sera-</strong></span> 
     </span>
    </p>
   </div>
   <div class='ocr_carea' id='block_1_54' title="bbox 179 2490 958 2527">
    <p class='ocr_par' dir='ltr' id='par_1_54' title="bbox 179 2490 958 2527">
     <span class='ocr_line' id='line_1_54' title="bbox 179 2490 958 2527; baseline 0.001 -11"><span class='ocrx_word' id='word_1_405' title='bbox 179 2490 304 2527; x_wconf 79' lang='lat' dir='ltr'><strong>Iiim,c_um_</strong></span> <span class='ocrx_word' id='word_1_406' title='bbox 315 2490 442 2527; x_wconf 72' lang='lat' dir='ltr'><strong>cherubim</strong></span> <span class='ocrx_word' id='word_1_407' title='bbox 451 2491 562 2526; x_wconf 69' lang='lat' dir='ltr'><strong>advolant</strong></span> <span class='ocrx_word' id='word_1_408' title='bbox 572 2498 584 2526; x_wconf 61' lang='grc' dir='ltr'><strong>ί</strong></span> <span class='ocrx_word' id='word_1_409' title='bbox 596 2490 652 2526; x_wconf 83' lang='lat' dir='ltr'><strong>cum</strong></span> <span class='ocrx_word' id='word_1_410' title='bbox 667 2491 766 2527; x_wconf 63' lang='lat' dir='ltr'><strong>spiritus</strong></span> <span class='ocrx_word' id='word_1_411' title='bbox 781 2498 825 2516; x_wconf 76' lang='lat' dir='ltr'><strong>sea:</strong></span> <span class='ocrx_word' id='word_1_412' title='bbox 846 2492 898 2527; x_wconf 68' lang='lat' dir='ltr'><strong>aliis</strong></span> <span class='ocrx_word' id='word_1_413' title='bbox 914 2493 958 2517; x_wconf 82' lang='lat' dir='ltr'><strong>lui-</strong></span> 
     </span>
    </p>
   </div>
   <div class='ocr_carea' id='block_1_55' title="bbox 165 2498 957 2554">
    <p class='ocr_par' dir='ltr' id='par_1_55' title="bbox 165 2498 957 2554">
     <span class='ocr_line' id='line_1_55' title="bbox 165 2498 957 2548; baseline 0 -31"><span class='ocrx_word' id='word_1_414' title='bbox 165 2498 304 2548; x_wconf 52' lang='lat' dir='ltr'><strong>mmunt</strong></span> <span class='ocrx_word' id='word_1_415' title='bbox 315 2498 442 2517; x_wconf 74' lang='lat' dir='ltr'><strong>t&#39;nerumm</strong></span> <span class='ocrx_word' id='word_1_416' title='bbox 451 2498 562 2526; x_wconf 66' lang='lat' dir='ltr'><strong>aat&#39;otattt</strong></span> <span class='ocrx_word' id='word_1_417' title='bbox 572 2498 584 2526; x_wconf 62' lang='grc' dir='ltr'><strong>ί</strong></span> <span class='ocrx_word' id='word_1_418' title='bbox 596 2498 652 2526; x_wconf 79' lang='lat' dir='ltr'><strong>cum</strong></span> <span class='ocrx_word' id='word_1_419' title='bbox 667 2498 766 2527; x_wconf 69' lang='lat' dir='ltr'><strong>spiritus</strong></span> <span class='ocrx_word' id='word_1_420' title='bbox 781 2498 825 2516; x_wconf 76' lang='lat' dir='ltr'><strong>sea:</strong></span> <span class='ocrx_word' id='word_1_421' title='bbox 846 2498 898 2517; x_wconf 79' lang='lat' dir='ltr'><strong>atas</strong></span> <span class='ocrx_word' id='word_1_422' title='bbox 914 2498 957 2517; x_wconf 83' lang='lat' dir='ltr'><strong>Ita-</strong></span> 
     </span>
     <span class='ocr_line' id='line_1_56' title="bbox 229 2523 957 2554; baseline -0.001 -6"><span class='ocrx_word' id='word_1_423' title='bbox 229 2523 342 2554; x_wconf 69' lang='lat' dir='ltr'><strong>sfactem</strong></span> <span class='ocrx_word' id='word_1_424' title='bbox 353 2525 451 2553; x_wconf 82' lang='lat' dir='ltr'><strong>tegunt;</strong></span> <span class='ocrx_word' id='word_1_425' title='bbox 463 2528 518 2554; x_wconf 74' lang='lat' dir='ltr'><strong>cum</strong></span> <span class='ocrx_word' id='word_1_426' title='bbox 533 2528 595 2552; x_wconf 77' lang='lat' dir='ltr'><strong>ignis</strong></span> <span class='ocrx_word' id='word_1_427' title='bbox 611 2529 637 2547; x_wconf 81' lang='lat' dir='ltr'><strong>in</strong></span> <span class='ocrx_word' id='word_1_428' title='bbox 650 2524 737 2553; x_wconf 72' lang='lat' dir='ltr'><strong>spiritu</strong></span> <span class='ocrx_word' id='word_1_429' title='bbox 749 2523 889 2554; x_wconf 78' lang='lat' dir='ltr'><strong>descendit;</strong></span> <span class='ocrx_word' id='word_1_430' title='bbox 901 2529 957 2550; x_wconf 87' lang='lat' dir='ltr'><strong>cum</strong></span> 
     </span>
    </p>
   </div>
   <div class='ocr_carea' id='block_1_56' title="bbox 162 2553 957 2588">
    <p class='ocr_par' dir='ltr' id='par_1_56' title="bbox 162 2553 957 2588">
     <span class='ocr_line' id='line_1_57' title="bbox 162 2553 957 2588; baseline 0.001 -10"><span class='ocrx_word' id='word_1_431' title='bbox 162 2553 261 2588; x_wconf 64' lang='lat' dir='ltr'><strong>sanguis</strong></span> <span class='ocrx_word' id='word_1_432' title='bbox 272 2553 298 2578; x_wconf 83' lang='lat' dir='ltr'><strong>in</strong></span> <span class='ocrx_word' id='word_1_433' title='bbox 310 2556 454 2578; x_wconf 85' lang='lat' dir='ltr'><strong>cratere.....</strong></span> <span class='ocrx_word' id='word_1_434' title='bbox 465 2553 553 2588; x_wconf 68' lang='lat' dir='ltr'><strong>effusus</strong></span> <span class='ocrx_word' id='word_1_435' title='bbox 565 2555 607 2578; x_wconf 72' lang='lat' dir='ltr'><strong>est.</strong></span> <span class='ocrx_word' id='word_1_436' title='bbox 622 2557 672 2588; x_wconf 58' lang='lat' dir='ltr'><strong>non</strong></span> <span class='ocrx_word' id='word_1_437' title='bbox 680 2556 702 2578; x_wconf 85' lang='lat' dir='ltr'><strong>te</strong></span> <span class='ocrx_word' id='word_1_438' title='bbox 714 2553 797 2584; x_wconf 81' lang='lat' dir='ltr'><strong>pudet,</strong></span> <span class='ocrx_word' id='word_1_439' title='bbox 809 2559 856 2588; x_wconf 69' lang='lat' dir='ltr'><strong>non</strong></span> <span class='ocrx_word' id='word_1_440' title='bbox 872 2554 957 2580; x_wconf 81' lang='lat' dir='ltr'><strong>erube-</strong></span> 
     </span>
    </p>
   </div>
   <div class='ocr_carea' id='block_1_57' title="bbox 162 2583 956 2616">
    <p class='ocr_par' dir='ltr' id='par_1_57' title="bbox 162 2583 956 2616">
     <span class='ocr_line' id='line_1_58' title="bbox 162 2583 956 2616; baseline 0.001 -7"><span class='ocrx_word' id='word_1_441' title='bbox 162 2583 219 2613; x_wconf 56' lang='lat' dir='ltr'><strong>scis&quot;,</strong></span> <span class='ocrx_word' id='word_1_442' title='bbox 231 2591 309 2616; x_wconf 78' lang='lat' dir='ltr'><strong>neque</strong></span> <span class='ocrx_word' id='word_1_443' title='bbox 325 2590 399 2616; x_wconf 79' lang='lat' dir='ltr'><strong>curas</strong></span> <span class='ocrx_word' id='word_1_444' title='bbox 414 2590 459 2616; x_wconf 86' lang='lat' dir='ltr'><strong>pro</strong></span> <span class='ocrx_word' id='word_1_445' title='bbox 478 2583 500 2609; x_wconf 69' lang='lat' dir='ltr'><strong>te</strong></span> <span class='ocrx_word' id='word_1_446' title='bbox 514 2583 566 2615; x_wconf 84' lang='lat' dir='ltr'><strong>ipso</strong></span> <span class='ocrx_word' id='word_1_447' title='bbox 585 2584 683 2616; x_wconf 69' lang='lat' dir='ltr'><strong>quidem</strong></span> <span class='ocrx_word' id='word_1_448' title='bbox 701 2583 777 2616; x_wconf 71' lang='lat' dir='ltr'><strong>Deum</strong></span> <span class='ocrx_word' id='word_1_449' title='bbox 789 2583 904 2616; x_wconf 67' lang='lat' dir='ltr'><strong>placare.</strong></span> <span class='ocrx_word' id='word_1_450' title='bbox 916 2592 956 2610; x_wconf 87' lang='lat' dir='ltr'><strong>ne-</strong></span> 
     </span>
    </p>
   </div>
   <div class='ocr_carea' id='block_1_58' title="bbox 163 2591 957 2648">
    <p class='ocr_par' dir='ltr' id='par_1_58' title="bbox 163 2591 957 2648">
     <span class='ocr_line' id='line_1_59' title="bbox 163 2591 956 2638; baseline 0.001 -29"><span class='ocrx_word' id='word_1_451' title='bbox 163 2591 219 2613; x_wconf 73' lang='lat' dir='ltr'><strong>scis,</strong></span> <span class='ocrx_word' id='word_1_452' title='bbox 231 2591 309 2619; x_wconf 74' lang='lat' dir='ltr'><strong>neque</strong></span> <span class='ocrx_word' id='word_1_453' title='bbox 325 2591 399 2619; x_wconf 76' lang='lat' dir='ltr'><strong>curas</strong></span> <span class='ocrx_word' id='word_1_454' title='bbox 414 2591 459 2638; x_wconf 55' lang='lat' dir='ltr'><strong>pro</strong></span> <span class='ocrx_word' id='word_1_455' title='bbox 478 2591 500 2609; x_wconf 84' lang='lat' dir='ltr'><strong>te</strong></span> <span class='ocrx_word' id='word_1_456' title='bbox 514 2591 566 2615; x_wconf 77' lang='lat' dir='ltr'><strong>ipso</strong></span> <span class='ocrx_word' id='word_1_457' title='bbox 585 2591 683 2614; x_wconf 75' lang='lat' dir='ltr'><strong>quidem</strong></span> <span class='ocrx_word' id='word_1_458' title='bbox 701 2591 777 2609; x_wconf 78' lang='lat' dir='ltr'><strong>neum</strong></span> <span class='ocrx_word' id='word_1_459' title='bbox 789 2591 904 2620; x_wconf 45' lang='lat' dir='ltr'><strong>&#39;p&#39;iacare.</strong></span> <span class='ocrx_word' id='word_1_460' title='bbox 916 2592 956 2610; x_wconf 87' lang='lat' dir='ltr'><strong>ne-</strong></span> 
     </span>
     <span class='ocr_line' id='line_1_60' title="bbox 163 2613 957 2648; baseline 0 -7"><span class='ocrx_word' id='word_1_461' title='bbox 163 2622 209 2648; x_wconf 76' lang='lat' dir='ltr'><strong>que</strong></span> <span class='ocrx_word' id='word_1_462' title='bbox 221 2618 376 2648; x_wconf 71' lang='lat' dir='ltr'><strong>conscientia,</strong></span> <span class='ocrx_word' id='word_1_463' title='bbox 388 2622 402 2648; x_wconf 76' lang='grc' dir='ltr'>ᾳ</span> <span class='ocrx_word' id='word_1_464' title='bbox 417 2621 494 2648; x_wconf 74' lang='lat' dir='ltr'><strong>_omo,</strong></span> <span class='ocrx_word' id='word_1_465' title='bbox 509 2618 531 2639; x_wconf 89' lang='lat' dir='ltr'><strong>te</strong></span> <span class='ocrx_word' id='word_1_466' title='bbox 548 2618 645 2640; x_wconf 75' lang='lat' dir='ltr'><strong>accusat</strong></span> <span class='ocrx_word' id='word_1_467' title='bbox 656 2613 667 2638; x_wconf 82' lang='lat'><strong>?</strong></span> <span class='ocrx_word' id='word_1_468' title='bbox 678 2615 742 2648; x_wconf 75' lang='lat' dir='ltr'><strong>quod</strong></span> <span class='ocrx_word' id='word_1_469' title='bbox 758 2615 859 2645; x_wconf 75' lang='lat' dir='ltr'><strong>salicet,</strong></span> <span class='ocrx_word' id='word_1_470' title='bbox 867 2619 957 2648; x_wconf 80' lang='lat' dir='ltr'><strong>septem</strong></span> 
     </span>
    </p>
   </div>
   <div class='ocr_carea' id='block_1_59' title="bbox 164 2645 958 2675">
    <p class='ocr_par' dir='ltr' id='par_1_59' title="bbox 164 2645 958 2675">
     <span class='ocr_line' id='line_1_61' title="bbox 164 2645 958 2675; baseline 0.001 -4"><span class='ocrx_word' id='word_1_471' title='bbox 164 2645 217 2671; x_wconf 71' lang='lat' dir='ltr'><strong>dies</strong></span> <span class='ocrx_word' id='word_1_472' title='bbox 236 2645 338 2671; x_wconf 78' lang='lat' dir='ltr'><strong>habente</strong></span> <span class='ocrx_word' id='word_1_473' title='bbox 358 2645 522 2675; x_wconf 75' lang='lat' dir='ltr'><strong>hebdomade,</strong></span> <span class='ocrx_word' id='word_1_474' title='bbox 539 2652 612 2670; x_wconf 82' lang='lat' dir='ltr'><strong>unam</strong></span> <span class='ocrx_word' id='word_1_475' title='bbox 628 2651 674 2670; x_wconf 85' lang='lat' dir='ltr'><strong>non</strong></span> <span class='ocrx_word' id='word_1_476' title='bbox 685 2645 784 2671; x_wconf 72' lang='lat' dir='ltr'><strong>tribuas</strong></span> <span class='ocrx_word' id='word_1_477' title='bbox 802 2650 852 2671; x_wconf 86' lang='lat' dir='ltr'><strong>Deo</strong></span> <span class='ocrx_word' id='word_1_478' title='bbox 863 2645 897 2671; x_wconf 70' lang='grc' dir='ltr'><strong>ρξε’</strong></span> <span class='ocrx_word' id='word_1_479' title='bbox 910 2650 958 2672; x_wconf 83' lang='grc' dir='ltr'><strong>ιοιο</strong></span> 
     </span>
    </p>
   </div>
   <div class='ocr_carea' id='block_1_60' title="bbox 164 2675 956 2709">
    <p class='ocr_par' dir='ltr' id='par_1_60' title="bbox 164 2675 956 2709">
     <span class='ocr_line' id='line_1_62' title="bbox 164 2675 956 2709; baseline 0.001 -7"><span class='ocrx_word' id='word_1_480' title='bbox 164 2678 249 2709; x_wconf 77' lang='lat' dir='ltr'><strong>corde,</strong></span> <span class='ocrx_word' id='word_1_481' title='bbox 269 2677 313 2703; x_wconf 78' lang='lat' dir='ltr'><strong>sed</strong></span> <span class='ocrx_word' id='word_1_482' title='bbox 324 2677 350 2709; x_wconf 71' lang='lat' dir='ltr'><strong>in</strong></span> <span class='ocrx_word' id='word_1_483' title='bbox 361 2677 405 2702; x_wconf 86' lang='lat' dir='ltr'><strong>illa</strong></span> <span class='ocrx_word' id='word_1_484' title='bbox 413 2676 466 2708; x_wconf 83' lang='lat' dir='ltr'><strong>ipsa</strong></span> <span class='ocrx_word' id='word_1_485' title='bbox 472 2677 517 2709; x_wconf 58' lang='lat' dir='ltr'><strong>die</strong></span> <span class='ocrx_word' id='word_1_486' title='bbox 524 2676 591 2709; x_wconf 71' lang='lat' dir='ltr'><strong>uanis</strong></span> <span class='ocrx_word' id='word_1_487' title='bbox 604 2675 760 2709; x_wconf 79' lang='lat' dir='ltr'><strong>colloquiis__et</strong></span> <span class='ocrx_word' id='word_1_488' title='bbox 776 2677 875 2709; x_wconf 71' lang='lat' dir='ltr'><strong>negotiis</strong></span> <span class='ocrx_word' id='word_1_489' title='bbox 886 2678 956 2709; x_wconf 82' lang='lat' dir='ltr'><strong>judi-</strong></span> 
     </span>
    </p>
   </div>
   <div class='ocr_carea' id='block_1_61' title="bbox 165 2707 958 2740">
    <p class='ocr_par' dir='ltr' id='par_1_61' title="bbox 165 2707 958 2740">
     <span class='ocr_line' id='line_1_63' title="bbox 165 2707 958 2740; baseline 0 -6"><span class='ocrx_word' id='word_1_490' title='bbox 165 2708 265 2734; x_wconf 81' lang='lat' dir='ltr'><strong>cialt&#39;bus</strong></span> <span class='ocrx_word' id='word_1_491' title='bbox 275 2707 414 2740; x_wconf 79' lang='lat' dir='ltr'><strong>indulgeas.</strong></span> <span class='ocrx_word' id='word_1_492' title='bbox 423 2707 454 2732; x_wconf 51' lang='lat' dir='ltr'><strong>&#39;Et</strong></span> <span class='ocrx_word' id='word_1_493' title='bbox 470 2707 529 2740; x_wconf 81' lang='lat' dir='ltr'><strong>quid</strong></span> <span class='ocrx_word' id='word_1_494' title='bbox 548 2707 610 2740; x_wconf 68' lang='lat' dir='ltr'><strong>dico,</strong></span> <span class='ocrx_word' id='word_1_495' title='bbox 628 2714 701 2740; x_wconf 71' lang='lat' dir='ltr'><strong>unum</strong></span> <span class='ocrx_word' id='word_1_496' title='bbox 717 2707 781 2740; x_wconf 80' lang='lat' dir='ltr'><strong>diem</strong></span> <span class='ocrx_word' id='word_1_497' title='bbox 791 2707 906 2733; x_wconf 63' lang='lat' dir='ltr'><strong>Irutinain</strong></span> <span class='ocrx_word' id='word_1_498' title='bbox 921 2709 958 2734; x_wconf 79' lang='lat' dir='ltr'><strong>vel</strong></span> 
     </span>
    </p>
   </div>
   <div class='ocr_carea' id='block_1_62' title="bbox 165 2738 958 2770">
    <p class='ocr_par' dir='ltr' id='par_1_62' title="bbox 165 2738 958 2770">
     <span class='ocr_line' id='line_1_64' title="bbox 165 2738 958 2770; baseline 0 -6"><span class='ocrx_word' id='word_1_499' title='bbox 165 2743 214 2766; x_wconf 71' lang='lat' dir='ltr'><strong>ire:</strong></span> <span class='ocrx_word' id='word_1_500' title='bbox 224 2739 296 2766; x_wconf 71' lang='lat' dir='ltr'><strong>horas</strong></span> <span class='ocrx_word' id='word_1_501' title='bbox 307 2738 360 2766; x_wconf 76' lang='lat' dir='ltr'><strong>Deo</strong></span> <span class='ocrx_word' id='word_1_502' title='bbox 366 2745 422 2764; x_wconf 83' lang='lat' dir='ltr'><strong>cum</strong></span> <span class='ocrx_word' id='word_1_503' title='bbox 434 2739 520 2764; x_wconf 68' lang='lat' dir='ltr'><strong>.rdore</strong></span> <span class='ocrx_word' id='word_1_504' title='bbox 528 2738 723 2770; x_wconf 59' lang='lat' dir='ltr'><strong>pei‘solverimus!</strong></span> <span class='ocrx_word' id='word_1_505' title='bbox 733 2738 787 2770; x_wconf 74' lang='lat' dir='ltr'><strong>sed.</strong></span> <span class='ocrx_word' id='word_1_506' title='bbox 800 2745 814 2764; x_wconf 87' lang='grc' dir='ltr'>ο</span> <span class='ocrx_word' id='word_1_507' title='bbox 825 2741 900 2765; x_wconf 81' lang='lat' dir='ltr'><strong>corda</strong></span> <span class='ocrx_word' id='word_1_508' title='bbox 908 2743 958 2764; x_wconf 88' lang='lat' dir='ltr'><strong>tor-</strong></span> 
     </span>
    </p>
   </div>
   <div class='ocr_carea' id='block_1_63' title="bbox 166 2769 958 2805">
    <p class='ocr_par' dir='ltr' id='par_1_63' title="bbox 166 2769 958 2805">
     <span class='ocr_line' id='line_1_65' title="bbox 166 2769 958 2805; baseline -0.001 -9"><span class='ocrx_word' id='word_1_509' title='bbox 166 2771 253 2805; x_wconf 71' lang='lat' dir='ltr'><strong>pentia.</strong></span> <span class='ocrx_word' id='word_1_510' title='bbox 264 2775 305 2796; x_wconf 85' lang='lat' dir='ltr'><strong>aut</strong></span> <span class='ocrx_word' id='word_1_511' title='bbox 316 2771 397 2805; x_wconf 68' lang='lat' dir='ltr'><strong>potius</strong></span> <span class='ocrx_word' id='word_1_512' title='bbox 408 2769 520 2805; x_wconf 79' lang='lat' dir='ltr'><strong>ingrata!</strong></span> <span class='ocrx_word' id='word_1_513' title='bbox 530 2776 603 2794; x_wconf 80' lang='lat' dir='ltr'><strong>unum</strong></span> <span class='ocrx_word' id='word_1_514' title='bbox 611 2773 641 2805; x_wconf 82' lang='lat' dir='ltr'><strong>_et</strong></span> <span class='ocrx_word' id='word_1_515' title='bbox 650 2769 809 2805; x_wconf 57' lang='lat' dir='ltr'><strong>solarude</strong></span> <span class='ocrx_word' id='word_1_516' title='bbox 819 2769 867 2805; x_wconf 76' lang='lat' dir='ltr'><strong>sibi</strong></span> <span class='ocrx_word' id='word_1_517' title='bbox 877 2777 958 2805; x_wconf 72' lang='lat' dir='ltr'><strong>segre-</strong></span> 
     </span>
    </p>
   </div>
   <div class='ocr_carea' id='block_1_64' title="bbox 166 2800 957 2832">
    <p class='ocr_par' dir='ltr' id='par_1_64' title="bbox 166 2800 957 2832">
     <span class='ocr_line' id='line_1_66' title="bbox 166 2800 957 2832; baseline 0 -5"><span class='ocrx_word' id='word_1_518' title='bbox 166 2800 228 2832; x_wconf 60' lang='lat' dir='ltr'><strong>garit</strong></span> <span class='ocrx_word' id='word_1_519' title='bbox 237 2807 309 2830; x_wconf 72' lang='lat' dir='ltr'><strong>Deus.</strong></span> <span class='ocrx_word' id='word_1_520' title='bbox 317 2800 347 2827; x_wconf 58' lang='lat' dir='ltr'><strong>&quot;et</strong></span> <span class='ocrx_word' id='word_1_521' title='bbox 352 2801 422 2826; x_wconf 80' lang='lat' dir='ltr'><strong>illam</strong></span> <span class='ocrx_word' id='word_1_522' title='bbox 429 2800 453 2825; x_wconf 89' lang='lat' dir='ltr'><strong>in</strong></span> <span class='ocrx_word' id='word_1_523' title='bbox 459 2800 698 2832; x_wconf 17' lang='lat' dir='ltr'><strong>operarsizcularia...</strong></span> <span class='ocrx_word' id='word_1_524' title='bbox 721 2800 821 2832; x_wconf 68' lang='lat' dir='ltr'><strong>insuatis</strong></span> <span class='ocrx_word' id='word_1_525' title='bbox 831 2800 841 2825; x_wconf 88' lang='lat'><strong>.&#39;</strong></span> <span class='ocrx_word' id='word_1_526' title='bbox 853 2805 872 2826; x_wconf 93' lang='grc' dir='ltr'><em>ο</em></span> <span class='ocrx_word' id='word_1_527' title='bbox 880 2800 957 2832; x_wconf 63' lang='lat' dir='ltr'><strong>licinio,</strong></span> 
     </span>
    </p>
   </div>
   <div class='ocr_carea' id='block_1_65' title="bbox 167 2830 959 2869">
    <p class='ocr_par' dir='ltr' id='par_1_65' title="bbox 167 2830 959 2869">
     <span class='ocr_line' id='line_1_67' title="bbox 167 2830 959 2869; baseline -0.001 -11"><span class='ocrx_word' id='word_1_528' title='bbox 167 2830 266 2869; x_wconf 61' lang='lat' dir='ltr'><strong>eratcum</strong></span> <span class='ocrx_word' id='word_1_529' title='bbox 284 2832 380 2869; x_wconf 58' lang='lat' dir='ltr'><strong>ﬁducia</strong></span> <span class='ocrx_word' id='word_1_530' title='bbox 393 2833 425 2857; x_wconf 90' lang='lat' dir='ltr'><strong>ad</strong></span> <span class='ocrx_word' id='word_1_531' title='bbox 441 2830 555 2867; x_wconf 71' lang='lat' dir='ltr'><strong>mysteria</strong></span> <span class='ocrx_word' id='word_1_532' title='bbox 570 2835 651 2869; x_wconf 62' lang='lat' dir='ltr'><strong>postea</strong></span> <span class='ocrx_word' id='word_1_533' title='bbox 661 2830 770 2869; x_wconf 70' lang='lat' dir='ltr'><strong>accedes,</strong></span> <span class='ocrx_word' id='word_1_534' title='bbox 793 2835 835 2857; x_wconf 87' lang='lat' dir='ltr'><strong>aut</strong></span> <span class='ocrx_word' id='word_1_535' title='bbox 856 2830 959 2869; x_wconf 74' lang='lat' dir='ltr'><strong>quacum</strong></span> 
     </span>
    </p>
   </div>
   <div class='ocr_carea' id='block_1_66' title="bbox 167 2861 958 2893">
    <p class='ocr_par' dir='ltr' id='par_1_66' title="bbox 167 2861 958 2893">
     <span class='ocr_line' id='line_1_68' title="bbox 167 2861 958 2893; baseline 0.001 -5"><span class='ocrx_word' id='word_1_536' title='bbox 167 2861 330 2890; x_wconf 71' lang='lat' dir='ltr'><strong>eamdmtia.’</strong></span> <span class='ocrx_word' id='word_1_537' title='bbox 343 2868 415 2891; x_wconf 63' lang='lat' dir='ltr'><strong>:‘H’m.</strong></span> <span class='ocrx_word' id='word_1_538' title='bbox 433 2862 453 2888; x_wconf 80' lang='lat' dir='ltr'><strong>si</strong></span> <span class='ocrx_word' id='word_1_539' title='bbox 465 2861 549 2887; x_wconf 70' lang='lat' dir='ltr'><strong>manus</strong></span> <span class='ocrx_word' id='word_1_540' title='bbox 560 2861 662 2893; x_wconf 73' lang='lat' dir='ltr'><strong>pollutas</strong></span> <span class='ocrx_word' id='word_1_541' title='bbox 673 2866 714 2886; x_wconf 84' lang='lat' dir='ltr'><strong>aut</strong></span> <span class='ocrx_word' id='word_1_542' title='bbox 726 2865 830 2887; x_wconf 81' lang='lat' dir='ltr'><strong>stercore</strong></span> <span class='ocrx_word' id='word_1_543' title='bbox 843 2861 958 2890; x_wconf 81' lang='lat' dir='ltr'><strong>contami-</strong></span> 
     </span>
    </p>
   </div>
   <div class='ocr_carea' id='block_1_67' title="bbox 167 2893 851 2927">
    <p class='ocr_par' dir='ltr' id='par_1_67' title="bbox 167 2893 851 2927">
     <span class='ocr_line' id='line_1_69' title="bbox 167 2893 851 2927; baseline -0.006 -5"><span class='ocrx_word' id='word_1_544' title='bbox 167 2898 230 2921; x_wconf 70' lang='lat' dir='ltr'><strong>tha:</strong></span> <span class='ocrx_word' id='word_1_545' title='bbox 240 2895 355 2924; x_wconf 75' lang='lat' dir='ltr'><strong>haberes,</strong></span> <span class='ocrx_word' id='word_1_546' title='bbox 368 2894 492 2927; x_wconf 81' lang='lat' dir='ltr'><strong>ﬁmbriam</strong></span> <span class='ocrx_word' id='word_1_547' title='bbox 503 2893 566 2925; x_wconf 75' lang='lat' dir='ltr'><strong>regis</strong></span> <span class='ocrx_word' id='word_1_548' title='bbox 578 2893 681 2919; x_wconf 73' lang='lat' dir='ltr'><strong>auderes</strong></span> <span class='ocrx_word' id='word_1_549' title='bbox 692 2893 829 2926; x_wconf 83' lang='lat' dir='ltr'><strong>contingere</strong></span> <span class='ocrx_word' id='word_1_550' title='bbox 837 2893 851 2919; x_wconf 60' lang='grc' dir='ltr'><strong>Ρ</strong></span> 
     </span>
    </p>
   </div>
   <div class='ocr_carea' id='block_1_68' title="bbox 1750 156 1801 183">
    <p class='ocr_par' dir='ltr' id='par_1_68' title="bbox 1750 156 1801 183">
     <span class='ocr_line' id='line_1_70' title="bbox 1750 156 1801 183; baseline -0.02 0"><span class='ocrx_word' id='word_1_551' title='bbox 1750 156 1801 183; x_wconf 63' lang='grc'><strong>316</strong></span> 
     </span>
    </p>
   </div>
   <div class='ocr_carea' id='block_1_69' title="bbox 1009 212 1801 247">
    <p class='ocr_par' dir='ltr' id='par_1_69' title="bbox 1009 212 1801 247">
     <span class='ocr_line' id='line_1_71' title="bbox 1009 212 1801 247; baseline 0.004 -9"><span class='ocrx_word' id='word_1_552' title='bbox 1009 215 1116 239; x_wconf 86' lang='lat' dir='ltr'><strong>terreno</strong></span> <span class='ocrx_word' id='word_1_553' title='bbox 1142 212 1197 247; x_wconf 86' lang='lat' dir='ltr'><strong>regi</strong></span> <span class='ocrx_word' id='word_1_554' title='bbox 1218 212 1346 239; x_wconf 86' lang='lat' dir='ltr'><strong>assistunt</strong></span> <span class='ocrx_word' id='word_1_555' title='bbox 1359 212 1377 244; x_wconf 84' lang='lat'><strong>&#39;,</strong></span> <span class='ocrx_word' id='word_1_556' title='bbox 1392 220 1471 247; x_wconf 90' lang='lat' dir='ltr'><strong>quam</strong></span> <span class='ocrx_word' id='word_1_557' title='bbox 1492 213 1544 240; x_wconf 89' lang='lat' dir='ltr'><strong>sint</strong></span> <span class='ocrx_word' id='word_1_558' title='bbox 1569 212 1728 246; x_wconf 82' lang='lat' dir='ltr'><strong>immobiles,</strong></span> <span class='ocrx_word' id='word_1_559' title='bbox 1747 221 1801 241; x_wconf 88' lang='lat' dir='ltr'><strong>non</strong></span> 
     </span>
    </p>
   </div>
   <div class='ocr_carea' id='block_1_70' title="bbox 1008 257 1800 293">
    <p class='ocr_par' dir='ltr' id='par_1_70' title="bbox 1008 257 1800 293">
     <span class='ocr_line' id='line_1_72' title="bbox 1008 257 1800 293; baseline 0.003 -9"><span class='ocrx_word' id='word_1_560' title='bbox 1008 257 1157 293; x_wconf 84' lang='lat' dir='ltr'><strong>loquentes.</strong></span> <span class='ocrx_word' id='word_1_561' title='bbox 1174 265 1225 285; x_wconf 91' lang='lat' dir='ltr'><strong>non</strong></span> <span class='ocrx_word' id='word_1_562' title='bbox 1239 258 1399 292; x_wconf 72' lang='lat' dir='ltr'><strong>agitali,non</strong></span> <span class='ocrx_word' id='word_1_563' title='bbox 1419 258 1510 286; x_wconf 87' lang='lat' dir='ltr'><strong>oculos</strong></span> <span class='ocrx_word' id='word_1_564' title='bbox 1532 258 1585 286; x_wconf 91' lang='lat' dir='ltr'><strong>huc</strong></span> <span class='ocrx_word' id='word_1_565' title='bbox 1605 263 1632 286; x_wconf 89' lang='lat' dir='ltr'><strong>et</strong></span> <span class='ocrx_word' id='word_1_566' title='bbox 1653 258 1715 286; x_wconf 90' lang='lat' dir='ltr'><strong>illiie</strong></span> <span class='ocrx_word' id='word_1_567' title='bbox 1738 260 1800 286; x_wconf 88' lang='lat' dir='ltr'><strong>init-</strong></span> 
     </span>
    </p>
   </div>
   <div class='ocr_carea' id='block_1_71' title="bbox 1009 304 1801 341">
    <p class='ocr_par' dir='ltr' id='par_1_71' title="bbox 1009 304 1801 341">
     <span class='ocr_line' id='line_1_73' title="bbox 1009 304 1801 341; baseline 0.001 -10"><span class='ocrx_word' id='word_1_568' title='bbox 1009 309 1105 335; x_wconf 86' lang='lat' dir='ltr'><strong>tentes.</strong></span> <span class='ocrx_word' id='word_1_569' title='bbox 1120 304 1166 332; x_wconf 89' lang='lat' dir='ltr'><strong>sed</strong></span> <span class='ocrx_word' id='word_1_570' title='bbox 1187 304 1286 335; x_wconf 65' lang='lat' dir='ltr'><strong>moesti,</strong></span> <span class='ocrx_word' id='word_1_571' title='bbox 1299 304 1417 337; x_wconf 85' lang='lat' dir='ltr'><strong>demissi,</strong></span> <span class='ocrx_word' id='word_1_572' title='bbox 1433 304 1671 339; x_wconf 86' lang='lat' dir='ltr'><strong>pertimescentes?</strong></span> <span class='ocrx_word' id='word_1_573' title='bbox 1684 305 1722 333; x_wconf 86' lang='lat' dir='ltr'><strong>Ex</strong></span> <span class='ocrx_word' id='word_1_574' title='bbox 1736 308 1801 341; x_wconf 74' lang='lat' dir='ltr'><strong>ipsis</strong></span> 
     </span>
    </p>
   </div>
   <div class='ocr_carea' id='block_1_72' title="bbox 1008 351 1800 385">
    <p class='ocr_par' dir='ltr' id='par_1_72' title="bbox 1008 351 1800 385">
     <span class='ocr_line' id='line_1_74' title="bbox 1008 351 1800 385; baseline 0 -6"><span class='ocrx_word' id='word_1_575' title='bbox 1008 351 1195 379; x_wconf 89' lang='lat' dir='ltr'><strong>documentum</strong></span> <span class='ocrx_word' id='word_1_576' title='bbox 1209 351 1330 385; x_wconf 87' lang='lat' dir='ltr'><strong>accipite,</strong></span> <span class='ocrx_word' id='word_1_577' title='bbox 1347 358 1362 377; x_wconf 92' lang='grc' dir='ltr'><strong>ο</strong></span> <span class='ocrx_word' id='word_1_578' title='bbox 1373 351 1505 383; x_wconf 89' lang='lat' dir='ltr'><strong>homines,</strong></span> <span class='ocrx_word' id='word_1_579' title='bbox 1517 356 1542 378; x_wconf 89' lang='lat' dir='ltr'><strong>et</strong></span> <span class='ocrx_word' id='word_1_580' title='bbox 1556 351 1594 378; x_wconf 90' lang='lat' dir='ltr'><strong>sic</strong></span> <span class='ocrx_word' id='word_1_581' title='bbox 1607 352 1723 378; x_wconf 88' lang='lat' dir='ltr'><strong>assistite</strong></span> <span class='ocrx_word' id='word_1_582' title='bbox 1734 352 1782 379; x_wconf 76' lang='lat' dir='ltr'><strong>Dei</strong></span> <span class='ocrx_word' id='word_1_583' title='bbox 1792 372 1800 384; x_wconf 88' lang='lat'><strong>,</strong></span> 
     </span>
    </p>
   </div>
   <div class='ocr_carea' id='block_1_73' title="bbox 1008 397 1801 432">
    <p class='ocr_par' dir='ltr' id='par_1_73' title="bbox 1008 397 1801 432">
     <span class='ocr_line' id='line_1_75' title="bbox 1008 397 1801 432; baseline 0.001 -9"><span class='ocrx_word' id='word_1_584' title='bbox 1008 399 1088 424; x_wconf 75' lang='lat' dir='ltr'><strong>veluti</strong></span> <span class='ocrx_word' id='word_1_585' title='bbox 1104 398 1137 425; x_wconf 89' lang='lat' dir='ltr'><strong>ad</strong></span> <span class='ocrx_word' id='word_1_586' title='bbox 1160 402 1298 425; x_wconf 81' lang='lat' dir='ltr'><strong>terrenum</strong></span> <span class='ocrx_word' id='word_1_587' title='bbox 1318 405 1406 432; x_wconf 87' lang='lat' dir='ltr'><strong>regem</strong></span> <span class='ocrx_word' id='word_1_588' title='bbox 1425 397 1581 426; x_wconf 84' lang='lat' dir='ltr'><strong>accedentes</strong></span> <span class='ocrx_word' id='word_1_589' title='bbox 1596 398 1681 426; x_wconf 82' lang='lat' dir='ltr'><strong>facitis</strong></span> <span class='ocrx_word' id='word_1_590' title='bbox 1697 408 1703 425; x_wconf 90' lang='lat'><strong>:</strong></span> <span class='ocrx_word' id='word_1_591' title='bbox 1718 399 1801 426; x_wconf 86' lang='lat' dir='ltr'><strong>multo</strong></span> 
     </span>
    </p>
   </div>
   <div class='ocr_carea' id='block_1_74' title="bbox 1009 443 1801 480">
    <p class='ocr_par' dir='ltr' id='par_1_74' title="bbox 1009 443 1801 480">
     <span class='ocr_line' id='line_1_76' title="bbox 1009 443 1801 480; baseline 0 -8"><span class='ocrx_word' id='word_1_592' title='bbox 1009 445 1092 479; x_wconf 85' lang='lat' dir='ltr'><strong>magis</strong></span> <span class='ocrx_word' id='word_1_593' title='bbox 1115 445 1214 472; x_wconf 80' lang='lat' dir='ltr'><strong>caelesti</strong></span> <span class='ocrx_word' id='word_1_594' title='bbox 1227 445 1283 479; x_wconf 83' lang='lat' dir='ltr'><strong>regi</strong></span> <span class='ocrx_word' id='word_1_595' title='bbox 1304 452 1363 472; x_wconf 76' lang='lat' dir='ltr'><strong>cum</strong></span> <span class='ocrx_word' id='word_1_596' title='bbox 1380 444 1475 471; x_wconf 83' lang='lat' dir='ltr'><strong>timore</strong></span> <span class='ocrx_word' id='word_1_597' title='bbox 1496 443 1602 471; x_wconf 80' lang='lat' dir='ltr'><strong>adstare</strong></span> <span class='ocrx_word' id='word_1_598' title='bbox 1615 449 1728 480; x_wconf 86' lang='lat' dir='ltr'><strong>oportet.</strong></span> <span class='ocrx_word' id='word_1_599' title='bbox 1745 445 1801 472; x_wconf 90' lang='lat' dir='ltr'><strong>lloc</strong></span> 
     </span>
    </p>
   </div>
   <div class='ocr_carea' id='block_1_75' title="bbox 1007 490 1800 526">
    <p class='ocr_par' dir='ltr' id='par_1_75' title="bbox 1007 490 1800 526">
     <span class='ocr_line' id='line_1_77' title="bbox 1007 490 1800 526; baseline -0.004 -7"><span class='ocrx_word' id='word_1_600' title='bbox 1007 499 1079 526; x_wconf 70' lang='lat' dir='ltr'><strong>smpe</strong></span> <span class='ocrx_word' id='word_1_601' title='bbox 1093 490 1164 523; x_wconf 87' lang='lat' dir='ltr'><strong>dico,</strong></span> <span class='ocrx_word' id='word_1_602' title='bbox 1189 496 1216 518; x_wconf 87' lang='lat' dir='ltr'><strong>et</strong></span> <span class='ocrx_word' id='word_1_603' title='bbox 1235 491 1323 518; x_wconf 87' lang='lat' dir='ltr'><strong>dicere</strong></span> <span class='ocrx_word' id='word_1_604' title='bbox 1347 499 1399 517; x_wconf 87' lang='lat' dir='ltr'><strong>non</strong></span> <span class='ocrx_word' id='word_1_605' title='bbox 1414 490 1535 522; x_wconf 76' lang='lat' dir='ltr'><strong>cesSabo,</strong></span> <span class='ocrx_word' id='word_1_606' title='bbox 1561 490 1646 518; x_wconf 87' lang='lat' dir='ltr'><strong>donec</strong></span> <span class='ocrx_word' id='word_1_607' title='bbox 1665 496 1800 518; x_wconf 72' lang='lat' dir='ltr'><strong>correctos</strong></span> 
     </span>
    </p>
   </div>
   <div class='ocr_carea' id='block_1_76' title="bbox 1008 536 1800 572">
    <p class='ocr_par' dir='ltr' id='par_1_76' title="bbox 1008 536 1800 572">
     <span class='ocr_line' id='line_1_78' title="bbox 1008 536 1800 572; baseline 0 -8"><span class='ocrx_word' id='word_1_608' title='bbox 1008 537 1122 565; x_wconf 87' lang='lat' dir='ltr'><strong>videam.</strong></span> <span class='ocrx_word' id='word_1_609' title='bbox 1151 537 1331 572; x_wconf 79' lang='lat' dir='ltr'><strong>lngredientes</strong></span> <span class='ocrx_word' id='word_1_610' title='bbox 1353 541 1441 563; x_wconf 83' lang='lat' dir='ltr'><strong>autem</strong></span> <span class='ocrx_word' id='word_1_611' title='bbox 1458 537 1483 563; x_wconf 91' lang='lat' dir='ltr'><strong>in</strong></span> <span class='ocrx_word' id='word_1_612' title='bbox 1506 536 1658 569; x_wconf 88' lang='lat' dir='ltr'><strong>ecclesiam,</strong></span> <span class='ocrx_word' id='word_1_613' title='bbox 1673 541 1703 564; x_wconf 91' lang='lat' dir='ltr'><strong>ut</strong></span> <span class='ocrx_word' id='word_1_614' title='bbox 1721 537 1800 564; x_wconf 81' lang='lat' dir='ltr'><strong>decet</strong></span> 
     </span>
    </p>
   </div>
   <div class='ocr_carea' id='block_1_77' title="bbox 1009 583 1799 618">
    <p class='ocr_par' dir='ltr' id='par_1_77' title="bbox 1009 583 1799 618">
     <span class='ocr_line' id='line_1_79' title="bbox 1009 583 1799 618; baseline -0.001 -8"><span class='ocrx_word' id='word_1_615' title='bbox 1009 583 1091 610; x_wconf 87' lang='lat' dir='ltr'><strong>Deum</strong></span> <span class='ocrx_word' id='word_1_616' title='bbox 1103 583 1271 613; x_wconf 82' lang='lat' dir='ltr'><strong>accedamus.</strong></span> <span class='ocrx_word' id='word_1_617' title='bbox 1288 591 1321 611; x_wconf 89' lang='lat' dir='ltr'><strong>ne</strong></span> <span class='ocrx_word' id='word_1_618' title='bbox 1335 583 1458 610; x_wconf 60' lang='lat' dir='ltr'><strong>vindicta:</strong></span> <span class='ocrx_word' id='word_1_619' title='bbox 1477 583 1647 618; x_wconf 86' lang='lat' dir='ltr'><strong>cupiditatem</strong></span> <span class='ocrx_word' id='word_1_620' title='bbox 1670 584 1695 610; x_wconf 91' lang='lat' dir='ltr'><strong>in</strong></span> <span class='ocrx_word' id='word_1_621' title='bbox 1710 589 1799 611; x_wconf 76' lang='lat' dir='ltr'><strong>mente</strong></span> 
     </span>
    </p>
   </div>
   <div class='ocr_carea' id='block_1_78' title="bbox 1008 628 1802 663">
    <p class='ocr_par' dir='ltr' id='par_1_78' title="bbox 1008 628 1802 663">
     <span class='ocr_line' id='line_1_80' title="bbox 1008 628 1802 663; baseline 0 -7"><span class='ocrx_word' id='word_1_622' title='bbox 1008 629 1148 660; x_wconf 84' lang='lat' dir='ltr'><strong>habentes,</strong></span> <span class='ocrx_word' id='word_1_623' title='bbox 1163 629 1290 656; x_wconf 83' lang='lat' dir='ltr'><strong>adversus</strong></span> <span class='ocrx_word' id='word_1_624' title='bbox 1304 637 1352 655; x_wconf 87' lang='lat' dir='ltr'><strong>nos</strong></span> <span class='ocrx_word' id='word_1_625' title='bbox 1372 636 1519 663; x_wconf 67' lang='lat' dir='ltr'><strong>precemur,</strong></span> <span class='ocrx_word' id='word_1_626' title='bbox 1540 628 1660 656; x_wconf 83' lang='lat' dir='ltr'><strong>dicentes</strong></span> <span class='ocrx_word' id='word_1_627' title='bbox 1675 637 1681 656; x_wconf 91' lang='lat'><strong>:</strong></span> <span class='ocrx_word' id='word_1_628' title='bbox 1697 628 1802 656; x_wconf 81' lang='lat' dir='ltr'><strong>Dimitte</strong></span> 
     </span>
    </p>
   </div>
   <div class='ocr_carea' id='block_1_79' title="bbox 1008 674 1801 708">
    <p class='ocr_par' dir='ltr' id='par_1_79' title="bbox 1008 674 1801 708">
     <span class='ocr_line' id='line_1_81' title="bbox 1008 674 1801 708; baseline -0.001 -7"><span class='ocrx_word' id='word_1_629' title='bbox 1008 675 1097 708; x_wconf 76' lang='lat' dir='ltr'><strong>nobis,</strong></span> <span class='ocrx_word' id='word_1_630' title='bbox 1128 675 1194 701; x_wconf 81' lang='lat' dir='ltr'><strong>sicut</strong></span> <span class='ocrx_word' id='word_1_631' title='bbox 1225 680 1248 702; x_wconf 84' lang='lat' dir='ltr'><strong>et</strong></span> <span class='ocrx_word' id='word_1_632' title='bbox 1275 683 1320 702; x_wconf 85' lang='lat' dir='ltr'><strong>nos</strong></span> <span class='ocrx_word' id='word_1_633' title='bbox 1349 675 1498 702; x_wconf 79' lang='lat' dir='ltr'><strong>dimittimus</strong></span> <span class='ocrx_word' id='word_1_634' title='bbox 1526 674 1678 701; x_wconf 78' lang='lat' dir='ltr'><strong>debitoribus</strong></span> <span class='ocrx_word' id='word_1_635' title='bbox 1709 676 1801 702; x_wconf 73' lang='lat' dir='ltr'><strong>nostris</strong></span> 
     </span>
    </p>
   </div>
   <div class='ocr_carea' id='block_1_80' title="bbox 1009 723 1798 759">
    <p class='ocr_par' dir='ltr' id='par_1_80' title="bbox 1009 723 1798 759">
     <span class='ocr_line' id='line_1_82' title="bbox 1009 723 1798 759; baseline 0 -10"><span class='ocrx_word' id='word_1_636' title='bbox 1009 723 1114 758; x_wconf 82' lang='lat' dir='ltr'><strong>(Matth.</strong></span> <span class='ocrx_word' id='word_1_637' title='bbox 1129 723 1154 750; x_wconf 89' lang='lat'><strong>6.</strong></span> <span class='ocrx_word' id='word_1_638' title='bbox 1170 723 1225 758; x_wconf 77' lang='grc'><strong>12).</strong></span> <span class='ocrx_word' id='word_1_639' title='bbox 1244 723 1374 750; x_wconf 90' lang='lat' dir='ltr'><strong>Terribile</strong></span> <span class='ocrx_word' id='word_1_640' title='bbox 1389 723 1460 750; x_wconf 87' lang='lat' dir='ltr'><strong>enim</strong></span> <span class='ocrx_word' id='word_1_641' title='bbox 1476 727 1517 750; x_wconf 89' lang='lat' dir='ltr'><strong>est</strong></span> <span class='ocrx_word' id='word_1_642' title='bbox 1531 723 1591 756; x_wconf 87' lang='lat' dir='ltr'><strong>hoc,</strong></span> <span class='ocrx_word' id='word_1_643' title='bbox 1607 723 1678 759; x_wconf 89' lang='lat' dir='ltr'><strong>quod</strong></span> <span class='ocrx_word' id='word_1_644' title='bbox 1691 723 1798 755; x_wconf 83' lang='lat' dir='ltr'><strong>dicitur,</strong></span> 
     </span>
    </p>
   </div>
   <div class='ocr_carea' id='block_1_81' title="bbox 1007 768 1796 803">
    <p class='ocr_par' dir='ltr' id='par_1_81' title="bbox 1007 768 1796 803">
     <span class='ocr_line' id='line_1_83' title="bbox 1007 768 1796 803; baseline 0 -8"><span class='ocrx_word' id='word_1_645' title='bbox 1007 773 1035 795; x_wconf 90' lang='lat' dir='ltr'><strong>et</strong></span> <span class='ocrx_word' id='word_1_646' title='bbox 1048 768 1131 795; x_wconf 76' lang='lat' dir='ltr'><strong>ferme</strong></span> <span class='ocrx_word' id='word_1_647' title='bbox 1149 769 1188 796; x_wconf 90' lang='lat' dir='ltr'><strong>sic</strong></span> <span class='ocrx_word' id='word_1_648' title='bbox 1200 768 1232 795; x_wconf 88' lang='lat' dir='ltr'><strong>ad</strong></span> <span class='ocrx_word' id='word_1_649' title='bbox 1246 768 1329 796; x_wconf 89' lang='lat' dir='ltr'><strong>Deum</strong></span> <span class='ocrx_word' id='word_1_650' title='bbox 1344 768 1449 801; x_wconf 85' lang='lat' dir='ltr'><strong>clamat,</strong></span> <span class='ocrx_word' id='word_1_651' title='bbox 1464 769 1508 803; x_wconf 90' lang='lat' dir='ltr'><strong>qui</strong></span> <span class='ocrx_word' id='word_1_652' title='bbox 1524 769 1574 795; x_wconf 89' lang='lat' dir='ltr'><strong>lioc</strong></span> <span class='ocrx_word' id='word_1_653' title='bbox 1590 768 1655 795; x_wconf 88' lang='lat' dir='ltr'><strong>dicit</strong></span> <span class='ocrx_word' id='word_1_654' title='bbox 1669 777 1675 795; x_wconf 93' lang='lat'>:</span> <span class='ocrx_word' id='word_1_655' title='bbox 1694 769 1796 798; x_wconf 82' lang='lat' dir='ltr'><strong>Dimisi.</strong></span> 
     </span>
    </p>
   </div>
   <div class='ocr_carea' id='block_1_82' title="bbox 1009 814 1799 850">
    <p class='ocr_par' dir='ltr' id='par_1_82' title="bbox 1009 814 1799 850">
     <span class='ocr_line' id='line_1_84' title="bbox 1009 814 1799 850; baseline 0 -9"><span class='ocrx_word' id='word_1_656' title='bbox 1009 815 1128 845; x_wconf 81' lang='lat' dir='ltr'><strong>Domine.</strong></span> <span class='ocrx_word' id='word_1_657' title='bbox 1153 815 1273 847; x_wconf 87' lang='lat' dir='ltr'><strong>dimitte;</strong></span> <span class='ocrx_word' id='word_1_658' title='bbox 1299 814 1377 844; x_wconf 80' lang='lat' dir='ltr'><strong>solvi,</strong></span> <span class='ocrx_word' id='word_1_659' title='bbox 1398 815 1488 846; x_wconf 80' lang='lat' dir='ltr'><strong>solve;</strong></span> <span class='ocrx_word' id='word_1_660' title='bbox 1512 814 1610 850; x_wconf 81' lang='lat' dir='ltr'><strong>ignovi,</strong></span> <span class='ocrx_word' id='word_1_661' title='bbox 1633 815 1741 850; x_wconf 87' lang='lat' dir='ltr'><strong>ignosce</strong></span> <span class='ocrx_word' id='word_1_662' title='bbox 1757 824 1762 841; x_wconf 92' lang='lat'>:</span> <span class='ocrx_word' id='word_1_663' title='bbox 1776 815 1799 842; x_wconf 91' lang='lat' dir='ltr'><strong>si</strong></span> 
     </span>
    </p>
   </div>
   <div class='ocr_carea' id='block_1_83' title="bbox 1007 861 1798 895">
    <p class='ocr_par' dir='ltr' id='par_1_83' title="bbox 1007 861 1798 895">
     <span class='ocr_line' id='line_1_85' title="bbox 1007 861 1798 895; baseline -0.001 -7"><span class='ocrx_word' id='word_1_664' title='bbox 1007 861 1115 894; x_wconf 82' lang='lat' dir='ltr'><strong>retinui,</strong></span> <span class='ocrx_word' id='word_1_665' title='bbox 1132 861 1233 892; x_wconf 84' lang='lat' dir='ltr'><strong>retine;</strong></span> <span class='ocrx_word' id='word_1_666' title='bbox 1248 861 1269 888; x_wconf 90' lang='lat' dir='ltr'><strong>si</strong></span> <span class='ocrx_word' id='word_1_667' title='bbox 1285 868 1337 887; x_wconf 94' lang='lat' dir='ltr'><strong>non</strong></span> <span class='ocrx_word' id='word_1_668' title='bbox 1357 861 1425 888; x_wconf 87' lang='lat' dir='ltr'><strong>solvi</strong></span> <span class='ocrx_word' id='word_1_669' title='bbox 1439 861 1570 895; x_wconf 82' lang='lat' dir='ltr'><strong>proximo,</strong></span> <span class='ocrx_word' id='word_1_670' title='bbox 1588 869 1674 895; x_wconf 88' lang='lat' dir='ltr'><strong>neque</strong></span> <span class='ocrx_word' id='word_1_671' title='bbox 1689 865 1715 888; x_wconf 92' lang='lat' dir='ltr'><strong>tu</strong></span> <span class='ocrx_word' id='word_1_672' title='bbox 1739 868 1798 887; x_wconf 84' lang='lat' dir='ltr'><strong>mea</strong></span> 
     </span>
    </p>
   </div>
   <div class='ocr_carea' id='block_1_84' title="bbox 1008 906 1796 942">
    <p class='ocr_par' dir='ltr' id='par_1_84' title="bbox 1008 906 1796 942">
     <span class='ocr_line' id='line_1_86' title="bbox 1008 906 1796 942; baseline -0.001 -8"><span class='ocrx_word' id='word_1_673' title='bbox 1008 907 1096 934; x_wconf 87' lang='lat' dir='ltr'><strong>solvas</strong></span> <span class='ocrx_word' id='word_1_674' title='bbox 1119 912 1225 941; x_wconf 86' lang='lat' dir='ltr'><strong>peccata</strong></span> <span class='ocrx_word' id='word_1_675' title='bbox 1246 915 1252 933; x_wconf 89' lang='lat'>:</span> <span class='ocrx_word' id='word_1_676' title='bbox 1271 906 1297 933; x_wconf 94' lang='lat' dir='ltr'><strong>in</strong></span> <span class='ocrx_word' id='word_1_677' title='bbox 1324 915 1374 941; x_wconf 87' lang='lat' dir='ltr'><strong>qua</strong></span> <span class='ocrx_word' id='word_1_678' title='bbox 1399 914 1524 934; x_wconf 87' lang='lat' dir='ltr'><strong>mensura</strong></span> <span class='ocrx_word' id='word_1_679' title='bbox 1549 907 1644 934; x_wconf 88' lang='lat' dir='ltr'><strong>metior</strong></span> <span class='ocrx_word' id='word_1_680' title='bbox 1666 907 1796 942; x_wconf 78' lang='lat' dir='ltr'><strong>proximo,</strong></span> 
     </span>
    </p>
   </div>
   <div class='ocr_carea' id='block_1_85' title="bbox 1006 952 1348 980">
    <p class='ocr_par' dir='ltr' id='par_1_85' title="bbox 1006 952 1348 980">
     <span class='ocr_line' id='line_1_87' title="bbox 1006 952 1348 980; baseline -0.006 0"><span class='ocrx_word' id='word_1_681' title='bbox 1006 952 1100 980; x_wconf 89' lang='lat' dir='ltr'><strong>eadem</strong></span> <span class='ocrx_word' id='word_1_682' title='bbox 1113 953 1262 980; x_wconf 87' lang='lat' dir='ltr'><strong>reinetiaris</strong></span> <span class='ocrx_word' id='word_1_683' title='bbox 1275 952 1348 979; x_wconf 91' lang='lat' dir='ltr'><strong>milii.</strong></span> 
     </span>
    </p>
   </div>
   <div class='ocr_carea' id='block_1_86' title="bbox 1043 997 1797 1033">
    <p class='ocr_par' dir='ltr' id='par_1_86' title="bbox 1043 997 1797 1033">
     <span class='ocr_line' id='line_1_88' title="bbox 1043 997 1797 1033; baseline -0.001 -8"><span class='ocrx_word' id='word_1_684' title='bbox 1043 998 1106 1025; x_wconf 82' lang='lat' dir='ltr'><strong>Post</strong></span> <span class='ocrx_word' id='word_1_685' title='bbox 1134 1003 1240 1024; x_wconf 85' lang='lat' dir='ltr'><strong>mortem</strong></span> <span class='ocrx_word' id='word_1_686' title='bbox 1266 997 1330 1025; x_wconf 77' lang='lat' dir='ltr'><strong>nihil</strong></span> <span class='ocrx_word' id='word_1_687' title='bbox 1354 998 1629 1033; x_wconf 59' lang='lat' dir='ltr'><strong>merentum—Igitur</strong></span> <span class='ocrx_word' id='word_1_688' title='bbox 1655 1005 1714 1024; x_wconf 90' lang='lat' dir='ltr'><strong>cum</strong></span> <span class='ocrx_word' id='word_1_689' title='bbox 1741 997 1797 1025; x_wconf 62' lang='lat' dir='ltr'><strong>haec</strong></span> 
     </span>
    </p>
   </div>
   <div class='ocr_carea' id='block_1_87' title="bbox 1006 1042 1797 1077">
    <p class='ocr_par' dir='ltr' id='par_1_87' title="bbox 1006 1042 1797 1077">
     <span class='ocr_line' id='line_1_89' title="bbox 1006 1042 1797 1077; baseline -0.001 -7"><span class='ocrx_word' id='word_1_690' title='bbox 1006 1043 1134 1075; x_wconf 82' lang='lat' dir='ltr'><strong>sciamus,</strong></span> <span class='ocrx_word' id='word_1_691' title='bbox 1150 1051 1182 1070; x_wconf 86' lang='lat' dir='ltr'><strong>ae</strong></span> <span class='ocrx_word' id='word_1_692' title='bbox 1193 1043 1263 1071; x_wconf 88' lang='lat' dir='ltr'><strong>diem</strong></span> <span class='ocrx_word' id='word_1_693' title='bbox 1285 1043 1356 1070; x_wconf 92' lang='lat' dir='ltr'><strong>illum</strong></span> <span class='ocrx_word' id='word_1_694' title='bbox 1379 1042 1523 1070; x_wconf 83' lang='lat' dir='ltr'><strong>terribilem</strong></span> <span class='ocrx_word' id='word_1_695' title='bbox 1538 1043 1615 1070; x_wconf 80' lang='lat' dir='ltr'><strong>nobis</strong></span> <span class='ocrx_word' id='word_1_696' title='bbox 1632 1048 1797 1077; x_wconf 86' lang='lat' dir='ltr'><strong>reputemus,</strong></span> 
     </span>
    </p>
   </div>
   <div class='ocr_carea' id='block_1_88' title="bbox 1006 1089 1796 1124">
    <p class='ocr_par' dir='ltr' id='par_1_88' title="bbox 1006 1089 1796 1124">
     <span class='ocr_line' id='line_1_90' title="bbox 1006 1089 1796 1124; baseline -0.001 -7"><span class='ocrx_word' id='word_1_697' title='bbox 1006 1096 1034 1117; x_wconf 90' lang='lat' dir='ltr'><strong>et</strong></span> <span class='ocrx_word' id='word_1_698' title='bbox 1048 1091 1136 1124; x_wconf 80' lang='lat' dir='ltr'><strong>ignem</strong></span> <span class='ocrx_word' id='word_1_699' title='bbox 1153 1089 1236 1123; x_wconf 87' lang='lat' dir='ltr'><strong>illum,</strong></span> <span class='ocrx_word' id='word_1_700' title='bbox 1253 1095 1280 1117; x_wconf 92' lang='lat' dir='ltr'><strong>et</strong></span> <span class='ocrx_word' id='word_1_701' title='bbox 1295 1089 1440 1117; x_wconf 84' lang='lat' dir='ltr'><strong>terribili-ni</strong></span> <span class='ocrx_word' id='word_1_702' title='bbox 1459 1094 1648 1116; x_wconf 89' lang='lat' dir='ltr'><strong>tormentorum</strong></span> <span class='ocrx_word' id='word_1_703' title='bbox 1668 1089 1754 1117; x_wconf 88' lang='lat' dir='ltr'><strong>locum</strong></span> <span class='ocrx_word' id='word_1_704' title='bbox 1770 1091 1796 1116; x_wconf 91' lang='lat' dir='ltr'><strong>iii</strong></span> 
     </span>
    </p>
   </div>
   <div class='ocr_carea' id='block_1_89' title="bbox 1006 1135 1796 1170">
    <p class='ocr_par' dir='ltr' id='par_1_89' title="bbox 1006 1135 1796 1170">
     <span class='ocr_line' id='line_1_91' title="bbox 1006 1135 1796 1170; baseline 0 -8"><span class='ocrx_word' id='word_1_705' title='bbox 1006 1140 1123 1163; x_wconf 89' lang='lat' dir='ltr'><strong>mentem</strong></span> <span class='ocrx_word' id='word_1_706' title='bbox 1137 1135 1308 1170; x_wconf 89' lang='lat' dir='ltr'><strong>accipiamus,</strong></span> <span class='ocrx_word' id='word_1_707' title='bbox 1329 1140 1515 1162; x_wconf 86' lang='lat' dir='ltr'><strong>eouvertamus</strong></span> <span class='ocrx_word' id='word_1_708' title='bbox 1530 1143 1579 1162; x_wconf 92' lang='lat' dir='ltr'><strong>nos</strong></span> <span class='ocrx_word' id='word_1_709' title='bbox 1592 1135 1617 1162; x_wconf 93' lang='lat' dir='ltr'><strong>in</strong></span> <span class='ocrx_word' id='word_1_710' title='bbox 1631 1140 1766 1170; x_wconf 86' lang='lat' dir='ltr'><strong>posterum</strong></span> <span class='ocrx_word' id='word_1_711' title='bbox 1782 1144 1796 1162; x_wconf 89' lang='lat' dir='ltr'><strong>a</strong></span> 
     </span>
    </p>
   </div>
   <div class='ocr_carea' id='block_1_90' title="bbox 1005 1181 1798 1216">
    <p class='ocr_par' dir='ltr' id='par_1_90' title="bbox 1005 1181 1798 1216">
     <span class='ocr_line' id='line_1_92' title="bbox 1005 1181 1798 1216; baseline 0 -8"><span class='ocrx_word' id='word_1_712' title='bbox 1005 1181 1047 1208; x_wconf 90' lang='lat' dir='ltr'><strong>via</strong></span> <span class='ocrx_word' id='word_1_713' title='bbox 1062 1189 1112 1216; x_wconf 89' lang='lat' dir='ltr'><strong>qua</strong></span> <span class='ocrx_word' id='word_1_714' title='bbox 1135 1181 1293 1209; x_wconf 86' lang='lat' dir='ltr'><strong>erravimus.</strong></span> <span class='ocrx_word' id='word_1_715' title='bbox 1313 1181 1407 1209; x_wconf 76' lang='lat' dir='ltr'><strong>Veniet</strong></span> <span class='ocrx_word' id='word_1_716' title='bbox 1428 1181 1499 1208; x_wconf 87' lang='lat' dir='ltr'><strong>enim</strong></span> <span class='ocrx_word' id='word_1_717' title='bbox 1516 1181 1582 1208; x_wconf 91' lang='lat' dir='ltr'><strong>hora</strong></span> <span class='ocrx_word' id='word_1_718' title='bbox 1597 1181 1704 1216; x_wconf 88' lang='lat' dir='ltr'><strong>quando</strong></span> <span class='ocrx_word' id='word_1_719' title='bbox 1725 1181 1798 1208; x_wconf 89' lang='lat' dir='ltr'><strong>thea-</strong></span> 
     </span>
    </p>
   </div>
   <div class='ocr_carea' id='block_1_91' title="bbox 1006 1226 1795 1262">
    <p class='ocr_par' dir='ltr' id='par_1_91' title="bbox 1006 1226 1795 1262">
     <span class='ocr_line' id='line_1_93' title="bbox 1006 1226 1795 1262; baseline 0 -8"><span class='ocrx_word' id='word_1_720' title='bbox 1006 1231 1075 1254; x_wconf 90' lang='lat' dir='ltr'><strong>trum</strong></span> <span class='ocrx_word' id='word_1_721' title='bbox 1091 1226 1152 1254; x_wconf 74' lang='lat' dir='ltr'><strong>vitae</strong></span> <span class='ocrx_word' id='word_1_722' title='bbox 1165 1227 1244 1260; x_wconf 89' lang='lat' dir='ltr'><strong>hujus</strong></span> <span class='ocrx_word' id='word_1_723' title='bbox 1262 1227 1390 1260; x_wconf 87' lang='lat' dir='ltr'><strong>solvetur,</strong></span> <span class='ocrx_word' id='word_1_724' title='bbox 1413 1231 1441 1255; x_wconf 90' lang='lat' dir='ltr'><strong>et</strong></span> <span class='ocrx_word' id='word_1_725' title='bbox 1455 1227 1542 1255; x_wconf 89' lang='lat' dir='ltr'><strong>nullus</strong></span> <span class='ocrx_word' id='word_1_726' title='bbox 1558 1232 1648 1262; x_wconf 86' lang='lat' dir='ltr'><strong>postea</strong></span> <span class='ocrx_word' id='word_1_727' title='bbox 1663 1228 1776 1255; x_wconf 88' lang='lat' dir='ltr'><strong>certabit</strong></span> <span class='ocrx_word' id='word_1_728' title='bbox 1789 1237 1795 1254; x_wconf 94' lang='lat'>:</span> 
     </span>
    </p>
   </div>
   <div class='ocr_carea' id='block_1_92' title="bbox 1005 1272 1798 1308">
    <p class='ocr_par' dir='ltr' id='par_1_92' title="bbox 1005 1272 1798 1308">
     <span class='ocr_line' id='line_1_94' title="bbox 1005 1272 1798 1308; baseline -0.004 -8"><span class='ocrx_word' id='word_1_729' title='bbox 1005 1281 1058 1300; x_wconf 89' lang='lat' dir='ltr'><strong>non</strong></span> <span class='ocrx_word' id='word_1_730' title='bbox 1072 1277 1114 1300; x_wconf 87' lang='lat' dir='ltr'><strong>est</strong></span> <span class='ocrx_word' id='word_1_731' title='bbox 1129 1277 1189 1307; x_wconf 87' lang='lat' dir='ltr'><strong>post</strong></span> <span class='ocrx_word' id='word_1_732' title='bbox 1205 1273 1283 1307; x_wconf 85' lang='lat' dir='ltr'><strong>hujus</strong></span> <span class='ocrx_word' id='word_1_733' title='bbox 1295 1273 1356 1299; x_wconf 73' lang='lat' dir='ltr'><strong>vita:</strong></span> <span class='ocrx_word' id='word_1_734' title='bbox 1372 1273 1449 1300; x_wconf 84' lang='lat' dir='ltr'><strong>linem</strong></span> <span class='ocrx_word' id='word_1_735' title='bbox 1465 1273 1627 1308; x_wconf 76' lang='lat' dir='ltr'><strong>negotiatio:</strong></span> <span class='ocrx_word' id='word_1_736' title='bbox 1644 1272 1694 1300; x_wconf 85' lang='lat' dir='ltr'><strong>hoc</strong></span> <span class='ocrx_word' id='word_1_737' title='bbox 1711 1273 1798 1300; x_wconf 85' lang='lat' dir='ltr'><strong>soluto</strong></span> 
     </span>
    </p>
   </div>
   <div class='ocr_carea' id='block_1_93' title="bbox 1006 1317 1847 1353">
    <p class='ocr_par' dir='ltr' id='par_1_93' title="bbox 1006 1317 1847 1353">
     <span class='ocr_line' id='line_1_95' title="bbox 1006 1317 1847 1353; baseline -0.001 -7"><span class='ocrx_word' id='word_1_738' title='bbox 1006 1319 1110 1346; x_wconf 85' lang='lat' dir='ltr'><strong>theatro</strong></span> <span class='ocrx_word' id='word_1_739' title='bbox 1129 1326 1244 1346; x_wconf 81' lang='lat' dir='ltr'><strong>coronas</strong></span> <span class='ocrx_word' id='word_1_740' title='bbox 1264 1319 1361 1346; x_wconf 87' lang='lat' dir='ltr'><strong>mereri</strong></span> <span class='ocrx_word' id='word_1_741' title='bbox 1384 1327 1436 1346; x_wconf 94' lang='lat' dir='ltr'><strong>non</strong></span> <span class='ocrx_word' id='word_1_742' title='bbox 1450 1319 1538 1346; x_wconf 85' lang='lat' dir='ltr'><strong>datur.</strong></span> <span class='ocrx_word' id='word_1_743' title='bbox 1561 1319 1618 1346; x_wconf 83' lang='lat' dir='ltr'><strong>Hoc</strong></span> <span class='ocrx_word' id='word_1_744' title='bbox 1632 1323 1737 1353; x_wconf 87' lang='lat' dir='ltr'><strong>tempus</strong></span> <span class='ocrx_word' id='word_1_745' title='bbox 1757 1323 1799 1345; x_wconf 88' lang='lat' dir='ltr'><strong>est</strong></span> <span class='ocrx_word' id='word_1_746' title='bbox 1831 1317 1847 1329; x_wconf 54' lang='grc' dir='ltr'><strong>ν’</strong></span> 
     </span>
    </p>
   </div>
   <div class='ocr_carea' id='block_1_94' title="bbox 1005 1363 1798 1399">
    <p class='ocr_par' dir='ltr' id='par_1_94' title="bbox 1005 1363 1798 1399">
     <span class='ocr_line' id='line_1_96' title="bbox 1005 1363 1798 1399; baseline -0.001 -7"><span class='ocrx_word' id='word_1_747' title='bbox 1005 1365 1180 1399; x_wconf 49' lang='lat' dir='ltr'><strong>paenitentia;</strong></span> <span class='ocrx_word' id='word_1_748' title='bbox 1197 1364 1261 1391; x_wconf 92' lang='lat' dir='ltr'><strong>illud</strong></span> <span class='ocrx_word' id='word_1_749' title='bbox 1272 1363 1363 1399; x_wconf 92' lang='lat' dir='ltr'><strong>judicii</strong></span> <span class='ocrx_word' id='word_1_750' title='bbox 1380 1373 1386 1390; x_wconf 92' lang='lat'>:</span> <span class='ocrx_word' id='word_1_751' title='bbox 1403 1364 1454 1391; x_wconf 86' lang='lat' dir='ltr'><strong>hoc</strong></span> <span class='ocrx_word' id='word_1_752' title='bbox 1467 1372 1592 1399; x_wconf 81' lang='lat' dir='ltr'><strong>agonum.</strong></span> <span class='ocrx_word' id='word_1_753' title='bbox 1609 1364 1673 1391; x_wconf 92' lang='lat' dir='ltr'><strong>illud</strong></span> <span class='ocrx_word' id='word_1_754' title='bbox 1687 1371 1798 1391; x_wconf 89' lang='lat' dir='ltr'><strong>corona-</strong></span> 
     </span>
    </p>
   </div>
   <div class='ocr_carea' id='block_1_95' title="bbox 1006 1409 1797 1442">
    <p class='ocr_par' dir='ltr' id='par_1_95' title="bbox 1006 1409 1797 1442">
     <span class='ocr_line' id='line_1_97' title="bbox 1006 1409 1797 1442; baseline -0.003 -6"><span class='ocrx_word' id='word_1_755' title='bbox 1006 1418 1064 1438; x_wconf 93' lang='lat' dir='ltr'><strong>rum</strong></span> <span class='ocrx_word' id='word_1_756' title='bbox 1079 1419 1086 1437; x_wconf 85' lang='lat'><strong>:</strong></span> <span class='ocrx_word' id='word_1_757' title='bbox 1105 1410 1155 1437; x_wconf 87' lang='lat' dir='ltr'><strong>hoc</strong></span> <span class='ocrx_word' id='word_1_758' title='bbox 1177 1409 1285 1442; x_wconf 89' lang='lat' dir='ltr'><strong>laboris,</strong></span> <span class='ocrx_word' id='word_1_759' title='bbox 1309 1409 1374 1437; x_wconf 92' lang='lat' dir='ltr'><strong>illud</strong></span> <span class='ocrx_word' id='word_1_760' title='bbox 1388 1409 1560 1437; x_wconf 87' lang='lat' dir='ltr'><strong>relaxationis</strong></span> <span class='ocrx_word' id='word_1_761' title='bbox 1572 1417 1579 1435; x_wconf 88' lang='lat'><strong><em>:</em></strong></span> <span class='ocrx_word' id='word_1_762' title='bbox 1593 1409 1643 1436; x_wconf 88' lang='lat' dir='ltr'><strong>hoc</strong></span> <span class='ocrx_word' id='word_1_763' title='bbox 1660 1416 1797 1441; x_wconf 71' lang='lat' dir='ltr'><strong>:ertttniur,</strong></span> 
     </span>
    </p>
   </div>
   <div class='ocr_carea' id='block_1_96' title="bbox 1006 1454 1798 1488">
    <p class='ocr_par' dir='ltr' id='par_1_96' title="bbox 1006 1454 1798 1488">
     <span class='ocr_line' id='line_1_98' title="bbox 1006 1454 1798 1488; baseline -0.004 -5"><span class='ocrx_word' id='word_1_764' title='bbox 1006 1455 1071 1484; x_wconf 91' lang='lat' dir='ltr'><strong>illud</strong></span> <span class='ocrx_word' id='word_1_765' title='bbox 1085 1456 1277 1483; x_wconf 89' lang='lat' dir='ltr'><strong>retributionis.</strong></span> <span class='ocrx_word' id='word_1_766' title='bbox 1290 1455 1450 1488; x_wconf 86' lang='lat' dir='ltr'><strong>Excitcmni,</strong></span> <span class='ocrx_word' id='word_1_767' title='bbox 1463 1455 1584 1487; x_wconf 84' lang='lat' dir='ltr'><strong>obsecro,</strong></span> <span class='ocrx_word' id='word_1_768' title='bbox 1597 1454 1760 1484; x_wconf 76' lang='lat' dir='ltr'><strong>excitemiiii,</strong></span> <span class='ocrx_word' id='word_1_769' title='bbox 1770 1458 1798 1480; x_wconf 82' lang='lat' dir='ltr'><strong>ct</strong></span> 
     </span>
    </p>
   </div>
   <div class='ocr_carea' id='block_1_97' title="bbox 1005 1500 1795 1537">
    <p class='ocr_par' dir='ltr' id='par_1_97' title="bbox 1005 1500 1795 1537">
     <span class='ocr_line' id='line_1_99' title="bbox 1005 1500 1795 1537; baseline -0.005 -7"><span class='ocrx_word' id='word_1_770' title='bbox 1005 1509 1065 1537; x_wconf 63' lang='lat' dir='ltr'><strong>quae</strong></span> <span class='ocrx_word' id='word_1_771' title='bbox 1078 1501 1205 1529; x_wconf 91' lang='lat' dir='ltr'><strong>dicuntur</strong></span> <span class='ocrx_word' id='word_1_772' title='bbox 1223 1501 1342 1530; x_wconf 80' lang='lat' dir='ltr'><strong>suaviter</strong></span> <span class='ocrx_word' id='word_1_773' title='bbox 1359 1500 1508 1528; x_wconf 87' lang='lat' dir='ltr'><strong>audiamus.</strong></span> <span class='ocrx_word' id='word_1_774' title='bbox 1524 1500 1644 1530; x_wconf 79' lang='lat' dir='ltr'><strong>Viximus</strong></span> <span class='ocrx_word' id='word_1_775' title='bbox 1663 1500 1690 1527; x_wconf 91' lang='lat' dir='ltr'><strong>in</strong></span> <span class='ocrx_word' id='word_1_776' title='bbox 1703 1507 1795 1530; x_wconf 85' lang='lat' dir='ltr'><strong>ciinie,</strong></span> 
     </span>
    </p>
   </div>
   <div class='ocr_carea' id='block_1_98' title="bbox 1005 1545 1796 1582">
    <p class='ocr_par' dir='ltr' id='par_1_98' title="bbox 1005 1545 1796 1582">
     <span class='ocr_line' id='line_1_100' title="bbox 1005 1545 1796 1582; baseline -0.005 -7"><span class='ocrx_word' id='word_1_777' title='bbox 1005 1548 1126 1575; x_wconf 87' lang='lat' dir='ltr'><strong>vivamus</strong></span> <span class='ocrx_word' id='word_1_778' title='bbox 1139 1547 1250 1582; x_wconf 82' lang='lat' dir='ltr'><strong>posthac</strong></span> <span class='ocrx_word' id='word_1_779' title='bbox 1262 1547 1289 1574; x_wconf 93' lang='lat' dir='ltr'><strong>in</strong></span> <span class='ocrx_word' id='word_1_780' title='bbox 1308 1547 1402 1581; x_wconf 81' lang='lat' dir='ltr'><strong>spiritu</strong></span> <span class='ocrx_word' id='word_1_781' title='bbox 1418 1556 1424 1573; x_wconf 87' lang='lat'><strong>:</strong></span> <span class='ocrx_word' id='word_1_782' title='bbox 1438 1546 1553 1573; x_wconf 76' lang='lat' dir='ltr'><strong>viximus</strong></span> <span class='ocrx_word' id='word_1_783' title='bbox 1568 1546 1595 1573; x_wconf 89' lang='lat' dir='ltr'><strong>in</strong></span> <span class='ocrx_word' id='word_1_784' title='bbox 1607 1545 1796 1580; x_wconf 83' lang='lat' dir='ltr'><strong>voluptatibus,</strong></span> 
     </span>
    </p>
   </div>
   <div class='ocr_carea' id='block_1_99' title="bbox 1005 1591 1797 1626">
    <p class='ocr_par' dir='ltr' id='par_1_99' title="bbox 1005 1591 1797 1626">
     <span class='ocr_line' id='line_1_101' title="bbox 1005 1591 1797 1626; baseline -0.004 -6"><span class='ocrx_word' id='word_1_785' title='bbox 1005 1593 1126 1620; x_wconf 82' lang='lat' dir='ltr'><strong>vivamus</strong></span> <span class='ocrx_word' id='word_1_786' title='bbox 1140 1593 1165 1620; x_wconf 91' lang='lat' dir='ltr'><strong>in</strong></span> <span class='ocrx_word' id='word_1_787' title='bbox 1180 1593 1323 1620; x_wconf 89' lang='lat' dir='ltr'><strong>virtutibus</strong></span> <span class='ocrx_word' id='word_1_788' title='bbox 1337 1601 1344 1618; x_wconf 90' lang='lat'>:</span> <span class='ocrx_word' id='word_1_789' title='bbox 1359 1593 1474 1619; x_wconf 88' lang='lat' dir='ltr'><strong>viximus</strong></span> <span class='ocrx_word' id='word_1_790' title='bbox 1489 1593 1517 1619; x_wconf 91' lang='lat' dir='ltr'><strong>in</strong></span> <span class='ocrx_word' id='word_1_791' title='bbox 1537 1591 1708 1626; x_wconf 79' lang='lat' dir='ltr'><strong>negligentia,</strong></span> <span class='ocrx_word' id='word_1_792' title='bbox 1723 1592 1797 1617; x_wconf 82' lang='lat' dir='ltr'><strong>viva-</strong></span> 
     </span>
    </p>
   </div>
   <div class='ocr_carea' id='block_1_100' title="bbox 1005 1635 1797 1673">
    <p class='ocr_par' dir='ltr' id='par_1_100' title="bbox 1005 1635 1797 1673">
     <span class='ocr_line' id='line_1_102' title="bbox 1005 1635 1797 1673; baseline -0.004 -8"><span class='ocrx_word' id='word_1_793' title='bbox 1005 1646 1065 1666; x_wconf 89' lang='lat' dir='ltr'><strong>mus</strong></span> <span class='ocrx_word' id='word_1_794' title='bbox 1085 1639 1110 1665; x_wconf 89' lang='lat' dir='ltr'><strong>in</strong></span> <span class='ocrx_word' id='word_1_795' title='bbox 1127 1638 1291 1673; x_wconf 74' lang='lat' dir='ltr'><strong>pmnitentia.</strong></span> <span class='ocrx_word' id='word_1_796' title='bbox 1310 1638 1377 1672; x_wconf 83' lang='lat' dir='ltr'><strong>Quid</strong></span> <span class='ocrx_word' id='word_1_797' title='bbox 1396 1638 1506 1672; x_wconf 77' lang='lat' dir='ltr'><strong>superbit</strong></span> <span class='ocrx_word' id='word_1_798' title='bbox 1521 1643 1588 1664; x_wconf 80' lang='lat' dir='ltr'><strong>terra</strong></span> <span class='ocrx_word' id='word_1_799' title='bbox 1611 1642 1634 1663; x_wconf 87' lang='lat' dir='ltr'><strong>et</strong></span> <span class='ocrx_word' id='word_1_800' title='bbox 1654 1637 1716 1664; x_wconf 74' lang='lat' dir='ltr'><strong>cinis</strong></span> <span class='ocrx_word' id='word_1_801' title='bbox 1733 1635 1797 1672; x_wconf 77' lang='lat' dir='ltr'><strong>(Ec-</strong></span> 
     </span>
    </p>
   </div>
   <div class='ocr_carea' id='block_1_101' title="bbox 1005 1682 1796 1720">
    <p class='ocr_par' dir='ltr' id='par_1_101' title="bbox 1005 1682 1796 1720">
     <span class='ocr_line' id='line_1_103' title="bbox 1005 1682 1796 1720; baseline -0.004 -9"><span class='ocrx_word' id='word_1_802' title='bbox 1005 1685 1047 1711; x_wconf 89' lang='lat' dir='ltr'><strong>cli.</strong></span> <span class='ocrx_word' id='word_1_803' title='bbox 1061 1684 1103 1712; x_wconf 81' lang='grc'><strong>10.</strong></span> <span class='ocrx_word' id='word_1_804' title='bbox 1119 1683 1169 1720; x_wconf 88' lang='lat'><strong>9)?</strong></span> <span class='ocrx_word' id='word_1_805' title='bbox 1189 1683 1257 1717; x_wconf 87' lang='lat' dir='ltr'><strong>Quid</strong></span> <span class='ocrx_word' id='word_1_806' title='bbox 1274 1683 1385 1715; x_wconf 81' lang='lat' dir='ltr'><strong>inﬂaris,</strong></span> <span class='ocrx_word' id='word_1_807' title='bbox 1405 1683 1502 1711; x_wconf 85' lang='lat' dir='ltr'><strong>homo?</strong></span> <span class='ocrx_word' id='word_1_808' title='bbox 1518 1683 1579 1717; x_wconf 91' lang='lat' dir='ltr'><strong>quid</strong></span> <span class='ocrx_word' id='word_1_809' title='bbox 1599 1690 1726 1718; x_wconf 73' lang='lat' dir='ltr'><strong>arrogans</strong></span> <span class='ocrx_word' id='word_1_810' title='bbox 1746 1682 1796 1713; x_wconf 74' lang='lat' dir='ltr'><strong>es?</strong></span> 
     </span>
    </p>
   </div>
   <div class='ocr_carea' id='block_1_102' title="bbox 1005 1728 1796 1766">
    <p class='ocr_par' dir='ltr' id='par_1_102' title="bbox 1005 1728 1796 1766">
     <span class='ocr_line' id='line_1_104' title="bbox 1005 1728 1796 1766; baseline -0.001 -9"><span class='ocrx_word' id='word_1_811' title='bbox 1005 1731 1068 1766; x_wconf 89' lang='lat' dir='ltr'><strong>quid</strong></span> <span class='ocrx_word' id='word_1_812' title='bbox 1078 1738 1169 1765; x_wconf 89' lang='lat' dir='ltr'><strong>speras</strong></span> <span class='ocrx_word' id='word_1_813' title='bbox 1179 1738 1210 1757; x_wconf 93' lang='lat' dir='ltr'><strong>ex</strong></span> <span class='ocrx_word' id='word_1_814' title='bbox 1222 1730 1304 1764; x_wconf 82' lang='lat' dir='ltr'><strong>gloria</strong></span> <span class='ocrx_word' id='word_1_815' title='bbox 1315 1730 1406 1757; x_wconf 92' lang='lat' dir='ltr'><strong>mundi</strong></span> <span class='ocrx_word' id='word_1_816' title='bbox 1417 1734 1443 1757; x_wconf 87' lang='lat' dir='ltr'><strong>et</strong></span> <span class='ocrx_word' id='word_1_817' title='bbox 1454 1729 1552 1756; x_wconf 87' lang='lat' dir='ltr'><strong>divitiis</strong></span> <span class='ocrx_word' id='word_1_818' title='bbox 1562 1729 1573 1756; x_wconf 88' lang='lat'><strong>?</strong></span> <span class='ocrx_word' id='word_1_819' title='bbox 1582 1729 1753 1764; x_wconf 77' lang='lat' dir='ltr'><strong>Egrediainur</strong></span> <span class='ocrx_word' id='word_1_820' title='bbox 1764 1728 1796 1756; x_wconf 83' lang='lat' dir='ltr'><strong>ad</strong></span> 
     </span>
    </p>
   </div>
   <div class='ocr_carea' id='block_1_103' title="bbox 1005 1775 1798 1812">
    <p class='ocr_par' dir='ltr' id='par_1_103' title="bbox 1005 1775 1798 1812">
     <span class='ocr_line' id='line_1_105' title="bbox 1005 1775 1798 1812; baseline -0.004 -8"><span class='ocrx_word' id='word_1_821' title='bbox 1005 1778 1137 1811; x_wconf 88' lang='lat' dir='ltr'><strong>sepulcra,</strong></span> <span class='ocrx_word' id='word_1_822' title='bbox 1153 1777 1282 1809; x_wconf 77' lang='lat' dir='ltr'><strong>obsecro;</strong></span> <span class='ocrx_word' id='word_1_823' title='bbox 1299 1776 1435 1804; x_wconf 78' lang='lat' dir='ltr'><strong>rideamus</strong></span> <span class='ocrx_word' id='word_1_824' title='bbox 1451 1776 1486 1804; x_wconf 89' lang='lat' dir='ltr'><strong>ibi</strong></span> <span class='ocrx_word' id='word_1_825' title='bbox 1506 1776 1643 1812; x_wconf 86' lang='lat' dir='ltr'><strong>mysteria,</strong></span> <span class='ocrx_word' id='word_1_826' title='bbox 1661 1775 1798 1803; x_wconf 83' lang='lat' dir='ltr'><strong>videamus</strong></span> 
     </span>
    </p>
   </div>
   <div class='ocr_carea' id='block_1_104' title="bbox 1005 1820 1798 1858">
    <p class='ocr_par' dir='ltr' id='par_1_104' title="bbox 1005 1820 1798 1858">
     <span class='ocr_line' id='line_1_106' title="bbox 1005 1820 1798 1858; baseline -0.006 -7"><span class='ocrx_word' id='word_1_827' title='bbox 1005 1824 1166 1858; x_wconf 76' lang='lat' dir='ltr'><strong>discerptum</strong></span> <span class='ocrx_word' id='word_1_828' title='bbox 1185 1829 1317 1853; x_wconf 82' lang='lat' dir='ltr'><strong>naturam.</strong></span> <span class='ocrx_word' id='word_1_829' title='bbox 1332 1830 1392 1850; x_wconf 90' lang='lat' dir='ltr'><strong>ossa</strong></span> <span class='ocrx_word' id='word_1_830' title='bbox 1408 1830 1528 1855; x_wconf 88' lang='lat' dir='ltr'><strong>corrosa,</strong></span> <span class='ocrx_word' id='word_1_831' title='bbox 1549 1829 1661 1856; x_wconf 83' lang='lat' dir='ltr'><strong>corpora</strong></span> <span class='ocrx_word' id='word_1_832' title='bbox 1677 1820 1798 1856; x_wconf 78' lang='lat' dir='ltr'><strong>putrefa-</strong></span> 
     </span>
    </p>
   </div>
   <div class='ocr_carea' id='block_1_105' title="bbox 1005 1867 1796 1905">
    <p class='ocr_par' dir='ltr' id='par_1_105' title="bbox 1005 1867 1796 1905">
     <span class='ocr_line' id='line_1_107' title="bbox 1005 1867 1796 1905; baseline -0.008 -6"><span class='ocrx_word' id='word_1_833' title='bbox 1005 1876 1059 1899; x_wconf 72' lang='lat' dir='ltr'><strong>Cta.</strong></span> <span class='ocrx_word' id='word_1_834' title='bbox 1074 1870 1102 1898; x_wconf 90' lang='lat' dir='ltr'><strong>Si</strong></span> <span class='ocrx_word' id='word_1_835' title='bbox 1116 1870 1223 1905; x_wconf 83' lang='lat' dir='ltr'><strong>sapiens</strong></span> <span class='ocrx_word' id='word_1_836' title='bbox 1237 1877 1277 1903; x_wconf 83' lang='lat' dir='ltr'><strong>es,</strong></span> <span class='ocrx_word' id='word_1_837' title='bbox 1293 1869 1448 1901; x_wconf 88' lang='lat' dir='ltr'><strong>considera;</strong></span> <span class='ocrx_word' id='word_1_838' title='bbox 1470 1870 1492 1896; x_wconf 90' lang='lat' dir='ltr'><strong>si</strong></span> <span class='ocrx_word' id='word_1_839' title='bbox 1513 1868 1640 1903; x_wconf 88' lang='lat' dir='ltr'><strong>prudens,</strong></span> <span class='ocrx_word' id='word_1_840' title='bbox 1662 1867 1705 1898; x_wconf 86' lang='lat' dir='ltr'><strong>dic</strong></span> <span class='ocrx_word' id='word_1_841' title='bbox 1720 1867 1796 1898; x_wconf 81' lang='lat' dir='ltr'><strong>mihi,</strong></span> 
     </span>
    </p>
   </div>
   <div class='ocr_carea' id='block_1_106' title="bbox 1006 1913 1799 1952">
    <p class='ocr_par' dir='ltr' id='par_1_106' title="bbox 1006 1913 1799 1952">
     <span class='ocr_line' id='line_1_108' title="bbox 1006 1913 1799 1952; baseline -0.005 -9"><span class='ocrx_word' id='word_1_842' title='bbox 1006 1917 1065 1952; x_wconf 85' lang='lat' dir='ltr'><strong>quis</strong></span> <span class='ocrx_word' id='word_1_843' title='bbox 1089 1916 1143 1943; x_wconf 86' lang='lat' dir='ltr'><strong>illic</strong></span> <span class='ocrx_word' id='word_1_844' title='bbox 1162 1924 1210 1943; x_wconf 86' lang='lat' dir='ltr'><strong>rex</strong></span> <span class='ocrx_word' id='word_1_845' title='bbox 1233 1921 1261 1942; x_wconf 90' lang='lat' dir='ltr'><strong>et</strong></span> <span class='ocrx_word' id='word_1_846' title='bbox 1274 1916 1335 1951; x_wconf 89' lang='lat' dir='ltr'><strong>quis</strong></span> <span class='ocrx_word' id='word_1_847' title='bbox 1355 1916 1486 1950; x_wconf 74' lang='lat' dir='ltr'><strong>privatus,</strong></span> <span class='ocrx_word' id='word_1_848' title='bbox 1507 1915 1567 1950; x_wconf 91' lang='lat' dir='ltr'><strong>quis</strong></span> <span class='ocrx_word' id='word_1_849' title='bbox 1581 1913 1676 1941; x_wconf 87' lang='lat' dir='ltr'><strong>nobilis</strong></span> <span class='ocrx_word' id='word_1_850' title='bbox 1699 1913 1799 1948; x_wconf 86' lang='lat' dir='ltr'><strong>etquis</strong></span> 
     </span>
    </p>
   </div>
   <div class='ocr_carea' id='block_1_107' title="bbox 1006 1957 1799 1997">
    <p class='ocr_par' dir='ltr' id='par_1_107' title="bbox 1006 1957 1799 1997">
     <span class='ocr_line' id='line_1_109' title="bbox 1006 1957 1799 1997; baseline -0.009 -7"><span class='ocrx_word' id='word_1_851' title='bbox 1006 1970 1117 1994; x_wconf 82' lang='lat' dir='ltr'><strong>servus,</strong></span> <span class='ocrx_word' id='word_1_852' title='bbox 1144 1963 1203 1997; x_wconf 91' lang='lat' dir='ltr'><strong>quis</strong></span> <span class='ocrx_word' id='word_1_853' title='bbox 1225 1961 1332 1996; x_wconf 86' lang='lat' dir='ltr'><strong>sapiens</strong></span> <span class='ocrx_word' id='word_1_854' title='bbox 1352 1967 1378 1989; x_wconf 89' lang='lat' dir='ltr'><strong>et</strong></span> <span class='ocrx_word' id='word_1_855' title='bbox 1402 1960 1462 1996; x_wconf 90' lang='lat' dir='ltr'><strong>quis</strong></span> <span class='ocrx_word' id='word_1_856' title='bbox 1488 1959 1633 1994; x_wconf 72' lang='lat' dir='ltr'><strong>insipiens?</strong></span> <span class='ocrx_word' id='word_1_857' title='bbox 1662 1958 1712 1987; x_wconf 88' lang='lat' dir='ltr'><strong>Ubi</strong></span> <span class='ocrx_word' id='word_1_858' title='bbox 1741 1957 1799 1997; x_wconf 84' lang='lat' dir='ltr'><strong>pul-</strong></span> 
     </span>
    </p>
   </div>
   <div class='ocr_carea' id='block_1_108' title="bbox 1006 2006 1797 2041">
    <p class='ocr_par' dir='ltr' id='par_1_108' title="bbox 1006 2006 1797 2041">
     <span class='ocr_line' id='line_1_110' title="bbox 1006 2006 1797 2041; baseline -0.005 -6"><span class='ocrx_word' id='word_1_859' title='bbox 1006 2007 1129 2036; x_wconf 88' lang='lat' dir='ltr'><strong>chritudo</strong></span> <span class='ocrx_word' id='word_1_860' title='bbox 1153 2008 1207 2036; x_wconf 90' lang='lat' dir='ltr'><strong>illic</strong></span> <span class='ocrx_word' id='word_1_861' title='bbox 1228 2007 1427 2040; x_wconf 70' lang='lat' dir='ltr'><strong>adolescentiae,</strong></span> <span class='ocrx_word' id='word_1_862' title='bbox 1452 2006 1495 2034; x_wconf 91' lang='lat' dir='ltr'><strong>ubi</strong></span> <span class='ocrx_word' id='word_1_863' title='bbox 1513 2006 1645 2041; x_wconf 76' lang='lat' dir='ltr'><strong>gratiosus</strong></span> <span class='ocrx_word' id='word_1_864' title='bbox 1663 2008 1797 2040; x_wconf 70' lang='lat' dir='ltr'><strong>aSpectus.</strong></span> 
     </span>
    </p>
   </div>
   <div class='ocr_carea' id='block_1_109' title="bbox 1006 2050 1798 2089">
    <p class='ocr_par' dir='ltr' id='par_1_109' title="bbox 1006 2050 1798 2089">
     <span class='ocr_line' id='line_1_111' title="bbox 1006 2050 1798 2089; baseline -0.008 -7"><span class='ocrx_word' id='word_1_865' title='bbox 1006 2055 1051 2082; x_wconf 85' lang='lat' dir='ltr'><strong>ubi</strong></span> <span class='ocrx_word' id='word_1_866' title='bbox 1064 2055 1134 2082; x_wconf 88' lang='lat' dir='ltr'><strong>oculi</strong></span> <span class='ocrx_word' id='word_1_867' title='bbox 1147 2054 1271 2089; x_wconf 87' lang='lat' dir='ltr'><strong>speciosi,</strong></span> <span class='ocrx_word' id='word_1_868' title='bbox 1286 2054 1330 2081; x_wconf 94' lang='lat' dir='ltr'><strong>ubi</strong></span> <span class='ocrx_word' id='word_1_869' title='bbox 1340 2054 1447 2088; x_wconf 81' lang='lat' dir='ltr'><strong>elegans</strong></span> <span class='ocrx_word' id='word_1_870' title='bbox 1461 2059 1550 2084; x_wconf 86' lang='lat' dir='ltr'><strong>nasus,</strong></span> <span class='ocrx_word' id='word_1_871' title='bbox 1564 2051 1608 2079; x_wconf 89' lang='lat' dir='ltr'><strong>ubi</strong></span> <span class='ocrx_word' id='word_1_872' title='bbox 1622 2052 1704 2086; x_wconf 80' lang='lat' dir='ltr'><strong>ignita</strong></span> <span class='ocrx_word' id='word_1_873' title='bbox 1716 2050 1798 2082; x_wconf 82' lang='lat' dir='ltr'><strong>labia,</strong></span> 
     </span>
    </p>
   </div>
   <div class='ocr_carea' id='block_1_110' title="bbox 1006 2096 1798 2136">
    <p class='ocr_par' dir='ltr' id='par_1_110' title="bbox 1006 2096 1798 2136">
     <span class='ocr_line' id='line_1_112' title="bbox 1006 2096 1798 2136; baseline -0.009 -7"><span class='ocrx_word' id='word_1_874' title='bbox 1006 2102 1051 2129; x_wconf 91' lang='lat' dir='ltr'><strong>ubi</strong></span> <span class='ocrx_word' id='word_1_875' title='bbox 1066 2100 1235 2136; x_wconf 88' lang='lat' dir='ltr'><strong>pulchritudo</strong></span> <span class='ocrx_word' id='word_1_876' title='bbox 1257 2107 1396 2135; x_wconf 81' lang='lat' dir='ltr'><strong>genarum.</strong></span> <span class='ocrx_word' id='word_1_877' title='bbox 1422 2098 1466 2126; x_wconf 89' lang='lat' dir='ltr'><strong>ubi</strong></span> <span class='ocrx_word' id='word_1_878' title='bbox 1482 2098 1555 2125; x_wconf 81' lang='lat' dir='ltr'><strong>frons</strong></span> <span class='ocrx_word' id='word_1_879' title='bbox 1568 2096 1695 2124; x_wconf 81' lang='lat' dir='ltr'><strong>radians?</strong></span> <span class='ocrx_word' id='word_1_880' title='bbox 1709 2104 1798 2123; x_wconf 87' lang='lat' dir='ltr'><strong>annon</strong></span> 
     </span>
    </p>
   </div>
   <div class='ocr_carea' id='block_1_111' title="bbox 1006 2141 1800 2179">
    <p class='ocr_par' dir='ltr' id='par_1_111' title="bbox 1006 2141 1800 2179">
     <span class='ocr_line' id='line_1_113' title="bbox 1006 2141 1800 2179; baseline -0.009 -4"><span class='ocrx_word' id='word_1_881' title='bbox 1006 2148 1095 2174; x_wconf 89' lang='lat' dir='ltr'><strong>omnia</strong></span> <span class='ocrx_word' id='word_1_882' title='bbox 1109 2147 1197 2175; x_wconf 71' lang='lat' dir='ltr'><strong>cinis?</strong></span> <span class='ocrx_word' id='word_1_883' title='bbox 1213 2153 1302 2173; x_wconf 88' lang='lat' dir='ltr'><strong>nonne</strong></span> <span class='ocrx_word' id='word_1_884' title='bbox 1321 2145 1410 2173; x_wconf 85' lang='lat' dir='ltr'><strong>omnia</strong></span> <span class='ocrx_word' id='word_1_885' title='bbox 1433 2144 1538 2179; x_wconf 89' lang='lat' dir='ltr'><strong>pulvis?</strong></span> <span class='ocrx_word' id='word_1_886' title='bbox 1552 2150 1640 2171; x_wconf 85' lang='lat' dir='ltr'><strong>nonne</strong></span> <span class='ocrx_word' id='word_1_887' title='bbox 1652 2142 1740 2170; x_wconf 88' lang='lat' dir='ltr'><strong>omnia</strong></span> <span class='ocrx_word' id='word_1_888' title='bbox 1760 2141 1800 2169; x_wconf 81' lang='lat' dir='ltr'><strong>fa-</strong></span> 
     </span>
    </p>
   </div>
   <div class='ocr_carea' id='block_1_112' title="bbox 1008 2188 1800 2224">
    <p class='ocr_par' dir='ltr' id='par_1_112' title="bbox 1008 2188 1800 2224">
     <span class='ocr_line' id='line_1_114' title="bbox 1008 2188 1800 2224; baseline -0.008 -3"><span class='ocrx_word' id='word_1_889' title='bbox 1008 2194 1088 2221; x_wconf 85' lang='lat' dir='ltr'><strong>villa?</strong></span> <span class='ocrx_word' id='word_1_890' title='bbox 1103 2201 1192 2222; x_wconf 88' lang='lat' dir='ltr'><strong>nonne</strong></span> <span class='ocrx_word' id='word_1_891' title='bbox 1204 2193 1293 2221; x_wconf 86' lang='lat' dir='ltr'><strong>omnia</strong></span> <span class='ocrx_word' id='word_1_892' title='bbox 1306 2192 1424 2220; x_wconf 81' lang='lat' dir='ltr'><strong>vermis?</strong></span> <span class='ocrx_word' id='word_1_893' title='bbox 1439 2198 1529 2218; x_wconf 88' lang='lat' dir='ltr'><strong>nonne</strong></span> <span class='ocrx_word' id='word_1_894' title='bbox 1541 2189 1629 2217; x_wconf 89' lang='lat' dir='ltr'><strong>omnia</strong></span> <span class='ocrx_word' id='word_1_895' title='bbox 1649 2188 1760 2224; x_wconf 87' lang='lat' dir='ltr'><strong>putredo</strong></span> <span class='ocrx_word' id='word_1_896' title='bbox 1772 2192 1800 2215; x_wconf 87' lang='lat' dir='ltr'><strong>et</strong></span> 
     </span>
    </p>
   </div>
   <div class='ocr_carea' id='block_1_113' title="bbox 1009 2236 1799 2273">
    <p class='ocr_par' dir='ltr' id='par_1_113' title="bbox 1009 2236 1799 2273">
     <span class='ocr_line' id='line_1_115' title="bbox 1009 2236 1799 2273; baseline -0.01 -5"><span class='ocrx_word' id='word_1_897' title='bbox 1009 2240 1105 2268; x_wconf 85' lang='lat' dir='ltr'><strong>l&#39;cetor?</strong></span> <span class='ocrx_word' id='word_1_898' title='bbox 1119 2240 1182 2267; x_wconf 69' lang='lat' dir='ltr'><strong>Hice</strong></span> <span class='ocrx_word' id='word_1_899' title='bbox 1195 2239 1285 2266; x_wconf 82' lang='lat' dir='ltr'><strong>animo</strong></span> <span class='ocrx_word' id='word_1_900' title='bbox 1306 2241 1473 2273; x_wconf 84' lang='lat' dir='ltr'><strong>reputantes,</strong></span> <span class='ocrx_word' id='word_1_901' title='bbox 1490 2236 1594 2268; x_wconf 80' lang='lat' dir='ltr'><strong>fratres,</strong></span> <span class='ocrx_word' id='word_1_902' title='bbox 1611 2239 1638 2263; x_wconf 92' lang='lat' dir='ltr'><strong>et</strong></span> <span class='ocrx_word' id='word_1_903' title='bbox 1651 2240 1799 2262; x_wconf 87' lang='lat' dir='ltr'><strong>extremum</strong></span> 
     </span>
    </p>
   </div>
   <div class='ocr_carea' id='block_1_114' title="bbox 1010 2281 1798 2317">
    <p class='ocr_par' dir='ltr' id='par_1_114' title="bbox 1010 2281 1798 2317">
     <span class='ocr_line' id='line_1_116' title="bbox 1010 2281 1798 2317; baseline -0.01 -3"><span class='ocrx_word' id='word_1_904' title='bbox 1010 2287 1080 2314; x_wconf 89' lang='lat' dir='ltr'><strong>diem</strong></span> <span class='ocrx_word' id='word_1_905' title='bbox 1096 2286 1185 2313; x_wconf 91' lang='lat' dir='ltr'><strong>animo</strong></span> <span class='ocrx_word' id='word_1_906' title='bbox 1201 2289 1349 2316; x_wconf 88' lang='lat' dir='ltr'><strong>versantes,</strong></span> <span class='ocrx_word' id='word_1_907' title='bbox 1372 2283 1434 2310; x_wconf 92' lang='lat' dir='ltr'><strong>dum</strong></span> <span class='ocrx_word' id='word_1_908' title='bbox 1457 2287 1562 2317; x_wconf 89' lang='lat' dir='ltr'><strong>tempus</strong></span> <span class='ocrx_word' id='word_1_909' title='bbox 1584 2281 1723 2311; x_wconf 87' lang='lat' dir='ltr'><strong>habemus,</strong></span> <span class='ocrx_word' id='word_1_910' title='bbox 1736 2287 1798 2307; x_wconf 83' lang='lat' dir='ltr'><strong>eou-</strong></span> 
     </span>
    </p>
   </div>
   <div class='ocr_carea' id='block_1_115' title="bbox 1008 2328 1799 2365">
    <p class='ocr_par' dir='ltr' id='par_1_115' title="bbox 1008 2328 1799 2365">
     <span class='ocr_line' id='line_1_117' title="bbox 1008 2328 1799 2365; baseline -0.013 -4"><span class='ocrx_word' id='word_1_911' title='bbox 1008 2337 1142 2361; x_wconf 85' lang='lat' dir='ltr'><strong>vertamur</strong></span> <span class='ocrx_word' id='word_1_912' title='bbox 1155 2339 1169 2359; x_wconf 88' lang='lat' dir='ltr'><strong>a</strong></span> <span class='ocrx_word' id='word_1_913' title='bbox 1184 2332 1224 2359; x_wconf 87' lang='lat' dir='ltr'><strong>via</strong></span> <span class='ocrx_word' id='word_1_914' title='bbox 1237 2335 1338 2364; x_wconf 79' lang='lat' dir='ltr'><strong>nostra,</strong></span> <span class='ocrx_word' id='word_1_915' title='bbox 1353 2338 1404 2365; x_wconf 86' lang='lat' dir='ltr'><strong>qua</strong></span> <span class='ocrx_word' id='word_1_916' title='bbox 1417 2329 1574 2356; x_wconf 84' lang='lat' dir='ltr'><strong>erravimus.</strong></span> <span class='ocrx_word' id='word_1_917' title='bbox 1589 2328 1724 2363; x_wconf 84' lang='lat' dir='ltr'><strong>Sanguine</strong></span> <span class='ocrx_word' id='word_1_918' title='bbox 1738 2335 1784 2361; x_wconf 73' lang='lat' dir='ltr'><strong>pri:</strong></span> <span class='ocrx_word' id='word_1_919' title='bbox 1793 2342 1799 2346; x_wconf 96' lang='lat'><strong><em>-</em></strong></span> 
     </span>
    </p>
   </div>
   <div class='ocr_carea' id='block_1_116' title="bbox 1009 2373 1798 2413">
    <p class='ocr_par' dir='ltr' id='par_1_116' title="bbox 1009 2373 1798 2413">
     <span class='ocr_line' id='line_1_118' title="bbox 1009 2373 1798 2413; baseline -0.01 -6"><span class='ocrx_word' id='word_1_920' title='bbox 1009 2381 1078 2407; x_wconf 85' lang='lat' dir='ltr'><strong>tioso</strong></span> <span class='ocrx_word' id='word_1_921' title='bbox 1092 2378 1221 2413; x_wconf 89' lang='lat' dir='ltr'><strong>redempti</strong></span> <span class='ocrx_word' id='word_1_922' title='bbox 1232 2384 1325 2406; x_wconf 87' lang='lat' dir='ltr'><strong>sumus</strong></span> <span class='ocrx_word' id='word_1_923' title='bbox 1339 2377 1378 2411; x_wconf 87' lang='lat' dir='ltr'><strong>(l.</strong></span> <span class='ocrx_word' id='word_1_924' title='bbox 1392 2375 1464 2407; x_wconf 74' lang='lat' dir='ltr'><strong>Pctr.</strong></span> <span class='ocrx_word' id='word_1_925' title='bbox 1481 2375 1520 2409; x_wconf 76' lang='grc' dir='ltr'><strong>ί).</strong></span> <span class='ocrx_word' id='word_1_926' title='bbox 1533 2375 1644 2409; x_wconf 75' lang='lat' dir='ltr'><strong>Prnpler</strong></span> <span class='ocrx_word' id='word_1_927' title='bbox 1656 2379 1691 2403; x_wconf 88' lang='lat' dir='ltr'><strong>le,</strong></span> <span class='ocrx_word' id='word_1_928' title='bbox 1707 2373 1798 2403; x_wconf 84' lang='lat' dir='ltr'><strong>homo.</strong></span> 
     </span>
    </p>
   </div>
   <div class='ocr_carea' id='block_1_117' title="bbox 1011 2420 1801 2460">
    <p class='ocr_par' dir='ltr' id='par_1_117' title="bbox 1011 2420 1801 2460">
     <span class='ocr_line' id='line_1_119' title="bbox 1011 2420 1801 2460; baseline -0.008 -8"><span class='ocrx_word' id='word_1_929' title='bbox 1011 2425 1080 2453; x_wconf 86' lang='lat' dir='ltr'><strong>Deus</strong></span> <span class='ocrx_word' id='word_1_930' title='bbox 1100 2432 1180 2460; x_wconf 87' lang='lat' dir='ltr'><strong>super</strong></span> <span class='ocrx_word' id='word_1_931' title='bbox 1197 2428 1295 2451; x_wconf 86' lang='lat' dir='ltr'><strong>terram</strong></span> <span class='ocrx_word' id='word_1_932' title='bbox 1314 2423 1388 2450; x_wconf 86' lang='lat' dir='ltr'><strong>visus</strong></span> <span class='ocrx_word' id='word_1_933' title='bbox 1410 2426 1461 2454; x_wconf 87' lang='lat' dir='ltr'><strong>est,</strong></span> <span class='ocrx_word' id='word_1_934' title='bbox 1477 2429 1529 2448; x_wconf 93' lang='lat' dir='ltr'><strong>non</strong></span> <span class='ocrx_word' id='word_1_935' title='bbox 1545 2421 1646 2448; x_wconf 86' lang='lat' dir='ltr'><strong>habens</strong></span> <span class='ocrx_word' id='word_1_936' title='bbox 1663 2420 1706 2447; x_wconf 86' lang='lat' dir='ltr'><strong>ubi</strong></span> <span class='ocrx_word' id='word_1_937' title='bbox 1721 2424 1801 2454; x_wconf 89' lang='lat' dir='ltr'><strong>caput</strong></span> 
     </span>
    </p>
   </div>
   <div class='ocr_carea' id='block_1_118' title="bbox 1010 2466 1801 2506">
    <p class='ocr_par' dir='ltr' id='par_1_118' title="bbox 1010 2466 1801 2506">
     <span class='ocr_line' id='line_1_120' title="bbox 1010 2466 1801 2506; baseline -0.009 -7"><span class='ocrx_word' id='word_1_938' title='bbox 1010 2472 1120 2499; x_wconf 86' lang='lat' dir='ltr'><strong>reclinet</strong></span> <span class='ocrx_word' id='word_1_939' title='bbox 1141 2470 1215 2506; x_wconf 81' lang='lat' dir='ltr'><strong>(Luc.</strong></span> <span class='ocrx_word' id='word_1_940' title='bbox 1228 2470 1255 2498; x_wconf 92' lang='lat'><strong>9.</strong></span> <span class='ocrx_word' id='word_1_941' title='bbox 1270 2469 1327 2504; x_wconf 82' lang='lat'><strong>58).</strong></span> <span class='ocrx_word' id='word_1_942' title='bbox 1344 2469 1432 2504; x_wconf 57' lang='lat' dir='ltr'><strong>Papae,</strong></span> <span class='ocrx_word' id='word_1_943' title='bbox 1456 2476 1512 2496; x_wconf 84' lang='lat' dir='ltr'><strong>rem</strong></span> <span class='ocrx_word' id='word_1_944' title='bbox 1535 2467 1700 2496; x_wconf 85' lang='lat' dir='ltr'><strong>mirabilem!</strong></span> <span class='ocrx_word' id='word_1_945' title='bbox 1720 2466 1801 2504; x_wconf 82' lang='lat' dir='ltr'><strong>judi-x</strong></span> 
     </span>
    </p>
   </div>
   <div class='ocr_carea' id='block_1_119' title="bbox 1009 2514 1799 2551">
    <p class='ocr_par' dir='ltr' id='par_1_119' title="bbox 1009 2514 1799 2551">
     <span class='ocr_line' id='line_1_121' title="bbox 1009 2514 1799 2551; baseline -0.01 -5"><span class='ocrx_word' id='word_1_946' title='bbox 1009 2518 1042 2546; x_wconf 87' lang='lat' dir='ltr'><strong>ad</strong></span> <span class='ocrx_word' id='word_1_947' title='bbox 1057 2517 1170 2545; x_wconf 88' lang='lat' dir='ltr'><strong>tribunal</strong></span> <span class='ocrx_word' id='word_1_948' title='bbox 1190 2516 1294 2547; x_wconf 90' lang='lat' dir='ltr'><strong>ducitur</strong></span> <span class='ocrx_word' id='word_1_949' title='bbox 1316 2519 1424 2551; x_wconf 87' lang='lat' dir='ltr'><strong>propter</strong></span> <span class='ocrx_word' id='word_1_950' title='bbox 1445 2521 1523 2542; x_wconf 87' lang='lat' dir='ltr'><strong>reos:</strong></span> <span class='ocrx_word' id='word_1_951' title='bbox 1539 2514 1591 2544; x_wconf 79' lang='lat' dir='ltr'><strong>vita</strong></span> <span class='ocrx_word' id='word_1_952' title='bbox 1615 2518 1728 2545; x_wconf 84' lang='lat' dir='ltr'><strong>mortem</strong></span> <span class='ocrx_word' id='word_1_953' title='bbox 1749 2519 1799 2548; x_wconf 82' lang='lat' dir='ltr'><strong>gu-</strong></span> 
     </span>
    </p>
   </div>
   <div class='ocr_carea' id='block_1_120' title="bbox 1041 2600 1802 2638">
    <p class='ocr_par' dir='ltr' id='par_1_120' title="bbox 1041 2600 1802 2638">
     <span class='ocr_line' id='line_1_122' title="bbox 1041 2600 1802 2638; baseline -0.008 -7"><span class='ocrx_word' id='word_1_954' title='bbox 1041 2607 1050 2623; x_wconf 77' lang='grc' dir='ltr'>ί</span> <span class='ocrx_word' id='word_1_955' title='bbox 1066 2611 1176 2638; x_wconf 34' lang='lat' dir='ltr'><strong>negt”...</strong></span> <span class='ocrx_word' id='word_1_956' title='bbox 1188 2605 1226 2630; x_wconf 78' lang='lat' dir='ltr'><strong>sic</strong></span> <span class='ocrx_word' id='word_1_957' title='bbox 1237 2604 1339 2638; x_wconf 68' lang='lat' dir='ltr'><strong>salutari</strong></span> <span class='ocrx_word' id='word_1_958' title='bbox 1350 2603 1460 2638; x_wconf 54' lang='lat' dir='ltr'><strong>sanguini</strong></span> <span class='ocrx_word' id='word_1_959' title='bbox 1471 2601 1619 2634; x_wconf 75' lang='lat' dir='ltr'><strong>participare</strong></span> <span class='ocrx_word' id='word_1_960' title='bbox 1627 2600 1802 2638; x_wconf 64' lang='lat' dir='ltr'><strong>animaducite,</strong></span> 
     </span>
    </p>
   </div>
   <div class='ocr_carea' id='block_1_121' title="bbox 1009 2631 1801 2667">
    <p class='ocr_par' dir='ltr' id='par_1_121' title="bbox 1009 2631 1801 2667">
     <span class='ocr_line' id='line_1_123' title="bbox 1009 2631 1801 2667; baseline -0.009 -4"><span class='ocrx_word' id='word_1_961' title='bbox 1009 2631 1210 2667; x_wconf 42' lang='lat' dir='ltr'><strong>nequeﬁﬂueoro,</strong></span> <span class='ocrx_word' id='word_1_962' title='bbox 1233 2634 1264 2660; x_wconf 77' lang='lat' dir='ltr'><strong>ab</strong></span> <span class='ocrx_word' id='word_1_963' title='bbox 1275 2634 1382 2667; x_wconf 81' lang='lat' dir='ltr'><strong>ecclesiis</strong></span> <span class='ocrx_word' id='word_1_964' title='bbox 1394 2631 1513 2663; x_wconf 62' lang='lat' dir='ltr'><strong>&quot;abstinuit,</strong></span> <span class='ocrx_word' id='word_1_965' title='bbox 1534 2631 1609 2665; x_wconf 69' lang='lat' dir='ltr'><strong>neque</strong></span> <span class='ocrx_word' id='word_1_966' title='bbox 1628 2631 1801 2667; x_wconf 48' lang='lat' dir='ltr'><strong>colloqiiiirinf</strong></span> 
     </span>
    </p>
   </div>
   <div class='ocr_carea' id='block_1_122' title="bbox 1010 2665 1802 2701">
    <p class='ocr_par' dir='ltr' id='par_1_122' title="bbox 1010 2665 1802 2701">
     <span class='ocr_line' id='line_1_124' title="bbox 1010 2665 1802 2701; baseline -0.01 -7"><span class='ocrx_word' id='word_1_967' title='bbox 1010 2665 1158 2701; x_wconf 66' lang='lat' dir='ltr'><strong>didgeamus</strong></span> <span class='ocrx_word' id='word_1_968' title='bbox 1167 2674 1176 2692; x_wconf 87' lang='lat'><strong><em>:</em></strong></span> <span class='ocrx_word' id='word_1_969' title='bbox 1184 2671 1281 2701; x_wconf 68' lang='lat' dir='ltr'><strong>stemus.</strong></span> <span class='ocrx_word' id='word_1_970' title='bbox 1289 2665 1351 2701; x_wconf 70' lang='lat' dir='ltr'><strong>sicut</strong></span> <span class='ocrx_word' id='word_1_971' title='bbox 1362 2669 1509 2701; x_wconf 63' lang='lat' dir='ltr'><strong>princeptum</strong></span> <span class='ocrx_word' id='word_1_972' title='bbox 1516 2668 1560 2701; x_wconf 68' lang='lat' dir='ltr'><strong>est.</strong></span> <span class='ocrx_word' id='word_1_973' title='bbox 1574 2667 1700 2701; x_wconf 65' lang='lat' dir='ltr'><strong>trementes</strong></span> <span class='ocrx_word' id='word_1_974' title='bbox 1707 2667 1730 2688; x_wconf 75' lang='lat' dir='ltr'><strong>et</strong></span> <span class='ocrx_word' id='word_1_975' title='bbox 1742 2665 1802 2701; x_wconf 69' lang='lat' dir='ltr'><strong>toni-</strong></span> 
     </span>
    </p>
   </div>
   <div class='ocr_carea' id='block_1_123' title="bbox 1010 2694 1800 2730">
    <p class='ocr_par' dir='ltr' id='par_1_123' title="bbox 1010 2694 1800 2730">
     <span class='ocr_line' id='line_1_125' title="bbox 1010 2694 1800 2730; baseline -0.009 -5"><span class='ocrx_word' id='word_1_976' title='bbox 1010 2694 1122 2730; x_wconf 63' lang='lat' dir='ltr'><strong>di,&#39;i&#39;iultu</strong></span> <span class='ocrx_word' id='word_1_977' title='bbox 1142 2698 1244 2724; x_wconf 67' lang='lat' dir='ltr'><strong>demisso</strong></span> <span class='ocrx_word' id='word_1_978' title='bbox 1254 2697 1332 2722; x_wconf 74' lang='lat' dir='ltr'><strong>maesti</strong></span> <span class='ocrx_word' id='word_1_979' title='bbox 1339 2694 1383 2730; x_wconf 78' lang='lat' dir='ltr'><strong>,_t&#39;u</strong></span> <span class='ocrx_word' id='word_1_980' title='bbox 1393 2694 1485 2722; x_wconf 75' lang='lat' dir='ltr'><strong>terram</strong></span> <span class='ocrx_word' id='word_1_981' title='bbox 1496 2695 1585 2730; x_wconf 72' lang='lat' dir='ltr'><strong>oculosE</strong></span> <span class='ocrx_word' id='word_1_982' title='bbox 1629 2694 1721 2730; x_wconf 35' lang='lat' dir='ltr'><strong>[ctutum</strong></span> <span class='ocrx_word' id='word_1_983' title='bbox 1728 2700 1800 2730; x_wconf 71' lang='lat' dir='ltr'><strong>nteri-</strong></span> 
     </span>
    </p>
   </div>
   <div class='ocr_carea' id='block_1_124' title="bbox 1011 2725 1804 2762">
    <p class='ocr_par' dir='ltr' id='par_1_124' title="bbox 1011 2725 1804 2762">
     <span class='ocr_line' id='line_1_126' title="bbox 1011 2725 1804 2762; baseline -0.013 -5"><span class='ocrx_word' id='word_1_984' title='bbox 1011 2725 1180 2762; x_wconf 59' lang='lat' dir='ltr'><strong>tciri/erantex=</strong></span> <span class='ocrx_word' id='word_1_985' title='bbox 1193 2733 1317 2762; x_wconf 59' lang='lat' dir='ltr'><strong>Gerrunius</strong></span> <span class='ocrx_word' id='word_1_986' title='bbox 1336 2725 1386 2753; x_wconf 65' lang='lat' dir='ltr'><strong>Sine</strong></span> <span class='ocrx_word' id='word_1_987' title='bbox 1406 2734 1470 2756; x_wconf 81' lang='lat' dir='ltr'><strong>voce,</strong></span> <span class='ocrx_word' id='word_1_988' title='bbox 1489 2727 1562 2762; x_wconf 60' lang='lat' dir='ltr'><strong>corde</strong></span> <span class='ocrx_word' id='word_1_989' title='bbox 1569 2725 1709 2762; x_wconf 57' lang='lat' dir='ltr'><strong>jubilemus:</strong></span> <span class='ocrx_word' id='word_1_990' title='bbox 1723 2729 1804 2762; x_wconf 62' lang='lat' dir='ltr'><strong>nonne</strong></span> 
     </span>
    </p>
   </div>
   <div class='ocr_carea' id='block_1_125' title="bbox 1010 2755 1802 2792">
    <p class='ocr_par' dir='ltr' id='par_1_125' title="bbox 1010 2755 1802 2792">
     <span class='ocr_line' id='line_1_127' title="bbox 1010 2755 1802 2792; baseline -0.011 -5"><span class='ocrx_word' id='word_1_991' title='bbox 1010 2755 1078 2787; x_wconf 66' lang='lat' dir='ltr'><strong>videi;</strong></span> <span class='ocrx_word' id='word_1_992' title='bbox 1089 2767 1128 2786; x_wconf 78' lang='lat' dir='ltr'><strong>eos</strong></span> <span class='ocrx_word' id='word_1_993' title='bbox 1139 2760 1180 2792; x_wconf 88' lang='lat' dir='ltr'><strong>qui</strong></span> <span class='ocrx_word' id='word_1_994' title='bbox 1191 2759 1246 2792; x_wconf 70' lang='lat' dir='ltr'><strong>huic</strong></span> <span class='ocrx_word' id='word_1_995' title='bbox 1258 2762 1352 2792; x_wconf 70' lang='lat' dir='ltr'><strong>terreno</strong></span> <span class='ocrx_word' id='word_1_996' title='bbox 1363 2762 1385 2783; x_wconf 87' lang='lat' dir='ltr'><strong>et</strong></span> <span class='ocrx_word' id='word_1_997' title='bbox 1394 2755 1544 2792; x_wconf 57' lang='lat' dir='ltr'><strong>corruptibili</strong></span> <span class='ocrx_word' id='word_1_998' title='bbox 1551 2755 1576 2781; x_wconf 87' lang='lat' dir='ltr'><strong>ei</strong></span> <span class='ocrx_word' id='word_1_999' title='bbox 1582 2755 1711 2792; x_wconf 60' lang='lat' dir='ltr'><strong>temporali</strong></span> <span class='ocrx_word' id='word_1_1000' title='bbox 1716 2759 1740 2792; x_wconf 56' lang='lat' dir='ltr'><strong>Et</strong></span> <span class='ocrx_word' id='word_1_1001' title='bbox 1748 2762 1802 2792; x_wconf 45' lang='lat' dir='ltr'><strong>seu:</strong></span> 
     </span>
    </p>
   </div>
   <div class='ocr_carea' id='block_1_126' title="bbox 1010 2785 1803 2824">
    <p class='ocr_par' dir='ltr' id='par_1_126' title="bbox 1010 2785 1803 2824">
     <span class='ocr_line' id='line_1_128' title="bbox 1010 2785 1803 2824; baseline -0.01 -6"><span class='ocrx_word' id='word_1_1002' title='bbox 1010 2785 1075 2818; x_wconf 65' lang='lat' dir='ltr'><strong>sibili</strong></span> <span class='ocrx_word' id='word_1_1003' title='bbox 1087 2785 1276 2824; x_wconf 56' lang='lat' dir='ltr'><strong>reyi&#39;assistunt.</strong></span> <span class='ocrx_word' id='word_1_1004' title='bbox 1293 2789 1390 2824; x_wconf 70' lang='lat' dir='ltr'><strong>Reliqua</strong></span> <span class='ocrx_word' id='word_1_1005' title='bbox 1399 2789 1431 2824; x_wconf 91' lang='lat' dir='ltr'><strong>_ad</strong></span> <span class='ocrx_word' id='word_1_1006' title='bbox 1443 2785 1515 2824; x_wconf 69' lang='lat' dir='ltr'><strong>ﬁnem</strong></span> <span class='ocrx_word' id='word_1_1007' title='bbox 1526 2794 1605 2824; x_wconf 67' lang='lat' dir='ltr'><strong>usque</strong></span> <span class='ocrx_word' id='word_1_1008' title='bbox 1616 2785 1803 2824; x_wconf 17' lang='lat' dir='ltr'><strong>adeordilr‘eruizit</strong></span> 
     </span>
    </p>
   </div>
   <div class='ocr_carea' id='block_1_127' title="bbox 1011 2816 1803 2852">
    <p class='ocr_par' dir='ltr' id='par_1_127' title="bbox 1011 2816 1803 2852">
     <span class='ocr_line' id='line_1_129' title="bbox 1011 2816 1803 2852; baseline -0.01 -4"><span class='ocrx_word' id='word_1_1009' title='bbox 1011 2816 1060 2848; x_wconf 74' lang='lat' dir='ltr'><strong>non</strong></span> <span class='ocrx_word' id='word_1_1010' title='bbox 1068 2829 1106 2852; x_wconf 88' lang='lat' dir='ltr'><strong>re,</strong></span> <span class='ocrx_word' id='word_1_1011' title='bbox 1114 2816 1161 2847; x_wconf 64' lang='lat' dir='ltr'><strong>sed</strong></span> <span class='ocrx_word' id='word_1_1012' title='bbox 1169 2829 1252 2852; x_wconf 89' lang='lat' dir='ltr'><strong>sensu,</strong></span> <span class='ocrx_word' id='word_1_1013' title='bbox 1262 2825 1290 2846; x_wconf 88' lang='lat' dir='ltr'><strong>ut</strong></span> <span class='ocrx_word' id='word_1_1014' title='bbox 1301 2816 1406 2845; x_wconf 72' lang='lat' dir='ltr'><strong>exsérilii</strong></span> <span class='ocrx_word' id='word_1_1015' title='bbox 1413 2820 1491 2852; x_wconf 84' lang='lat' dir='ltr'><strong>omnia</strong></span> <span class='ocrx_word' id='word_1_1016' title='bbox 1502 2816 1605 2852; x_wconf 65' lang='lat' dir='ltr'><strong>opus&#39;sit</strong></span> <span class='ocrx_word' id='word_1_1017' title='bbox 1616 2818 1649 2846; x_wconf 90' lang='lat' dir='ltr'><strong>ei,</strong></span> <span class='ocrx_word' id='word_1_1018' title='bbox 1667 2823 1708 2852; x_wconf 82' lang='lat' dir='ltr'><strong>qui</strong></span> <span class='ocrx_word' id='word_1_1019' title='bbox 1720 2816 1803 2841; x_wconf 80' lang='lat' dir='ltr'><strong>discri-</strong></span> 
     </span>
    </p>
   </div>
   <div class='ocr_carea' id='block_1_128' title="bbox 1011 2847 1804 2909">
    <p class='ocr_par' dir='ltr' id='par_1_128' title="bbox 1011 2847 1804 2909">
     <span class='ocr_line' id='line_1_130' title="bbox 1011 2847 1804 2909; baseline -0.011 -30"><span class='ocrx_word' id='word_1_1020' title='bbox 1011 2847 1076 2890; x_wconf 78' lang='lat' dir='ltr'><strong>mina</strong></span> <span class='ocrx_word' id='word_1_1021' title='bbox 1093 2847 1175 2909; x_wconf 51' lang='lat' dir='ltr'><strong>(Ennii:</strong></span> <span class='ocrx_word' id='word_1_1022' title='bbox 1185 2847 1364 2885; x_wconf 66' lang='lat' dir='ltr'><strong>repraesentare</strong></span> <span class='ocrx_word' id='word_1_1023' title='bbox 1386 2850 1460 2881; x_wconf 79' lang='lat' dir='ltr'><strong>velit;</strong></span> <span class='ocrx_word' id='word_1_1024' title='bbox 1483 2847 1547 2881; x_wconf 81' lang='lat' dir='ltr'><strong>quod</strong></span> <span class='ocrx_word' id='word_1_1025' title='bbox 1564 2855 1624 2874; x_wconf 80' lang='lat' dir='ltr'><strong>sane</strong></span> <span class='ocrx_word' id='word_1_1026' title='bbox 1643 2847 1708 2873; x_wconf 87' lang='lat' dir='ltr'><strong>nullo</strong></span> <span class='ocrx_word' id='word_1_1027' title='bbox 1721 2852 1804 2879; x_wconf 67' lang='lat' dir='ltr'><strong>Opera</strong></span> 
     </span>
     <span class='ocr_line' id='line_1_131' title="bbox 1013 2890 1182 2909; baseline 0 0"><span class='ocrx_word' id='word_1_1028' title='bbox 1013 2890 1092 2909; x_wconf 85' lang='lat' dir='ltr'><strong>nreuo</strong></span> <span class='ocrx_word' id='word_1_1029' title='bbox 1120 2890 1163 2909; x_wconf 87' lang='lat' dir='ltr'><strong>ere</strong></span> <span class='ocrx_word' id='word_1_1030' title='bbox 1176 2902 1182 2909; x_wconf 89' lang='lat'><em>.</em></span> 
     </span>
    </p>
   </div>
   <div class='ocr_carea' id='block_1_129' title="bbox 1013 2885 1182 2917">
    <p class='ocr_par' dir='ltr' id='par_1_129' title="bbox 1013 2885 1182 2917">
     <span class='ocr_line' id='line_1_132' title="bbox 1013 2885 1182 2917; baseline 0 -8"><span class='ocrx_word' id='word_1_1031' title='bbox 1013 2885 1092 2917; x_wconf 82' lang='lat' dir='ltr'><strong>pretio</strong></span> <span class='ocrx_word' id='word_1_1032' title='bbox 1103 2885 1182 2910; x_wconf 83' lang='lat' dir='ltr'><strong>ﬁeret.</strong></span> 
     </span>
    </p>
   </div>
  </div>
