1978 3131
120 153 167 182 351

592 148 624 176 IN
645 147 726 175 DIEM
746 145 908 174 NATALEM
930 145 959 171 D.
981 145 1012 171 Ν.
1034 143 1114 171 JESU
1135 142 1278 170 CHRISTI.

1718 145 1770 172 τὶΞῖ

120 210 1426 228 W—

120 267 255 290 ιιίηιιιιΑ
279 265 313 286 ΙΝ
337 261 526 286 δειινΑΤοιιιε
548 259 660 281 NOSTIII
681 257 755 279 JESU
788 256 911 278 CHRISTI

969 256 1025 277 IEM
1057 256 1216 281 NATALEM,
1245 257 1298 282 QUI
1326 258 1448 283 QCIDEM
1480 259 1550 280 DIES
1580 259 1767 281 INCOGNITL'S

157 316 267 339 ADIIUC
292 315 373 336 ILLIS
395 309 604 337 TEMPOIIIBUS,
626 308 710 330 ANTE
731 307 848 328 PAUCOS
870 306 911 327 AD

967 306 1027 326 DUM
1050 306 1149 326 ANNOS
1171 307 1374 329 INNOTUERAT
1396 309 1455 329 PER
1478 309 1620 337 ALIQUOS,
1643 311 1696 336 QL'I
1727 311 1768 331 ΕΧ

155 367 336 391 occmENTE
358 362 524 386 VENERANT
545 359 649 386 ATQUE
671 356 907 380 INDICAVERANT
931 345 987 386 (a).

832 427 1043 455 mea

151 509 175 534 l.
189 507 258 540 Quae
278 506 334 540 jam
347 504 410 531 olim
432 501 590 537 patriarcha:
611 497 760 530 ardebant,
782 495 919 531 propheta:

115 553 318 591 praedicabant,
331 551 396 585 justi
409 555 519 577 cernere
531 546 673 581 cupiebant
683 544 789 579 (Matth.
802 542 847 591 15ἐ
859 541 916 574 l7),

114 588 145 629 ea
158 607 289 632 evenere,
306 603 332 626 et
347 598 426 625 ﬁnem
441 595 569 622 hodierno
581 593 625 620 die
638 593 798 625 acceperunt
811 597 818 614 :
832 588 917 615 Dens-

115 656 166 684 que
180 654 230 681 per
245 651 357 672 carnem
370 644 396 670 in
412 647 482 669 terra
497 641 570 667 visus
584 642 635 670 est,
648 641 675 664 et
690 643 751 663 cum
765 633 916 684 hominibus

113 679 294 720 conversatus
303 695 345 717 est
355 688 468 723 (Buruch
488 687 514 714 5.
524 685 581 716 58).
590 683 760 712 Gaudeamus
768 679 880 716 proinde
889 684 917 706 et

112 739 291 769 exsultemus,
302 736 402 764 dilecti.
411 734 477 761 Nam
486 733 508 760 si
518 733 634 760 Joannes
645 729 763 757 adhucin
773 732 848 754 utero
858 733 916 753 ma-

113 791 200 817 terno,
212 783 301 811 Maria
311 781 475 817 ingrediente
482 779 515 806 ad
527 774 806 810 Elizabet,exsultavit
816 782 822 800 :
832 772 916 800 multo

114 831 197 867 magis
208 838 269 862 nos,
282 838 336 856 non
347 828 468 860 Mariam,
477 825 524 854 sed
534 825 676 860 ipsummet
687 823 856 850 Servatorem
868 828 914 867 no-

113 866 195 906 strum
211 877 297 904 hodie
308 880 403 903 natum
414 873 619 908 conspicientes,
631 869 767 897 exsultare
780 872 807 895 et
818 866 915 902 gaudio

112 926 209 961 gestire
222 931 273 959 par
287 927 346 955 est;
360 926 388 949 et
398 921 533 956 suspicere
544 923 624 952 atque
635 924 696 944 cum
708 919 817 961 stupore
826 911 914 961 admi-

113 958 163 999 rari
172 958 371 998 incarnationis
379 968 438 1002 ejus
445 963 664 1000 magnitudinem,
674 960 747 988 omni
755 958 915 994 cogitatione

113 1018 293 1053 superiorem.
314 1015 414 1042 Tecum
427 1013 498 1040 enim
512 1014 605 1044 reputa
619 1012 747 1043 quantum
761 1006 810 1038 sit,
829 1004 914 1031 solem

113 1073 144 1092 ex
162 1064 236 1091 caelis
257 1061 468 1089 descendentem
488 1057 580 1084 videre
601 1057 627 1082 in
648 1059 718 1080 terra
740 1055 892 1080 currentem
905 1069 912 1082 ,

114 1111 257 1144 radiosque
272 1108 338 1135 hinc
349 1113 412 1133 suos
422 1103 546 1132 omnibus
557 1101 731 1129 emittentem.
744 1098 820 1132 Quod
830 1098 853 1124 si
862 1096 914 1124 tale

112 1157 208 1192 aliquid
220 1157 248 1182 in
263 1154 358 1182 sensili
371 1153 416 1180 illo
425 1150 549 1179 luminari
557 1148 692 1180 evenicns,
703 1146 797 1173 merito
807 1151 912 1194 omnes,

113 1189 241 1238 quotquot
254 1201 282 1227 id
297 1199 438 1231 viderent,
453 1198 479 1224 in
494 1201 628 1230 stuporem
639 1196 762 1227 raperet:
773 1189 913 1238 considera

114 1235 182 1276 nunc
196 1247 262 1274 mihi
282 1251 312 1273 et
325 1243 458 1280 perpende
468 1264 476 1275 ,
491 1249 571 1277 quam
585 1241 662 1275 longe
676 1239 762 1273 majus
775 1237 823 1270 sit,
835 1235 913 1271 justi-

114 1297 155 1322 tia:
174 1293 262 1321 Solem
283 1299 321 1319 ex
340 1297 430 1319 nostra
450 1296 530 1317 carne
549 1287 638 1315 radios
656 1293 719 1313 suos
737 1284 912 1319 ejaculantem

113 1341 407 1377 aspicere,animasque
414 1342 517 1364 nostras
526 1335 700 1362 illustrantem
707 1352 713 1358 .
722 1329 911 1377 Desiderabam

113 1376 160 1424 ego
168 1389 222 1423 jam
235 1386 343 1422 pridem
357 1385 428 1412 diem
442 1382 512 1409 hunc
522 1381 613 1408 videre
627 1388 634 1411 ;
650 1379 729 1413 idque
741 1385 793 1404 non
805 1376 911 1424 simpli-

113 1423 186 1467 citer,
200 1433 249 1461 sed
258 1440 323 1460 cum
335 1436 406 1458 tanta
421 1428 584 1463 frequentia,
599 1429 696 1461 quanta
709 1431 780 1451 nunc
790 1423 888 1449 adestis
903 1430 910 1448 :

114 1479 315 1513 identidemque
323 1476 418 1504 intueri
432 1474 591 1509 exoptabam
601 1472 733 1499 theatrum
744 1473 864 1497 nostrum
875 1469 910 1495 ita

113 1526 250 1561 compleri,
265 1521 494 1560 quemadmodum
508 1526 578 1547 nunc
585 1518 677 1545 videre
685 1523 736 1544 est.
746 1515 828 1551 Cujus
838 1514 909 1542 desi-

114 1573 177 1600 drrii
194 1571 250 1599 mei
268 1576 377 1597 summa
392 1567 506 1602 denique
524 1566 623 1593 evenit.
647 1564 770 1591 Nondum
790 1562 910 1589 decimus

114 1625 196 1645 annus
210 1621 253 1644 est
267 1624 305 1644 ex
319 1622 372 1651 quo
386 1614 429 1641 hic
443 1614 500 1648 ipse
514 1612 572 1639 dios
586 1610 726 1638 manifeste
739 1609 816 1636 nobis
831 1608 908 1635 inno-

115 1663 160 1690 tuit
174 1672 180 1689 :
194 1667 318 1690 attamen
331 1682 338 1693 ,
353 1659 464 1695 perinde
477 1666 508 1685 ac
520 1658 543 1685 si
554 1657 608 1692 jam
622 1657 684 1683 olim
699 1663 715 1682 a
731 1654 820 1682 multis
833 1654 909 1681 annis

114 1709 186 1737 nobis
199 1707 319 1735 traditus
331 1710 412 1737 esset,
424 1705 459 1732 ita
472 1711 552 1739 opera
565 1708 652 1730 vestra
665 1702 813 1729 celebratus
826 1699 909 1727 incla—

114 1757 173 1783 ruit.
190 1756 281 1788 Quare
297 1761 350 1780 non
365 1751 505 1784 erraverit,
518 1749 562 1784 qui
578 1748 702 1776 eumdem
717 1754 815 1774 novum
830 1746 908 1773 simul

114 1806 140 1829 et
159 1802 303 1836 antiquum
325 1802 461 1832 nuncupet
475 1805 482 1823 :
498 1802 596 1823 novum
619 1794 726 1829 quidem
747 1791 818 1827 quod
838 1798 908 1818 nunc

114 1849 217 1876 demum
233 1847 309 1874 illius
323 1844 416 1872 notitia
428 1843 462 1870 ad
474 1850 523 1870 nos
537 1840 701 1876 pervenerit;
713 1840 849 1874 antiquum
862 1845 908 1865 ve-

114 1903 142 1922 m
154 1900 180 1921 et
193 1897 343 1925 vetustum,
355 1890 425 1926 quod
438 1888 560 1916 celeriter
571 1886 760 1914 vetustioribus
772 1889 850 1912 :etate
862 1891 909 1911 ve-

115 1941 150 1968 lut
159 1947 259 1975 suppar
269 1937 391 1966 redditus
401 1936 446 1969 sit,
458 1941 484 1962 et
497 1933 529 1961 ad
541 1933 660 1961 eamdem
672 1940 732 1959 eum
747 1932 812 1967 ipsis
822 1931 908 1958 aetatis

115 1993 266 2013 mensuram
291 1982 451 2018 pervenerit.
472 1979 508 2008 Ut
521 1979 592 2007 enim
607 1986 744 2014 generosa:
760 1983 787 2005 et
805 1977 908 2004 nobiles

116 2032 206 2066 stirpes
220 2029 302 2057 simul
315 2034 394 2063 atque
408 2033 487 2055 terra:
500 2026 652 2053 inseruntur
664 2046 671 2056 ,
688 2025 768 2052 etiam
784 2023 909 2051 celeriter

115 2078 138 2104 in
148 2076 317 2104 altitudinem
327 2081 450 2108 magnam
459 2076 640 2104 succrescunt,
654 2070 833 2105 fructibusque
843 2077 907 2097 one-

116 2131 202 2152 mntnr
219 2133 226 2151 :
240 2131 298 2151 non
311 2122 387 2149 aliter
399 2121 443 2147 hic
454 2120 512 2147 dies
524 2140 531 2153 ,
545 2126 605 2146 cum
621 2118 655 2145 ab
669 2117 779 2145 exordio
793 2117 825 2144 iis
837 2137 844 2148 ,
862 2117 908 2152 qui

117 2171 139 2198 in
153 2170 302 2198 Occidente
315 2167 453 2199 habitant,
468 2166 590 2200 cognitus
609 2163 707 2196 fuerit,
723 2171 793 2190 nunc
807 2163 839 2190 ad
858 2171 908 2190 nos

117 2217 219 2244 demum
235 2222 291 2242 non
305 2217 368 2240 ante
381 2212 479 2239 multos
492 2218 577 2238 annos
591 2209 762 2237 transmissus
775 2229 782 2242 ,
797 2215 908 2243 repente

117 2262 149 2288 ita
170 2260 304 2292 increvit,
324 2259 458 2292 talemque
479 2256 538 2283 tulit
556 2255 688 2287 fructum,
709 2254 814 2289 qualem
838 2263 909 2282 nunc

117 2314 223 2334 cernere
233 2307 308 2338 licet,
319 2304 401 2339 septis
413 2302 510 2330 nostris
520 2301 618 2336 ubique
629 2300 744 2332 refertis,
756 2301 909 2336 temploque

118 2354 238 2380 universo
258 2359 316 2386 pra:
336 2348 504 2377 multitudine
523 2345 738 2374 concurrentium
757 2351 906 2381 angustato.

118 2399 172 2434 Quo
183 2403 275 2426 vestro
290 2402 343 2424 tam
357 2400 480 2430 prompto
496 2393 585 2420 studio
598 2392 706 2427 dignum
723 2392 861 2426 praemium
876 2392 910 2419 ab

118 2453 149 2473 eo
158 2466 165 2478 ,
179 2445 222 2480 qui
239 2443 320 2471 hodie
336 2441 481 2470 secundum
495 2447 603 2468 carnem
617 2439 739 2467 Christus
752 2444 830 2466 natus
847 2444 909 2472 est,

119 2495 269 2525 miieetate
281 2498 288 2516 :
299 2489 346 2516 ille
359 2487 433 2515 vobis
446 2487 515 2514 hanc
528 2486 692 2513 alacritatem
705 2485 810 2513 abunde
820 2493 911 2513 remu-

120 2537 273 2568 nerabitur;
296 2535 441 2563 maximum
463 2531 592 2567 siquidem
614 2539 676 2566 erga
698 2536 788 2558 natum
810 2531 910 2558 amoris

122 2582 242 2609 indicium
258 2586 301 2609 est
314 2579 432 2608 studium
451 2578 580 2606 hodierno
594 2577 637 2604 die
652 2578 810 2612 impensum.
835 2576 910 2610 Quod

122 2628 142 2654 si
155 2628 280 2655 nonnulla
300 2627 382 2654 etiam
399 2633 414 2651 a
431 2624 507 2652 nobis
526 2623 662 2651 conservis
678 2623 773 2650 vestris
791 2623 824 2649 ad
843 2623 912 2649 hanc

123 2680 176 2699 rem
188 2672 310 2699 facientia
324 2670 412 2698 afferri
427 2673 557 2704 oporteat,
570 2676 600 2695 ea
614 2668 730 2695 feremus
741 2675 767 2695 et
781 2675 840 2699 nos,
852 2676 911 2702 quae

125 2719 282 2753 poterimus;
296 2718 339 2745 vel
352 2717 448 2751 potius,
463 2724 520 2751 qua:
530 2715 618 2742 divina
631 2715 715 2749 gratia
726 2714 757 2741 ad
772 2714 910 2741 utilitatem

157 2839 166 2854 '
181 2845 228 2863 nuo
239 2842 292 2862 Mss.
312 2854 320 2866 ,
331 2842 378 2861 non
390 2840 529 2866 possumus;
548 2838 574 2859 et
585 2841 650 2864 mox,
661 2834 818 2860 inveniamur.

154 2890 186 2918 (τι)
199 2888 288 2914 Collala
301 2894 357 2911 cum
370 2886 425 2911 Mss.
438 2886 517 2917 Regiis
529 2885 598 2915 l959,
609 2885 680 2916 mea,
691 2886 762 2917 2028,
775 2887 836 2913 2545

273 2930 410 2961 Parnm.
435 2933 491 2961 Gn.
517 2933 542 2962 Χ.
551 2933 627 2963 ΗΧ.

971 494 1085 518 vestram
1099 492 1210 519 dicenda
1222 493 1335 520 dederit.
1351 494 1418 528 Quid
1431 495 1510 530 igitur
1523 496 1652 524 hodierno
1664 498 1708 525 die
1719 507 1766 525 an-

970 535 1028 563 dire
1042 538 1157 571 cupitis?
1173 539 1234 572 quid
1249 539 1331 573 aliud,
1346 548 1425 575 quam
1438 541 1472 568 de
1485 542 1536 569 hoc
1549 542 1607 577 ipso
1621 543 1684 571 die?
1698 545 1764 572 Nam

970 582 1069 610 multos
1080 583 1158 610 etiam
1170 593 1240 611 nunc
1252 586 1320 613 inter
1329 594 1358 614 se
1368 587 1402 614 de
1412 595 1445 614 eo
1456 588 1513 623 ipso
1522 589 1670 624 disceptare
1681 592 1764 625 probe

970 628 1031 656 novi
1047 639 1054 656 :
1070 635 1097 657 et
1115 630 1164 658 hos
1181 632 1288 666 quidem
1308 633 1381 660 illum
1404 635 1600 669 reprehendere
1613 657 1619 669 ,
1634 637 1701 664 alios
1716 638 1764 665 de?

970 675 1092 708 fundere;
1108 678 1206 705 multus
1220 679 1317 714 ubique
1331 680 1364 707 de
1376 681 1426 708 hoc
1439 680 1483 708 die
1497 689 1597 715 sermo,
1611 684 1707 718 partim
1723 684 1748 711 in

969 722 1129 756 cusantium,
1144 725 1218 758 quasi
1232 732 1316 753 novus
1331 726 1375 759 sit,
1390 734 1513 762 nnncque
1527 735 1621 755 recens
1633 729 1762 762 invectus,

970 767 1065 802 partim
1080 769 1203 796 eumdem
1219 773 1461 806 propugnantium,
1477 777 1610 808 tamquam
1625 775 1764 810 antiquum

968 821 1000 840 ac
1013 819 1162 849 vetustum;
1180 824 1239 843 eum
1254 823 1279 844 et
1295 818 1358 844 olim
1374 819 1536 846 nativitatem
1554 821 1612 855 ejus
1627 821 1764 856 propheta:

969 859 1149 894 praedixerint,
1161 866 1188 888 et
1198 862 1252 896 jam
1268 863 1329 891 inde
1342 872 1358 890 a
1373 865 1518 899 primordio
1531 866 1565 893 ab
1579 867 1635 901 ipsa
1648 868 1762 896 Thracia

969 904 1057 932 Gades
1067 913 1149 941 usque
1161 908 1338 937 incolentibus
1348 910 1501 938 manifestus
1512 916 1539 939 et
1549 912 1661 940 celebris
1671 913 1761 941 fuerit.

969 951 1090 985 Agedum
1111 953 1190 987 igitur
1202 974 1210 986 ,
1227 954 1259 980 de
1280 953 1354 981 hisee
1373 962 1524 983 sermonem
1540 958 1717 986 cxordiamur.
1735 959 1764 987 Si

969 998 1040 1023 enim
1054 997 1097 1024 hic
1111 998 1167 1033 ipse
1178 999 1235 1026 dies
1249 1000 1336 1027 adhuc
1349 1001 1374 1027 in
1388 1001 1579 1037 disceptatione
1592 1004 1693 1038 positus
1707 1009 1764 1032 tan-

969 1047 996 1069 ta
1011 1043 1093 1071 animi
1106 1045 1187 1072 vestri
1201 1046 1378 1080 propensione
1392 1047 1498 1081 fruitur,
1514 1049 1603 1084 utique
1617 1050 1640 1077 si
1654 1051 1742 1078 notior
1752 1071 1761 1084 ,

967 1095 1046 1124 atque
1056 1090 1123 1118 adeo
1134 1091 1291 1120 manifestus
1301 1093 1405 1126 evadat,
1418 1094 1487 1122 haud
1499 1095 1577 1123 dubie
1588 1096 1666 1131 longe
1677 1097 1762 1132 majo-

968 1143 1023 1162 rem
1036 1136 1146 1171 hujusce
1155 1138 1235 1165 studii
1245 1139 1328 1166 vestri
1338 1139 1453 1167 fructum
1465 1142 1603 1176 percipiet,
1615 1144 1761 1178 perspicui-

968 1187 1031 1214 tate,
1043 1191 1101 1217 qua:
1113 1191 1145 1210 ex
1157 1184 1207 1211 hac
1217 1184 1327 1212 docendi
1339 1187 1441 1214 ratione
1452 1193 1584 1221 nascetur,
1598 1189 1665 1216 hanc
1675 1191 1759 1224 ipsam

966 1228 1047 1255 animi
1062 1229 1141 1256 vestri
1157 1230 1322 1258 affectionem
1337 1232 1463 1267 majorem
1483 1234 1509 1260 in
1523 1234 1597 1261 vobis
1617 1236 1760 1264 efﬁciente.

1003 1273 1092 1301 Tribus
1113 1275 1367 1304 demonstrationibus
1383 1279 1471 1312 probat
1490 1287 1519 1306 eo
1539 1284 1650 1315 tempore
1672 1286 1760 1309 natum

965 1328 1018 1347 esse
1032 1320 1168 1348 Christum.
1193 1321 1329 1358 Evangelii
1349 1324 1494 1360 prwdicatio
1512 1326 1603 1360 qualis.
1619 1341 1655 1346 ——-
1670 1327 1762 1356 llabeo

966 1374 1045 1395 norro
1061 1372 1114 1394 tres
1127 1367 1161 1394 ad
1176 1368 1339 1402 probandum
1354 1369 1598 1398 demonstrationes
1611 1392 1617 1403 ,
1635 1380 1682 1407 per
1694 1380 1761 1408 quas

965 1414 1073 1441 omnino
1087 1415 1259 1447 intelligimus
1273 1416 1324 1444 hoc
1340 1417 1425 1451 ipsum
1439 1425 1499 1445 esse
1514 1423 1632 1453 tempus,
1647 1426 1701 1454 quo
1714 1420 1760 1447 Je-

964 1467 1009 1486 sus
1020 1460 1141 1487 Christus
1154 1461 1281 1489 Dominus
1289 1467 1381 1489 noster
1389 1470 1420 1490 ac
1429 1463 1498 1491 Deus
1507 1463 1623 1491 Verbum
1636 1467 1661 1492 in
1673 1465 1759 1501 lucem

964 1510 1007 1532 est
1019 1506 1114 1533 editus.
1132 1506 1249 1540 Quarum
1270 1509 1328 1535 haec
1347 1509 1432 1543 prima
1451 1513 1500 1541 est,
1525 1509 1596 1544 quod
1623 1515 1695 1538 tanta
1715 1518 1760 1539 εις-

963 1550 1067 1578 leritate
1079 1559 1278 1586 quaquaversus
1293 1553 1343 1580 hoc
1358 1554 1453 1580 festum
1467 1554 1650 1582 denuntiatum
1666 1556 1716 1590 sit,
1732 1560 1760 1584 et

964 1596 999 1623 ad
1016 1600 1118 1624 tantum
1133 1596 1266 1632 fastigium
1281 1599 1446 1630 excreverit,
1459 1599 1579 1635 adeoque
1594 1601 1757 1630 inelaruerit.

964 1643 998 1670 Et
1009 1643 1079 1677 quod
1093 1643 1223 1672 Gamaliel
1236 1645 1270 1672 de
1291 1646 1478 1679 prmdicatione
1490 1647 1555 1673 dixit
1570 1656 1576 1673 :
1593 1648 1722 1681 Quoniam
1735 1649 1758 1676 si

961 1693 1003 1716 est
1021 1697 1056 1716 ex
1069 1689 1223 1718 hominibus
1233 1711 1241 1724 ,
1263 1690 1440 1725 dissolvetur;
1464 1692 1485 1719 si
1499 1700 1564 1720 vero
1581 1701 1614 1720 ex
1629 1694 1685 1722 Deo
1697 1700 1737 1722 cst
1747 1715 1756 1726 .

962 1743 1014 1762 non
1029 1737 1140 1770 potestis
1156 1737 1164 1752 ί
1177 1736 1324 1765 dissolvere
1338 1737 1403 1765 illud
1414 1759 1422 1772 ,
1436 1746 1470 1766 ne
1485 1739 1553 1767 forte
1567 1744 1594 1767 et
1608 1740 1662 1768 Deo
1677 1749 1758 1776 repu-

961 1788 1044 1815 gnare
1059 1782 1231 1810 inveniamini
1246 1783 1313 1818 (Act.
1326 1783 1351 1810 5.
1366 1784 1411 1811 38.
1425 1782 1469 1819 59)
1484 1794 1489 1811 :
1506 1784 1556 1812 hoc
1569 1789 1596 1813 et
1608 1793 1657 1821 ego
1672 1787 1741 1814 fiden
1751 1803 1758 1809 -

963 1833 1004 1855 ter
1016 1827 1050 1855 de
1061 1828 1106 1856 die
1119 1829 1169 1856 hoc
1180 1830 1405 1863 pronuntiaverim
1419 1841 1425 1858 :
1437 1831 1563 1865 quoniam
1574 1840 1607 1859 ex
1620 1833 1675 1860 Deo
1689 1833 1758 1861 Deus

963 1872 1140 1904 Verbum.est
1157 1874 1256 1902 idcirco
1270 1882 1322 1902 non
1337 1876 1422 1902 Solum
1438 1884 1490 1903 non
1505 1876 1662 1904 dissolutum
1676 1886 1756 1907 esse:

961 1919 1024 1954 quin
1045 1920 1131 1954 potius
1154 1928 1203 1956 per
1218 1929 1303 1948 annos
1320 1922 1438 1956 singulos
1459 1923 1544 1957 majus
1563 1924 1757 1954 incrementum

961 1973 1068 1993 sumere
1082 1966 1276 2002 clarioremque
1293 1967 1407 1995 evadere
1421 1977 1427 1994 :
1442 1969 1568 2003 quoniam
1583 1973 1610 1996 et
1625 1969 1669 1997 illa
1687 1978 1757 2006 prte-

962 2012 1059 2040 dicatio
1069 2020 1213 2048 paucorum
1224 2021 1355 2041 annorum
1367 2015 1452 2049 spatio
1463 2016 1614 2043 universum
1626 2021 1756 2045 terrarum

961 2059 1054 2086 orbein
1075 2059 1229 2094 occupavit;
1246 2067 1408 2095 quamquam
1429 2061 1604 2088 tentoriorum
1624 2063 1736 2097 Opifich

963 2105 1117 2138 piscatores,
1127 2105 1262 2132 literarum
1271 2105 1351 2133 rudes
1361 2111 1387 2133 et
1398 2107 1512 2142 imperiti
1524 2107 1645 2136 homines
1655 2113 1753 2142 essent,

961 2150 1005 2184 qui
1028 2150 1099 2177 illam
1115 2158 1316 2186 quoquoversus
1328 2151 1477 2186 perferrent
1491 2161 1498 2180 :
1513 2161 1600 2188 neque
1614 2154 1750 2189 quidquan

962 2195 1144 2223 ministrorum
1167 2196 1254 2223 vilitas
1277 2197 1387 2229 nocuit,
1413 2205 1472 2224 cum
1496 2199 1612 2233 potentia
1633 2199 1692 2234 ejus
1712 2201 1757 2234 qui

963 2242 1170 2276 prredicahatur,
1187 2243 1275 2270 omnia
1291 2244 1449 2279 anticiparet
1460 2265 1468 2277 ,
1486 2245 1674 2280 impedimenta
1692 2247 1756 2274 sub-

963 2293 1092 2321 moveret,
1107 2296 1139 2316 QC
1151 2296 1225 2316 suam
1240 2288 1294 2316 vim
1308 2295 1454 2318 exsereret.

996 2334 1024 2361 2.
1045 2334 1132 2362 Altera
1140 2334 1329 2363 demonstratio.
1341 2335 1383 2363 Et
1392 2341 1502 2371 tempore
1511 2337 1686 2372 descriptionia
1694 2343 1757 2365 tem-

967 2390 1016 2416 pus
1033 2381 1187 2409 Nativitatis
1205 2385 1288 2415 patet.
1300 2397 1333 2401 —
1346 2381 1423 2414 Quod
1439 2382 1461 2408 si
1476 2381 1537 2416 quis
1548 2381 1619 2409 forte
1631 2383 1756 2417 pervica-

970 2428 1035 2460 cior,
1048 2427 1101 2455 illis
1115 2435 1176 2463 qua:
1187 2427 1259 2455 dicta
1277 2431 1339 2454 sunt
1353 2435 1408 2454 non
1422 2427 1576 2462 acquiescat
1591 2436 1597 2454 :
1614 2431 1656 2455 est
1671 2429 1756 2456 altera

967 2473 1172 2505 demonstratio,
1181 2481 1260 2508 quam
1269 2473 1422 2500 aerremus.
1432 2472 1497 2505 Quae
1506 2481 1571 2501 vero
1578 2473 1628 2501 ista
1635 2474 1646 2500 ’ἶ
1654 2473 1719 2507 Qua:
1727 2474 1753 2501 in

968 2517 1149 2551 descriptione
1160 2517 1214 2549 illa,
1226 2517 1304 2551 cujus
1310 2516 1454 2552 Evangelia
1465 2517 1632 2545 mentionem
1641 2518 1753 2551 faciunt,

968 2561 1019 2589 sita
1028 2567 1078 2588 est.
1092 2561 1203 2589 Factum
1214 2568 1251 2589 est
1263 2563 1342 2595 enim,
1351 2562 1440 2596 inquit
1449 2563 1612 2598 evangelista
1626 2563 1701 2597 (Luc.
1714 2565 1752 2597 οὶ).

963 2613 990 2635 in
1004 2608 1090 2636 diebus
1102 2609 1152 2636 illis
1164 2629 1172 2642 ,
1186 2612 1246 2636 eam
1259 2611 1368 2635 edictum
1382 2618 1398 2635 a
1412 2611 1511 2636 Caesare
1524 2612 1636 2644 Augusto
1646 2629 1654 2641 ,
1668 2614 1696 2635 ut
1714 2609 1755 2634 dc-

964 2655 1111 2682 scribcrelur
1125 2655 1254 2682 universus
1266 2655 1342 2682 orbis.
1363 2655 1426 2682 Illac
1445 2656 1581 2690 descriptio
1596 2656 1678 2690 prima
1691 2656 1755 2691 facta

965 2705 999 2728 est
1014 2700 1120 2736 prwside
1138 2700 1222 2735 Syria:
1235 2700 1350 2735 (ἱςμ-εηὶο.
1369 2700 1401 2727 Ει
1414 2701 1483 2727 ibant
1501 2710 1586 2728 omnes
1596 2722 1603 2733 ,
1617 2706 1643 2727 ut
1656 2700 1753 2735 pro/ile.

965 2751 1060 2777 rentur,
1075 2746 1168 2780 singuli
1179 2746 1205 2772 in
1216 2746 1340 2772 civitatem
1353 2755 1434 2772 suam.
1452 2747 1566 2774 Ascendit
1579 2751 1663 2773 autem
1674 2751 1697 2772 et
1709 2745 1758 2773 Jo-

966 2793 1027 2828 seplt
1040 2801 1055 2819 a
1069 2791 1175 2819 Galikza
1188 2793 1219 2818 de
1232 2793 1330 2818 civitate
1345 2792 1475 2820 Nazaret/t
1488 2793 1514 2820 in
1527 2793 1646 2820 Judwam
1659 2813 1666 2824 ,
1681 2793 1708 2819 in
1720 2793 1758 2818 ci-

967 2839 1067 2865 vitatem
1085 2837 1187 2870 David,
1202 2845 1257 2872 qua:
1271 2843 1373 2864 vocatur
1387 2837 1531 2865 Belide/tem
1542 2860 1548 2870 ,
1566 2847 1594 2865 σο
1614 2838 1681 2873 quod
1697 2843 1760 2864 esset

968 2884 998 2912 de
1016 2883 1090 2911 domo
1107 2889 1128 2911 ct
1147 2883 1244 2918 familia
1267 2883 1347 2910 David
1361 2891 1370 2911 :
1383 2889 1409 2911 ut
1428 2886 1587 2920 pro/ilnmtur
1605 2892 1660 2911 cunt
1677 2883 1760 2910 Maria

1550 2928 1589 2957 22
