1978 3131
198 145 248 171 ὃῗῆ

197 205 349 233 desponsata
370 198 417 226 sibi
437 205 515 224 uxore
536 200 690 231 prwgnante.
712 193 820 220 Factum
834 198 868 220 est
885 197 969 219 autem
981 213 988 224 ,

196 257 253 276 nun
272 251 351 274 essent
370 245 404 272 ibi
416 265 423 277 ,
436 243 531 278 impleti
546 246 604 269 sunt
623 241 675 268 dies
688 245 715 267 ut
728 245 826 276 pareret
839 247 848 266 :
859 244 882 265 et
896 239 990 273 peperit

197 295 278 327 ﬁliuni
292 301 366 320 suum
382 289 573 326 primogenitum
586 308 594 320 ,
607 292 631 314 et
652 287 742 321 pannis
762 294 819 312 eum
834 284 952 316 involvit,
967 288 992 310 et

197 339 326 367 reclinavit
341 346 397 365 eum
415 337 442 363 in
462 335 584 370 prtesepio
596 343 606 361 :
617 334 677 369 quia
692 341 741 359 non
759 337 813 359 erat
828 332 863 358 eis
882 331 951 358 locus
965 330 992 357 in

198 385 345 414 diversorio.
358 384 398 411 Ex
411 383 451 409 his
463 382 556 417 liquet,
570 381 664 415 prima:
676 377 862 413 descriptionis
873 382 993 412 tempore

200 437 291 460 natum
306 438 375 458 esse.
393 429 426 456 Et
440 429 482 456 cui
495 432 599 455 veteres
619 425 790 453 historiarum
809 423 915 451 codices
926 443 934 456 ,
947 423 992 458 qui

201 479 292 506 Romae
305 476 408 511 publice
421 478 606 505 asaentantur,
621 471 742 499 lectitare
756 470 854 502 libeat,
868 468 994 504 perfacile

199 525 279 552 etiam
294 529 398 557 tempus
411 520 489 556 hujus
501 518 689 554 descriptionis
700 521 822 544 accurate
832 515 937 543 discere
948 522 994 550 po-

200 572 272 600 terit.
288 571 420 599 Ca-terum
437 568 498 604 quid
511 568 562 595 hoc
574 567 607 594 ad
621 573 670 594 nos
683 565 754 593 dicat
766 564 871 600 aliquis,
884 563 929 599 qui
942 563 995 590 illic

201 626 288 653 neque
303 625 393 645 sumus
408 623 494 650 neque
514 615 611 641 fuimus
626 612 771 648 umquam?
785 611 930 643 Ausculta;
945 618 995 637 ne-

201 672 254 700 que
262 663 377 695 difﬁdas,
392 664 452 697 quia
465 661 498 688 ab
509 661 560 688 illis
571 659 616 695 qui
627 662 746 686 exactam
759 657 838 692 hujus
852 657 890 684 rei
903 655 995 691 cogni-

202 712 302 738 tionem
317 709 416 736 habent
430 707 526 742 quique
541 706 613 733 illam
633 705 726 732 urbem
743 703 910 736 inhabitant,
925 701 996 729 hunc

202 757 274 784 diem
286 754 436 788 accepimus
449 762 456 780 :
467 759 527 779 nam
540 751 577 778 illi
590 750 650 785 ipsi,
663 750 707 785 qui
721 749 773 776 illic
785 752 995 781 commorantur,

203 801 287 829 multo
297 805 358 828 ante
368 803 395 826 et
404 807 435 826 ex
447 799 553 832 antiqua
565 796 706 823 traditione
718 795 804 830 ipsum
816 794 996 826 celebrantes,

203 847 237 874 ad
252 853 301 873 nos
315 852 398 880 usque
413 844 483 870 illius
498 842 618 870 notitiam
633 849 703 868 nunc
717 840 929 867 transmiserunt.
946 838 999 866 Ne~

204 900 256 928 que
274 892 346 920 enim
366 889 529 924 evangelista
549 887 706 923 simpliciter
721 887 797 914 nobis
814 886 878 913 illud
893 890 998 920 tempus

205 938 346 970 indicavit;
361 936 407 964 sed
422 937 469 968 ita,
484 939 514 962 ut
525 934 605 962 etiam
620 941 670 960 una
687 933 757 960 hunc
770 932 840 960 diem
853 931 929 958 nobis
943 938 999 958 ina-

205 985 330 1012 nifestum
346 981 469 1009 redderet
482 985 510 1007 et
524 979 690 1014 exploratum
702 998 710 1011 ,
725 977 825 1012 Deique
840 976 1000 1004 incarnatio-

205 1037 267 1057 nem
283 1028 453 1063 patefaceret.
471 1026 562 1060 Neque
576 1024 647 1052 enim
660 1028 755 1058 suopte
767 1023 894 1057 impulsu,
909 1027 955 1049 aut
967 1030 1000 1049 ex

205 1082 235 1102 se
250 1074 308 1109 ipso
323 1074 457 1107 Augustus
476 1071 592 1099 edictum
607 1070 658 1097 hoc
672 1068 866 1104 promulgavit,
883 1068 929 1095 scd
945 1068 1000 1095 Deo

206 1120 324 1147 animum
347 1118 430 1153 ipsius
452 1117 620 1149 concitante,
644 1120 673 1142 ut
692 1114 735 1142 vel
756 1114 854 1142 invitus
877 1113 1001 1141 adventui

206 1165 342 1201 Unigcniti
355 1163 530 1192 subserviret.
546 1164 580 1190 At
592 1161 655 1197 quid
669 1161 737 1194 hoc,
751 1161 856 1196 inquis,
870 1160 903 1187 ad
916 1160 1001 1187 incar-

206 1211 342 1239 nationem
358 1208 550 1237 ostendendam
562 1207 690 1235 momenti
701 1206 798 1234 habet?
810 1205 867 1233 Non
878 1213 1000 1241 parvum,

207 1258 313 1289 dilecte,
329 1263 415 1291 neque
429 1255 514 1282 ubivis
526 1254 633 1281 obvium
643 1273 651 1286 ,
667 1252 713 1280 sed
729 1260 852 1288 maguum
869 1251 978 1278 omnino
994 1260 1000 1277 :

206 1304 328 1338 adeoque
343 1309 423 1329 untun
437 1309 469 1328 ex
485 1301 517 1327 iis
530 1300 580 1327 hoc
591 1304 649 1330 est,
663 1307 722 1334 qua:
736 1298 888 1326 necessario
902 1305 933 1324 ac
947 1304 1003 1324 stu-

207 1350 284 1377 diose
298 1351 461 1383 quzeruutur.
479 1345 563 1379 Quale
577 1344 684 1372 tandem
699 1344 783 1371 illud?
806 1343 915 1372 Galilma
929 1344 1003 1378 regio

208 1394 329 1430 qua-dam
344 1392 558 1424 estl’altcstiuce;
572 1390 703 1418 Nazareth
714 1395 802 1417 autem
817 1390 842 1417 in
855 1398 885 1417 ca
896 1390 1000 1416 civitas.

208 1441 311 1467 Rursus
323 1439 415 1466 Iudaea
431 1438 503 1473 regio
516 1442 567 1467 est.
581 1437 614 1464 ab
627 1435 758 1471 indigenis
771 1435 822 1463 hoc
835 1436 943 1463 nomine
955 1443 1002 1463 ro—

209 1487 305 1517 citata;
322 1484 476 1512 Bcthlehem
488 1491 552 1510 vero
565 1482 664 1510 Judaza:
676 1482 780 1509 civitas.
796 1481 928 1509 Christum
942 1489 1004 1517 por-

209 1540 241 1559 ro
262 1538 357 1558 omnes
380 1530 517 1565 prophetae
533 1528 730 1564 praedixerant,
746 1536 798 1555 non
814 1535 828 1555 a
851 1528 980 1555 Nazareth
995 1549 1003 1562 ,

210 1579 257 1606 sed
271 1586 285 1605 δ
301 1577 458 1606 Bcthlehem
475 1581 630 1608 venturum,
647 1576 752 1610 illicque
767 1575 939 1602 nasciturum.
967 1575 1003 1602 Ita

211 1625 282 1652 enim
304 1624 433 1658 scriptum
449 1628 489 1650 est
505 1631 512 1650 :
528 1621 560 1648 Et
575 1627 601 1648 tu
617 1620 762 1648 Bel/ile/iem
777 1626 844 1647 terra
857 1620 927 1647 Judn
939 1641 947 1653 ,
962 1629 1005 1647 ne-

211 1679 334 1707 quaquam
356 1670 461 1696 minium
482 1678 507 1696 es
526 1669 551 1695 in
570 1667 725 1703 principibus
740 1666 821 1694 Iuda.
845 1667 887 1694 Ea:
902 1672 925 1694 le
938 1668 1005 1694 enim

214 1718 279 1744 (πίει
293 1716 355 1743 Dux
369 1736 377 1747 ,
390 1716 432 1750 qui
445 1720 511 1749 reget
527 1714 648 1750 populum
662 1721 745 1740 nteant
757 1712 841 1740 Israel
855 1712 959 1747 (Matth.
975 1713 1003 1740 (ὲ.

211 1763 229 1789 6
251 1771 258 1794 ;
274 1762 354 1788 Mica.
369 1762 395 1789 5.
410 1761 428 1787 2
439 1759 459 1796 ).
481 1761 514 1787 Et
534 1759 620 1786 Judaei
640 1758 704 1786 olim
723 1760 757 1785 ab
771 1757 877 1786 Herode
892 1757 1006 1785 interro-

211 1809 276 1844 gati,
291 1808 334 1835 ubi
351 1811 506 1834 nasceretur
520 1806 642 1833 Christus
655 1825 663 1837 ,
679 1805 730 1832 hoc
743 1805 829 1840 ipsum
845 1805 869 1831 ei
884 1804 1004 1832 testimo-

211 1855 284 1881 nium
300 1853 456 1880 retulerunt.
481 1852 555 1879 lianc
568 1851 689 1879 eamdem
707 1850 742 1878 ob
756 1857 864 1878 causam
881 1850 1006 1884 loquente

211 1898 374 1926 Nathanaele
387 1898 420 1924 ad
436 1896 597 1931 Philippum,
607 1900 748 1931 postquam
760 1896 783 1923 ei
795 1895 904 1927 dicenti,
917 1894 1006 1922 Iesum

212 1954 228 1971 a
244 1944 375 1979 Nazareth
387 1943 525 1970 invenimus
538 1941 625 1979 (Joan.
643 1942 669 1968 l.
684 1941 718 1968 45
728 1941 799 1976 47),
814 1940 1004 1976 respondisset,

214 1991 235 2018 Α
250 1989 381 2017 Nazareth
395 1994 476 2024 potest
490 1988 587 2023 aliquid
601 1987 659 2014 boni
677 1995 730 2014 esse
740 1987 753 2013 .7
765 1986 888 2014 Christus
901 1986 934 2013 de
949 1986 1007 2021 ipso

213 2036 252 2062 ait
266 2045 272 2062 '.
288 2034 353 2062 Ecce
365 2042 422 2061 vere
434 2033 552 2060 Israelita
565 2053 573 2066 ,
587 2033 614 2059 in
631 2040 680 2068 quo
700 2032 773 2059 dolus
787 2040 837 2058 non
856 2036 902 2058 est.
927 2031 1008 2066 Cujus

213 2087 302 2108 autem
319 2081 357 2108 rei
370 2080 454 2116 gratia
468 2080 554 2115 ipsum
570 2079 605 2106 ita
620 2078 835 2109 commendavit?
847 2077 923 2111 Quod
939 2085 1008 2105 nuu-

214 2128 252 2155 tio
266 2128 310 2154 illo
330 2127 443 2162 Philippi
464 2133 516 2153 non
541 2125 661 2160 protinus
683 2124 761 2152 fuerit
781 2125 907 2158 abreptus
924 2132 930 2149 :
946 2131 1006 2150 nam

214 2172 357 2201 manifeste
368 2173 499 2208 planeque
509 2171 621 2204 sciebat,
635 2179 721 2206 neque
731 2171 758 2197 in
768 2169 909 2203 Nazareth,
923 2177 1008 2204 neque

215 2221 242 2248 in
257 2220 364 2247 Caliltea
377 2218 511 2246 Christum
525 2218 599 2244 nasci
613 2217 724 2249 debere,
737 2216 784 2243 sed
800 2217 826 2242 in
838 2215 931 2243 Juthea
943 2220 970 2243 et
983 2215 1008 2242 in

214 2266 372 2294 Bethlehem
385 2274 391 2291 :
403 2264 474 2300 quod
486 2270 514 2292 et
525 2265 560 2291 ita
571 2264 669 2290 factum
680 2262 774 2289 fuerat.
788 2261 1009 2296 Quandoquidem

215 2321 280 2348 ergo
294 2312 444 2346 Philippum
460 2311 486 2338 id
500 2310 618 2343 latebat,
632 2308 778 2337 Nathanacl
798 2313 886 2335 autem
899 2315 949 2343 pro
961 2315 1009 2342 pe-

215 2359 276 2386 ritia
288 2366 368 2393 quam
382 2357 447 2392 legis
462 2357 593 2389 habebat,
608 2363 668 2383 cum
684 2356 765 2382 sciret
778 2362 808 2382 ea
822 2375 829 2387 ,
844 2362 903 2389 qua:
917 2362 931 2380 a
947 2362 1010 2388 pro-

217 2404 306 2439 phetis
319 2404 389 2430 dicta
406 2407 506 2436 essent,
522 2409 680 2437 responsum
696 2402 820 2428 vaticinio
835 2401 958 2435 superius
972 2400 1010 2427 al—

217 2451 271 2476 lato
290 2454 498 2476 coiisentaneum
515 2448 614 2480 dabat,
630 2456 644 2475 a
659 2447 790 2474 Nazareth
807 2446 941 2474 Christum
957 2454 1010 2474 non

216 2503 357 2525 Venturum
382 2506 388 2523 :
412 2501 552 2532 propterea
575 2498 655 2524 etiam
677 2497 762 2531 inquit
784 2496 928 2524 Christus:
947 2496 1012 2523 Ecce

216 2551 273 2569 uere
296 2543 414 2569 Israelita
428 2563 435 2575 ,
452 2543 479 2569 in
499 2550 549 2578 quo
569 2542 642 2569 dolus
665 2551 714 2568 non
735 2547 781 2569 est.
806 2542 861 2569 llae
882 2543 963 2569 etiam
978 2544 1011 2569 de

216 2597 296 2616 causa
307 2589 414 2623 quidam
423 2588 574 2615 Iudaeorum
581 2588 725 2615 Nicodemo
733 2588 869 2615 dicebant:
881 2588 1008 2621 Scrutare,

217 2639 240 2661 et
255 2635 310 2661 vide
324 2635 384 2669 quia
396 2642 409 2661 e
422 2634 530 2661 Galilteu
551 2635 673 2669 propheta
687 2643 736 2661 non
744 2634 873 2661 excitatur
884 2633 973 2668 (Joan.
984 2634 1010 2661 7.

217 2679 274 2714 52).
291 2680 324 2707 Et
339 2687 431 2707 rursus
446 2689 452 2707 :
470 2680 564 2707 Nonne
576 2689 591 2706 a
604 2679 749 2707 Bethlehem
771 2680 891 2712 castello,
904 2679 946 2706 ubi
959 2684 1011 2706 erat

218 2727 314 2760 David,
328 2725 444 2753 Christus
456 2727 522 2753 uenit
536 2726 614 2762 (Ibid.
631 2727 677 2762 42)
689 2727 700 2753 ?
713 2728 800 2761 Atque
812 2726 880 2753 adeo
893 2733 1012 2752 commu-

218 2774 260 2800 nis
275 2773 393 2800 omnium
418 2773 549 2800 sententia
569 2777 627 2800 erat
638 2793 645 2805 ,
662 2772 730 2799 haud
746 2772 826 2799 dubie
845 2773 918 2799 illinc
930 2793 938 2806 ,
958 2779 1011 2798 non

217 2826 307 2848 autem
321 2827 337 2847 a
350 2819 458 2848 Galilaza
470 2839 478 2852 ,
496 2824 636 2846 venturum
651 2826 720 2846 esse.

255 2866 312 2900 Qua
325 2868 456 2895 occasione
470 2866 584 2894 Christus
597 2871 671 2892 natus
683 2866 709 2892 in
729 2863 1012 2899 Bethlehem.—ltaque

563 137 590 165 S.
611 136 748 165 JOANNIS
766 135 1003 164 CllllYSOSTOMl
1024 134 1182 163 ARCIllEP.
1204 135 1471 164 CONSTANTINOP.

1783 133 1839 161 355

1044 201 1105 221 cum
1128 192 1226 228 Joscph
1251 197 1277 220 et
1301 192 1392 226 Maria,
1417 193 1490 220 cives
1508 192 1718 226 Bethlehemitae,
1745 180 1842 220 relicta

1044 240 1127 274 patria
1142 239 1167 266 in
1183 239 1312 266 Nazareth
1329 239 1408 266 vitam
1433 246 1508 266 suam
1531 239 1714 271 instituissent,
1739 243 1767 266 et
1787 239 1844 266 illic

1043 289 1284 319 commorareutur,
1300 290 1327 312 ut
1347 285 1471 312 videlicet
1492 292 1563 320 saepe
1576 285 1665 312 multis
1688 285 1843 312 hominibus

1045 338 1094 358 usu
1108 331 1200 358 venire
1213 331 1291 364 solet,
1306 331 1350 366 qui
1365 338 1381 358 e
1394 331 1557 364 civitatibus,
1573 330 1643 358 unde
1655 335 1742 358 ortum
1757 331 1843 358 duxe-

1046 381 1116 410 rant,
1131 377 1304 411 emigrantes,
1318 376 1344 403 in
1362 376 1420 403 aliis
1437 377 1462 403 in
1476 376 1572 411 quibus
1583 376 1617 403 ab
1630 376 1705 404 initio
1716 377 1771 404 nali
1785 385 1839 403 non

1046 421 1160 455 fuerant,
1172 427 1384 454 commoremur;
1401 426 1590 458 oporteretque
1601 422 1737 449 Christum
1747 423 1773 450 in
1788 422 1840 450 Be-

1047 469 1164 496 thlehem
1181 469 1254 496 nasci
1267 477 1273 495 :
1285 469 1350 496 exiit
1364 469 1492 501 edictum,
1508 468 1589 503 quod,
1601 469 1656 496 Deo
1669 469 1704 496 ita
1719 473 1842 496 statuen-

1047 519 1083 547 te,
1099 515 1179 542 etiam
1195 515 1291 542 invitos
1307 515 1378 542 illam
1403 515 1429 542 in
1445 515 1536 542 urbem
1551 516 1688 550 compulit.
1703 515 1759 543 Lex
1771 515 1844 543 enim

1047 569 1106 596 qua:
1117 560 1228 596 jubebat
1240 568 1456 596 unumquemque
1470 561 1496 588 in
1507 562 1589 596 patria
1605 559 1652 587 s'ua
1668 569 1766 589 nomen
1783 569 1845 595 pro-

1049 607 1128 640 fiteri,
1139 607 1228 642 adegit
1241 615 1288 635 eos
1303 615 1318 634 a
1333 607 1463 634 Nazareth
1476 607 1570 642 pedem
1581 607 1677 635 efferre
1685 611 1713 634 et
1726 608 1752 634 in
1761 607 1846 634 Beth-

1049 653 1135 682 lel.em
1162 654 1250 682 redire
1263 654 1296 681 ad
1317 662 1414 682 nomen
1442 655 1496 682 illic
1523 662 1599 682 suum
1626 654 1844 682 describendum.

1049 701 1105 730 lloc
1119 709 1183 736 ergo
1204 701 1375 729 subindicans
1393 702 1556 736 evangelista
1575 702 1612 728 ait
1627 710 1633 728 :
1648 702 1770 728 Ascendit
1787 709 1843 736 erga

1048 748 1144 784 Ioseph
1166 757 1182 776 a
1202 748 1309 776 Gali/tea
1328 757 1358 776 ea;
1373 749 1472 776 civitate
1490 748 1621 775 Nazaretlt
1634 749 1660 775 in
1674 747 1806 780 Judteam,
1821 749 1847 775 in

1049 796 1174 823 civitatem
1192 796 1286 829 David,
1304 804 1361 832 qua:
1374 800 1474 823 vocatur
1487 795 1643 828 Bethlehem,
1655 803 1683 822 eo
1697 794 1766 830 quod
1784 800 1848 821 esset

1050 842 1082 869 de
1096 842 1171 869 domo
1188 846 1210 869 et
1231 842 1331 876 familia
1345 841 1429 868 David
1445 850 1454 868 :
1468 846 1496 868 ut
1517 842 1676 876 proﬁteretur
1689 849 1750 868 cum
1764 840 1848 867 Maria

1051 890 1205 924 desponsata
1216 889 1264 916 sibi
1274 897 1353 916 uxore
1360 893 1515 924 prwgnanle.
1527 888 1635 915 Factum
1645 893 1681 915 est
1688 893 1782 920 autem,
1792 896 1850 915 cum

1050 941 1130 963 essent
1143 936 1187 969 ibi,
1200 936 1297 971 impleti
1309 941 1366 963 sunt
1379 937 1442 970 dies,
1453 941 1481 963 ut
1491 941 1598 971 pareret,
1622 942 1646 963 et
1658 936 1756 972 peperit
1768 936 1850 970 ﬁlium

1052 991 1126 1009 suum
1141 982 1335 1018 primogenitum
1349 981 1423 1017 (Luc.
1438 982 1466 1008 2.
1478 983 1550 1018 4-7).

1087 1030 1114 1057 5.
1130 1029 1242 1063 Vidisti,
1257 1029 1364 1062 dilecte,
1380 1029 1563 1064 providentem
1576 1029 1622 1056 Dei
1641 1028 1850 1056 administratio-

1052 1083 1124 1106 nem.
1141 1083 1188 1110 per
1211 1075 1332 1102 infideles
1351 1079 1432 1110 atque
1447 1075 1537 1102 ﬁdeles
1550 1083 1582 1103 ea
1596 1083 1654 1110 qua:
1676 1075 1709 1102 ad
1725 1082 1755 1102 se
1770 1075 1854 1110 perti-

1053 1125 1117 1148 nent
1130 1121 1309 1156 dispensantis
1325 1129 1333 1148 :
1350 1128 1445 1155 nempe
1460 1125 1489 1147 ut
1498 1121 1552 1148 vim
1567 1121 1766 1155 potentiamque
1780 1121 1853 1155 ejus,

1053 1167 1127 1202 quia
1142 1174 1208 1194 vero
1230 1166 1313 1201 ipsius
1333 1167 1404 1193 cultu
1428 1166 1506 1193 alieni
1534 1171 1606 1198 sntit,
1632 1171 1791 1201 agnoscant.
1817 1166 1853 1193 Et

1054 1212 1128 1240 stella
1142 1212 1248 1247 quidem
1265 1220 1355 1247 magos
1374 1212 1408 1239 ab
1421 1211 1531 1240 Oriente
1552 1213 1673 1246 perduxit
1695 1212 1810 1248 (Matth.
1823 1213 1852 1239 9..

1055 1259 1082 1286 l.
1098 1264 1121 1285 et
1134 1258 1163 1295 2)
1176 1267 1183 1292 ;
1197 1263 1224 1286 at
1238 1259 1280 1286 lex
1296 1259 1405 1286 Mariam
1421 1259 1446 1286 in
1463 1259 1576 1294 patriam
1591 1266 1606 1285 a
1620 1258 1760 1294 prophetis
1783 1267 1854 1294 pra:-

1054 1303 1151 1331 dictam
1179 1304 1267 1331 traxit.
1291 1304 1358 1332 Hinc
1377 1305 1454 1332 uobis
1484 1304 1622 1332 evidenter
1644 1310 1750 1332 constat
1773 1305 1856 1332 etiam

1056 1348 1190 1383 Virginem
1203 1348 1286 1384 ipsam
1300 1357 1332 1376 ex
1348 1357 1445 1384 genere
1461 1349 1585 1376 Davidico
1598 1349 1688 1377 fuisse.
1706 1350 1774 1377 Nam
1789 1350 1812 1377 si
1821 1357 1855 1377 ex

1056 1393 1210 1422 Dethlehem
1223 1399 1311 1422 ortum
1324 1395 1409 1427 duxit,
1426 1396 1597 1422 manifestum
1612 1400 1668 1428 est,
1683 1395 1756 1430 quod
1771 1396 1853 1423 etiam

1055 1447 1090 1467 ex
1104 1440 1185 1467 domo
1197 1444 1223 1467 et
1236 1439 1334 1467 familia
1349 1440 1431 1467 David
1452 1440 1540 1468 fuerit.
1557 1440 1633 1473 Quod
1648 1441 1711 1468 item
1728 1442 1853 1476 superius

1056 1486 1197 1513 manifeste
1211 1486 1302 1513 docuit
1316 1487 1488 1521 evangelista,
1508 1495 1568 1514 cum
1581 1487 1658 1520 dixit,
1673 1487 1794 1514 Ascendit
1807 1496 1857 1514 aa-

1056 1537 1104 1566 tern
1118 1537 1141 1558 et
1155 1531 1251 1567 Ioseph
1266 1540 1297 1559 ea:
1312 1531 1419 1559 Gali/tea
1433 1541 1491 1559 cum
1506 1532 1603 1566 Maria,
1617 1542 1645 1560 eo
1658 1534 1727 1567 quod
1748 1539 1814 1561 esset
1828 1542 1859 1561 es

1056 1577 1131 1605 domo
1149 1583 1172 1604 ct
1192 1578 1290 1614 familia
1312 1578 1394 1605 David
1410 1578 1485 1614 (Luc.
1500 1579 1526 1605 '2.
1541 1579 1579 1614 4).
1602 1579 1670 1606 Nam
1681 1587 1744 1606 cum
1760 1579 1859 1606 seriem

1056 1625 1146 1659 stirpis
1172 1624 1270 1659 Joseph
1293 1624 1488 1658 recensuisset,
1513 1625 1592 1660 hujus
1620 1632 1712 1652 autem
1738 1626 1860 1661 majores

1056 1678 1137 1698 nemo
1158 1675 1186 1697 ut
1209 1670 1278 1698 illius
1301 1675 1485 1698 enumerasset
1499 1692 1508 1704 ,
1531 1679 1565 1698 ne
1589 1671 1650 1699 hinc
1669 1672 1717 1698 tibi
1745 1671 1856 1698 dubita-

1057 1720 1094 1743 tio
1109 1716 1233 1749 oriretur,
1258 1724 1289 1744 ac
1308 1716 1421 1749 diceres,
1446 1716 1515 1744 unde
1535 1724 1601 1752 ergo
1621 1716 1764 1744 manifeste
1787 1722 1858 1751 patet

1057 1762 1137 1790 etiam
1151 1762 1235 1796 ipsam
1246 1769 1262 1788 e
1275 1761 1357 1788 David
1372 1766 1458 1789 ortam
1469 1762 1481 1787 ?
1491 1761 1597 1790 audies.
1609 1760 1643 1788 In
1654 1770 1750 1794 mense,
1763 1762 1859 1797 inquit,

1057 1815 1128 1836 sexto
1150 1809 1240 1836 missus
1263 1814 1301 1836 est
1323 1810 1427 1844 angelus
1449 1808 1552 1836 Gabriel
1573 1818 1589 1835 a
1604 1808 1658 1835 Deo
1679 1810 1706 1836 in
1729 1809 1857 1836 civitatem

1058 1855 1185 1889 Galilam',
1204 1856 1246 1882 cui
1267 1864 1357 1883 nomen
1373 1855 1514 1888 Nazareth,
1530 1856 1564 1882 ad
1578 1856 1699 1891 uirginem
1719 1857 1858 1890 desponsa-

1057 1907 1109 1930 tam
1131 1903 1194 1935 viro,
1219 1902 1261 1929 cui
1283 1911 1374 1929 nomen
1399 1908 1452 1929 erat
1477 1901 1583 1937 Ioseph,
1617 1902 1648 1928 de
1674 1902 1750 1928 domo
1775 1901 1858 1928 Dario

1059 1949 1146 1985 (Luc.
1171 1950 1197 1976 l.
1221 1949 1266 1977 26.
1289 1948 1323 1975 27
1338 1950 1357 1984 ).
1385 1949 1450 1982 Quae
1476 1948 1571 1980 verba,
1598 1949 1630 1974 de
1653 1948 1729 1974 domo
1756 1947 1858 1980 David,

1058 1995 1212 2030 accipienda
1226 1999 1289 2022 sunt
1311 1999 1444 2029 tamquam
1459 1994 1493 2021 de
1514 1994 1620 2028 Virgine
1639 1994 1721 2027 dicta,
1746 1994 1817 2028 quod
1832 1999 1857 2020 et

1060 2042 1103 2070 hic
1118 2041 1258 2070 manifeste
1273 2041 1415 2068 indicatum
1430 2046 1481 2067 est.
1499 2042 1585 2075 Atque
1601 2040 1650 2067 hac
1662 2041 1696 2067 de
1711 2047 1791 2067 causa
1803 2039 1860 2066 edi-

1061 2093 1132 2115 ctum
1148 2092 1176 2116 et
1189 2088 1230 2115 lex
1247 2088 1290 2115 illa
1307 2087 1471 2122 promulgata
1488 2086 1546 2119 fuit,
1569 2094 1629 2121 qua:
1641 2093 1688 2113 eos
1703 2086 1730 2112 iu
1752 2085 1860 2112 Bethle-

1061 2133 1122 2161 ltem
1145 2133 1275 2161 duceret:
1289 2133 1368 2160 simul
1385 2138 1466 2167 atque
1485 2132 1557 2160 enim
1571 2132 1596 2158 in
1612 2131 1747 2158 civitatem
1769 2138 1857 2158 ascen-

1061 2179 1175 2211 dissent,
1191 2179 1330 2207 confestim
1351 2179 1431 2206 etiam
1453 2178 1532 2206 Iesus
1547 2178 1665 2206 nascitur
1680 2186 1688 2204 :
1703 2185 1736 2205 ac
1751 2177 1861 2212 proinde

1061 2227 1141 2254 etiam
1157 2227 1184 2253 in
1210 2226 1323 2261 prtesepi
1338 2225 1482 2252 reclinatur
1495 2232 1502 2257 ;
1517 2224 1587 2259 quod
1609 2224 1726 2258 undique
1741 2223 1818 2250 multi
1831 2230 1864 2250 eo

1062 2272 1272 2304 concurrissent,
1299 2277 1326 2299 ct
1347 2271 1405 2298 loca
1427 2276 1672 2306 prmoccupasseut,
1697 2277 1862 2304 magnasque

1062 2318 1211 2346 divertendi
1234 2317 1368 2353 angustias
1392 2316 1543 2345 effecissent
1558 2325 1564 2343 :
1578 2324 1631 2351 quo
1652 2316 1678 2343 in
1703 2316 1763 2343 loco
1783 2316 1863 2342 etiam

1064 2366 1134 2399 magi
1150 2365 1224 2392 illum
1244 2364 1433 2392 adoraverunt.
1449 2363 1482 2391 Ut
1496 2368 1584 2390 autem
1601 2362 1725 2397 (hujusce
1739 2361 1804 2396 diei)
1823 2361 1863 2388 di-

1064 2411 1219 2437 lueidiorem
1233 2409 1321 2436 adhuc
1332 2408 1587 2436 demonstrationem
1602 2407 1757 2439 exhibeam,
1770 2406 1864 2434 vestris

1066 2463 1172 2483 mecum
1185 2455 1320 2490 adsurgite
1334 2454 1449 2487 animis;
1466 2461 1526 2480 nam
1541 2453 1688 2488 longiorem
1701 2460 1794 2480 rerum
1809 2459 1863 2479 rne-

1065 2503 1177 2529 moriam
1200 2501 1317 2528 excitare
1332 2504 1359 2527 et
1381 2499 1484 2534 priscas
1505 2499 1576 2534 leges
1597 2499 1711 2526 recitare
1732 2498 1822 2530 statui,
1837 2501 1863 2525 ut

1064 2558 1095 2576 ex
1111 2549 1182 2575 otuni
1199 2553 1274 2583 parte
1296 2547 1370 2574 vobis
1389 2547 1537 2574 orationem
1559 2549 1679 2572 nostram
1701 2544 1863 2572 manifestio-

1066 2603 1121 2622 reni
1135 2594 1255 2621 reddam.

1100 2642 1154 2669 Lex
1168 2642 1318 2669 Judteorum
1329 2641 1445 2677 quadam
1455 2640 1608 2675 antiqua.——
1618 2639 1672 2666 Lex
1684 2644 1744 2666 erat
1756 2639 1860 2671 Judteis,

1065 2697 1149 2724 eaque
1172 2690 1329 2723 perantiqua
1344 2696 1351 2714 :
1367 2687 1414 2714 sed
1429 2695 1489 2722 age,
1504 2685 1592 2721 potius
1613 2685 1694 2720 paulo
1715 2685 1797 2712 altius
1808 2691 1860 2711 ser-

1066 2743 1172 2762 monem
1187 2740 1349 2769 repetamus.
1361 2734 1420 2767 Quo
1432 2738 1551 2767 tempore
1561 2731 1772 2767 abA‘lgyptiacis
1783 2730 1862 2757 turi-is

1065 2787 1093 2808 et
1106 2781 1217 2808 barbara
1231 2780 1377 2808 Pharaonis
1392 2778 1530 2815 tyrannide
1546 2778 1722 2805 Hebraeorum
1740 2776 1859 2811 populum

1067 2827 1138 2854 Deus
1160 2826 1300 2860 liberavit;
1317 2825 1410 2854 videns
1423 2825 1494 2860 ipsos
1515 2823 1658 2858 impietatis
1672 2822 1761 2850 adhuc
1775 2828 1860 2849 secent

1068 2874 1193 2909 reliquias
1205 2873 1319 2908 habere,
1337 2873 1469 2902 rebusque
1489 2869 1614 2898 omnibus
1627 2869 1678 2898 sub
1700 2876 1807 2898 sensum
1819 2875 1860 2895 ca-
