1978 3131
131 166 181 193 355

130 221 249 250 dentibus
263 219 297 247 ad
320 219 449 247 insaniam
465 224 548 251 usque
562 216 691 246 addictos.
709 215 920 249 templorumquc

129 266 315 303 magnitudinis
341 274 374 293 ac
405 262 610 299 pulchritudinis
637 260 812 288 admiratione
835 260 918 291 duci,

129 314 251 348 templum
276 312 344 347 ipsis
366 309 490 338 :ediﬁeari
511 308 647 343 prmcipit.
670 306 740 341 quod
763 313 815 332 non
841 303 920 331 modo

126 359 241 387 materia:
264 356 461 392 magniﬁcentia
486 361 565 390 atque
586 353 651 380 artis
672 351 808 384 varietate,
832 350 879 378 sed
893 354 920 377 et

124 410 262 433 structura:
275 403 479 436 forma,c:etera
494 400 593 433 omnia,
607 407 664 434 qua:
679 397 776 432 ubique
789 401 918 424 terrarum

123 455 195 479 erant
219 449 332 484 templa,
357 449 521 475 obscuraret.
542 445 577 473 Et
597 443 819 481 quemadmodum
845 447 920 478 pater

123 497 264 524 liberorum
278 503 377 523 amans
390 494 471 522 ﬁlium
487 492 642 527 proﬂigatis,
657 490 824 526 perniciosis,
841 488 918 515 lasci-

123 544 161 571 vis
182 542 342 570 hominibus
356 549 443 573 usum,
466 539 601 574 nimioque
615 538 679 565 luxu
700 536 869 567 dissolutum,
886 533 919 561 ad

123 597 151 618 se
171 589 251 624 longo
267 587 399 623 temporis
418 585 559 614 intervallo
580 583 723 618 recipiens,
739 585 797 609 tuto
817 584 846 608 et
858 587 919 607 cum

124 635 250 671 dignitate
263 635 291 662 in
304 634 401 669 majori
414 640 503 660 rerum
515 629 675 658 abundantia
686 626 833 659 constituit,
845 633 880 654 ne
893 625 919 653 in

123 682 255 718 angustias
277 681 383 716 aliquas
405 679 551 714 conjectus,
575 676 693 712 priorum
715 671 918 704 recordatione,

121 717 197 763 atque
208 727 292 755 etiam
318 725 463 761 cupiditate
477 722 636 757 corripiatur
652 729 658 747 :
673 720 708 747 ita
724 719 796 746 Deus
813 717 920 745 Judaeos

121 776 152 802 ad
175 781 219 802 res
243 773 362 802 sensilcs
383 780 444 800 cum
475 775 584 804 stupore
606 773 754 804 propensos
775 764 878 797 videns,
893 763 920 790 in

122 821 190 848 hisce
205 820 272 855 ipsis
287 819 372 847 rebus
391 815 638 852 prmstantissimum
658 811 757 848 aliquid
778 810 870 842 elﬁcit,
886 816 921 836 ne

122 854 242 901 umquam
259 870 357 900 postea
381 863 567 899 Egyptiorum
589 865 635 887 aut
658 866 750 886 eorum
767 864 827 892 quae
851 854 920 890 apud

123 912 261 948 Egyptios
291 910 397 945 experti
432 909 555 940 fuerant,
586 905 731 941 cupiditate
761 906 921 937 caperentur

123 946 226 994 (Hand.
253 957 312 992 ‘26)
332 966 338 983 :
356 955 536 990 templumque
561 953 626 988 ipsis
655 951 747 979 statuit
769 949 802 976 ad
828 946 921 976 mundi

121 1004 262 1038 exemplar,
276 1003 415 1034 totiusque
426 1000 553 1033 universi,
576 1004 629 1026 tam
650 997 720 1032 quod
735 1003 827 1026 sensu,
841 1001 920 1030 quam

123 1051 188 1085 quod
201 1050 260 1077 solo
276 1049 416 1077 intellectu
436 1046 537 1083 percipi
559 1048 656 1080 potest.
671 1043 745 1071 Sicut
764 1041 835 1069 enim
850 1044 921 1067 terra

121 1102 166 1128 est,
181 1100 208 1123 et
217 1095 328 1127 czulmu,
345 1098 373 1121 et
393 1093 520 1124 medium,
535 1090 674 1126 sepimenti
697 1090 790 1120 instar,
812 1087 864 1114 hoc
876 1086 921 1112 tir-

122 1147 284 1171 mumcutum
304 1151 311 1168 :
328 1142 364 1168 ita
377 1146 404 1168 et
420 1139 484 1167 illud
499 1145 605 1174 quoque
618 1137 675 1164 fieri
694 1135 784 1170 jussit.
798 1134 922 1168 Duasque

121 1190 145 1216 in
165 1193 253 1224 partes
270 1187 360 1214 diviso
381 1186 432 1213 hoc
447 1185 557 1219 templo,
580 1187 607 1210 ct
628 1182 661 1209 ad
681 1180 798 1209 medium
812 1179 922 1207 obteuto

121 1235 186 1268 velo,
208 1241 269 1261 eam
286 1237 405 1268 partem,
422 1239 481 1266 quze
500 1234 574 1257 extra
598 1228 686 1256 velum
709 1230 776 1258 erat,
798 1224 922 1252 omnibus

121 1279 283 1315 ingrediendi
300 1282 463 1314 potestatem
489 1275 551 1303 fecit
567 1284 573 1302 :
589 1274 622 1302 ad
643 1274 754 1301 alteram
768 1278 833 1299 vero
848 1269 921 1298 illam

122 1325 272 1353 interiorem
297 1323 419 1355 nemini,
444 1326 620 1356 praeterquam
642 1325 747 1346 summo
768 1315 920 1350 sacerdoti,

121 1372 215 1399 aditum
231 1376 317 1406 atque
331 1370 454 1397 intuitum
468 1372 559 1403 patere
568 1365 698 1401 permisit.
708 1363 840 1392 Cancrum
851 1360 921 1397 quod

123 1419 176 1446 haec
191 1426 244 1445 non
269 1422 366 1444 nostra
391 1415 544 1450 conjectura
567 1413 610 1445 sit,
632 1411 679 1439 sed
702 1409 774 1446 quod
793 1408 922 1441 templum

122 1470 210 1491 revera
225 1462 310 1490 totius
327 1460 419 1488 mundi
433 1459 466 1486 ad
481 1457 632 1492 exemplum
652 1458 816 1483 exstructum
829 1453 920 1484 fuerit,

124 1509 181 1536 audi
204 1508 268 1543 quid
297 1506 397 1534 Paulus
413 1505 446 1532 de
466 1504 574 1531 Christo
597 1502 622 1529 in
645 1501 738 1528 cmlum
761 1498 923 1526 ascendente

123 1555 228 1590 loquens
243 1553 320 1581 dicat
336 1562 342 1579 ε
358 1552 418 1579 Non
428 1551 493 1577 enim
511 1550 538 1576 in
552 1550 697 1583 manufacta
708 1551 797 1574 sancta
811 1545 923 1572 tntroivit

123 1601 242 1633 Christus,
251 1599 412 1632 ατεηψιανὶα
425 1605 538 1624 verorum
551 1594 643 1631 (Hebr.
655 1594 682 1622 9.
690 1593 737 1628 24)
748 1602 754 1620 ;
765 1591 920 1625 ostendens,

125 1647 191 1682 quod
205 1655 266 1682 qua:
291 1645 429 1681 apud‘nos
447 1647 520 1674 sunt,
543 1648 668 1669 verorum
682 1640 735 1667 sint
750 1637 922 1674 exemplaria.

123 1694 193 1728 Quod
207 1701 293 1729 porro
305 1693 393 1720 velum
406 1691 543 1718 dirimeret
556 1692 647 1716 sancta
669 1691 821 1714 sanctorum
835 1692 850 1712 a
862 1691 924 1712 san-

125 1741 172 1768 ctis
184 1744 258 1767 extra
276 1738 383 1775 positis,
399 1737 467 1764 sicut
482 1736 533 1763 hoc
545 1735 640 1762 calum
661 1741 721 1768 qua:
735 1739 815 1767 super
829 1739 858 1758 se
872 1731 922 1757 sita

124 1791 190 1819 sunt,
205 1785 238 1812 ab
251 1784 381 1813 omnibus
393 1791 452 1818 qua:
474 1781 543 1816 apud
559 1787 607 1807 nos
619 1782 690 1812 sunt,
706 1777 849 1813 disiungit:
862 1776 923 1804 audi

124 1831 252 1867 quomodo
280 1831 359 1857 etiam
375 1829 426 1856 hoc
440 1826 657 1856 subiudicavcrit,
680 1831 741 1853 cum
756 1823 849 1851 caelum
872 1830 922 1849 ve-

126 1878 176 1904 lum
191 1876 327 1912 appellat.
342 1875 378 1901 De
393 1882 440 1908 spe
464 1879 577 1906 namque
600 1870 729 1906 referens,
743 1868 815 1904 quod
838 1868 923 1902 ipsam

124 1925 188 1952 sicut
202 1924 351 1950 anclioram
372 1921 468 1948 anima:
491 1919 635 1946 habeamus
648 1921 728 1945 unam
742 1923 774 1943 ac
795 1915 899 1942 ﬁrmam
915 1935 923 1948 ,

126 1969 217 1997 deinde
242 1967 384 2003 subjuugit
401 1976 407 1994 :
425 1966 456 1992 Et
475 1965 629 1992 incedentem
645 1970 723 1998 usque
746 1961 779 1988 ad
803 1961 925 1988 interiora

127 2015 280 2047 telaminis;
304 2014 346 2040 ubi
370 2020 511 2048 prazcursor
530 2019 576 2045 pro
603 2009 673 2036 nobis
697 2008 807 2035 introivit
829 2006 922 2039 Iesus,

128 2070 202 2096 supra
213 2061 308 2088 cazlum
317 2067 417 2086 sursum
431 2057 522 2094 (Hebr.
532 2057 558 2084 6.
571 2056 615 2083 l9.
627 2055 685 2090 20).
700 2053 781 2081 Vides
791 2051 924 2088 quomodo

127 2108 217 2136 emittm
242 2106 371 2134 velamen
398 2102 589 2139 appellaverit?
614 2101 695 2129 Extra
719 2100 806 2127 velum
835 2103 924 2126 autem

130 2159 184 2181 erat
197 2152 404 2185 candelabrum,
428 2154 456 2177 et
477 2156 580 2181 mensa,
604 2152 632 2174 et
651 2147 734 2174 altare
757 2153 866 2176 aereum,
891 2143 925 2171 ad

129 2201 260 2228 sacriﬁcia
281 2204 310 2226 et
332 2199 546 2225 holocautomata
560 2193 727 2229 excipienda.
749 2193 821 2220 Intra
835 2191 924 2218 velqu

128 2255 189 2274 vero
213 2254 279 2273 arca
303 2245 475 2272 circumtccta
488 2250 521 2269 ex
545 2240 617 2268 omni
641 2244 716 2274 parte
729 2246 806 2272 auro,
822 2237 925 2264 tabulas

129 2291 281 2320 testamenti
290 2291 402 2323 habens,
411 2293 438 2316 et
449 2295 540 2315 urnam
555 2293 674 2317 auream,
687 2289 716 2312 ut
723 2284 822 2319 virgam
835 2283 925 2309 Aaron

129 2347 186 2374 qure
199 2337 368 2369 fronducrat,
383 2339 410 2362 ct
422 2335 506 2362 altare
528 2341 648 2364 aureum,
665 2339 718 2358 non
741 2329 806 2357 illud
823 2328 924 2356 sacriﬁ-

131 2385 228 2413 ciorum
256 2389 283 2411 et
297 2383 524 2412 holocausturum,
541 2380 588 2407 sed
610 2379 693 2406 solius
714 2376 870 2404 sufﬁmenti.
894 2375 927 2402 Et

132 2440 177 2467 per
191 2439 221 2460 ea
246 2438 307 2466 quae
322 2435 396 2457 extra
411 2432 497 2461 crant,
510 2426 635 2454 onmibus
650 2424 774 2452 incedere
796 2424 834 2450 fas
848 2429 924 2455 erat;

131 2486 176 2514 per
189 2486 220 2506 ea
246 2485 311 2504 vero
333 2483 393 2510 quae
418 2475 498 2507 intus,
525 2473 575 2500 soli
601 2479 706 2500 summo
730 2469 872 2497 sacerdoti.
888 2469 927 2496 De

132 2524 201 2551 hisce
216 2523 282 2557 ipsis
296 2530 390 2549 rursus
405 2520 584 2548 testimonium
599 2526 632 2545 ex
646 2517 727 2544 Paulo
740 2517 818 2548 dabo,
830 2516 875 2550 qui
888 2515 927 2542 sie

132 2569 166 2596 ait
181 2578 188 2595 :
206 2568 304 2595 llabuit
325 2567 426 2602 quidem
448 2566 516 2599 prius
531 2563 719 2591 tabernaculum
732 2561 927 2597 justiﬁcationes

133 2615 245 2647 cultura,
269 2619 294 2641 et
312 2618 429 2640 sanctum
451 2611 570 2639 swculare
592 2610 679 2645 (Hebr.
699 2609 725 2636 9.
743 2609 769 2644 l)
787 2612 926 2635 :sanctum

134 2661 258 2688 smeulare
273 2659 392 2694 appellat
403 2657 518 2685 exterius
531 2655 727 2683 tabernaculum
743 2663 749 2680 :
764 2653 929 2689 quandoqui-

135 2706 192 2734 dem
207 2706 254 2733 toti
268 2704 371 2733 menda
391 2702 492 2739 ingredi
513 2702 609 2730 licebat
624 2711 630 2728 :
646 2702 673 2728 in
685 2709 734 2735 quo
748 2700 929 2727 candelabrum

138 2756 159 2778 et
173 2760 256 2778 meum
268 2756 293 2778 et
308 2749 449 2786 propositio
463 2756 567 2784 panum.
583 2748 645 2774 Post
665 2747 831 2774 velamentum
846 2750 928 2772 autem

137 2799 268 2825 secundum
275 2795 476 2829 tabernaculum,
485 2794 552 2830 quod
570 2794 662 2821 dicitur
670 2797 757 2821 sancta
767 2798 909 2820 sanctorum
919 2811 928 2825 ,

139 2852 234 2871 aureum
245 2844 341 2871 habent
349 2841 517 2875 thuribulum,
526 2846 549 2868 et
558 2848 644 2868 arcam
651 2839 789 2867 testamenti
798 2839 930 2865 circumte-

138 2895 240 2918 ¢tamrz
253 2891 324 2918 omni
347 2894 418 2926 parte
441 2888 559 2923 auro,in
575 2895 624 2923 qua
647 2894 712 2913 urna
738 2893 814 2913 aurea
836 2884 927 2912 habens

606 158 638 185 IN
660 157 741 185 DIE?“
759 155 921 184 NATALE“
943 155 973 182 ῐ).
994 155 1025 183 Ν.
1045 155 1126 183 JESU
1146 155 1282 184 CHRISTI

1717 155 1773 184 356.

976 220 1080 244 manna,
1096 217 1119 239 et
1132 213 1201 247 virga
1215 213 1300 239 Aaron
1311 220 1367 248 qua:
1378 213 1534 247 fronduerat,
1555 219 1579 241 et
1591 213 1681 241 tabula:
1695 220 1769 242 testu-

974 258 1051 285 menti
1068 266 1077 284 :
1094 267 1170 293 super
1191 267 1247 285 eam
1261 264 1343 285 autem
1357 263 1426 286 erant
1449 259 1581 286 Cherubiut
1601 261 1705 295 gloria},
1724 262 1769 287 nb-

974 304 1117 332 umbrantia
1139 302 1353 339 propitiatorium.
1375 303 1425 331 His
1446 313 1503 332 vero
1516 306 1551 332 ita
1573 306 1726 340 compositis,
1742 307 1768 333 in

974 350 1053 385 priori
1064 350 1165 385 quidem
1180 350 1343 377 tabernaculo
1357 358 1454 386 semper
1468 351 1602 378 introibant
1615 352 1768 382 sacerdOIes.

972 397 1154 431 sacriﬁciorum
1174 397 1255 431 ofﬁcio
1275 401 1494 430 consummantes;
1514 398 1541 424 in
1559 398 1668 426 secundo
1686 404 1771 426 autem

972 443 1049 469 semel
1060 443 1086 469 in
1105 450 1171 469 anno
1184 443 1252 470 solus
1267 443 1390 478 pontifex,
1408 451 1458 469 non
1471 443 1524 470 sine
1543 445 1674 478 sanguine,
1695 453 1770 480 quem

972 488 1046 522 o/fert
1056 497 1102 523 pro
1116 497 1162 515 sua
1174 493 1198 516 et
1205 489 1292 524 populi
1305 489 1449 524 ignorantia
1462 488 1554 523 (Hebr.
1564 489 1590 517 9.
1601 490 1673 526 ‘2-7).
1687 490 1770 518 Vides

972 533 1058 561 solum
1073 533 1173 568 ingredi
1183 541 1315 561 summum
1326 534 1505 567 sacerdotem,
1515 533 1594 569 idque
1603 535 1686 563 semel
1696 535 1771 563 dum-

973 584 1044 606 taxat
1060 584 1114 606 toto
1127 579 1218 608 anno?

1007 626 1035 653 4.
1049 625 1147 652 Verum
1162 625 1226 660 quid
1240 625 1308 658 lucc,
1330 626 1428 660 inquis,
1454 626 1486 653 ad
1506 632 1664 661 przesentem
1680 627 1770 655 diem?

973 670 1134 706 Exspectate
1155 671 1300 706 paulisper,
1328 679 1378 698 nec
1403 672 1598 699 tumultuemini
1616 681 1622 699 :
1645 681 1660 700 a
1681 674 1769 708 capite

972 717 1044 744 enim
1059 717 1157 744 fontem
1172 716 1306 751 ducimus,
1320 722 1346 744 et
1360 717 1394 744 ad
1408 717 1494 752 ipsum
1506 718 1545 745 rei
1558 718 1693 754 fastigium
1707 726 1769 754 per—

973 763 1065 791 venire
1082 763 1279 796 contendimus,
1293 760 1323 790 ut
1347 768 1443 791 cuncta
1461 765 1535 792 nullo
1558 766 1665 800 negotio
1692 766 1775 793 vobis»

973 812 1064 844 aperta
1079 813 1158 843 atque
1172 813 1311 843 perspecta
1326 809 1390 836 sint.
1406 809 1531 842 Quinimo
1545 818 1580 838 ne
1591 811 1690 838 diutius
1705 819 1766 838 ver-

973 854 1067 882 borum
1081 855 1269 889 integumentis
1288 859 1378 882 nostra
1393 856 1566 884 ohumbretur
1584 857 1680 890 oratio,
1701 865 1777 886 neve

973 899 1134 935 implicatior
1144 900 1200 933 ﬁat,
1214 901 1348 936 nimiaque
1359 909 1462 935 eorum,
1480 910 1539 937 qua:
1557 902 1691 937 dicuntur,
1707 903 1767 930 lon-

973 945 1092 980 gitudine
1104 945 1285 981 defatigemini
1299 954 1305 972 :
1317 946 1373 981 jam
1382 946 1512 975 rationem
1525 948 1600 975 vobis
1622 956 1766 983 exponam.

973 998 1021 1018 cur
1033 991 1090 1018 haec
1111 991 1210 1024 omnia,
1234 997 1286 1018 tam
1311 992 1365 1019 alte
1392 993 1514 1026 repetita,
1539 994 1678 1020 moverim.
1702 994 1766 1028 Qua:

973 1045 1054 1072 porro
1065 1037 1143 1073 hujus
1156 1038 1195 1065 rei
1209 1038 1293 1065 ratio?
1305 1037 1370 1066 Cum
1385 1039 1553 1074 menscsjam
1576 1048 1623 1067 sex
1647 1041 1767 1068 Elizabet

973 1083 1100 1111 Joannem
1115 1084 1141 1111 in
1157 1089 1233 1111 utero
1243 1089 1369 1119 gestaret,
1381 1085 1524 1113 tumMaria
1536 1086 1668 1120 concepit.
1679 1086 1768 1121 Itaque

973 1130 996 1157 si
1009 1129 1154 1164 discamus,
1170 1130 1292 1166 quisnam
1306 1135 1396 1158 sextus
1410 1131 1455 1158 ille
1475 1131 1574 1159 mensis
1589 1131 1676 1165 fuerit,
1694 1137 1769 1159 certo

973 1177 1052 1204 etiam
1066 1177 1196 1210 sciemus,
1211 1177 1318 1213 quando
1329 1178 1442 1213 eruperit
1454 1178 1534 1205 Maria
1548 1179 1699 1214 concipere.
1716 1180 1768 1207 De-

974 1222 1036 1249 inde
1057 1229 1118 1249 cum
1146 1223 1366 1258 cognoverimus,
1394 1223 1528 1258 quodnam
1552 1228 1698 1259 conecptus
1726 1225 1767 1252 sui

974 1267 1132 1303 principium
1144 1267 1276 1301 habuerit.
1289 1269 1379 1304 utique
1392 1268 1499 1304 quando
1514 1270 1646 1304 pepererit
1668 1277 1768 1306 cogno-

973 1321 1089 1348 scemus,
1106 1322 1202 1342 novem
1218 1322 1323 1342 menses
1335 1322 1351 1341 a
1363 1315 1537 1349 conceptione
1551 1321 1732 1343 numerantes.

1007 1359 1151 1387 Zacharias
1164 1368 1213 1394 quo
1228 1365 1339 1395 tempore
1349 1360 1468 1395 angelum
1480 1360 1635 1396 alloquium.
1645 1376 1680 1381 —-
1693 1361 1769 1390 Unde

974 1404 1064 1439 igitur,
1077 1406 1199 1440 quisnam
1211 1405 1256 1433 ille
1267 1410 1359 1432 sextus
1369 1405 1471 1433 mensis
1485 1406 1564 1433 fuerit
1580 1408 1768 1442 praegnationis

974 1450 1104 1482 Elizabct.
1117 1451 1195 1478 nobis
1204 1451 1357 1478 constabit?
1370 1451 1437 1479 Hine
1452 1452 1564 1486 scilicet,
1578 1452 1601 1480 si
1615 1461 1668 1488 quo
1677 1462 1769 1482 meme

974 1496 1082 1530 gravida
1099 1496 1157 1523 ﬁeri
1171 1497 1293 1531 coeperit,
1308 1497 1497 1537 intelligamus.
1511 1497 1587 1526 Unde
1598 1503 1698 1532 autem,
1710 1501 1770 1534 quis

974 1543 1019 1570 ille
1033 1542 1122 1576 fuerit,
1136 1542 1323 1570 addisccmus?
1352 1542 1381 1570 Si
1395 1543 1509 1570 sciamus
1522 1551 1574 1578 quo
1588 1548 1708 1579 tempore
1721 1545 1769 1572 la:-

975 1594 1031 1616 tum
1047 1588 1098 1616 hac
1108 1589 1142 1616 de
1156 1596 1185 1616 re
1198 1589 1319 1616 nuntium
1333 1588 1475 1616 Zacharias
1490 1589 1547 1624 ejus
1567 1591 1677 1618 maritus
1690 1599 1768 1619 acce-

975 1637 1054 1671 perit.
1068 1636 1201 1663 Cteterum
1225 1636 1276 1664 hoc
1305 1636 1391 1671 ipsum
1415 1637 1484 1665 unde
1510 1638 1588 1666 nobis
1608 1639 1768 1673 explicatum

976 1682 1047 1709 erit?
1057 1681 1095 1709 Ex
1111 1682 1208 1709 divinis
1223 1682 1385 1716 Scripturis:
1401 1683 1535 1717 quomodo
1550 1691 1654 1711 sacrum
1680 1685 1770 1712 Evan-

974 1728 1072 1764 gelium
1087 1728 1169 1756 refert
1182 1728 1316 1756 Zacharia:
1329 1729 1446 1756 versanti
1467 1729 1534 1757 intra
1556 1736 1646 1758 sancta
1666 1736 1771 1758 sancto-

976 1782 1035 1802 rum
1049 1775 1172 1810 angclum
1190 1775 1277 1801 lzetum
1291 1775 1411 1802 attulisse
1433 1776 1565 1809 nuntium,
1594 1781 1620 1804 et
1637 1777 1670 1804 de
1694 1783 1771 1812 partu

976 1821 1087 1849 Joannis
1097 1821 1121 1848 ei
1137 1821 1301 1856 pra-dixisse.
1325 1821 1353 1848 Si
1378 1829 1469 1856 ergoe
1490 1823 1574 1850 sacris
1595 1823 1678 1850 literis
1701 1824 1772 1851 clare

976 1867 1154 1900 docuerimus,
1172 1867 1254 1894 semel
1270 1867 1407 1894 dumtaxat
1422 1872 1512 1896 sancta
1527 1874 1679 1896 sanctorum
1699 1878 1772 1897 sum-

976 1921 1050 1940 mum
1074 1913 1239 1940 sacerdotem
1262 1914 1321 1940 sine
1346 1913 1401 1941 ullo
1426 1914 1523 1942 comite
1548 1915 1661 1950 ingredi,
1680 1920 1787 1951 etquo.

978 1965 1110 1995 tempore,
1127 1964 1153 1988 et
1166 1966 1248 1995 quoto
1269 1960 1333 1987 anni
1349 1968 1440 1987 mense
1452 1981 1459 1994 ,
1472 1961 1548 1988 unica
1563 1961 1604 1988 illa
1616 1963 1674 1989 vice
1687 1962 1772 1989 intro-

977 2010 1021 2033 eat
1037 2014 1044 2033 :
1060 2007 1087 2033 in
1100 2007 1279 2041 cognitionem
1303 2012 1423 2040 apertam
1441 2007 1580 2041 temporis,
1607 2015 1660 2042 quo
1682 2008 1772 2034 latum

977 2053 1052 2079 illum
1072 2053 1193 2079 nuntium
1207 2053 1324 2087 accepit,
1343 2052 1514 2080 deveniemus
1529 2061 1536 2078 :
1555 2060 1608 2087 quo
1626 2052 1771 2086 declarato,

978 2099 1057 2126 etiam
1072 2099 1232 2134 principium
1246 2099 1429 2134 conceptionis
1443 2098 1563 2133 protinus
1576 2099 1701 2126 omnibus
1715 2099 1773 2126 clu—

977 2150 1077 2173 cescet.
1104 2145 1196 2180 Itaque
1208 2144 1278 2180 quod
1289 2144 1372 2172 semel
1388 2148 1489 2170 tantum
1503 2144 1529 2170 in
1543 2151 1613 2170 anno
1627 2144 1679 2171 huc
1694 2145 1773 2171 intro-

979 2191 1072 2224 iretur,
1101 2191 1181 2218 etiam
1197 2191 1294 2218 Paulus
1317 2190 1497 2217 manifestavit
1512 2199 1518 2216 :
1535 2191 1598 2224 quin
1620 2195 1647 2217 cl
1669 2191 1773 2227 Moyses

979 2237 1093 2272 idipsum
1107 2241 1198 2271 aperte
1213 2236 1340 2268 ostendit,
1358 2236 1408 2263 hoc
1432 2236 1511 2263 modo
1533 2236 1644 2271 loquens
1659 2245 1665 2262 :
1683 2236 1716 2262 Et
1735 2237 1773 2263 la-

978 2288 1071 2319 quutus
1083 2288 1118 2310 est
1142 2281 1267 2309 Dominus
1290 2282 1324 2308 ad
1341 2281 1456 2317 Moysen,
1471 2282 1556 2308 dicens
1580 2290 1589 2308 :
1613 2281 1727 2317 Loquere
1740 2283 1774 2309 ad

980 2330 1065 2357 Aaron
1080 2329 1185 2364 fratrem
1199 2333 1280 2359 tuum,
1294 2333 1317 2354 et
1340 2335 1369 2355 ne
1389 2328 1457 2354 omni
1475 2333 1586 2362 tempore
1613 2328 1772 2363 ingrediatur

979 2375 1162 2408 sanctuarium,
1178 2374 1244 2409 quod
1260 2379 1295 2400 est
1308 2374 1375 2400 intra
1388 2373 1470 2400 velunt
1488 2382 1573 2400 coram
1586 2374 1772 2408 propitiatorio,

979 2423 1047 2459 quod
1061 2427 1097 2449 est
1109 2430 1188 2457 supra
1202 2429 1287 2448 arcam
1300 2420 1444 2454 testimonii,
1462 2425 1485 2447 et
1504 2428 1554 2447 non
1568 2421 1689 2447 moriatur
1699 2420 1773 2454 (Leu.

981 2469 1025 2496 16.
1042 2469 1078 2503 1).
1102 2468 1136 2495 Ει
1150 2467 1246 2495 iterum
1262 2476 1269 2495 :
1285 2467 1317 2493 Et
1328 2466 1409 2494 omnis
1429 2467 1503 2493 homo
1527 2475 1577 2493 non
1592 2467 1638 2494 erit
1648 2466 1675 2493 in
1690 2466 1771 2493 tam.

980 2515 1072 2542 uacula
1086 2513 1231 2546 testimonii,
1245 2512 1346 2548 quando
1371 2512 1426 2546 ipse
1440 2513 1612 2539 sanctuarium
1634 2513 1771 2548 ing-editur

981 2561 1014 2587 ad
1028 2559 1197 2594 expiandum,
1212 2559 1291 2585 donec
1305 2558 1469 2594 egrediatur;
1484 2563 1507 2585 et
1528 2558 1637 2593 expiabit
1655 2567 1701 2593 pro
1713 2567 1739 2585 se
1752 2564 1774 2586 et

981 2607 1056 2634 domo
1070 2614 1127 2638 sua,
1139 2610 1162 2632 et
1187 2613 1233 2640 pro
1257 2605 1370 2632 universo
1388 2610 1453 2632 cwtu
1474 2603 1557 2632 Israel
1572 2604 1653 2640 (Ibid.
1669 2604 1724 2639 17).
1742 2604 1777 2632 δέν

982 2653 1092 2688 expiabit
1104 2660 1181 2687 super
1193 2652 1282 2683 altare,
1297 2651 1365 2685 quod
1377 2656 1413 2678 est
1428 2659 1515 2677 coram
1528 2650 1637 2677 Domino
1648 2650 1702 2685 (Ib.
1718 2649 1777 2685 18);

983 2698 1022 2726 Ex
1038 2699 1079 2726 his
1093 2698 1185 2732 liquet,
1200 2704 1253 2724 non
1273 2697 1391 2732 quolibet
1414 2702 1533 2732 tempore
1553 2697 1579 2724 in
1594 2701 1685 2724 sancta
1710 2704 1774 2723 san-

983 2750 1086 2772 ctorum
1107 2744 1256 2778 ingressum
1273 2743 1364 2776 fuisse,
1377 2747 1404 2769 et
1418 2743 1481 2770 dum
1495 2745 1566 2770 intus
1581 2746 1662 2773 esset.
1675 2742 1775 2769 nemini

983 2792 1022 2818 ias
1036 2790 1118 2818 fuisse
1133 2797 1164 2817 ea
1179 2790 1333 2824 contingere
1346 2810 1353 2822 ,
1370 2789 1416 2816 sed
1433 2794 1508 2816 extra
1522 2789 1610 2816 velum
1625 2789 1776 2816 consistens

984 2837 1046 2864 dum
1062 2836 1154 2863 fuisse.
1164 2835 1264 2864 Verum
1283 2835 1341 2862 haec
1355 2843 1403 2862 vos
1418 2834 1511 2862 sedulo
1532 2839 1621 2861 mente
1634 2839 1721 2861 vestra
1737 2839 1775 2859 te-

985 2887 1055 2912 nete.
1081 2883 1220 2916 lleliquum
1235 2881 1306 2910 enim
1321 2885 1373 2914 est,
1396 2885 1425 2908 ut
1444 2879 1576 2916 quodnam
1593 2879 1656 2907 illud
1673 2885 1783 2913 tempus.
