1978 3131
174 168 225 196 357

174 225 263 257 bit-rit,
280 230 332 259 quo
347 223 418 250 solus
432 221 631 258 ingrediebntur
650 221 676 248 in
692 225 782 248 sancta
802 225 966 252 sanctorum,

174 269 254 305 idque
267 269 350 296 semcl
366 268 504 296 dumtaxat
526 268 553 295 in
571 275 652 299 anno,
676 267 753 294 vobis
777 267 967 294 demonstrem.

174 317 231 350 Qua
245 316 347 342 ratione
363 319 452 342 autem
467 313 519 341 hoc
534 313 653 348 patebit?
666 314 704 340 Ex
727 313 821 340 eodem
844 311 968 339 nimirum

174 362 226 389 hoc
241 361 309 389 libro
333 368 340 386 :
361 361 395 388 ita
410 360 481 388 enim
497 359 614 387 dicitur:
633 359 719 386 Mense
733 360 849 394 septimo,
872 358 970 385 decima

174 408 218 434 die
231 407 333 438 mensis,
349 405 513 433 humiliabitis
527 406 626 433 animus
649 409 752 437 vestras,
767 409 790 431 et
811 411 884 431 omne
905 411 970 439 opus

173 461 225 480 non
236 452 335 487 facietis
349 446 418 479 :s’ive
432 452 563 487 indigena,
575 452 627 479 sive
639 451 745 482 aduena,
757 450 801 486 qui
812 450 915 476 additur
929 450 969 476 in-

173 505 211 526 ter
220 507 273 526 vos.
288 497 321 526 In
335 499 382 526 hac
390 499 456 526 enim
469 499 510 526 die
523 498 635 533 expiatio
649 498 695 524 erit
709 497 793 530 vestri,
810 501 837 523 ut
849 496 969 523 emunde-

173 545 236 572 ntint
249 546 280 572 ab
293 545 408 572 omnibus
418 544 526 579 peccatis
538 544 626 571 vestris
641 551 650 570 :
663 551 749 570 coram
768 542 878 570 Domino
895 550 969 568 mun-

174 591 273 618 demini
283 599 293 618 :
307 591 411 618 sabbata
422 590 594 624 sabbatorum,
608 589 705 624 requies
720 589 766 616 erit
784 589 838 615 lucc
852 588 926 620 vobis,
946 593 970 614 et

174 637 337 664 humiliabitis
359 637 457 664 animas
480 641 593 668 vestras;
612 635 705 668 eritque
726 634 794 662 vobis
822 635 869 661 hoc
888 633 970 669 legiti-

174 691 242 710 mum
256 683 444 718 sempiternum.
467 681 586 717 Expiabit
599 686 681 708 autem
694 681 820 711 sacerdos,
831 688 904 714 quem
920 687 969 705 un-

174 729 266 761 xert'ut,
281 734 304 756 et
317 729 392 764 cujus
405 736 495 755 manus
505 728 668 760 initiaverint,
684 731 711 753 ut
723 726 864 754 sacerdotio
875 726 969 762 funga-

175 782 217 802 tur
227 779 282 809 post
295 779 392 809 patrem
399 782 483 806 suum,
495 778 519 800 et
533 773 652 800 induetur
664 772 730 800 stola
737 777 834 803 sancta,
847 776 870 798 et
882 773 971 807 expia-

175 821 210 848 bit
232 826 320 848 sancta
337 825 491 853 sanctorum,
514 825 538 847 et
558 819 749 846 tabernaculum
770 818 922 850 testimonii;
947 823 971 845 et

175 867 257 894 altare
267 866 396 902 ea'piabit;
408 870 431 893 et
444 874 489 900 pro
501 865 660 893 sacerdotum
674 864 792 900 peccatis,
815 869 838 890 et
853 871 898 898 pro
912 864 970 890 uni-

176 920 247 939 verso
261 911 349 947 populi
360 917 424 938 ctetu
434 912 554 947 expiabit.
571 911 675 946 Eritque
688 910 735 937 ltoc
750 909 817 937 vobis
832 908 971 945 legitimum

176 958 367 993 sempiternum,
384 962 410 984 ut
435 958 540 991 expietis
565 965 611 992 pro
628 957 688 991 ﬁliis
702 956 785 983 Israel
806 955 837 982 ab
857 955 972 982 omnibus

177 1004 285 1039 peccatis
299 1011 397 1030 eorum.
414 1002 500 1030 Semel
510 1003 536 1029 in
546 1010 614 1029 anno
627 1002 680 1036 ﬁet,
695 1002 760 1029 sicut
775 1001 894 1037 prtecepit
916 999 972 1028 Do-

178 1049 260 1076 minus
272 1048 356 1084 Moysi
365 1047 459 1083 (Leuit.
479 1049 580 1085 l6-29).
595 1046 633 1074 De
648 1046 717 1074 festo
729 1046 972 1074 Tabernaculorum

179 1095 222 1125 hic
236 1102 326 1122 sermo
341 1099 383 1122 est
398 1102 405 1120 :
422 1099 486 1121 tunc
509 1101 582 1121 enim
601 1093 684 1121 semel
705 1100 826 1120 summus
847 1092 973 1120 sacerdos

177 1140 320 1176 quotannis
334 1139 532 1175 ingrediebalur
548 1148 555 1166 :
571 1139 643 1174 quod
657 1144 683 1167 ct
697 1139 755 1174 ipsc
774 1138 918 1174 explicavit
932 1138 973 1166 his

178 1187 279 1219 verbis,
293 1187 419 1222 quoniam
433 1186 510 1215 semel
523 1186 550 1213 in
557 1194 625 1213 anno
634 1186 685 1214 hoc
698 1185 752 1221 ﬁet.

214 1234 240 1261 5.
266 1233 295 1260 Si
316 1240 380 1268 ergo
404 1233 463 1261 testi
487 1232 732 1260 Tabernaculorum
758 1236 880 1267 tempore
900 1232 974 1260 solus

178 1287 298 1309 summus
321 1278 448 1308 sacerdos
470 1278 618 1314 ingreditur
637 1278 664 1306 in
685 1283 777 1306 sancta
800 1283 972 1311 sanctorum;

178 1333 227 1360 age
246 1325 373 1360 deinceps
392 1324 575 1358 ostendamus,
602 1329 666 1352 tunc
686 1324 822 1352 Zachariae
848 1323 973 1363 angelum

178 1371 343 1407 apparuisse,
367 1371 475 1406 quando
490 1371 516 1399 in
541 1371 641 1398 sanctis
662 1375 816 1399 sanctorum
831 1376 908 1400 erat:
924 1370 974 1398 soli

178 1419 249 1446 cuint
272 1417 322 1453 ipsi
346 1417 484 1445 incensum
510 1418 625 1446 adoleuti
654 1418 795 1446 visusest:
810 1418 884 1446 solus
910 1424 975 1446 vero

178 1470 325 1498 numquam
348 1463 497 1499 ingreditur
519 1470 640 1491 summus
668 1463 810 1497 sacerdos,
834 1463 885 1492 nisi
911 1468 974 1492 tunc

180 1509 318 1546 temporis.
342 1509 413 1538 Nihil
438 1514 528 1538 autem
543 1509 656 1545 impedit
679 1510 744 1545 quin
759 1510 816 1545 ipsa
835 1510 975 1538 audiamus

178 1557 259 1584 verba
273 1557 456 1592 evangelista}.
472 1556 567 1583 Fuitin
577 1556 664 1587 diebus
676 1555 785 1584 Herodis
799 1556 864 1592 regis
876 1556 975 1584 Judm

178 1603 297 1630 sacerdos
306 1602 410 1638 quidam
425 1603 525 1636 nomine
535 1602 683 1635 Zacharias,
701 1607 723 1629 et
736 1610 801 1629 uxor
813 1602 882 1630 illius
901 1603 934 1630 de
943 1603 974 1637 ﬁ-

178 1648 259 1675 liabus
272 1647 368 1680 Aaron,
384 1652 406 1675 et
420 1656 511 1674 nomen
525 1648 580 1683 ejus
597 1646 712 1680 Elizabet
734 1647 808 1682 (Luc.
823 1648 848 1676 i.
867 1647 906 1683 5).
919 1647 974 1674 Fa-

178 1699 246 1719 ctum
259 1698 295 1720 est
307 1698 402 1727 autem,
413 1701 470 1720 cum
478 1693 532 1728 ipse
541 1693 681 1720 sacerdotio
693 1695 839 1729 fungeretur
851 1694 878 1720 in
887 1693 975 1720 ordine

178 1739 239 1766 ιπὶείι
250 1746 304 1766 sua:
317 1743 376 1766 ante
396 1737 490 1770 Deum,
505 1738 644 1766 secundum
668 1739 876 1766 consuetudinem
889 1747 974 1766 sacer-

178 1785 251 1818 dotii,
264 1790 331 1812 sorte
341 1785 411 1818 exiit,
425 1790 452 1812 ut
462 1785 593 1812 incensum
606 1789 719 1819 poneret,
734 1785 863 1820 ingressus
875 1785 902 1812 in
912 1790 974 1812 tem-

179 1831 251 1865 plum
278 1830 391 1858 Domini.
416 1830 449 1858 Et
458 1831 539 1858 omnis
558 1831 692 1858 multitudo
717 1831 805 1866 populi
825 1836 878 1858 erat
898 1839 974 1858 orans

179 1877 252 1913 faris,
263 1877 327 1904 hora
336 1877 431 1904 incensi
441 1876 522 1912 (Ibid.
533 1876 626 1912 8-l0).
638 1877 694 1905 Hoc
704 1877 764 1905 loco
776 1877 802 1904 in
816 1877 974 1904 memoriam

178 1931 288 1955 revoca,
299 1923 405 1956 dilecte,
416 1922 596 1950 testimonium
608 1923 684 1956 illud,
696 1922 767 1958 quod
775 1923 812 1950 ait
825 1932 832 1950 ι
846 1922 881 1949 Ει
893 1923 974 1950 omnis

178 1970 253 1995 homo
275 1976 326 1995 non
343 1968 391 1995 erit
415 1968 442 1995 in
470 1967 631 1995 tabernaculo
651 1968 795 2000 testimonii,
819 1968 976 2003 ingrediente

176 2015 233 2048 ipso
241 2014 275 2041 ad
285 2014 440 2049 expiandum
453 2014 480 2041 in
491 2019 579 2042 sancta
593 2018 754 2047 sanctorum,
768 2014 847 2041 donec
861 2014 975 2049 egredia-

178 2066 218 2097 tur
230 2060 322 2097 (Leuit.
339 2061 383 2088 16.
398 2061 455 2096 17).
465 2061 590 2096 Apparuit
604 2065 689 2087 autem
701 2060 739 2087 illi
751 2060 856 2095 angelus
868 2059 974 2087 Domini

177 2112 246 2134 stans
258 2115 274 2133 a
287 2106 382 2134 dextris
396 2107 485 2134 altaris
508 2107 603 2134 incensi
620 2106 694 2142 (Luc.
719 2107 745 2134 l.
761 2106 818 2141 ll).
836 2105 893 2133 Non
906 2105 973 2133 dixit

177 2154 270 2181 altaris
290 2154 495 2188 sacriﬁciorum,
521 2153 568 2182 sed
582 2154 670 2181 altaris
695 2154 790 2181 incensi
808 2161 816 2180 .'
832 2158 972 2189 propterea

177 2200 248 2236 quod
273 2200 357 2228 altare
378 2200 570 2228 sacriﬁciorum
602 2205 630 2228 et
661 2199 876 2228 holocaustorum
907 2199 973 2227 loris

177 2250 260 2285 esset,
276 2246 347 2274 intus
365 2253 430 2274 vero
443 2245 555 2281 incensi,
567 2250 596 2273 ut
619 2245 659 2273 vel
672 2245 744 2276 hinc,
760 2245 831 2280 quod
859 2245 908 2280 ipsi
922 2245 972 2272 soli

177 2293 389 2328 conspiceretur,
405 2291 518 2327 etquod
547 2291 649 2319 dicatur
670 2291 784 2326 populus
799 2291 884 2326 ipsum
907 2291 973 2318 loris

176 2344 357 2374 exspectasse,
373 2337 542 2366 manifestum
552 2337 657 2370 evadat,
671 2338 697 2364 iu
709 2342 799 2365 sancta
815 2333 971 2364 sanctorum

177 2384 265 2418 ipsum
280 2383 430 2418 ingressum
445 2383 538 2411 fuisse.
552 2383 586 2410 Et
601 2383 715 2410 turbatus
725 2388 762 2410 est
775 2382 914 2410 Zacharias
934 2383 971 2409 vi-

177 2430 249 2462 dens,
258 2430 363 2456 ettimor
373 2429 462 2456 cecidit
470 2437 546 2464 super
556 2429 650 2464 ipsum.
664 2429 736 2456 Dixit
748 2434 832 2456 autem
843 2430 877 2455 ad
888 2429 972 2463 ipsum

176 2474 301 2509 angelus:
315 2473 356 2501 Ne
366 2474 465 2507 timeas,
477 2474 604 2501 Zucltaria
613 2482 623 2507 ,'
633 2475 753 2506 quoniam
774 2475 861 2501 audita
873 2479 910 2502 est
929 2475 973 2502 de-

177 2514 289 2555 precatio
302 2525 356 2554 tua,
377 2524 401 2546 et
420 2528 485 2547 uxor
497 2524 541 2547 tua
554 2520 669 2548 Elizabet
682 2521 763 2556 pariet
778 2520 822 2547 tibi
835 2521 926 2555 ﬁlium,
949 2525 973 2547 ct

176 2566 275 2593 vocabis
283 2574 374 2592 nomen
388 2566 442 2606 ejus
454 2565 581 2601 Joannem
591 2566 645 2602 (Ib.
658 2566 701 2594 l2.
712 2566 768 2603 i3).
778 2566 810 2594 Et
825 2572 881 2594 erat
903 2566 972 2601 plebs

176 2616 324 2647 exspectans
338 2611 491 2638 Zachariam
508 2619 517 2639 :
531 2617 555 2639 et
574 2612 747 2646 mirabantur,
766 2613 835 2647 quod
861 2613 973 2641 tardaret

175 2658 264 2691 ipsein
278 2657 515 2693 templo.Egressus
532 2664 617 2686 autem
631 2659 761 2692 innuebat,
779 2667 857 2694 neque
874 2665 972 2694 poterat

176 2704 244 2738 loqui
253 2704 315 2739 ipsis
327 2703 380 2740 (Ib.
394 2703 439 2731 21.
453 2703 597 2739 22).Vides
612 2705 680 2732 intra
692 2705 780 2732 velqu
791 2705 971 2733 luisse?Tunc

176 2751 256 2786 igitur
271 2750 342 2778 hunc
363 2751 451 2778 Letum
468 2751 588 2778 nuntium
614 2751 729 2786 accepit.
744 2752 860 2786 Tempus
882 2757 970 2779 autem

176 2803 231 2824 tum
244 2801 302 2824 erat
313 2797 372 2824 festi
386 2797 629 2825 Tabernaculorum
652 2802 679 2825 et
691 2798 786 2832 jejuuii
804 2807 810 2825 :
834 2798 885 2825 hoc
897 2799 969 2826 euitn

175 2844 220 2870 illa
240 2844 321 2871 verba
348 2843 397 2871 sibi
422 2844 536 2876 volunt,
562 2843 734 2870 Iluntiliabitis
756 2845 854 2871 animus
880 2851 971 2872 vestras

177 2889 269 2930 (Lat-it.
287 2890 329 2917 lG.
353 2889 410 2927 29),
439 2891 518 2926 idque
545 2898 558 2916 a
585 2890 684 2918 Judris
700 2889 749 2918 sub
765 2891 842 2918 linem
868 2891 969 2920 mensis

545 164 574 191 S.
593 162 732 191 JOANNIS
752 161 988 190 CHRYSUSTONH
1010 161 1168 189 AllCHlEP.
1190 161 1457 190 CONSTANTINOP.

1766 163 1818 189 3378

1027 218 1201 253 Septembris,
1213 220 1283 254 quod
1292 223 1318 246 et
1329 227 1375 247 vos
1387 219 1529 251 testantiui,
1539 219 1732 248 celebrabatur.
1746 220 1819 248 Tunc

1024 265 1096 292 enim
1122 265 1207 299 longis
1225 266 1394 300 copiosisquc
1415 265 1578 292 orationibus
1600 267 1625 292 iu
1648 265 1756 293 Judreos
1779 266 1818 292 usi

1023 317 1124 343 sumus,
1140 311 1319 346 importunum
1333 318 1424 338 eorum
1438 311 1568 346 jejunium
1578 317 1747 340 accusantes.
1761 311 1818 339 Hoc

1023 365 1087 392 ergo
1101 362 1221 392 tempore
1231 358 1311 385 etiam
1324 358 1444 385 Elizabet
1457 366 1522 385 uxor
1532 358 1669 386 Zacharias
1681 360 1816 394 concepit.

1024 403 1058 430 Et
1081 403 1233 431 occultabat
1258 411 1287 431 se
1306 404 1441 432 mensibus
1467 404 1604 440 quinque,
1630 405 1742 432 dicens:
1770 405 1816 432 Sic

1023 449 1085 476 nti/ti
1097 449 1155 484 fecit
1184 450 1309 477 Dominus
1327 451 1353 477 in
1374 451 1472 482 diebus,
1496 451 1584 486 quibus
1594 453 1703 487 respuit
1718 454 1822 488 auferre

1023 496 1187 531 opprobrium
1196 504 1277 523 meum
1287 497 1352 523 inter
1366 497 1478 524 homines
1489 496 1565 532 (Luc.
1579 497 1604 525 Ι.
1616 497 1674 532 25).
1685 497 1820 525 Carterum

1024 547 1203 577 opportunum
1220 550 1291 570 nunc
1308 543 1423 577 videtur,
1439 549 1468 571 ut
1480 544 1653 572 ostendamus
1678 549 1820 579 prtcterea.

1024 596 1084 616 cum
1100 594 1206 616 sextum
1223 589 1278 623 jam
1294 596 1412 616 mensem
1434 589 1490 624 ipsa
1502 589 1631 617 Joannem
1645 590 1672 617 in
1688 596 1766 618 utcro
1776 597 1827 625 απε-

1024 639 1117 668 staret,
1129 635 1237 662 Mariam
1250 636 1340 662 la‘tum
1350 635 1384 663 de
1394 637 1566 671 conceptione
1579 644 1626 664 sua
1639 638 1762 664 nuntium
1775 644 1820 664 ac-

1024 680 1138 715 cepisse.
1157 680 1268 714 Quando
1279 681 1350 708 enim
1363 682 1433 708 venit
1447 681 1480 708 ad
1495 689 1556 709 eam
1569 681 1688 715 Gabriel,
1700 687 1727 709 et
1737 682 1819 709 dixit:

1026 725 1068 753 Ne
1081 727 1179 758 timeas,
1194 726 1423 760 Maria;invenisti
1433 728 1498 754 enim
1509 729 1617 763 gratiam
1638 728 1710 761 apud
1723 728 1818 756 Deum.

1028 771 1061 798 Et
1074 780 1129 799 ecce
1144 772 1272 807 cancipies
1297 773 1324 799 in
1337 778 1416 804 utero,
1433 777 1457 799 et
1465 773 1549 807 paries
1565 773 1658 807 ﬁlium,
1675 779 1698 800 et
1722 774 1823 800 vocabis

1025 826 1116 846 nomen
1129 819 1184 853 ejus
1197 818 1286 845 Jesum
1302 818 1377 854 (Luc.
1395 819 1419 845 l.
1436 819 1480 846 50.
1497 820 1553 854 5i).
1568 819 1689 854 Cumque
1702 819 1759 854 ipsa
1772 819 1825 847 hoc

1026 871 1151 892 sermone
1165 865 1326 898 turbaretur,
1341 864 1503 900 modumque
1513 864 1571 900 ejus
1586 865 1624 892 rei
1633 865 1739 892 discere
1749 873 1824 899 quie—

1026 915 1108 942 reret,
1136 910 1303 946 respondens
1325 911 1435 946 angelus
1459 910 1526 938 dixit
1549 911 1583 938 ad
1609 919 1689 938 eam:
1711 911 1827 946 Spiritus

1025 961 1128 984 sanctus
1143 958 1301 991 superveniet
1311 957 1337 984 in
1348 962 1381 990 te,
1396 962 1419 983 et
1431 959 1509 984 virtus
1523 957 1646 984 Altissimi
1665 958 1829 985 obumbrabit

1027 1003 1073 1029 tibi
1085 1011 1095 1030 :
1107 1002 1213 1038 ideoque
1227 1007 1252 1030 et
1265 1003 1333 1038 quod
1342 1008 1459 1030 nascetur
1471 1010 1504 1030 ea:
1518 1009 1541 1030 te
1554 1008 1680 1037 sanctum,
1693 1003 1830 1030 vocabitur

1028 1047 1110 1075 Filius
1116 1047 1173 1076 Dei.
1181 1049 1217 1076 Et
1227 1056 1283 1075 ecce
1296 1047 1411 1075 Elizabet
1422 1053 1530 1083 cognata
1543 1053 1596 1081 tua,
1608 1054 1632 1076 et
1644 1050 1701 1083 ipsa
1711 1050 1830 1085 concepit

1027 1094 1111 1128 ﬁlium
1124 1095 1151 1121 in
1177 1099 1307 1122 senectute
1324 1102 1371 1121 sua
1383 1102 1393 1121 :
1408 1099 1431 1121 et
1453 1095 1494 1121 hic
1508 1096 1601 1122 mensis
1621 1100 1659 1122 est
1673 1100 1760 1123 sextus
1775 1097 1826 1129 illi,

1027 1146 1085 1173 quae
1097 1143 1205 1166 vocatur
1230 1139 1333 1172 sterilis,
1355 1140 1415 1173 quia
1435 1148 1484 1166 non
1509 1140 1556 1166 erit
1577 1140 1732 1175 impossibile
1758 1141 1830 1175 apud

1029 1185 1112 1212 Deum
1137 1193 1210 1212 omne
1221 1185 1322 1212 verbum
1346 1184 1426 1219 (Ibid.
1441 1185 1548 1220 55-57).
1563 1185 1639 1219 Quod
1653 1186 1674 1213 si
1687 1194 1752 1221 ergo
1769 1191 1832 1221 post

1027 1238 1147 1258 mensem
1163 1230 1314 1266 Gorpizcum
1329 1238 1376 1258 seu
1390 1231 1574 1265 Septembrem
1596 1231 1718 1259 Elizabet
1727 1240 1827 1260 conce-

1029 1276 1078 1312 pit,
1095 1280 1124 1303 ut
1138 1281 1275 1304 ostensum
1289 1281 1330 1304 est
1343 1285 1351 1303 :
1365 1277 1541 1304 adnumerare
1552 1282 1658 1313 oportet
1670 1286 1718 1305 sex
1736 1278 1770 1305 ab
1792 1286 1828 1306 eo

1029 1322 1202 1350 intermedios
1220 1329 1326 1349 menses
1341 1331 1348 1348 :
1363 1327 1424 1350 sunt
1435 1327 1524 1350 autem
1538 1322 1576 1357 hi,
1600 1323 1826 1359 llyperbcrctaeus

1029 1367 1087 1396 sive
1108 1367 1234 1400 October,
1259 1368 1323 1395 Dius
1345 1368 1402 1396 sive
1428 1368 1589 1402 November,
1612 1370 1765 1404 Appellzus
1780 1378 1829 1397 seu

1029 1413 1187 1447 December,
1198 1413 1350 1441 Audonteus
1360 1421 1407 1441 seu
1420 1413 1572 1449 Januarius,
1586 1414 1700 1443 Peritius
1714 1423 1762 1443 seu
1777 1415 1830 1444 Fe-

1028 1458 1162 1492 bruarius,
1177 1459 1288 1495 Dystrus
1298 1467 1345 1487 seu
1359 1459 1477 1486 Martius.

1065 1505 1243 1541 Conceptionis
1265 1505 1357 1532 mensis
1381 1506 1535 1540 primus.—
1555 1506 1645 1541 Itaque
1667 1512 1730 1542 post
1757 1507 1829 1534 hunc

1029 1557 1134 1581 sextum
1149 1559 1268 1580 mensem
1282 1552 1443 1587 principium
1457 1553 1640 1587 conccptionis
1654 1555 1759 1588 acoepit
1774 1554 1831 1581 Ma-

1029 1598 1068 1626 ria
1084 1605 1091 1625 :
1108 1605 1123 1625 a
1142 1605 1196 1633 quo
1211 1598 1233 1625 si
1256 1605 1354 1625 novem
1368 1605 1475 1626 menses
1489 1606 1673 1632 numeremus,
1695 1600 1789 1635 utique
1802 1601 1830 1627 in

1030 1649 1188 1679 praesentem
1201 1644 1273 1672 hunc
1288 1651 1408 1671 mensem
1422 1644 1606 1672 deveniamus.
1621 1644 1671 1672 Est
1682 1646 1764 1680 igitur
1775 1647 1831 1681 pri-

1030 1697 1090 1717 mus
1097 1689 1280 1724 conceptionis
1291 1690 1392 1717 mensis
1403 1689 1502 1724 Aprilis
1512 1690 1569 1717 sive
1577 1690 1721 1723 Xanticus,
1730 1691 1830 1719 deinde

1029 1735 1190 1763 Artemisius
1211 1743 1259 1763 seu
1279 1734 1373 1768 Maius,
1382 1735 1477 1763 Desius
1498 1736 1558 1763 sive
1569 1735 1675 1770 Junius,
1692 1736 1830 1764 Panemus

1029 1782 1085 1810 sive
1107 1781 1204 1815 Julius,
1221 1781 1314 1815 Loius,
1328 1782 1386 1810 sive
1400 1782 1546 1817 Augustus,
1563 1781 1704 1818 Gorpiaaus
1717 1791 1765 1811 seu
1780 1784 1830 1811 Se-

1029 1828 1160 1863 ptember,
1193 1827 1428 1864 Hyperberetmus,
1449 1827 1507 1855 sive
1530 1827 1656 1862 October,
1682 1828 1746 1856 Dius
1772 1829 1831 1857 sive

1028 1874 1188 1907 N0vember,
1219 1874 1372 1910 Appellams
1404 1881 1451 1901 seu
1480 1873 1636 1901 December.
1671 1874 1760 1909 Atque
1785 1874 1831 1903 hic

1029 1920 1130 1948 mensis
1143 1925 1196 1954 est,
1210 1928 1288 1956 quem
1304 1924 1463 1955 praesentem
1485 1919 1625 1953 habemus,
1641 1927 1696 1955 quo
1709 1925 1737 1948 et
1757 1921 1830 1948 hunc

1029 1967 1100 1995 diem
1111 1967 1289 1995 celebramus.
1305 1967 1340 1995 Ut
1353 1970 1442 1995 autem
1455 1966 1526 2002 quod
1539 1966 1600 1994 dico
1613 1967 1694 1994 etiam
1708 1967 1828 2002 apertius

1028 2014 1105 2041 vobis
1119 2014 1271 2048 clariusque
1290 2013 1393 2046 evadat,
1409 2013 1525 2040 breviter
1546 2013 1604 2040 haec
1626 2021 1732 2041 rursum
1747 2021 1828 2048 repe-

1029 2065 1097 2093 tens,
1112 2061 1247 2088 dilectioni
1263 2065 1359 2088 vestrae
1374 2059 1531 2088 edisseram.
1546 2060 1635 2088 Semel
1653 2060 1679 2087 in
1699 2068 1771 2088 anno
1785 2061 1828 2088 in-

1028 2105 1199 2144 grediebatur
1213 2106 1286 2133 solus
1299 2113 1419 2133 summus
1431 2105 1558 2133 sacerdos
1573 2105 1599 2132 in
1615 2110 1707 2133 sancta
1722 2111 1830 2134 sancto-

1028 2160 1097 2184 rum,
1123 2152 1203 2187 idque
1229 2152 1353 2187 Gorpimo
1376 2159 1423 2179 sett
1448 2152 1598 2186 Septembri
1622 2159 1725 2180 mense.
1752 2153 1828 2181 Tunc

1029 2199 1164 2234 ingressus
1185 2203 1227 2226 est
1247 2198 1389 2226 Zacharias
1413 2198 1438 2225 in
1460 2203 1550 2226 sancta
1577 2203 1750 2232 sanctorum,
1766 2204 1830 2227 tunc

1028 2246 1150 2273 nuntium
1171 2245 1205 2273 de
1228 2245 1339 2273 Joannis
1365 2246 1503 2273 nativitate
1528 2245 1630 2273 habuit.
1654 2246 1731 2275 illinc
1742 2247 1827 2274 abiit:

1028 2296 1090 2319 tunc
1104 2299 1170 2328 uxor
1183 2292 1241 2326 ejus
1256 2291 1388 2326 concepit.
1413 2292 1478 2319 Post
1500 2299 1620 2319 mensem
1645 2297 1736 2320 autern
1759 2294 1829 2321 Gor-

1027 2338 1123 2372 pimum
1143 2346 1190 2365 seu
1210 2338 1405 2373 Septembrem,
1427 2345 1487 2365 cum
1511 2343 1613 2365 sextum
1627 2339 1682 2373 jam
1707 2347 1829 2367 mensem

1028 2385 1084 2418 ipsa
1110 2385 1136 2412 in
1161 2389 1238 2412 utero
1253 2384 1374 2416 haberet,
1390 2385 1435 2419 qui
1459 2384 1561 2412 scilicet
1575 2390 1616 2412 est
1642 2385 1757 2420 Dystrus
1783 2393 1828 2413 seu

1026 2430 1145 2462 Martius,
1162 2430 1218 2465 ipsa
1230 2429 1347 2465 denique
1366 2429 1446 2457 Maria
1464 2430 1596 2465 concepit.
1611 2431 1632 2457 Δ
1648 2430 1767 2458 Xantico
1781 2439 1828 2459 seu

1027 2477 1110 2512 Aprili
1132 2476 1210 2512 igitur
1225 2476 1388 2511 incipiendo,
1405 2484 1502 2503 novem
1526 2484 1632 2504 menses
1653 2477 1676 2504 si
1700 2486 1826 2506 numere-

1027 2531 1094 2555 mus,
1111 2523 1136 2550 iu
1159 2527 1317 2557 praesentem
1340 2522 1499 2555 incidemus,
1513 2530 1566 2557 quo
1588 2522 1719 2550 Dominus
1735 2529 1826 2551 noster

1026 2568 1103 2596 Jesus
1116 2568 1238 2606 Christus
1256 2573 1333 2596 natus
1347 2573 1399 2596 est.

1062 2615 1088 2642 6.
1109 2615 1195 2649 Atque
1213 2615 1303 2642 omnia
1321 2614 1438 2649 quidem,
1453 2622 1512 2649 qua:
1527 2614 1560 2642 de
1583 2614 1633 2642 hoc
1647 2615 1692 2642 die
1714 2615 1825 2642 dicenda

1026 2665 1112 2694 erant,
1131 2661 1208 2688 vobis
1226 2661 1355 2688 hactenus
1374 2662 1558 2696 exposuimus.
1575 2660 1662 2688 Unum
1684 2666 1787 2688 tantum
1802 2662 1824 2688 si

1026 2715 1097 2735 nunc
1121 2707 1259 2740 addidero,
1273 2707 1387 2734 orationi
1401 2715 1467 2734 mete
1492 2707 1572 2734 linem
1595 2707 1751 2742 imponam;
1767 2715 1824 2743 qua:

1025 2753 1126 2787 majora
1147 2758 1222 2784 sttnt,
1245 2753 1379 2780 communi
1405 2752 1507 2779 doctori
1528 2752 1639 2780 dicenda
1659 2753 1822 2788 relinquens.

1060 2798 1184 2831 Inﬁdeles
1198 2798 1346 2826 Christiana
1359 2799 1478 2833 dogmata
1493 2798 1599 2824 irrident
1610 2807 1619 2830 ;
1639 2797 1822 2826 [hereticorum

1026 2845 1127 2871 delicta.
1145 2861 1179 2866 —-
1201 2845 1332 2879 Quoniam
1357 2845 1428 2872 enim
1455 2843 1532 2871 multi
1555 2843 1741 2876 ethnicorum,
1763 2852 1823 2872 cum

1031 2892 1140 2919 audiunt
1157 2892 1238 2920 Deum
1255 2893 1279 2920 in
1297 2899 1376 2920 carne
1391 2896 1492 2927 uatum,
1508 2891 1619 2920 irrident
1641 2899 1702 2927 nos,
1716 2898 1742 2920 et
1756 2892 1820 2923 iusq-
