1978 3131
137 167 186 194 559

127 229 233 256 ctantur,
251 224 402 258 multosque
422 231 453 250 cx
475 224 679 258 sunplicioriltus
705 224 811 250 turbant
834 230 912 259 atque

127 270 285 304 inquietant:
296 277 363 304 opus
375 275 425 300 est,
438 277 497 296 cum
511 270 543 296 ad
556 270 635 304 ipsus,
648 276 702 296 tum
715 270 748 296 ad
761 270 911 304 lmjusmodi

125 314 166 348 qui
188 313 261 341 hisce
289 314 438 345 turbantur,
464 321 613 341 sermonem
639 315 768 349 dirigere,
796 322 830 341 ne
851 314 913 349 quid

127 367 246 394 umquam
274 360 377 387 insanis
400 360 551 387 ltominibus
571 360 770 394 acqttiesceutcs
792 367 912 387 commo-

127 410 243 438 veantur,
261 410 309 433 aut
328 407 466 434 turbentur
477 414 511 434 ex
523 406 675 441 httjusntodi
690 406 834 434 inﬁdelium
850 406 911 434 irri-

123 452 203 479 sione.
215 451 283 479 Nam
299 456 327 480 et
341 453 415 487 parvi
435 453 509 488 pueri
529 460 573 480 res
584 453 678 486 serias,
694 457 772 488 atque
784 453 852 480 adeo
865 461 912 481 ne-

121 498 245 525 cessarias
265 506 338 533 saepe
359 499 436 526 nobis
449 499 608 534 agitantibus
628 499 716 526 ridere
735 499 841 526 solent:
856 506 909 526 tton

121 547 205 570 tatnen
220 543 321 571 idcirco
335 544 406 573 risus
425 543 468 571 ltic
481 548 664 579 argumentum
680 549 721 572 est
735 552 836 576 rerum,
850 551 910 578 qu:e

120 589 244 622 ridentur,
259 590 381 622 vilitatis,
397 590 443 617 sed
461 597 564 622 eorum,
577 590 621 624 qui
635 589 732 622 rident,
747 589 909 616 stoliditatis.

119 635 189 669 Quod
210 635 281 662 idem
297 635 375 663 nobis
392 636 426 663 de
446 635 520 663 hisce
539 635 653 664 ethnicis
666 635 755 663 dicere
768 636 847 663 licet:
863 636 909 670 qui

119 681 202 715 pueris
217 681 286 715 ipsis
306 689 389 716 prope
408 682 569 709 amentiorcs
588 689 647 709 cum
662 682 725 714 sint,
741 689 771 709 ea
787 681 907 715 irrident,

119 736 172 762 quae
185 728 312 762 religioso
332 727 447 763 quodam
470 728 582 755 ltorrore
603 732 682 762 atque
695 728 768 754 omni
790 727 908 755 admira-

119 774 185 800 tione
205 773 285 808 plena
311 779 390 806 sunt,
409 773 452 800 illa
479 778 578 805 autent,
595 781 653 808 qua:
679 781 771 800 revera
797 773 908 800 ridenda

118 825 195 850 erant,
221 819 365 854 magniﬁce
388 819 518 846 extollunt
545 824 623 854 atque
648 824 787 847 exornant.
811 820 906 847 Verum

118 867 182 892 enim
197 873 262 892 vero
276 870 305 892 et
318 871 409 892 nostra
431 866 466 892 ita
481 866 514 892 ab
528 865 592 899 ipsis
607 866 683 893 irrisa
699 865 725 892 itt
739 866 845 900 propria
859 873 906 893 sua

118 911 285 939 nihilominus
300 911 441 946 majestate
463 911 616 946 perdurant,
632 912 706 939 nullo
728 919 774 946 per
789 912 906 947 ipsorum

119 958 204 988 rismtt,
228 957 300 990 quod
328 957 360 983 ad
387 957 564 991 pra-stantiam
589 964 664 983 suatn
690 957 793 989 attinet,
810 957 906 984 dantno

117 1008 219 1036 accepto
233 1010 240 1028 :
255 1007 283 1029 et
297 1002 416 1036 ipsorum
428 1007 530 1033 contra,
548 1002 608 1029 licet
624 1006 761 1034 exornata,
777 1003 904 1037 privatant

117 1055 184 1074 suam
211 1047 406 1081 turpitudinem
437 1047 559 1082 produnt.
583 1046 677 1074 Nonne
700 1048 770 1074 enim
794 1048 904 1075 extremi

117 1093 247 1128 cujusdam
263 1094 383 1128 stuporis
396 1098 446 1126 est,
463 1093 522 1121 illos
535 1101 645 1121 errones
660 1094 686 1120 in
697 1094 808 1129 lapides,
824 1094 903 1129 ligna,

118 1148 141 1169 t'l.
162 1143 223 1169 vilia
246 1143 325 1177 signa
338 1142 404 1169 deos
425 1150 488 1169 suos
509 1141 675 1173 inducentes,
690 1145 716 1168 et
731 1146 863 1176 tamquam
878 1142 903 1168 itt

117 1197 216 1216 carcere
234 1190 364 1223 quopiam
385 1187 583 1220 concludentes,
600 1187 664 1214 nihil
680 1180 766 1214 tamen
782 1187 904 1214 arbitrari

117 1243 142 1262 se
155 1239 229 1268 turpe
241 1239 289 1261 aut
304 1234 397 1262 dicere
412 1238 458 1260 aut
477 1233 564 1260 facere
577 1242 583 1259 :
605 1241 654 1259 nos
667 1237 754 1260 autem
768 1240 902 1264 accusare.

116 1279 180 1314 qttod
202 1287 370 1312 asseramus,
395 1279 475 1306 Deum
500 1279 549 1305 sibi
575 1279 701 1313 templum
726 1279 813 1304 vivum
837 1285 903 1305 con-

117 1326 237 1353 struxisse
250 1333 286 1353 cx
299 1326 401 1360 Spiritu
417 1330 519 1357 sancto,
535 1332 583 1359 per
597 1324 669 1359 quod
693 1325 748 1351 orbi
773 1330 903 1352 terrarum

117 1371 234 1398 universo
248 1371 375 1406 profuit?
397 1371 427 1397 Et
441 1370 588 1404 cuiusmodi
603 1370 708 1397 tandem
729 1371 779 1398 ltoc
792 1378 902 1398 accusa-

117 1418 190 1445 tionis
208 1416 313 1452 genus?
337 1416 366 1443 Si
389 1417 458 1443 enim
482 1421 558 1454 turpe
577 1421 617 1446 est
633 1416 714 1445 Deum
738 1417 765 1445 in
788 1418 903 1446 humano

116 1462 221 1500 corpore
244 1465 378 1496 habitare,
402 1465 484 1491 mttlto
501 1465 583 1499 magis
608 1465 632 1491 itt
656 1465 726 1499 ligno
749 1469 775 1491 et
799 1465 902 1499 lapide:

116 1519 174 1538 sane
194 1515 266 1537 tanto
290 1510 405 1544 turpius,
419 1515 518 1544 quanto
540 1510 605 1543 lapis
620 1515 646 1537 et
671 1510 770 1544 lignum
796 1511 903 1538 homine

117 1557 186 1583 vilius
200 1566 206 1583 :
222 1557 274 1584 nisi
300 1557 370 1583 forte
385 1557 439 1591 ipsa
455 1557 564 1583 tnateria
581 1564 674 1584 senstts
693 1561 802 1591 experte
821 1564 903 1592 genus

117 1606 228 1630 nostrum
244 1602 377 1636 abjectius
396 1601 447 1628 illis
468 1609 526 1629 csse
544 1601 671 1629 videatur.
689 1602 756 1636 Quin
777 1603 855 1629 etiam
877 1603 902 1630 in

116 1647 175 1675 feles
188 1653 213 1675 et
227 1656 312 1675 canes
327 1648 388 1682 ipsi,
405 1647 478 1674 multi
498 1652 585 1674 autem
607 1647 792 1675 haereticorum
811 1649 837 1675 in
852 1648 903 1675 alia

117 1693 216 1728 insuper
237 1694 315 1722 hisce
337 1694 550 1729 iguontiniosiora
575 1694 672 1721 audent
694 1695 739 1721 Dei
760 1695 902 1722 essentiam

117 1740 254 1769 habitatum
278 1741 436 1767 immittere.
451 1740 526 1774 Quod
539 1748 587 1767 nos
609 1749 694 1776 neque
715 1741 836 1772 dicimus,
854 1749 903 1767 tte-

116 1794 163 1821 que
175 1786 297 1813 dicentes
309 1786 450 1820 aliquando
462 1786 553 1812 audire
572 1786 758 1813 sustineamus.
775 1786 826 1813 Sed
839 1786 903 1813 illud

117 1836 210 1858 tantum
232 1831 393 1863 asseritntts,
413 1830 546 1857 Christum
569 1839 675 1858 carnem
690 1831 824 1864 mundam,
841 1839 903 1858 san-

117 1882 194 1911 ctam,
219 1877 484 1912 irrepreltettsibilem
507 1881 665 1911 peccatoque
686 1878 758 1904 omni
782 1878 903 1905 inacces-

116 1931 176 1956 sam,
192 1932 225 1951 ex
240 1923 363 1958 virgineo
378 1927 453 1950 utero
479 1923 650 1958 prodeuntem
664 1923 849 1958 assumpsisse,
865 1928 904 1950 at-

116 1976 162 2003 que
174 1969 209 1995 ita
223 1976 304 1995 suum
325 1968 479 2002 figmentum
494 1973 669 1995 restattrasse.
683 1969 722 1995 Ac
735 1969 771 1995 illi
785 1968 902 2002 quidem,

117 2019 141 2042 et
152 2015 193 2048 qui
207 2015 263 2050 pari
279 2022 341 2041 eum
357 2014 420 2048 ipsis
435 2015 572 2048 impietate
585 2015 741 2048 delinquunt
754 2015 901 2048 Manichaai,

117 2060 140 2086 in
156 2068 235 2087 canes
256 2066 284 2087 et
307 2061 399 2087 simias
421 2059 542 2094 ferasque
562 2061 648 2087 omnis
668 2062 774 2095 generis
788 2061 902 2088 divinam

118 2108 254 2134 essentiam
271 2107 428 2134 indecentes
445 2115 451 2133 :
469 2106 582 2134 animam
597 2107 667 2133 enim
682 2107 804 2134 omnibus
819 2107 860 2134 his
870 2115 903 2134 ex

117 2151 156 2179 illa
169 2153 287 2179 essentia
301 2160 363 2180 esse
375 2151 482 2182 dicunt;
503 2161 555 2179 non
576 2152 685 2179 horrent
699 2161 785 2187 neque
805 2153 902 2180 erube—

119 2203 207 2226 scunt:
225 2206 275 2226 nos
290 2206 354 2225 vero
368 2198 424 2225 Deo
437 2198 542 2233 indigna
557 2198 645 2225 dicere
659 2198 742 2232 aiunt,
763 2199 824 2233 quia
838 2198 903 2226 nihil

119 2245 207 2272 horum
218 2253 252 2272 ne
262 2244 425 2279 cogitatione
439 2245 546 2279 quidem
559 2245 730 2276 admittimus,
742 2245 788 2273 sed
803 2250 902 2272 tanttttn

118 2290 183 2324 quod
209 2291 265 2318 Deo
286 2291 449 2318 conveniens
472 2295 550 2325 atque
576 2291 673 2318 decens
694 2295 751 2318 erat
773 2292 901 2320 dicimus:

119 2343 207 2371 nempe
226 2337 314 2369 ipsum
333 2336 484 2367 advenisse.
512 2342 538 2363 ct
558 2337 608 2363 ltoc
627 2337 804 2371 generationis
824 2338 903 2365 modo

119 2383 249 2416 proprium
263 2390 342 2409 suuttt
357 2391 424 2416 optts
439 2387 610 2410 rcstaurasse.
622 2383 689 2417 Quid
700 2384 758 2410 ais?
771 2384 812 2410 die
827 2384 902 2411 mihi.

120 2426 254 2462 Tuue,qui
278 2428 470 2454 homicidarum
496 2432 522 2454 et
545 2429 765 2462 praestigiatorum
788 2430 902 2456 animant

121 2473 210 2500 divinae
222 2474 348 2501 essentia:
362 2481 422 2501 esse
434 2475 540 2506 asseris,
554 2482 602 2502 nos
613 2482 738 2502 accusare
753 2476 845 2509 audes,
860 2476 904 2510 qui

121 2519 209 2546 horum
224 2521 332 2555 quidem
355 2519 420 2546 nihil
435 2528 487 2546 non
502 2520 580 2547 ntodo
594 2528 646 2547 non
663 2521 770 2548 ferimtts
783 2527 827 2549 aut
838 2529 900 2549 sus-

121 2565 229 2593 tinemus
250 2565 343 2592 audire
355 2586 364 2599 ,
380 2566 426 2592 sed
441 2567 485 2600 qui
505 2566 547 2593 illa
562 2566 662 2600 dicuttt,
676 2567 770 2601 impios
782 2576 841 2595 esse
859 2568 904 2602 ju-

121 2611 251 2639 dicamus?
263 2613 332 2646 Quid
349 2612 426 2647 igitur
438 2612 569 2640 dicimus?
584 2613 647 2640 lllttd
660 2613 800 2640 nimirum:
822 2615 903 2642 Deum

122 2664 268 2686 constructo
293 2664 386 2686 sancto
411 2659 461 2685 hoc
481 2659 530 2686 sibi
553 2660 660 2694 templo,
674 2668 721 2694 per
734 2661 847 2695 idipsum
871 2670 902 2689 ex

126 2706 187 2732 catlo
214 2706 349 2734 caelestem
375 2706 513 2740 qttemdatu
541 2714 628 2733 rcrttm
653 2712 748 2733 statum
773 2708 798 2734 in
823 2708 903 2734 vitam

127 2755 237 2777 nostram
251 2751 392 2778 invexisse.
407 2751 440 2777 Et
452 2750 539 2784 qttidtti
554 2751 648 2777 merito
667 2752 760 2778 millies
773 2759 822 2779 vos
833 2753 905 2786 capi-

126 2795 156 2822 tis
167 2796 317 2827 damnandi,
333 2800 388 2822 tuttt
403 2796 438 2823 ob
457 2796 661 2828 accusationem,
676 2804 726 2830 qua
753 2805 802 2824 nos
823 2800 906 2832 impe-

125 2840 183 2872 titis,
197 2845 250 2868 tum
270 2839 307 2868 ob
328 2840 499 2875 impietatem,
514 2847 591 2874 quam
614 2840 640 2867 in
664 2841 746 2868 Deum
766 2842 906 2870 admittere

127 2894 172 2914 nou
193 2886 336 2914 dcsistitis?
364 2886 391 2913 Si
415 2885 485 2918 enim
507 2885 563 2913 Deo
585 2889 625 2913 est
647 2885 782 2919 indecens,
807 2891 834 2915 ιιι
858 2896 906 2916 vos

602 163 635 190 IN
657 164 919 201 NEMNATALEM
942 169 972 196 D.
993 169 1024 196 N.
1045 170 1127 198 JESU
1145 171 1293 199 CHRISTI.

1703 177 1754 204 500

967 223 1063 256 dicitis,
1085 225 1234 255 inhabitare
1261 235 1356 263 corpus
1376 237 1469 263 purum
1494 236 1520 259 ct
1544 232 1752 267 immaculatum,

966 271 1049 298 utulto
1061 278 1131 299 certe
1145 273 1311 301 indecentius
1324 280 1366 302 est
1385 278 1593 312 pratsligiatoris,
1614 281 1752 315 sepulcro-

965 324 1023 344 rum
1047 318 1208 352 suﬂ‘ossoris,
1228 320 1346 353 latronis,
1362 321 1415 349 into
1437 323 1520 351 simiae
1532 329 1560 352 et
1581 325 1679 359 canis;
1698 335 1752 354 non

964 368 1052 390 autem
1065 368 1184 391 sanctum
1200 365 1265 391 illttd
1279 371 1357 400 atque
1370 367 1614 404 incontaminatutn,
1629 373 1753 408 quodque

964 416 1035 436 nunc
1059 410 1085 436 in
1107 410 1216 437 dextera
1230 411 1316 438 Patris
1331 413 1416 440 sedet.
1431 414 1505 447 Quod
1520 416 1591 443 enim
1614 418 1750 452 damnum,

963 460 1008 480 attt
1022 456 1123 482 macula
1145 457 1198 483 Deo
1210 459 1353 485 accesserit
1375 466 1409 486 ex
1432 459 1480 486 ltac
1502 464 1669 490 atconoutia?
1694 465 1751 492 Non

963 501 1058 528 videtis
1081 503 1163 530 solem
1189 503 1271 536 hunc,
1287 505 1362 539 cujus
1382 513 1479 541 corpus
1502 509 1637 542 sensibile,
1657 517 1751 538 corru-

963 548 1048 583 ptioni
1060 549 1206 583 subjectum
1217 555 1297 585 atque
1312 551 1445 579 infirmum
1457 558 1507 585 est,
1521 559 1677 590 rumpantur
1690 556 1752 585 licet

962 594 1057 622 millies
1071 594 1128 622 ltmc
1142 596 1282 623 audientes
1303 598 1415 632 gentiles
1433 606 1465 626 ac
1479 599 1635 628 lllanichrei?
1661 601 1753 637 Neque

960 646 1025 666 vero
1038 639 1076 666 sol
1090 640 1236 675 dumtaxat,
1249 642 1295 669 sed
1311 643 1390 670 etiam
1405 649 1487 678 terra,
1505 653 1590 678 mare,
1605 651 1684 681 atque
1695 657 1752 674 om-

961 685 1002 712 nis
1015 687 1123 713 omniuo
1148 695 1236 714 rerum
1253 688 1350 715 fabrica
1364 689 1413 717 sub
1434 695 1570 725 aspectum
1584 692 1693 726 cadens,
1707 702 1752 721 va-

960 732 1035 758 nitati
1051 733 1169 767 subjecta
1183 739 1234 761 est.
1254 734 1320 761 Nam
1342 737 1402 763 audi
1418 737 1528 764 Paulum
1548 738 1599 766 hoc
1614 739 1751 767 manifeste

960 778 1111 812 docentem,
1125 779 1188 807 dunt
1203 781 1261 807 ait:
1283 781 1394 808 Vanitati
1415 783 1481 810 enim
1502 789 1616 811 creatura
1639 786 1752 820 subjecta

960 830 1006 858 est,
1020 834 1069 852 non
1084 827 1178 860 valens,
1196 827 1241 854 sed
1265 834 1365 863 propter
1379 838 1444 861 eum,
1461 831 1505 866 qui
1527 831 1632 867 subjecit
1655 841 1710 859 eam
1724 834 1751 860 in

959 879 1003 903 spe
1018 871 1104 906 (Rom.
1119 872 1145 899 8.
1159 872 1215 907 20).
1236 873 1286 906 Qui
1300 873 1396 902 deinde
1410 876 1549 903 ostendere
1569 877 1658 904 volens
1672 878 1750 912 quid-

959 925 1020 943 nam
1038 918 1072 944 sit
1096 918 1160 945 illud
1182 920 1290 946 vanitati
1305 921 1453 955 subjectum
1468 930 1537 955 esse,
1551 923 1688 950 subintulit
1706 925 1750 951 di-

958 970 1022 990 cens
1038 972 1044 989 :
1063 963 1127 996 Quia
1141 969 1165 991 et
1179 965 1235 999 ipsa
1249 970 1364 992 creatura
1383 967 1526 994 liberabitur
1538 977 1554 994 α
1565 970 1681 997 servitute
1694 979 1751 997 cor-

957 1009 1091 1041 ruptionis,
1106 1010 1132 1036 iu
1146 1010 1285 1037 libertatem
1300 1012 1388 1047 gloriw
1402 1014 1513 1047 ﬁliorum
1527 1014 1575 1041 Dei
1596 1015 1675 1052 (Ibid.
1692 1017 1749 1053 all).

957 1054 1057 1089 Nempe
1070 1057 1241 1090 corruptibile
1253 1058 1315 1091 quid
1331 1066 1401 1085 mute
1412 1064 1452 1086 est
1466 1065 1603 1089 creatura:
1618 1063 1748 1097 siquidem

957 1100 1119 1134 eorrttptioui
1134 1102 1233 1129 servire
1248 1103 1313 1129 nihil
1327 1108 1369 1131 est
1383 1105 1465 1138 aliud,
1482 1113 1559 1140 quam
1576 1110 1748 1143 corruptibile

959 1152 1027 1172 esse.
1044 1146 1119 1180 Quod
1134 1147 1156 1173 si
1172 1155 1236 1182 ergo
1257 1149 1308 1180 sol.
1329 1157 1424 1184 corpus
1447 1154 1616 1187 corruptibile
1628 1162 1687 1182 cum
1702 1156 1746 1188 sit,

957 1192 1054 1226 tthique
1077 1193 1164 1221 radios
1179 1202 1242 1221 suos
1265 1197 1372 1229 emittit,
1387 1204 1474 1231 coeno,
1491 1200 1622 1233 sordibus,
1636 1201 1748 1236 aliisque

958 1237 1048 1264 ntultis
1060 1238 1084 1265 id
1098 1247 1181 1273 genus
1195 1241 1274 1267 rebus
1287 1249 1346 1268 sese
1357 1245 1642 1277 commutticans,1tiltil
1659 1252 1748 1275 tamen

959 1290 991 1310 ex
1006 1283 1056 1311 hac
1077 1284 1194 1312 fteditale
1209 1294 1398 1320 corporearum
1412 1289 1559 1317 istiusmodi
1581 1292 1698 1319 sordiuut
1721 1293 1748 1321 in

960 1336 1008 1356 sua
1029 1330 1071 1356 illa
1088 1331 1200 1364 puritate
1215 1331 1328 1364 lmditur,
1342 1334 1388 1360 sed
1405 1335 1517 1362 mundos
1531 1335 1590 1363 illos
1604 1344 1665 1364 suos
1680 1339 1704 1365 in
1714 1346 1748 1366 se

957 1375 1045 1402 radios
1069 1377 1188 1410 retrahit,
1204 1385 1237 1405 ac
1262 1379 1352 1406 tnultis
1375 1388 1479 1408 rursum
1503 1383 1669 1417 corporibus,
1687 1392 1748 1419 quae

957 1421 1043 1456 ipsum
1059 1423 1216 1458 suscipiunt,
1231 1426 1283 1452 vim
1309 1433 1383 1453 suam
1406 1427 1582 1462 virtutemque
1598 1430 1746 1464 participat.

957 1477 989 1496 ac
1004 1470 1074 1496 noxii
1092 1475 1137 1497 aut
1151 1471 1250 1498 sordidi
1264 1480 1296 1499 ex
1312 1473 1364 1500 illis
1375 1481 1408 1500 ne
1421 1475 1557 1501 minimttm
1572 1475 1677 1510 quidem
1691 1477 1748 1511 ipse

955 1515 982 1542 in
994 1523 1022 1542 se
1042 1516 1193 1550 recipiens:
1217 1523 1315 1551 quanto
1331 1519 1413 1553 magis
1437 1519 1544 1553 justitite
1567 1521 1610 1548 ille
1633 1521 1688 1554 Sol,
1703 1522 1747 1550 ille

957 1561 1088 1588 Virtutum
1106 1561 1322 1597 incorporearum
1339 1564 1475 1598 Dominus,
1491 1566 1515 1592 itt
1532 1574 1625 1601 puram
1639 1575 1746 1596 carncttt

956 1607 1107 1641 ingrediens
1121 1615 1171 1634 non
1188 1609 1273 1634 solum
1289 1617 1343 1635 nott
1356 1609 1506 1644 inquinatus
1520 1617 1570 1643 est,
1585 1612 1630 1639 sed
1654 1618 1745 1640 contra

956 1653 1034 1680 etiam
1059 1654 1193 1688 puriorem
1218 1662 1276 1681 eam
1300 1655 1385 1689 ipsam
1407 1658 1619 1693 sanctioremque
1641 1659 1746 1688 effecit?

955 1699 1041 1733 Atque
1064 1698 1120 1726 hate
1136 1699 1241 1734 quidem
1255 1700 1343 1727 omnia
1359 1706 1447 1728 mente
1460 1703 1606 1736 volventes,
1622 1709 1649 1730 et
1670 1712 1745 1731 cotu-

955 1750 1134 1773 mcmorantcs
1153 1746 1269 1772 divinam
1294 1755 1397 1778 vocem,
1420 1747 1573 1776 dicentem:
1596 1749 1745 1778 Iulmbimbo

955 1791 980 1817 in
995 1790 1056 1824 illis,
1071 1795 1093 1817 et
1108 1792 1267 1818 inambulubo
1291 1791 1382 1828 (Leuit.
1398 1794 1442 1821 26.
1461 1795 1508 1826 1‘2;
1524 1795 1550 1821 2.
1569 1796 1625 1821 (ζον.
1642 1796 1668 1823 ϐ.
1686 1797 1744 1830 l6);

955 1841 982 1863 et
995 1845 1098 1863 rursum
1119 1846 1125 1863 :
1147 1837 1195 1864 Vos
1211 1839 1329 1872 templum
1345 1838 1389 1865 Dci
1404 1840 1472 1873 estis,
1482 1846 1504 1865 et
1518 1841 1628 1875 Spiritus
1643 1841 1691 1868 Dci
1704 1843 1745 1869 in-

956 1881 1049 1908 habitat
1070 1882 1096 1908 iu
1115 1883 1182 1909 vobis
1198 1884 1234 1919 (l.
1251 1884 1309 1910 Cor.
1327 1885 1353 1911 5.
1377 1885 1430 1920 l6),
1446 1886 1524 1912 etiam
1549 1894 1598 1914 nos
1619 1887 1746 1915 adversus

956 1926 1021 1953 istos
1035 1927 1164 1959 dicamus,
1179 1933 1205 1955 et
1226 1929 1387 1963 impudentia
1409 1931 1546 1965 impiorum
1562 1939 1607 1958 ora
1622 1933 1744 1960 obstrua-

956 1981 1025 2006 mus,
1041 1975 1192 2009 nostrisque
1206 1976 1309 2002 interim
1326 1977 1402 2003 bonis
1416 1977 1545 2011 laetemur,
1560 1986 1590 2006 ac
1605 1979 1687 2006 Deum
1703 1981 1744 2007 in-

956 2024 1093 2046 carnatunt
1107 2020 1140 2046 ob
1155 2025 1206 2046 tant
1230 2022 1407 2056 indulgentem
1423 2023 1455 2049 ad
1471 2031 1519 2051 nos
1534 2032 1617 2059 usque
1641 2027 1681 2052 sui
1696 2026 1744 2053 de-

957 2065 1111 2093 missionem
1136 2066 1328 2101 glorificcmus,
1352 2073 1378 2094 et
1405 2076 1451 2102 pro
1475 2069 1571 2096 virium
1594 2075 1744 2099 nostrarum

956 2109 1079 2138 facultate
1105 2112 1262 2146 condignam
1290 2113 1337 2146 ipsi
1361 2114 1556 2141 venerationem
1579 2115 1745 2150 gratiamque

956 2157 1117 2184 reddamus:
1135 2158 1187 2184 Deo
1212 2163 1298 2184 autent
1315 2159 1384 2186 ttttlla
1398 2167 1413 2186 a
1431 2159 1506 2186 nobis
1527 2161 1669 2195 gratiarum
1697 2170 1745 2196 par

957 2203 1098 2229 retributio
1114 2203 1172 2230 fieri
1186 2209 1274 2238 queat,
1290 2204 1339 2230 nisi
1357 2205 1441 2231 solum
1455 2213 1495 2237 ea,
1510 2214 1568 2240 qua:
1582 2207 1702 2234 consistit
1717 2207 1744 2235 in

956 2253 1046 2275 nostra
1059 2249 1260 2284 animarumque
1274 2254 1423 2277 nostrarum
1447 2251 1543 2284 salute,
1558 2256 1637 2286 atque
1650 2253 1676 2279 in
1689 2253 1744 2280 vir-

957 2294 1020 2320 tutis
1039 2295 1135 2321 studio.

993 2340 1018 2367 7.
1044 2341 1105 2374 Quis
1131 2342 1219 2368 modus
1243 2342 1376 2369 accedendi
1397 2342 1430 2369 ad
1458 2343 1543 2370 divina
1561 2345 1688 2379 mysteria.
1708 2358 1747 2366 ι·-

957 2386 995 2414 Ne
1007 2386 1090 2414 simus
1102 2394 1165 2422 ergo
1178 2387 1221 2414 hic
1239 2388 1330 2422 ingrati
1345 2396 1407 2423 erga
1425 2389 1488 2415 tanti
1507 2389 1532 2415 in
1554 2397 1602 2416 nos
1623 2389 1745 2418 beneﬁcii

957 2437 1103 2465 auctorem,
1115 2433 1161 2459 sed
1173 2440 1267 2461 outues
1281 2434 1369 2460 omnia
1387 2435 1411 2461 ei
1432 2441 1479 2468 pro
1493 2435 1561 2461 virili
1581 2435 1723 2462 olIeramus
1733 2454 1744 2469 ,

958 2479 1053 2511 fidem,
1073 2487 1165 2514 spent,
1187 2480 1321 2507 caritateut
1333 2501 1339 2512 ,
1357 2481 1555 2515 tetttperattliant
1568 2502 1575 2514 ,
1597 2482 1747 2509 miscricor-

957 2527 1027 2553 diam
1040 2547 1047 2559 ,
1064 2526 1277 2561 hospitalitatem.
1293 2527 1325 2554 Et
1337 2527 1370 2554 ad
1384 2527 1454 2562 quod
1468 2535 1551 2562 nuper
1564 2535 1610 2555 vos
1621 2528 1745 2555 cohorta-

958 2576 1000 2599 tus
1013 2580 1082 2604 sum,
1094 2572 1127 2598 ad
1139 2572 1164 2598 id
1177 2572 1257 2599 etiam
1272 2581 1342 2599 ttttttc
1352 2577 1379 2599 et
1392 2573 1416 2599 itt
1432 2578 1565 2607 posteruttt
1579 2581 1684 2607 semper
1698 2581 1746 2601 vos

958 2618 1092 2645 cohortari
1108 2625 1160 2645 non
1175 2618 1310 2644 desistam.
1332 2618 1462 2652 Quidnatn
1484 2618 1555 2645 hoc?
1570 2618 1636 2645 Cum
1657 2626 1746 2645 acces-

959 2664 1013 2690 suri
1028 2664 1092 2691 estis
1104 2664 1136 2690 ad
1149 2664 1311 2692 tremendam
1321 2665 1489 2699 divinantquc
1503 2665 1574 2691 illam
1588 2673 1706 2693 mensam
1720 2670 1748 2692 et

960 2717 1034 2736 sacra
1044 2710 1179 2745 mysteria,
1192 2718 1252 2737 ettnt
1264 2711 1357 2738 tintore
1371 2720 1401 2738 ac
1415 2717 1528 2739 tremore
1543 2711 1593 2738 ltoc
1607 2711 1684 2738 facile
1696 2710 1745 2746 (ιι),

959 2762 1019 2782 cum
1040 2763 1105 2789 pura
1126 2756 1286 2782 conscientia
1302 2776 1308 2787 ,
1324 2764 1383 2782 cum
1404 2755 1506 2790 jejunio
1524 2761 1551 2782 et
1573 2757 1745 2790 precatione:

961 2809 1012 2828 non
1029 2802 1219 2828 tumultuantes
1231 2822 1239 2834 ,
1255 2809 1307 2828 non
1322 2802 1489 2829 calcitrantes
1499 2821 1507 2834 ,
1529 2809 1582 2828 non
1598 2801 1746 2836 proximum

993 2893 1029 2925 (u)
1047 2894 1103 2919 \‘idc
1116 2893 1237 2919 ttomilianr.
1249 2894 1273 2919 in
1284 2897 1305 2919 s.
1319 2893 1490 2925 Philogoniunt,
1502 2895 1520 2918 ιη
1534 2892 1555 2917 1.
