1978 3131
221 241 388 276 impellcnles
403 249 410 268 :
431 245 560 267 extrema:
574 239 644 266 enim
665 238 715 265 hoc
732 237 863 273 superbi-.2
876 240 933 269 est,
947 243 1012 262 con-

221 287 425 322 temptionisque
448 286 557 314 minime
576 286 690 320 vulgaris
712 293 718 311 :
741 291 824 319 quare
846 283 925 310 etiam
949 282 1012 310 talia

221 333 434 368 perpetrantibus
448 333 611 368 punitioncm
634 331 743 358 multam
763 330 896 358 conciliat.
913 329 1013 357 Tecum

219 384 329 413 reputa,
342 387 359 406 ο
376 379 457 406 homo
469 399 477 412 ,
491 378 595 413 qualem
611 377 725 404 hostiam
739 383 768 403 es
782 379 994 403 contrectaturus
1004 395 1012 408 ,

219 424 324 459 qualem
338 432 458 452 mensam
478 424 614 455 aditurus;
633 427 720 450 tecum
742 426 833 456 reputa
848 442 855 454 ,
867 421 938 456 quod
951 427 1013 447 cum

220 475 292 498 terra
305 472 342 499 sis
354 477 380 499 et
394 471 470 503 cinis,
486 478 582 504 corpus
596 474 623 497 et
636 469 791 503 sanguinem
805 467 903 495 Christi
919 467 1011 494 sumis.

221 517 285 545 Etsi
300 526 347 546 vos
360 526 406 546 rex
420 517 525 552 quidem
539 516 572 544 ad
587 516 737 544 convivium
748 521 833 546 vocet.
846 523 904 542 cum
919 515 1014 541 timore

220 564 386 596 accumbitis,
400 564 526 598 cibosque
537 563 673 597 appositas
688 569 747 589 cum
767 561 916 588 reverentia
932 565 959 588 et
978 560 1014 587 si-

221 608 302 636 lentio
313 610 417 636 sumitis
431 617 438 642 ;
454 609 508 636 Deo
521 614 610 636 autem
630 612 655 634 te
675 607 708 634 ad
730 615 805 634 suam
827 614 947 634 mensam
969 614 1014 633 vo-

220 661 298 682 cante
309 676 317 688 ,
333 655 482 690 Filiumque
495 662 572 682 suum
588 654 624 681 ibi
643 658 794 688 apponeute
805 673 812 686 ,
828 653 872 680 ubi
887 652 1015 688 angelicae

221 705 366 734 potestates
379 700 510 728 adsistunt
522 707 583 728 cum
598 700 694 727 titnore
704 703 731 726 et
742 703 857 726 tremore
869 719 877 732 ,
890 698 932 726 ubi
946 699 1015 726 Che-

221 746 309 773 rubini
325 746 413 773 velant
432 746 511 773 facies
531 753 611 777 suas,
630 749 710 779 atque
729 743 870 779 Seraphini
884 752 944 772 cum
959 748 1015 772 tre-

221 800 297 820 more
313 793 437 825 clamant,
460 792 583 823 Sanctus,
603 791 726 824 Sanctus,
740 791 856 819 Sanctus
868 791 1014 818 Dominus:
1033 804 1036 806 τ

221 843 249 865 ιιι
261 838 326 866 mihi
335 838 417 866 audes
430 837 600 865 vociferando
611 845 642 864 ac
656 836 840 864 tumultuando
851 836 884 864 ad
897 836 1017 872 spiritale

223 883 287 911 illud
312 884 461 911 convivium
484 883 633 911 accedere?
652 883 692 910 Att
714 887 740 910 te
759 882 826 918 fugit
845 891 877 910 co
898 887 1018 918 tempore

222 931 304 957 multa
320 931 510 966 tranquillitate
533 934 649 958 mentem
668 937 729 957 esse
750 929 856 965 plenam
871 929 1017 964 oportere?

222 976 355 1012 Multaque
370 984 433 1012 pace
443 984 474 1003 ac
484 976 573 1011 quiete
585 983 651 1010 opus
662 979 714 1008 est,
729 983 782 1002 non
796 979 883 1002 autem
893 975 1016 1009 tumultu,

223 1023 357 1050 iracundia
369 1044 376 1056 ,
393 1023 557 1057 strepituque
573 1031 580 1049 :
598 1022 654 1049 lucc
674 1022 746 1049 enim
768 1021 933 1048 immundam
957 1021 1016 1048 ani-

223 1075 293 1094 mam
307 1068 477 1096 accedentem
489 1068 616 1096 efliciunt.
632 1068 762 1101 Quzenam
775 1072 865 1095 autem
879 1068 954 1095 venia
968 1075 1018 1095 no-

223 1113 263 1140 bis
278 1113 406 1141 habeatur
419 1134 427 1147 ,
448 1113 471 1141 si
491 1118 551 1148 post
569 1117 641 1140 tanta
661 1118 769 1149 peccata
782 1134 789 1145 ,
806 1114 899 1140 saltem
913 1117 1019 1148 tempus

224 1158 284 1191 hoc,
298 1167 351 1194 quo
364 1158 396 1186 ad
410 1166 512 1186 sacram
528 1159 597 1186 hanc
610 1166 729 1186 mensam
745 1158 860 1191 adimus,
874 1158 908 1186 ab
919 1159 1020 1186 irratio-

223 1205 356 1233 nabilibus
368 1206 440 1233 hisce
454 1205 698 1240 perturbationibus
708 1213 759 1232 non
774 1205 938 1240 purgemus?
951 1205 1019 1239 Quid

223 1257 312 1279 autem
327 1252 436 1280 omnino
452 1257 492 1280 est
507 1252 590 1287 magis
609 1252 789 1280 necessarium
799 1272 806 1284 ,
821 1259 901 1286 quam
916 1259 947 1278 ea
960 1259 1020 1286 qua;

224 1301 249 1327 iu
266 1298 315 1326 hac
331 1306 422 1326 mensa
439 1299 644 1333 proponuntur?
657 1303 703 1325 aut
717 1297 779 1332 quid
800 1302 876 1333 urget
899 1305 948 1325 nos
959 1318 968 1331 ,
990 1301 1019 1325 ut

224 1344 403 1378 connilamur,
418 1344 599 1378 spiritualibus
613 1344 694 1371 rebus
707 1344 809 1371 relictis
821 1364 829 1377 ,
844 1343 909 1372 illuc
923 1351 1020 1378 prope-

224 1397 284 1417 rare
296 1389 324 1415 νε
345 1389 384 1416 Ne
395 1410 402 1420 .
419 1397 484 1424 rogo
496 1397 544 1417 vos
563 1395 643 1425 atque
656 1389 783 1422 obtestor,
808 1397 842 1417 ne
861 1389 977 1416 divinam
992 1389 1020 1416 in

225 1443 274 1462 nos
283 1435 348 1462 iram
360 1436 541 1463 concitemus:
554 1435 775 1463 medicamentum
784 1439 825 1463 est
837 1435 863 1462 id
874 1435 944 1470 quod
958 1443 1020 1470 pro-

224 1481 332 1515 ponitur
342 1481 482 1508 vuluerum
499 1486 652 1508 nostrorum
665 1481 780 1509 salutare
790 1502 797 1513 ,
808 1481 908 1509 divitia:
921 1481 1020 1509 indesi-

227 1532 333 1559 nentes,
346 1535 407 1562 quae
420 1527 545 1554 curlorum
561 1527 640 1554 nobis
653 1535 763 1562 regnum
783 1527 936 1555 conciliant.
952 1527 1019 1554 Cum

224 1572 337 1600 horrore
352 1573 440 1608 itaque
453 1572 612 1600 accedamus
621 1593 628 1605 ,
642 1573 740 1608 gratias
753 1580 862 1608 agamus
872 1594 879 1606 ,
894 1580 1020 1608 procum-

225 1619 319 1646 bamus
333 1618 490 1646 conﬁtentes
506 1624 612 1653 peccata
635 1624 723 1646 nostra
736 1627 743 1652 ;
758 1619 936 1654 lacrymemur
950 1618 1019 1646 mala

226 1670 317 1693 nostra
331 1666 468 1701 lugentes;
484 1667 599 1693 intentas
611 1674 643 1694 ac
656 1667 743 1701 largas
753 1674 846 1701 preces
861 1667 914 1693 Deo
925 1666 1020 1693 funda-

226 1718 285 1738 mus
300 1711 411 1746 :sicque
431 1719 481 1739 nos
502 1712 574 1746 ipsos
593 1712 786 1744 emundantes,
802 1712 881 1739 tacite
892 1731 899 1743 ,
913 1715 941 1739 et
959 1719 1020 1739 cum

226 1756 313 1784 debita
326 1757 453 1785 modestia
465 1763 598 1792 tamquam
609 1758 642 1785 ad
652 1759 777 1785 caelorum
790 1765 879 1792 regem
890 1757 1020 1785 adeuntes

226 1803 406 1831 accedamus:
425 1811 599 1840 sanctamque
627 1805 695 1832 hanc
716 1809 744 1832 et
758 1804 952 1831 immaculatam
974 1805 1023 1831 ho-

573 183 602 212 S.
621 181 764 212 JOANNIS
782 177 1027 209 CHRYSOSTOMI
1049 174 1208 204 ARCHIEI‘.
1231 169 1501 201 CONST‘ANTINOP.

1805 170 1859 198 3t}!

1065 234 1143 262 stiam
1157 233 1530 269 recipientes,exoseulemur,
1545 233 1630 260 oculis
1642 240 1702 260 eam
1713 233 1859 266 complexi,

1069 285 1237 315 mentemque
1254 285 1281 308 et
1299 280 1416 307 auitnuut
1430 279 1618 311 incendamus,
1639 287 1673 306 tte
1689 280 1714 306 in
1729 279 1861 313 judicium

1067 331 1113 354 aut
1125 327 1322 354 damnationem
1336 327 1537 358 conveniamus,
1552 326 1600 353 sed
1613 326 1638 353 in
1653 326 1749 354 anima:
1763 331 1862 360 tempe-

1067 374 1190 406 rantiam,
1208 373 1233 400 in
1244 373 1424 405 dilectionem,
1440 373 1465 399 in
1480 373 1615 406 virtutem,
1631 377 1658 400 et
1672 381 1733 402 cum
1750 373 1806 400 Deo
1821 381 1863 400 re-

1067 419 1279 446 conciliationem
1291 440 1298 452 ,
1317 420 1343 446 in
1361 427 1452 454 pacem
1475 419 1578 446 firmam
1589 441 1596 452 ,
1608 427 1640 447 ac
1660 420 1732 446 mille
1746 419 1863 454 denique

1068 465 1197 493 bonorutn
1211 466 1378 492 occasionem
1393 473 1400 491 :
1416 471 1442 492 ut
1457 469 1485 492 et
1500 473 1547 493 nos
1561 466 1632 500 ipsos
1647 470 1754 492 sanctos
1766 465 1863 492 redda-

1068 520 1144 545 mus,
1168 517 1195 540 et
1218 512 1354 547 proximos
1374 512 1546 540 :cditicemus.
1569 513 1608 540 De
1629 512 1670 539 Itis
1690 512 1800 539 assidue
1818 519 1865 538 vo-

1068 558 1170 584 biscum
1190 565 1249 592 ago,
1269 565 1318 585 nec
1336 565 1414 593 agere
1429 557 1566 585 desistant.
1588 558 1653 591 Qua:
1671 559 1744 584 cuitu
1764 558 1866 584 utilitas

1068 604 1178 631 omnino
1191 608 1292 631 temere
1303 604 1354 631 huc
1366 612 1537 637 concurrere,
1549 605 1571 631 si
1583 604 1647 631 nihil
1660 604 1731 638 quod
1743 604 1810 631 utile
1819 603 1864 636 sit,

1068 650 1211 678 addiscatis
1221 651 1231 677 Ἰ
1241 650 1390 683 Quodnam,
1404 651 1527 682 obsecro.
1539 651 1642 678 lucrum
1655 650 1744 683 affert,
1757 658 1866 686 semper

1069 696 1101 724 ad
1114 697 1225 732 gratiam
1239 697 1314 724 vobis
1325 696 1498 724 concionari?
1509 696 1593 724 Breve
1604 705 1722 731 pnesens
1735 697 1789 723 hoc
1799 701 1865 724 tem-

1070 750 1118 777 pus
1131 747 1187 776 est,
1202 750 1218 770 ο
1230 742 1320 770 dilecti
1335 751 1341 769 :
1356 743 1437 770 sobrii
1453 743 1546 775 simus,
1562 743 1711 778 vigilemus,
1728 750 1779 770 uos
1792 743 1865 778 ipsos

1069 795 1261 823 componamus
1269 797 1276 821 ;
1285 796 1366 816 omne
1377 788 1499 816 benevoli
1511 789 1593 816 animi
1606 789 1723 816 studium
1736 790 1762 816 in
1771 796 1866 817 omnes

1069 834 1173 862 sincere
1186 834 1373 862 ostendamus:
1390 835 1416 862 in
1430 835 1553 862 omnibus
1568 840 1722 863 reverenter
1733 843 1861 870 agamus,

1070 887 1116 907 seu
1129 879 1219 908 divina
1228 880 1309 908 verba
1323 880 1424 912 audire,
1437 881 1492 908 sive
1505 889 1592 914 orare,
1608 881 1665 909 sive
1679 881 1711 908 ad
1728 882 1775 909 Dei
1789 890 1867 910 men-

1071 934 1127 954 sam
1140 927 1278 960 accedere,
1292 927 1349 955 sive
1360 928 1431 955 aliud
1445 928 1508 963 quid
1521 928 1637 963 denique
1654 928 1806 956 faciendum
1821 929 1865 962 sit,

1070 980 1131 1000 cum
1143 973 1239 1001 timore
1248 980 1280 1001 ac
1291 974 1422 1001 tremore‘
1435 974 1460 1001 id
1475 974 1519 1001 fiat
1533 983 1540 1001 :
1556 982 1589 1002 ne
1601 974 1760 1009 negligentia
1777 980 1868 1002 nostra

1071 1017 1285 1046 maledictionem
1307 1019 1385 1047 nobis
1402 1027 1580 1047 accersamus.
1606 1020 1759 1048 Maledictus
1779 1021 1846 1048 enim
1859 1042 1867 1054 ,

1071 1064 1156 1099 inquit
1170 1064 1311 1099 propheta,
1322 1065 1413 1098 omnis,
1425 1065 1468 1100 qui
1480 1066 1541 1101 facit
1552 1074 1616 1100 opus
1626 1065 1730 1093 Domini
1740 1067 1869 1102 negligen-

1072 1115 1109 1136 ter
1120 1109 1192 1145 (Jer.
1205 1110 1249 1137 48.
1263 1110 1325 1146 10).
1338 1110 1519 1138 Tumultuatio
1529 1111 1601 1138 enirn
1616 1115 1643 1139 et
1655 1112 1792 1139 iracundia
1807 1114 1817 1128 ¹
1830 1113 1868 1140 ef-

1073 1155 1161 1182 ficitur
1173 1155 1334 1183 contumelia
1356 1156 1381 1183 in
1399 1155 1513 1183 hostiam
1529 1164 1588 1191 qua:
1603 1158 1771 1192 proponitur.
1788 1158 1869 1186 Certe

1072 1207 1192 1230 extrema
1201 1203 1363 1237 contemptio
1373 1207 1425 1235 est,
1435 1203 1644 1230 contaminatum
1653 1211 1682 1231 se
1690 1204 1788 1232 otl‘crre
1797 1205 1870 1233 Deo:

1073 1255 1133 1274 nam
1159 1247 1221 1275 audi
1243 1247 1306 1282 quid
1328 1247 1361 1275 de
1383 1247 1479 1275 talibus
1502 1247 1574 1275 dicat
1594 1249 1751 1284 apostolus:
1769 1249 1800 1276 Si
1814 1250 1873 1284 quis

1072 1293 1194 1329 templum
1205 1293 1254 1320 Dei
1267 1299 1421 1329 corrumpat,
1434 1294 1560 1329 disperde!
1574 1294 1647 1321 illum
1658 1294 1728 1321 Deus
1744 1294 1754 1328 (
1768 1295 1792 1322 ι.
1806 1295 1872 1323 Cor.

1072 1340 1099 1368 5.
1114 1341 1146 1368 t7
1157 1341 1175 1376 ).
1191 1340 1230 1368 Ne
1243 1348 1307 1375 ergo
1320 1347 1368 1375 pro
1378 1348 1411 1368 eo
1421 1341 1491 1376 quod
1508 1341 1591 1368 Deum
1606 1341 1682 1368 nobis
1694 1342 1873 1370 reconciliare

1072 1388 1235 1416 debebamus
1246 1409 1254 1421 ,
1275 1396 1335 1416 eum
1358 1389 1384 1416 in
1402 1396 1451 1416 nos
1465 1388 1619 1416 irritemus:
1634 1388 1681 1416 sed
1696 1396 1804 1416 omnem
1820 1397 1873 1416 cu-

1074 1441 1142 1466 ram,
1154 1434 1323 1468 munditiem,
1335 1435 1483 1470 animmque
1494 1435 1711 1470 tranquillitatem
1722 1443 1778 1469 pra:
1793 1435 1875 1463 nobis

1074 1480 1199 1514 ferentes,
1213 1489 1274 1508 cum
1289 1481 1411 1516 precibus
1422 1487 1449 1509 et
1464 1481 1544 1509 corde
1556 1481 1676 1514 contrito
1695 1481 1869 1509 accedamus.

1073 1526 1108 1554 Ut
1122 1526 1172 1554 hoc
1187 1532 1262 1561 pacto
1277 1527 1417 1554 Dominum
1432 1532 1553 1554 nostrum
1567 1526 1658 1555 Jesum
1668 1526 1803 1555 Christum
1818 1535 1871 1555 no-

1074 1573 1115 1600 bis
1125 1573 1267 1608 propitium
1278 1573 1431 1606 reddentcs,
1442 1573 1573 1608 promissa
1585 1573 1661 1601 nobis
1670 1573 1738 1601 bona
1749 1573 1875 1602 obtinere

1074 1618 1226 1653 possimus,
1245 1619 1328 1654 gratia
1343 1624 1370 1646 et
1390 1619 1553 1654 benignitate
1574 1619 1678 1647 Domini
1699 1622 1783 1647 nostri
1805 1620 1875 1648 Jesu

1073 1664 1182 1698 Christi,
1195 1672 1255 1692 cum
1268 1673 1321 1700 quo
1334 1664 1404 1692 Patri
1417 1673 1469 1692 una
1480 1673 1539 1693 cum
1553 1670 1645 1693 sancto
1658 1666 1758 1701 Spiritu
1773 1667 1873 1701 gloria,

1073 1715 1191 1744 potestas
1204 1731 1212 1743 ,
1227 1710 1322 1744 honor,
1337 1719 1407 1739 nunc
1419 1716 1446 1739 et
1461 1719 1577 1746 semper,
1589 1716 1617 1740 et
1630 1713 1656 1739 in
1670 1713 1766 1741 szccula
1783 1720 1875 1740 δεου-

1075 1760 1170 1786 lorum.
1186 1759 1282 1787 Amen.

1106 1880 1114 1895 ί
1133 1878 1185 1907 Alii,
1197 1884 1252 1903 cum
1264 1877 1347 1903 timore
1358 1881 1381 1903 et
1392 1876 1496 1908 judicio.

258 1881 267 1896 ¹
284 1884 348 1914 Mss,
361 1884 386 1906 ut
397 1880 535 1913 festinem
551 1886 583 1912 et,
593 1881 730 1914 spiritle
746 1882 913 1914 relinquentes,
925 1882 958 1907 ad
970 1888 1022 1907 car-

226 1911 320 1942 poralia
335 1906 499 1944 proparemus.
524 1906 532 1908 ἡ
595 1906 628 1914 Τ
974 1906 992 1907 Π
1105 1911 1115 1926 ³
1133 1906 1230 1939 I-:diti,et
1243 1906 1422 1940 clanwr;ttss.,
1436 1911 1458 1934 et
1467 1906 1604 1933 iracundia.

248 1983 1833 2010 ’.πων

498 2112 538 2143 IN
560 2111 768 2143 HOMILIAM
789 2111 842 2141 DE
860 2109 1062 2140 BAPTISMO
1085 2108 1242 2140 CHRISTI
1265 2109 1314 2138 ET
1333 2108 1386 2137 DE
1402 2104 1618 2137 EPIPHANIA

283 2249 359 2278 Hanc
372 2249 510 2276 homilism
522 2248 616 2284 paucis
629 2247 730 2283 elapsis
745 2251 808 2283 post
823 2246 1018 2282 praecedentem
1039 2246 1072 2274 de
1087 2245 1175 2273 Natali
1193 2243 1296 2271 Christi
1310 2243 1415 2274 diebus,
1433 2241 1562 2270 nimirum
1589 2242 1616 2269 in
1632 2241 1688 2268 -die
1703 2240 1871 2275 Epiphanim

248 2297 311 2324 anni
323 2297 374 2324 587
393 2297 513 2324 habitam
528 2295 628 2329 fuisse,
646 2295 769 2330 quaedam
784 2294 898 2322 suadere
913 2294 1049 2321 videntur.
1066 2291 1134 2320 Nam
1150 2290 1223 2326 quod
1242 2289 1309 2317 dicit
1325 2288 1394 2316 infra
1409 2296 1523 2316 numero
1537 2292 1656 2323 quarto:
1676 2286 1737 2314 Scio
1761 2287 1820 2319 {ore
1840 2291 1874 2313 at

247 2343 435 2379 quamplurimi
448 2342 518 2376 apud
538 2350 584 2369 nos
605 2350 637 2369 ea:
654 2342 716 2377 [esti
729 2341 915 2368 consuetudine
931 2340 964 2366 ad
977 2347 1083 2367 sacram
1102 2339 1169 2365 hanc
1190 2344 1306 2364 mensam
1329 2339 1471 2363 accurrunt
1485 2343 1494 2362 :
1509 2343 1573 2362 sane
1596 2334 1701 2370 quidem
1722 2334 1874 2368 expediret.

251 2390 279 2417 id
292 2389 361 2424 quod
376 2389 443 2415 alias
457 2396 525 2423 sape
541 2388 627 2415 dicere
642 2387 773 2421 pravorti,
788 2386 826 2418 ὠς
840 2386 886 2412 καὶ
902 2385 1016 2412 πολλάκι

1070 2384 1125 2419 ›θην
1137 2382 1232 2415 εἰπών,
1251 2386 1279 2408 ut
1292 2381 1360 2416 festa
1374 2387 1536 2414 nequaquam
1550 2379 1750 2407 observarentur
1761 2381 1875 2414 quando

249 2437 442 2465 communicare
459 2444 523 2470 opus
539 2440 617 2467 esset,
638 2435 683 2463 sed
693 2440 722 2462 ut
735 2434 894 2462 conscientia
909 2433 1095 2464 mandaretur,
1108 2435 1173 2463 etc.,
1186 2429 1249 2456 illud
1261 2429 1350 2464 ipsum
1364 2434 1446 2462 porro
1458 2426 1563 2453 dixerat
1577 2426 1671 2459 paucis
1683 2430 1746 2452 ante
1760 2426 1875 2457 diebus,

250 2484 378 2512 nimirttm
392 2483 420 2509 in
436 2482 504 2509 festo
524 2480 553 2508 S.
568 2481 731 2515 Philogonii,
747 2488 781 2507 xx
798 2479 955 2507 Decembris
965 2477 1029 2505 anni
1043 2476 1106 2508 ⁵533,
1123 2483 1198 2503 num.
1218 2475 1253 2502 Ἡ
1268 2483 1274 2501 :
1298 2473 1376 2500 Nunc
1391 2476 1479 2499 autem
1492 2471 1570 2498 multi
1586 2471 1707 2506 ﬁdelium
1723 2472 1750 2498 in
1766 2476 1876 2498 tantum

249 2531 394 2560 vecordiam
412 2535 564 2563 tantumque
576 2536 664 2555 venere
681 2532 868 2562 contemptum.
885 2531 913 2553 ut
926 2534 984 2553 cum
995 2525 1141 2552 innumeris
1155 2527 1273 2551 scateaut
1289 2521 1378 2553 malis,
1396 2520 1548 2553 nullamque
1561 2518 1622 2545 vita:
1634 2526 1690 2545 sum
1712 2525 1807 2544 curam
1824 2518 1878 2543 ha-

250 2579 337 2610 beant,
356 2578 383 2604 in
397 2577 488 2603 diebus
504 2576 576 2610 festis
595 2576 751 2611 negligenter
765 2584 796 2602 ac
816 2580 909 2602 temere
936 2575 971 2601 ad
1004 2581 1119 2600 mensam
1137 2573 1203 2599 hanc
1228 2570 1363 2602 accedant,
1390 2572 1442 2596 etc.
1462 2567 1490 2595 In
1509 2567 1562 2595 hoc
1588 2567 1653 2594 item
1679 2566 1715 2593 De
1740 2566 1877 2600 baptismo

249 2625 350 2653 Christi
366 2631 502 2656 sermone,
518 2623 612 2650 eodem
631 2622 744 2651 numero
758 2628 855 2658 quarto
871 2623 910 2650 sic
921 2622 1001 2649 habet
1012 2631 1018 2648 :
1031 2621 1172 2654 Quodnam
1191 2620 1274 2654 igitur
1291 2617 1358 2645 illud
1373 2620 1509 2651 peccatum
1518 2619 1556 2641 est
1569 2614 1581 2641 ἵ)
1595 2613 1665 2649 quod
1676 2621 1736 2639 cum
1760 2618 1878 2639 tremore

250 2683 300 2701 non
320 2673 485 2706 accedamus,
504 2672 548 2699 sed
572 2669 687 2698 calcibus
714 2669 875 2702 impotentes,
899 2667 1080 2702 percutientes,
1105 2666 1147 2692 ira
1168 2669 1310 2698 turgentes,
1333 2662 1489 2692 clamantes,
1514 2660 1687 2687 conuiciantes
1710 2659 1877 2693 proximum,

251 2720 385 2748 trudentes
401 2718 475 2745 :Iurc
486 2723 509 2745 et
521 2726 589 2751 turpe
604 2716 673 2747 dixi,
687 2720 711 2742 et
724 2716 809 2742 dicere
820 2722 871 2741 non
887 2713 1003 2740 cessabo.
1018 2713 1047 2740 ln
1062 2711 1187 2739 oratione
1200 2715 1290 2738 autem
1305 2709 1339 2737 de
1350 2708 1438 2736 Natali
1451 2707 1552 2735 Christi
1568 2706 1694 2735 similiter
1707 2713 1823 2733 numero
1835 2706 1852 2731 7
1869 2714 1876 2732 :

251 2765 286 2792 Et
301 2765 335 2792 ad
345 2765 415 2800 quod
426 2772 507 2798 nuper
524 2764 533 2799 (
546 2763 649 2791 scilicet
662 2763 688 2789 in
706 2762 774 2789 festo
788 2761 817 2789 S.
831 2760 1004 2795 Philogonii)
1024 2768 1068 2787 vos
1083 2759 1235 2786 cohortatus
1251 2764 1326 2790 sum,
1341 2757 1375 2784 ad
1389 2757 1417 2784 id
1440 2756 1521 2783 etiam
1548 2763 1616 2782 nunc
1639 2759 1665 2782 et
1690 2755 1718 2781 in
1737 2759 1878 2800 posterum

249 2799 409 2848 sentperrvos
423 2811 556 2839 cohortari
569 2819 619 2838 non
638 2810 774 2838 desistam.
793 2809 924 2842 Quidnam
945 2807 1017 2835 hoc?
1041 2807 1107 2836 Cant
1125 2807 1257 2834 accessuri
1269 2805 1330 2834 estis
1363 2805 1398 2832 ad
1419 2802 1580 2832 tremendam
1600 2801 1768 2834 divinumque
1796 2799 1884 2827 illam.
