1978 3131
112 490 267 511 LDlEHSUS
292 491 349 513 EOS
372 492 425 518 QUI
446 494 463 515 Δ
486 494 604 516 DIVINIS
624 496 744 518 ABSUNT
765 499 911 528 OFFICIIB,

145 591 223 611 GIAM
247 592 476 614 IMPERFECTAM
498 594 676 621 DERELINQU
682 597 754 624 UNT,

145 640 208 661 ωλι
231 640 425 671 tutrnnrun,
448 643 563 664 ORATIO
579 637 625 671 (rt).

145 892 170 919 Ι.
184 891 287 918 Omnes
299 897 347 917 vos
357 889 383 916 in
397 888 486 916 ltctitia
496 887 575 915 hodie
585 908 592 920 ,
607 894 656 922 ego
669 893 733 914 vero
748 886 775 914 in
788 893 904 914 mmrore

113 946 165 965 sum
184 937 268 964 solus.
282 936 351 963 Nam
365 943 424 963 cum
438 935 463 961 in
478 935 528 961 hoc
542 933 678 968 spirituale
693 933 801 968 pelagus
813 933 904 961 oculos

113 991 181 1014 meos
201 989 352 1017 converto,
366 989 393 1011 et
411 982 554 1010 immensas
577 979 704 1010 Ecclesia:
718 979 822 1006 divitias
837 986 903 1006 con-

113 1031 221 1065 templor
234 1051 241 1062 ,
257 1038 292 1057 ac
307 1029 403 1056 deinde
422 1028 557 1063 perpendo
575 1028 650 1061 fore,
667 1029 696 1055 ut
712 1034 773 1055 cum
788 1025 902 1062 primum

111 1077 262 1104 solemnitas
289 1076 339 1103 ista
362 1074 540 1109 praeterierit,
565 1073 706 1101 multitudo
732 1082 824 1101 rursus
852 1071 900 1100 ista

112 1122 206 1149 resiliat
220 1129 253 1147 ac
267 1121 406 1152 discedat,
423 1120 527 1147 crucior
548 1123 574 1146 et
587 1120 667 1146 animi
689 1119 782 1146 dolore
795 1126 878 1153 angor
891 1126 898 1144 :

111 1166 184 1200 quod.
199 1174 262 1193 cum
289 1170 343 1192 tam
364 1165 460 1192 multos
481 1165 581 1192 liberos
604 1165 736 1199 pepererit
761 1164 898 1196 Ecclesia,

111 1219 158 1239 non
172 1212 224 1238 illis
237 1211 333 1238 itidem
349 1211 375 1238 in
391 1210 501 1244 singulis
515 1210 636 1237 collectis
650 1209 719 1242 ,‘scd
735 1210 759 1236 in
775 1210 841 1236 festo
854 1217 899 1236 so-

110 1257 241 1284 lummodo
260 1257 313 1284 frui
335 1257 426 1291 possit.
439 1257 540 1289 Quanta
551 1276 558 1288 ,
575 1263 680 1290 quzeso,
698 1255 741 1282 illa
756 1255 900 1290 spiritualis

108 1305 244 1332 exsultatio
255 1304 338 1336 foret,
349 1307 476 1338 quantum
488 1302 622 1337 gaudium,
634 1306 732 1337 quanta
747 1301 793 1328 Dei
803 1301 897 1336 gloria,

107 1356 198 1386 quanta
215 1351 319 1378 utilitas
331 1351 479 1377 animarum
493 1371 500 1382 ,
515 1349 537 1376 si
550 1349 671 1376 collecta:
690 1348 818 1383 cujusque
833 1353 899 1375 tem-

107 1405 167 1432 pore
179 1398 219 1424 sic
233 1397 339 1431 repleta
352 1395 471 1423 ecclesia:
479 1399 554 1429 septa
565 1394 751 1422 cernerenius?
761 1393 818 1421 Jam
834 1401 897 1420 vero

107 1449 188 1471 nauta:
214 1443 327 1478 quidem
351 1449 383 1469 ac
399 1442 591 1475 gubernatores
608 1440 697 1467 omnia
718 1439 856 1473 efficiunt,
870 1443 899 1466 ut

106 1491 207 1525 prlagns
221 1490 329 1517 emensi
342 1510 349 1522 ,
366 1489 471 1516 tandem
490 1487 523 1515 ad
538 1492 642 1522 portum
656 1486 831 1521 perveniant:
848 1492 897 1512 nos

105 1541 192 1564 contra
208 1537 234 1564 in
250 1536 309 1563 alto
324 1535 389 1562 mari
405 1535 534 1562 ﬂuctuare
550 1533 736 1561 contendimus
748 1552 755 1566 ,
769 1532 832 1560 dum
847 1539 898 1559 saa-

105 1583 228 1610 cularium
244 1582 415 1617 negotiorum
431 1580 554 1615 procellis
568 1587 674 1614 semper
685 1579 824 1606 obruimur
836 1598 843 1610 ,
858 1581 898 1604 at-

104 1637 152 1663 que
166 1629 190 1655 in
208 1628 277 1655 foris
288 1632 314 1654 et
329 1626 505 1654 tribunalibus
516 1625 634 1660 judicum
645 1624 786 1659 jaclamur,
797 1623 839 1650 hic
850 1631 898 1650 au-

105 1679 153 1702 tem
166 1674 250 1701 semel
265 1677 311 1700 aut
324 1672 420 1699 iterum
436 1672 479 1698 vix
496 1676 551 1698 toto
564 1678 635 1698 anno
647 1677 842 1704 comparemus.

136 1721 248 1748 Ecclesia
271 1725 371 1756 portus.
383 1735 418 1740 —
430 1720 471 1746 An
486 1726 550 1746 vero
569 1718 696 1753 ignoratis
709 1738 717 1750 ,
734 1722 763 1745 ut
784 1718 810 1744 in
830 1717 897 1744 mari

103 1771 206 1800 rortus,
218 1766 259 1793 sic
287 1765 414 1793 ecclesias
436 1765 519 1792 Deum
544 1764 570 1791 in
590 1763 700 1790 urbibus
719 1763 834 1790 erexisse
847 1783 854 1794 ,
869 1766 898 1789 ut

102 1819 115 1838 a
137 1811 298 1840 tumultuum
321 1809 488 1837 saecularium
509 1809 615 1836 turbine
642 1809 694 1835 huc
713 1807 896 1843 confugientes

102 1865 199 1884 summa
219 1856 413 1892 tranquillitate
437 1855 585 1890 patiamur?
599 1854 658 1882 Non
677 1854 748 1881 enim
767 1853 895 1881 ﬂuctuum

103 1903 141 1931 hic
153 1907 193 1930 est
208 1901 410 1930 reformidanda
425 1906 585 1936 tempestas.
600 1908 652 1927 non
666 1900 797 1927 latronum
807 1900 895 1927 incur-

102 1950 184 1977 siones
201 1971 209 1982 ,
231 1956 289 1976 non
311 1948 466 1983 eruptiones
490 1947 643 1982 praedonum
657 1967 665 1980 ,
680 1954 732 1973 non
754 1951 893 1973 ventorum

102 1996 225 2030 impetus,
241 2003 297 2022 non
311 1995 414 2021 insidia}
429 1993 575 2021 belluarum
589 2003 596 2020 :
611 1998 702 2028 portus
714 1993 786 2020 enim
799 1997 840 2020 est
860 1993 893 2020 ab

102 2042 138 2068 his
149 2042 277 2069 omnibus
299 2041 425 2067 immunis
439 2048 470 2067 ac
486 2040 567 2073 liber,
582 2044 676 2075 portus
689 2044 730 2066 est
745 2039 892 2074 spiritualis

100 2089 257 2115 animarum.
284 2088 371 2122 Atque
387 2095 480 2114 eorum
503 2095 563 2122 qua:
586 2087 640 2114 dixi
655 2087 810 2121 vosmetipsi
827 2085 892 2113 mihi

101 2139 177 2162 testes
189 2134 267 2161 estis.
285 2133 314 2161 Si
326 2134 384 2168 quis
396 2134 467 2161 enim
482 2137 599 2160 vestrum
613 2133 803 2160 conscientiam
815 2140 891 2160 suam

101 2181 263 2211 excusserit,
281 2180 391 2206 multam
419 2180 489 2206 intus
512 2179 628 2214 reperiet
651 2179 890 2214 tranquillitatem:

101 2233 148 2252 nun
161 2225 234 2252 enim
248 2225 288 2252 ira
299 2226 433 2260 negotium
448 2224 564 2257 facessit,
578 2232 630 2251 non
642 2224 772 2258 cupiditas
785 2224 889 2251 inflam-

100 2277 150 2298 mat
163 2292 170 2305 ,
188 2280 242 2299 non
266 2272 364 2299 invidia
383 2271 506 2298 tabefacit
519 2292 525 2304 ,
551 2279 602 2298 non
619 2271 694 2298 inﬂat
718 2272 867 2306 arrogantia
879 2292 888 2306 ,

99 2325 148 2345 non
166 2318 256 2346 inanis
278 2318 370 2353 gloria:
385 2325 461 2345 amor
481 2317 704 2352 corrumpit;sed
731 2322 889 2345 coercentur

97 2370 188 2392 omnes
199 2364 243 2391 Ine
257 2364 354 2391 bellua:
364 2384 371 2395 ,
387 2370 446 2390 cum
463 2363 575 2398 primum
588 2384 596 2395 ,
612 2363 686 2398 quasi
699 2363 832 2397 quoddam
845 2363 887 2390 di-

98 2409 184 2436 vinum
202 2416 314 2436 carmen
327 2429 334 2441 ,
346 2415 482 2436 sacrarum
504 2408 604 2435 auditio
624 2408 820 2442 Scripturarum
840 2415 888 2442 per

98 2461 172 2482 aures
181 2455 207 2482 in
223 2454 341 2481 animam
358 2454 485 2489 cujusque
499 2454 647 2489 penetravit
656 2474 663 2485 ,
675 2458 703 2481 et
717 2453 774 2480 illas
786 2454 887 2481 alienas

98 2507 112 2526 a
127 2500 227 2527 ratione
241 2499 457 2535 perturbationes
472 2499 579 2534 sopivit.
590 2499 655 2533 Quis
671 2506 723 2525 non
747 2499 826 2534 igitur
840 2505 886 2526 eos

97 2544 136 2571 vel
155 2545 353 2572 infelicissimos
373 2544 492 2579 judlcet,
519 2544 562 2578 qui
582 2551 643 2571 cum
664 2548 763 2571 tantam
782 2551 884 2571 morum

97 2590 261 2618 sanctitatem
275 2594 384 2625 possent
397 2589 505 2624 adipisci
517 2610 524 2622 ,
540 2597 591 2616 non
606 2590 712 2617 assidue
725 2595 865 2617 versentur
876 2611 884 2624 ,

98 2642 125 2662 ac
135 2637 262 2664 ventitant
274 2637 308 2663 ad
323 2643 490 2664 ccinmunem
503 2637 620 2663 omnium
636 2641 781 2671 parentem,
791 2637 887 2665 Eccle-
907 2660 909 2662 τ

99 2682 159 2709 siam
177 2682 323 2710 nimirum?
333 2682 440 2710 Etenim
455 2690 534 2716 quam
549 2682 654 2710 tandem
667 2690 727 2710 esse
740 2683 787 2711 tibi
801 2684 886 2719 magis

127 2767 161 2798 (η)
172 2767 258 2800 tjollata
270 2775 325 2793 cum
338 2768 410 2793 codd.
420 2767 552 2800 παρέλθω,
566 2769 634 2800 1976,
646 2770 687 2800 qui
699 2771 759 2795 mire
769 2770 884 2796 differunt

99 2798 127 2821 ab
148 2799 234 2827 mitis;
248 2800 382 2830 pra-cipuas
399 2798 476 2823 solum
496 2798 613 2824 lectiones
627 2798 805 2826 adnotavimus.
824 2805 884 2826 Item

99 2833 149 2852 cum
160 2830 237 2861 Regiis
247 2830 318 2860 £026,
325 2829 392 2854 ⁷2565
401 2833 427 2854 ct.
437 2829 541 2855 (Jolbel't.
552 2830 607 2856 970.

760 155 804 184 DE
825 157 993 189 BAPTISMO
1011 162 1156 196 CHRISTI.

1680 185 1732 214 564

934 503 974 523 ΕΤ
995 504 1036 524 DE
1058 504 1175 528 SANCTO
1201 509 1239 530 AC
1267 510 1419 533 SALUTARI
1447 514 1644 539 BAPTISMATE
1666 520 1732 542 SAL-

147 541 279 562 VATORIS
303 543 415 564 NOSTRI
436 543 510 565 JESU
532 545 671 573 CHRISTI,
694 547 799 573 DEQUE
821 550 860 571 IIS
883 551 936 577 QUI
958 552 1088 575 INDIGNE
1109 555 1349 587 COMMUNICANT,

1379 562 1419 583 ET
1440 563 1525 589 QUOD
1551 565 1604 592 QUI
1631 568 1735 591 LITUR-

778 599 882 625 ATQUE
905 601 986 622 ANTE
1010 603 1199 628 I‘OSTREMAM
1221 608 1402 632 ORATIONEM
1429 613 1665 647 EGREDIUNTUR,
1686 620 1738 642 JU‘

959 887 1120 917 fructuosam
1135 892 1335 926 occupationem
1349 897 1452 923 causari
1465 898 1551 932 possis
1562 904 1607 926 aut
1621 907 1744 937 congres-

957 940 1015 983 sum
1030 935 1179 963 utiliorem?
1189 938 1320 972 quodnam
1334 945 1421 968 autem
1441 935 1742 983 impodimentumiquo-

956 979 1044 1006 minus
1065 981 1107 1007 hic
1127 982 1264 1010 nobiscum
1278 986 1408 1013 verseris?
1421 987 1606 1023 Paupertatem
1620 979 1745 1021 nimirum

956 1024 1002 1052 tibi
1015 1026 1204 1061 impedimento
1215 1037 1273 1057 esse
1287 1031 1369 1063 dices,
1389 1036 1531 1067 quominus
1542 1038 1669 1070 pra-claro
1682 1039 1744 1068 huic

954 1073 1034 1103 cmtui
1056 1074 1221 1106 intersiszat
1243 1077 1358 1115 legitima
1385 1087 1436 1105 non
1459 1086 1499 1107 est
1521 1081 1577 1109 hinc
1596 1086 1743 1113 excusatio.

953 1122 1060 1170 Septem
1083 1123 1161 1152 habet
1185 1125 1241 1153 dies
1261 1127 1425 1156 hcbdomada
1441 1139 1446 1156 :
1461 1129 1550 1159 divisit
1569 1129 1618 1161 hos
1640 1138 1741 1170 septem

952 1169 1090 1196 nobiscum
1105 1170 1184 1203 Deus,
1197 1179 1282 1206 neqtte
1295 1173 1344 1200 sibi
1357 1175 1462 1208 quidem
1478 1178 1606 1210 potiorem
1619 1169 1720 1214 partem
1732 1201 1741 1213 ,

951 1214 1028 1241 nobis
1042 1220 1130 1242 autem
1144 1217 1273 1244 minorem
1288 1218 1428 1252 impertiit;
1445 1220 1498 1248 imo
1513 1230 1546 1249 ne
1562 1223 1586 1249 in
1599 1224 1664 1251 duas
1678 1227 1741 1260 qui-
1767 1242 1770 1246 -

953 1259 1015 1287 dem
1029 1262 1143 1295 aequales
1158 1268 1244 1296 partes
1259 1271 1304 1290 eas
1319 1265 1470 1298 distribuit;
1484 1275 1535 1294 non
1554 1269 1602 1295 sibi
1626 1259 1742 1298 tresias~

951 1308 1082 1357 sumpsit,
1096 1312 1202 1343 tresque
1216 1310 1325 1344 largitus
1337 1316 1376 1338 cst
1390 1321 1396 1339 :
1412 1321 1502 1341 verum
1514 1315 1560 1342 tibi
1575 1317 1682 1351 quidem
1695 1326 1742 1348 sex

952 1353 1090 1387 impertiit,
1102 1361 1180 1380 unam
1196 1363 1259 1382 vero
1272 1357 1321 1383 sibi
1338 1357 1466 1392 reliquit:
1482 1367 1530 1387 nec
1549 1361 1575 1388 in
1592 1362 1640 1389 hac
1653 1367 1741 1391 tamen

951 1401 1005 1425 tota
1026 1406 1042 1426 a
1068 1400 1180 1435 negotiis
1201 1403 1373 1430 saicularibus
1394 1404 1527 1437 abstinere
1542 1406 1677 1442 dignaris,
1692 1410 1740 1437 sed

951 1443 1003 1472 hoc
1023 1446 1108 1480 ipsum
1128 1447 1199 1482 qttod
1222 1447 1323 1476 faciunt
1335 1450 1380 1484 qui
1394 1457 1484 1478 sacras
1497 1454 1622 1486 pecunias
1639 1455 1742 1490 deprae-

950 1491 1047 1519 dantur
1060 1513 1067 1524 ,
1085 1498 1112 1520 tu
1126 1493 1174 1520 hac
1187 1494 1266 1521 etiam
1288 1495 1330 1522 die
1345 1501 1450 1530 patrare
1466 1498 1548 1527 audes
1564 1508 1570 1526 :
1585 1500 1647 1528 dum
1669 1502 1741 1530 illam

947 1537 1002 1572 jam
1013 1542 1131 1566 sanctam
1139 1544 1166 1567 et
1175 1540 1350 1574 spiritualium
1365 1543 1531 1577 eloquiorum
1543 1547 1669 1574 auditioni
1678 1555 1741 1575 con-

949 1589 1080 1610 secratam
1101 1585 1271 1620 surripis,et
1293 1587 1326 1613 ad
1350 1589 1493 1617 saeculares
1515 1598 1593 1619 curas
1607 1593 1740 1621 abutendo

950 1629 1076 1657 traducis.
1093 1630 1146 1657 Sed
1160 1631 1223 1665 quid
1233 1639 1283 1666 ego
1298 1632 1331 1659 de
1345 1633 1448 1668 integro
1463 1634 1506 1662 die
1519 1635 1636 1671 loquor?
1649 1639 1689 1665 vel
1713 1639 1738 1666 id

949 1681 1045 1707 unum,
1059 1675 1130 1710 quod
1148 1676 1173 1703 in
1187 1676 1356 1713 eleemosyna
1368 1679 1446 1706 vidua
1470 1679 1534 1707 fecit
1545 1702 1552 1713 ,
1569 1686 1594 1709 tu
1613 1682 1638 1709 in
1662 1684 1739 1718 hujus

949 1720 1001 1748 diei
1016 1726 1134 1756 tempore
1142 1722 1221 1750 facito
1230 1723 1312 1750 :sicut
1322 1724 1366 1752 illa
1379 1724 1446 1752 duos
1457 1726 1550 1754 obolos
1560 1727 1631 1754 misit
1641 1729 1738 1764 (Marc.

949 1767 992 1794 12.
1004 1768 1048 1794 42.
1063 1767 1142 1803 sqq.),
1153 1769 1315 1804 multamque
1328 1778 1342 1796 a
1359 1770 1414 1798 Deo
1426 1772 1536 1806 gratiam
1552 1772 1626 1800 inivit
1641 1783 1647 1801 :
1661 1774 1700 1801 sic
1712 1780 1738 1803 et

950 1817 975 1839 tu
991 1813 1056 1840 duas
1071 1813 1148 1841 horas
1161 1815 1214 1842 Deo
1224 1815 1361 1842 commoda
1370 1835 1380 1849 ,
1393 1821 1421 1843 et
1434 1821 1619 1845 sexcentarum
1634 1819 1737 1848 dierum

949 1858 1050 1886 lucrum
1072 1860 1098 1886 in
1118 1859 1226 1887 domum
1247 1865 1317 1887 tuam
1340 1861 1504 1895 importabis.
1520 1863 1595 1896 Quod
1615 1864 1637 1890 si
1652 1864 1676 1891 id
1688 1865 1736 1892 de-

948 1909 1055 1937 trectcs.
1070 1905 1130 1933 vide
1143 1913 1176 1934 ne
1188 1905 1266 1940 forte,
1281 1907 1343 1934 dum
1356 1907 1389 1934 ad
1401 1908 1522 1943 exiguum
1539 1911 1664 1944 temporis
1674 1918 1737 1946 spa-

947 1951 1012 1978 tium
1025 1952 1137 1986 teipsum
1151 1961 1203 1979 non
1217 1953 1257 1980 vis
1271 1961 1286 1980 a
1302 1954 1413 1980 terrenis
1429 1954 1508 1981 lucris
1522 1963 1634 1983 avocare
1644 1977 1651 1987 .
1668 1958 1737 1984 inte-

945 2004 1052 2031 grorum
1073 2005 1202 2025 annorum
1225 1998 1328 2028 labores
1347 2000 1462 2029 amittas.
1477 2002 1549 2030 Solet
1570 2002 1641 2031 eniin
1666 2006 1736 2035 Deus

946 2051 1005 2070 cum
1021 2050 1187 2080 contemptus
1206 2046 1285 2074 fuerit
1300 2047 1426 2075 collectas
1443 2049 1567 2083 pecunias
1580 2050 1709 2086 dissipare
1725 2062 1732 2080 :

944 2090 1015 2125 quod
1029 2095 1055 2118 et
1067 2091 1164 2119 Judacis
1175 2093 1320 2121 minitando
1332 2094 1436 2122 dicebat
1448 2115 1455 2127 ,
1471 2097 1595 2130 quoniam
1608 2098 1735 2126 sollicitu-

944 2138 1033 2166 dinem
1061 2139 1153 2174 templi
1176 2147 1281 2166 onmem
1308 2141 1492 2174 abjiciebant‘:
1509 2141 1636 2170 Ιηιιιιὶδιίε
1657 2153 1687 2171 ea
1707 2145 1733 2172 iu
1751 2167 1753 2169 τ

944 2183 1031 2211 domos
1046 2189 1137 2211 vestras
1148 2206 1154 2217 ,
1170 2190 1191 2211 et
1205 2186 1339 2220 exsufflan
1354 2194 1399 2218 ea,
1414 2187 1474 2213 dicit
1488 2187 1610 2215 Doim'nur
1631 2187 1733 2224 (Agga'i

944 2229 1006 2266 19).
1017 2229 1083 2262 Quid
1097 2229 1166 2256 enim
1178 2250 1185 2261 ,
1201 2237 1301 2264 quaeso,
1314 2238 1347 2258 ex
1361 2231 1392 2258 iis
1401 2251 1409 2263 ,
1420 2239 1479 2265 qua:
1490 2234 1637 2260 neCessaria
1652 2239 1713 2262 sunt
1723 2256 1730 2267 ,

944 2280 969 2301 te
992 2275 1136 2309 poterimus
1154 2275 1269 2310 docere,
1284 2284 1343 2304 cum
1367 2278 1448 2305 semel
1469 2283 1514 2305 aut
1536 2279 1631 2307 iterum
1655 2282 1732 2309 annis

942 2320 1051 2355 singulis
1063 2321 1096 2347 ad
1111 2329 1158 2348 nos
1173 2323 1284 2349 ventites
1296 2342 1304 2355 ,
1319 2322 1353 2350 de
1365 2323 1451 2349 anima
1466 2323 1605 2356 nimirum,
1621 2325 1655 2354 de
1669 2334 1731 2354 cor-

943 2373 1016 2400 pore.
1030 2366 1063 2394 de
1078 2367 1285 2401 immortalitate,
1300 2369 1334 2395 de
1343 2377 1423 2403 regno
1434 2370 1571 2400 mulorum.
1585 2371 1619 2399 de
1633 2374 1728 2407 panis,

941 2411 974 2439 de
988 2411 1118 2446 gehenna,
1130 2412 1164 2439 de
1180 2413 1225 2439 Dei
1240 2413 1449 2448 longanimitate,
1465 2415 1499 2442 de
1514 2415 1686 2452 indulgentia,
1696 2419 1730 2446 de

941 2457 1094 2492 prenitentia
1105 2478 1112 2489 ,
1124 2457 1157 2484 de
1179 2458 1319 2492 baptismo,
1333 2459 1365 2486 de
1379 2460 1535 2488 remissione
1550 2468 1727 2497 peccatorum,

939 2503 973 2531 de
988 2503 1046 2530 istis
1061 2503 1150 2530 mundi
1174 2511 1233 2531 cum
1256 2505 1401 2539 superioris
1429 2511 1484 2533 tum
1507 2506 1640 2535 inferioris
1652 2517 1727 2536 crea-

939 2549 1016 2582 turis,
1029 2549 1062 2577 de
1077 2549 1212 2577 hominum
1223 2556 1314 2576 natura
1324 2571 1331 2582 ,
1343 2551 1376 2578 de
1389 2552 1498 2586 angelis,
1513 2552 1547 2580 de
1560 2552 1730 2587 improbitate

939 2595 1087 2622 daemonum
1098 2615 1105 2627 ,
1117 2595 1150 2622 de
1161 2594 1258 2622 diaboli
1270 2595 1404 2623 fraudibus
1414 2616 1421 2628 ,
1437 2596 1470 2623 de
1483 2597 1601 2625 moribus
1611 2618 1618 2629 ,
1632 2598 1665 2625 de
1678 2598 1728 2625 do-

938 2640 1087 2676 gmatibus,
1100 2640 1134 2668 de
1146 2645 1217 2668 recta
1231 2640 1282 2668 fide
1293 2662 1301 2674 ,
1316 2640 1350 2668 de
1361 2642 1493 2676 corruptis
1511 2642 1676 2670 bznresihus?
1688 2645 1726 2670 si—

938 2686 1042 2722 quidem
1056 2686 1105 2713 ista
1116 2691 1142 2714 et
1153 2687 1236 2713 multo
1248 2687 1320 2721 plura
1334 2694 1412 2714 nosse
1422 2687 1599 2715 Christianum
1612 2694 1725 2722 oportet,

937 2733 1085 2768 horumque
1110 2733 1227 2759 omniutn
1252 2733 1362 2760 reddere
1375 2734 1504 2761 rationem
1524 2735 1556 2761 iis
1573 2735 1617 2769 qui
1637 2736 1726 2762 scisci-

937 2784 1036 2806 tentnr.
1052 2779 1104 2806 Vos
1121 2787 1184 2805 vero
1197 2786 1230 2806 ne
1243 2779 1378 2806 minimam
1393 2779 1500 2815 quidem
1521 2779 1613 2807 horum
1636 2785 1726 2808 tenete

937 2831 1039 2862 partem
1061 2825 1199 2861 poteritis,
1223 2825 1245 2852 si
1268 2826 1350 2852 scmel
1371 2824 1431 2859 hic,
1449 2826 1526 2861 idque
1548 2825 1726 2861 perfunctorie
