1978 3131
221 149 273 178 365

220 208 396 241 conveniatis,
411 215 461 236 nec
474 212 526 235 tam
542 213 651 243 propter
662 209 758 236 animae
773 209 898 243 pietatem
908 229 915 240 ,
932 215 1012 243 quam

221 259 330 288 propter
343 254 564 282 consuetudinem
574 255 749 282 solemnitatis
761 263 768 281 :
779 255 822 281 vix
836 255 906 281 enim
921 254 1016 288 cuique

220 300 371 328 assistendo
381 301 512 334 collecla‘,
528 301 624 336 aliquis
636 309 668 328 ex
682 301 805 328 omnibus
819 305 912 328 exacte
926 304 1018 335 posset

219 345 309 373 omnia
324 346 367 373 illa
385 345 500 374 discere.
514 347 613 375 Servos
627 347 731 375 habetis
745 347 821 374 multi
834 367 841 380 ,
855 347 950 374 horum
971 346 1017 382 qui

220 392 264 419 hic
276 392 383 424 adsunt,
399 398 426 420 ct
439 393 507 420 filios
519 403 528 421 :
538 401 652 429 cumque
665 394 724 420 illos
734 393 830 420 artium
846 393 979 428 magistris
990 394 1017 420 in

219 439 387 474 disciplinam
403 440 507 467 tradere
521 440 610 471 vultis,
624 447 692 474 quos
705 440 856 474 elegeritis,
868 444 1017 466 vestrarum

221 485 275 512 illis
285 485 382 512 mdium
398 485 518 520 ingressu
532 486 689 513 interdicitis
703 487 799 520 semel,
812 486 856 514 ubi
872 486 1017 520 stragulam

221 535 341 564 vestem,
369 531 467 559 cibaria
489 539 650 567 omnemque
675 532 754 559 aliam
778 532 970 567 supellectilem
991 536 1018 559 et

221 582 376 613 apparatum
395 578 583 613 suppeditastis
599 587 605 605 τ
620 586 672 606 una
686 586 746 606 cum
762 579 888 613 magistro
912 578 1018 605 habita-

223 630 278 652 tum
305 625 409 652 mittitis
425 646 432 657 ,
454 633 486 652 ac
515 633 548 652 ne
569 624 678 652 domum
697 629 812 652 vestram
834 624 931 652 adeant
955 632 1018 660 pro-

222 670 319 698 hibetis
335 679 342 698 :
355 675 393 702 ut,
408 671 471 698 dum
492 670 527 698 ibi
541 671 669 698 continue
683 676 840 703 versantur,
858 670 961 698 facilius
974 678 1018 697 ar-

223 720 276 742 tem
287 715 416 749 ediscant,
430 723 479 743 nec
490 716 542 743 ulla
557 716 734 743 sollicitudine
745 716 863 743 studium
874 716 979 743 illorum
991 719 1019 743 et

221 762 362 796 occupatio
370 762 562 797 interpellctur.
570 761 629 789 Jam
638 769 703 789 vero
713 769 774 789 cum
783 770 836 789 non
847 762 962 796 vulgaris
974 769 1019 789 ars

222 807 355 841 quaedam,
364 807 410 834 sed
421 807 538 834 onmium
550 807 664 834 maxima
676 807 752 834 vobis
761 807 795 834 sit
806 807 1019 842 ediscenda,qno

222 857 300 886 pacto
308 852 363 879 Deo
370 851 526 887 placendum
535 852 580 885 sit,
587 856 613 879 et
622 851 738 879 caelestia
746 852 813 879 bona
820 852 1016 887 consequenda,

223 897 401 932 perfunctorie
415 905 462 924 vos
479 897 504 924 id
519 897 648 932 perlicere
662 905 740 932 posse
753 898 869 924 censetis
881 897 893 924 ?
907 897 1019 930 Quanta:

223 943 284 977 hoc,
301 951 402 979 quaeso,
417 949 458 971 est
468 943 627 971 dementize?
638 943 704 970 Nam
718 942 886 977 disciplinam
897 950 957 970 esse
968 943 1020 970 hoc

223 991 378 1024 negotium,
393 989 462 1024 quod
483 990 592 1016 multam
612 989 694 1023 exigit
719 989 909 1021 attentionem,
924 996 957 1016 ex
977 988 1018 1016 Itis

222 1035 374 1069 cognoscite
390 1043 397 1061 ε
415 1034 524 1068 Βίιεὶζρ,
539 1034 640 1068 inquit,
655 1043 670 1060 a
684 1042 722 1060 me
733 1054 740 1066 ,
757 1034 817 1069 quia
839 1034 906 1060 miti:
925 1042 979 1060 sum
996 1037 1020 1061 et

223 1081 325 1108 humilis
348 1081 423 1108 corde
441 1081 548 1116 (Matth.
568 1081 612 1108 Il.
627 1080 675 1114 29)
690 1089 697 1108 :
711 1085 738 1108 et
759 1088 851 1108 rursus
867 1081 995 1115 propheta
1010 1089 1017 1108 :

227 1127 329 1158 Venite,
344 1128 392 1162 ﬁlii
403 1147 411 1160 ,
423 1127 510 1155 audite
528 1135 587 1154 me:
601 1128 716 1154 timerent
739 1126 840 1154 Domini
863 1127 956 1154 docebo
976 1135 1019 1154 vos

223 1173 307 1203 (Paul.
322 1173 366 1200 33.
382 1173 426 1207 12)
441 1182 447 1199 :
464 1177 492 1200 et
506 1173 601 1200 iterum
618 1182 624 1199 :
646 1172 739 1199 Vacate
757 1177 780 1199 et
796 1173 876 1199 vittate
900 1174 1020 1206 quoniam

222 1227 267 1253 ego
278 1226 333 1245 sum
346 1217 415 1245 Deus
429 1218 438 1253 (
450 1217 521 1245 Ρεαι.
535 1218 580 1245 45.
596 1218 624 1245 II
639 1218 657 1252 ).
674 1217 764 1252 Itaque
786 1218 867 1244 multa
887 1225 956 1252 opus
978 1222 1020 1245 est

223 1265 361 1292 vacatione
372 1265 418 1296 illi,
430 1265 473 1299 qui
485 1264 554 1291 hanc
564 1272 668 1291 morum
680 1264 848 1299 disciplinam
861 1269 888 1291 et
901 1264 1020 1298 philoso-

223 1311 313 1345 phiam
326 1310 377 1338 sibi
393 1310 506 1337 voluerit
519 1317 690 1344 comparare.

256 1356 284 1382 ‘2.
297 1356 362 1382 Duae
376 1356 548 1391 apparitione:
561 1355 673 1388 Christi,-
688 1364 733 1382 cur
747 1364 797 1382 non
809 1355 862 1382 dies
874 1360 943 1382 ortus
956 1376 963 1388 ,
977 1355 1020 1382 sed

221 1402 274 1429 dies
280 1401 397 1437 baptismi
404 1401 426 1428 E
428 1402 453 1437 pi
455 1402 559 1436 plmnia.
564 1401 590 1428 Μ
593 1402 716 1428 iraculum
723 1402 789 1428 circa
795 1401 912 1436 baptismi
917 1410 1018 1436 aquam.

221 1463 257 1468 —
270 1448 368 1476 Verum
384 1456 417 1475 ne
437 1453 542 1483 tempus
559 1455 640 1475 omne
660 1448 686 1474 in
700 1455 790 1475 eorum
813 1447 1020 1483 reprehensione

222 1498 411 1527 conteramus,
423 1494 467 1529 qui
486 1494 573 1521 solent
587 1493 700 1526 abesse,
718 1493 760 1521 his
773 1501 833 1528 quin
852 1493 885 1520 ad
902 1493 1019 1528 ipsorum

223 1539 410 1574 negligentiam
425 1539 609 1574 corrigendum
635 1543 698 1566 sunt
721 1539 791 1566 dicta
814 1539 932 1566 contenti
949 1559 956 1572 ,
970 1546 1020 1574 age

221 1585 347 1621 quiddam
355 1585 388 1613 de
399 1585 522 1621 prmsenti
531 1585 700 1614 solemnitate
710 1585 938 1621 philosophemur.
952 1586 1018 1613 Nam

222 1632 298 1659 multi
312 1632 419 1667 quidem
434 1632 499 1660 festa
510 1632 646 1660 celebrant
671 1631 708 1668 (α)
720 1653 728 1666 ,
743 1636 770 1660 ct
791 1633 898 1660 nomina
925 1641 1019 1661 eorum

223 1683 354 1706 noverunt
364 1699 372 1710 ,
388 1678 513 1706 historias
526 1683 615 1706 autem
633 1683 661 1706 et
676 1679 848 1712 occasiones,
861 1679 931 1706 unde
953 1684 1019 1708 orla:

221 1729 302 1758 sunt,
327 1733 379 1752 non
408 1730 550 1752 n0verunt.
572 1726 659 1760 Atque
682 1725 860 1760 Epiphaniam
890 1725 1017 1761 quidem,

220 1772 277 1799 sive
298 1771 505 1807 apparitionetn,
522 1771 574 1799 dici
605 1771 674 1799 hanc
693 1772 875 1800 celebritatem
894 1773 1019 1800 omnibus

220 1817 313 1852 liquet,
330 1818 387 1845 haec
401 1825 464 1845 vero
476 1817 606 1853 apparitio
621 1825 744 1853 quamam
758 1818 809 1851 sit,
820 1822 847 1846 et
859 1823 947 1845 utrum
962 1826 1014 1845 una

220 1864 255 1890 sit
277 1871 310 1890 an
324 1863 382 1890 dum
393 1884 401 1895 ,
419 1863 444 1891 id
460 1871 512 1890 non
528 1864 591 1890 item
607 1868 758 1895 noverunt;
772 1867 800 1891 et
821 1863 892 1899 quod
914 1871 1016 1890 summa

220 1908 364 1936 notandum
381 1909 523 1944 ignominia
533 1909 641 1944 risuque
652 1908 759 1944 dignum
773 1914 827 1943 est,
837 1917 897 1936 cum
907 1909 1018 1944 singulis

220 1955 298 1982 annis
308 1955 503 1992 solemnitatem
514 1955 591 1982 istaut
603 1955 750 1988 celebrent,
761 1956 819 1991 ejus
830 1961 1015 1991 argumentum

219 2001 420 2028 etoccasioncm
433 2002 564 2036 ignorant.
576 2001 693 2029 Primum
705 2002 784 2037 igitur
793 2009 883 2037 operte
902 2002 1016 2037 pretium

219 2048 371 2074 cstcaritati
384 2052 479 2075 vestra:
489 2048 605 2076 indicare
615 2055 668 2075 non
688 2056 767 2076 unam
781 2056 841 2077 esse
854 2054 955 2077 tantum
966 2057 1015 2084 ap-

220 2093 378 2127 paritionem
389 2114 396 2125 ,
409 2093 455 2121 sed
474 2094 539 2121 duas
552 2103 558 2121 :
572 2102 625 2122 una
640 2094 746 2130 quidem
769 2099 811 2122 est
828 2095 878 2122 ista
896 2103 1015 2130 przcsens

219 2147 279 2174 qua:
293 2139 347 2174 jam
359 2139 485 2174 contigit;
500 2140 583 2167 altera
595 2148 659 2167 vero
684 2148 743 2175 qua:
767 2140 852 2168 futura
868 2145 926 2173 est,
938 2145 966 2168 et
988 2141 1014 2169 in

218 2186 447 2213 consummatione
468 2186 559 2214 sateuli
577 2194 637 2214 cum
660 2187 802 2221 splendore
825 2191 852 2215 et
871 2187 954 2222 gloria
973 2192 1016 2215 est

219 2236 356 2259 eventura.
374 2233 412 2260 Ac
425 2232 459 2260 de
472 2237 584 2268 utraque
606 2232 712 2260 illarum
727 2234 836 2261 Paulum
852 2234 932 2262 hodie
954 2235 1015 2262 Tito

218 2279 394 2306 disserentem
408 2279 528 2313 audistis,
545 2285 624 2314 atque
638 2280 663 2307 in
680 2280 737 2308 lucc
749 2281 827 2308 verba
842 2281 876 2308 de
890 2282 1014 2316 prrcsenti

218 2325 325 2359 quidem
347 2325 511 2359 loquentem,
528 2326 652 2361 Apparuit
665 2328 747 2362 gratia
762 2326 810 2354 Dei
821 2328 941 2355 ralutan's
960 2337 1014 2355 om-

220 2369 293 2396 nibus
306 2371 458 2404 hominibus,
468 2372 585 2398 erudiens
595 2379 651 2406 nos,
663 2377 691 2399 ut
700 2373 851 2408 abnegantes
861 2374 1015 2407 impietatem

218 2420 242 2442 et
257 2416 389 2442 stccularia
402 2417 534 2450 desideria,
550 2417 632 2444 sobrie
644 2424 666 2445 et
675 2420 745 2453 juste
759 2424 782 2445 et
800 2419 840 2454 pie
857 2420 968 2447 vivamus
987 2421 1010 2448 il

218 2462 264 2488 hoc
278 2462 371 2488 uacula
381 2470 390 2488 :
402 2462 436 2489 de
450 2462 535 2490 futura
550 2471 623 2496 vero,
637 2464 816 2499 Exspectantes
831 2465 927 2493 beatam
945 2475 1014 2501 spem

218 2512 242 2534 et
253 2507 386 2534 adventant
402 2509 491 2543 gloria:
503 2510 589 2545 magni
608 2511 654 2537 Dei
667 2516 690 2538 et
705 2512 845 2539 Saluatoris
860 2514 940 2540 nostri
951 2514 1013 2541 Jesu

219 2553 312 2579 Clu-isti
326 2554 334 2588 (
349 2553 397 2580 Tit.
413 2555 441 2581 ‘2.
458 2555 500 2581 Il.
516 2556 559 2582 12.
575 2557 607 2583 15
618 2557 636 2591 ).
652 2557 686 2584 Ει
698 2565 762 2585 vero
775 2559 905 2593 propheta
920 2559 953 2586 de
968 2560 1012 2587 illa

218 2599 273 2633 ipsa
288 2600 326 2626 sic
341 2600 422 2626 dixil‘
442 2609 448 2626 ε
466 2600 514 2628 Sol
527 2608 682 2630 convertetur
695 2604 720 2630 in
733 2604 861 2637 tenebras,
876 2610 898 2632 et
915 2606 974 2632 (una
986 2607 1013 2633 in

216 2647 380 2682 sanguinem,
396 2653 529 2683 antequam
540 2650 622 2676 veniat
635 2651 687 2677 dies
701 2651 804 2678 Domini
819 2660 925 2687 magna:
939 2659 962 2679 et
976 2653 1010 2680 il-

218 2692 304 2719 lustris
318 2692 395 2727 (Jort.
409 2693 435 2720 2.
452 2694 507 2729 5f).
524 2695 558 2721 At
573 2696 643 2723 enim
657 2697 700 2729 qui
717 2697 762 2729 lit,
777 2701 806 2724 ut
819 2705 870 2724 non
886 2705 917 2724 ea
931 2698 989 2725 dies
1001 2719 1009 2730 ,

216 2746 267 2771 qua
282 2744 357 2765 natus
368 2745 417 2770 est.
430 2739 576 2775 Epiphania
588 2742 752 2776 etapparitio
762 2744 919 2778 appelletur,
927 2743 1009 2772 scdea

217 2791 268 2819 qna
282 2784 428 2821 baptizatus
440 2787 500 2812 est?
513 2786 573 2813 lltcc
585 2787 656 2814 enim
671 2787 728 2816 dies
745 2794 786 2816 est
798 2797 849 2824 qua
862 2789 1009 2825 baptizatus

249 2852 256 2887 ξ
276 2855 300 2887 tn
313 2853 364 2887 lucc
376 2853 451 2887 verba
461 2851 860 2887 (_Gr.E);s}jevoﬁrm;)desiuitCodex
870 2855 1007 2887 “11.1965.

247 2883 284 2915 (tt)
300 2885 356 2908 Dies
363 2884 496 2915 Epiphanim
504 2884 681 2910 celebrabatur.

598 154 624 181 S.
646 153 783 180 JO.\NNIS
802 149 1038 180 (IIIIIYSOSTOSII
1059 149 1215 179 ARCIIIEP.
1236 148 1500 179 CONSTANTINOP.

1811 150 1866 180 366

1070 213 1113 237 est
1124 229 1132 242 ,
1146 214 1174 237 et
1191 217 1319 245 aquarum
1335 214 1456 237 naturam
1469 208 1653 237 sanetilicavlt.
1667 208 1770 237 Idcirco
1783 210 1865 237 etiam

1069 255 1095 282 in
1116 255 1166 282 hac
1180 255 1349 283 solemnitate
1362 255 1412 282 sub
1424 255 1539 283 mediam
1555 259 1660 283 noctem
1673 263 1768 283 omnes
1780 276 1788 287 ,
1803 263 1865 282 cum

1068 301 1156 335 aquati
1172 301 1281 333 fuerint,
1293 300 1402 328 domum
1416 301 1509 329 latices
1525 300 1643 330 referunt
1657 309 1689 329 ac
1701 301 1866 334 recondunt,

1068 351 1095 374 et
1109 354 1156 381 per
1168 346 1299 382 integrum
1315 354 1411 374 annum
1424 351 1583 374 conservant
1594 367 1602 380 ,
1619 351 1710 382 utpote
1724 347 1797 382 quod
1820 347 1869 375 ho-

1068 392 1159 419 dierna
1183 392 1226 420 die
1245 392 1416 420 sanctificata:
1431 393 1484 419 sint
1503 400 1580 427 aqua:
1593 401 1599 419 :
1612 392 1693 427 fitque
1705 392 1868 420 miraculum

1068 438 1192 472 evidens,
1208 438 1272 465 dum
1294 438 1359 465 nihil
1381 438 1508 473 temporis
1524 438 1716 473 longinquitate
1735 446 1868 473 aquarum

1069 485 1174 512 illarum
1189 489 1281 512 natura
1294 484 1400 511 vitiatur
1414 505 1420 517 ,
1437 484 1485 512 sed
1497 484 1600 519 integro
1612 491 1682 511 anno
1704 489 1785 519 atque
1800 483 1870 511 adeo

1069 531 1177 559 biennio
1190 535 1217 558 et
1230 531 1344 558 triennio
1359 538 1430 566 stupe
1441 551 1450 564 ,
1464 538 1523 565 qua:
1538 530 1618 558 hodie
1638 531 1687 557 fuit
1700 531 1795 558 hausta
1807 550 1817 564 ,
1830 530 1870 557 in-

1069 582 1194 612 corrupta
1205 581 1232 604 et
1246 584 1340 604 recens
1357 581 1505 612 permanet,
1521 584 1553 604 ac
1566 581 1628 612 post
1642 580 1745 604 tantum
1761 583 1869 611 tempo-

1069 623 1106 650 ris
1117 630 1177 650 cnm
1193 623 1225 650 iis
1240 630 1299 657 qua:
1313 630 1398 658 nuper
1419 622 1517 650 fuerint
1531 630 1547 650 e
1561 623 1680 650 fontibus
1692 623 1796 650 educta:
1810 630 1858 651 cer

1069 673 1118 696 tat.
1133 669 1281 703 Quamnam
1295 669 1375 704 igitur
1387 668 1422 696 ob
1436 676 1543 696 causam
1558 667 1616 696 haec
1633 669 1765 704 apparitio
1776 669 1871 703 ευβοι-

1070 715 1150 742 latur?
1159 715 1225 748 Quia
1236 715 1360 742 nimirum
1371 722 1424 742 non
1431 715 1554 742 omnibus
1562 715 1719 742 manifestus
1729 719 1770 742 est
1777 714 1868 742 reddi-

1070 765 1122 793 tus,
1137 768 1197 788 cum
1207 765 1282 796 partu
1293 765 1334 788 est
1344 760 1440 793 editus,
1449 760 1497 788 sed
1506 768 1566 788 cum
1575 765 1615 788 est
1623 761 1772 796 baptizatus
1785 769 1791 787 :
1806 768 1867 787 nam

1069 806 1102 834 ad
1115 807 1183 834 hunc
1194 815 1278 842 usque
1288 806 1358 834 diem
1375 807 1454 842 vulgo
1467 812 1526 834 erat
1539 807 1654 842 ignotus.
1668 806 1735 833 Nam
1747 806 1869 842 incogni~

1070 858 1125 880 tum
1141 861 1201 880 eum
1217 852 1298 881 fuisse
1312 853 1401 888 vulgo,
1416 861 1502 888 neque
1511 853 1631 888 quisnam
1647 857 1719 881 esset
1729 853 1869 888 plerosque

1070 899 1180 927 scivisse
1194 904 1298 927 constat
1312 907 1345 927 ex
1361 900 1418 927 istis
1428 899 1538 927 Joannis
1551 899 1677 935 Baptistte
1687 900 1778 927 verbis
1791 909 1797 926 :
1813 899 1868 926 Me-

1070 945 1129 972 dius
1150 951 1258 972 vestrum
1273 946 1358 978 stetit,
1375 954 1447 981 quem
1466 954 1510 972 vos
1531 946 1631 973 nescitis
1652 943 1741 982 (Joan.
1762 946 1790 973 I.
1808 945 1867 981 26).

1070 991 1139 1025 Quid
1161 999 1225 1019 vero
1244 992 1340 1019 mirum
1356 992 1378 1019 si
1392 992 1436 1019 alii
1456 999 1509 1019 non
1527 996 1636 1020 nossent
1650 1013 1657 1026 ,
1671 991 1779 1027 quando
1794 992 1868 1019 illum

1071 1037 1150 1065 etiam
1167 1038 1223 1073 ipse
1235 1037 1352 1073 Baptista
1367 1038 1400 1066 ad
1414 1046 1475 1066 eum
1490 1045 1573 1073 usque
1585 1038 1656 1066 diem
1671 1038 1869 1074 ignorabat?Et

1071 1091 1116 1118 ego
1131 1084 1271 1110 nesciebam
1285 1092 1359 1117 eum,
1376 1084 1460 1119 inquit
1472 1093 1480 1111 :
1491 1083 1535 1111 sed
1552 1083 1595 1118 qui
1606 1084 1674 1111 misit
1686 1092 1725 1111 me
1739 1083 1870 1118 baptizare

1076 1132 1104 1158 in
1118 1138 1183 1164 aqua
1193 1151 1200 1161 ,
1214 1129 1257 1157 ille
1280 1130 1342 1156 milii
1357 1130 1421 1157 dixit
1433 1151 1440 1163 ,
1454 1129 1538 1165 Super
1549 1138 1623 1164 quem
1634 1130 1726 1157 videris
1740 1129 1868 1164 Spiritum

1072 1176 1261 1203 descendentem
1284 1176 1291 1191 ¹
1302 1180 1327 1203 et
1339 1181 1481 1202 manentem
1493 1183 1569 1210 super
1579 1184 1646 1209 eum,
1661 1176 1701 1202 hic
1722 1180 1759 1203 est
1769 1176 1814 1211 qui
1823 1175 1868 1202 ba—

1075 1221 1153 1256 ptizat
1166 1221 1192 1248 in
1206 1221 1307 1257 Spiritu
1328 1226 1417 1248 sancto
1428 1220 1479 1256 (Ib.
1496 1220 1553 1256 35).
1569 1221 1638 1248 Duas
1651 1221 1731 1256 igitur
1745 1228 1807 1248 esse
1818 1228 1867 1256 ap-

1072 1268 1216 1302 paritiones
1227 1276 1260 1295 ex
1276 1268 1316 1295 his
1330 1267 1423 1303 liquet;
1435 1267 1482 1295 sed
1495 1275 1608 1303 quanam
1623 1267 1657 1295 de
1670 1274 1750 1295 causa
1765 1266 1869 1294 venerit

1072 1313 1104 1340 ad
1115 1313 1273 1348 baptismum
1285 1313 1418 1346 Christus,
1430 1320 1498 1340 nunc
1511 1321 1555 1340 res
1568 1313 1683 1348 postulat
1694 1318 1723 1340 ut
1735 1313 1867 1345 dicamus,

1072 1364 1096 1385 et
1109 1358 1141 1385 ad
1153 1365 1295 1393 quemnam
1308 1358 1468 1393 baptismum
1480 1359 1583 1386 venerit
1595 1367 1601 1385 2
1613 1366 1673 1385 nam
1685 1362 1712 1385 et
1720 1358 1772 1385 hoc
1779 1365 1867 1392 opera!

1072 1404 1186 1439 pretium
1211 1409 1250 1432 cst
1272 1411 1435 1439 cognoscere
1447 1425 1453 1436 ,
1465 1409 1494 1431 ut
1508 1411 1573 1432 sane
1587 1404 1666 1431 etiam
1681 1404 1757 1431 illud.
1772 1403 1805 1431 Et
1817 1403 1868 1430 hoc

1073 1449 1146 1484 prius
1164 1449 1302 1476 caritatem
1323 1454 1438 1477 vestram
1462 1449 1560 1477 docere
1574 1454 1697 1484 oportet:
1710 1456 1772 1476 nam
1789 1453 1816 1476 et
1834 1456 1866 1476 ex

1073 1495 1123 1523 hoc
1135 1495 1199 1523 illud
1214 1495 1395 1531 intelligimus.
1410 1495 1549 1523 Judaicum
1563 1500 1620 1523 crat
1640 1495 1784 1530 baptisma,
1795 1495 1867 1530 quod

1072 1541 1165 1569 sordes
1186 1549 1328 1577 corporum
1344 1562 1351 1574 ,
1367 1549 1420 1569 non
1448 1546 1554 1576 peccata
1575 1548 1635 1577 qua:
1654 1541 1681 1568 in
1703 1541 1867 1569 conscientia

1072 1587 1192 1614 resident
1207 1608 1215 1621 ,
1231 1587 1366 1614 abluebat.
1385 1587 1476 1622 Neque
1495 1587 1567 1614 enim
1590 1587 1612 1614 si
1625 1586 1685 1621 quis
1704 1586 1867 1613 adulterium

1071 1637 1264 1668 perpetrasset,
1278 1640 1365 1667 neque
1379 1633 1402 1660 si
1413 1633 1471 1668 quis
1492 1633 1552 1660 furti
1568 1639 1597 1659 se
1610 1632 1744 1667 alligasset
1754 1653 1763 1666 ,
1780 1639 1868 1667 neque

1071 1679 1093 1705 si
1105 1679 1165 1713 quis
1176 1678 1245 1706 aliud
1260 1678 1393 1714 quidpiam
1408 1678 1516 1706 sceleris
1530 1678 1692 1711 admisisset,
1703 1686 1765 1706 eum
1776 1678 1866 1705 crimi-

1071 1724 1148 1751 nibus
1163 1724 1288 1758 expiabat
1300 1732 1307 1750 :
1319 1724 1366 1751 sed
1389 1724 1411 1751 si
1425 1724 1484 1758 quis
1497 1728 1662 1751 mortuorum
1680 1731 1741 1751 ossa
1764 1723 1867 1758 tetigis-

1070 1776 1112 1798 set
1125 1792 1132 1804 ,
1146 1771 1168 1798 si
1181 1771 1241 1806 quis
1256 1772 1351 1798 vetitos
1365 1778 1379 1797 a
1399 1771 1456 1806 lege
1471 1770 1545 1798 cibos
1560 1770 1728 1805 degustasset
1739 1791 1747 1803 ,
1763 1770 1785 1798 si
1804 1770 1866 1805 quis

1070 1825 1084 1844 a
1100 1818 1271 1852 corruptione
1285 1817 1446 1849 advenisset,
1460 1817 1485 1844 si
1497 1817 1556 1851 quis
1570 1823 1631 1843 cum
1647 1816 1760 1851 leprosis
1772 1823 1866 1843 versa-

1070 1868 1113 1890 tus
1132 1868 1221 1896 esset,
1237 1863 1394 1896 lavabatur,
1409 1867 1436 1890 ct
1457 1862 1610 1890 immundus
1637 1867 1695 1890 erat
1722 1869 1806 1896 usque
1832 1861 1866 1888 ad

1070 1916 1219 1944 vesperam,
1229 1908 1324 1936 deinde
1338 1908 1522 1936 mundabatur.
1532 1907 1668 1935 Lavabitur
1679 1908 1755 1940 enim,
1769 1907 1864 1943 inquit,

1069 1963 1161 1989 corpus
1178 1955 1231 1990 ejus
1252 1963 1317 1990 aqua
1340 1955 1452 1986 munda,
1466 1959 1489 1981 et
1506 1955 1652 1981 immundus
1671 1954 1718 1981 erit
1740 1962 1820 1988 usque
1831 1953 1867 1980 ad

1069 2007 1208 2034 vesperam,
1223 2005 1246 2027 et
1260 2000 1423 2026 mandabitur
1433 1999 1526 2034 (Lavit.
1537 2000 1580 2027 I5.
1596 2000 1623 2027 5.
1635 2007 1689 2035 sqq.
1701 2004 1725 2026 et
1736 1999 1792 2033 I3).
1806 1998 1865 2026 Non

1069 2046 1140 2074 enim
1156 2046 1213 2073 haec
1237 2054 1299 2074 vere
1313 2051 1450 2080 peccatum
1462 2051 1538 2073 erant
1556 2053 1642 2081 neque
1667 2046 1778 2080 pollutio
1791 2067 1799 2079 ,
1815 2045 1866 2073 sed

1069 2091 1141 2127 quod
1172 2091 1380 2126 imperfectiores
1409 2096 1522 2124 essent,
1538 2099 1585 2126 per
1598 2091 1729 2126 ejusmodi
1753 2099 1797 2118 res
1817 2098 1867 2118 eos

1069 2137 1186 2165 efficiens
1195 2137 1384 2172 religiosiores,
1395 2137 1464 2164 Deus
1477 2137 1510 2164 ad
1525 2137 1655 2172 majorum
1669 2145 1758 2164 rerum
1772 2137 1868 2164 obser-

1071 2183 1205 2210 vationem
1221 2183 1337 2217 aptiores
1351 2187 1380 2210 et
1393 2183 1576 2217 diligentiores
1589 2183 1653 2209 olim
1667 2182 1809 2210 reddebat.

1105 2230 1132 2257 5.
1149 2229 1274 2265 Baptismi
1286 2229 1437 2258 Judarorum
1452 2234 1475 2256 et
1489 2229 1606 2265 baptismi
1620 2228 1729 2256 Joannis
1742 2229 1820 2256 ratio.
1831 2244 1869 2249 —

1070 2277 1162 2312 Itaque
1188 2276 1297 2304 Iudaica
1322 2277 1365 2304 illa
1389 2277 1496 2312 quidem
1519 2276 1635 2312 expiatio
1659 2284 1828 2312 nequaquam
1852 2284 1867 2302 a

1071 2323 1186 2359 peccatis
1206 2323 1346 2356 liberabat,
1363 2323 1409 2350 sed
1425 2331 1439 2350 a
1453 2323 1589 2358 corporeis
1604 2323 1727 2350 sordibus
1742 2327 1866 2354 tantum;

1070 2375 1160 2397 nostra
1174 2376 1237 2396 vero
1251 2369 1310 2396 talis
1323 2376 1375 2395 non
1387 2373 1427 2396 est
1438 2389 1445 2400 ,
1461 2368 1510 2396 sed
1523 2368 1605 2395 multo
1620 2370 1705 2403 major
1715 2389 1722 2399 ,
1738 2375 1771 2395 ac
1784 2368 1868 2395 multa

1068 2416 1152 2451 gratia
1171 2415 1270 2442 referta
1284 2421 1291 2440 :
1303 2422 1363 2441 nam
1377 2419 1404 2442 et
1421 2414 1516 2441 liberat
1528 2421 1543 2441 a
1558 2414 1673 2448 peccatis
1684 2435 1691 2445 .
1707 2419 1734 2441 et
1748 2415 1866 2441 animam

1069 2461 1212 2494 enmndat,
1235 2466 1261 2488 et
1279 2461 1392 2496 Spiritus
1406 2461 1517 2496 gratiam
1541 2460 1660 2496 largitur.
1675 2460 1788 2488 Joannis
1803 2468 1867 2487 vero

1069 2508 1200 2542 baptisma
1214 2507 1324 2534 Judaico
1335 2506 1441 2541 quidem
1453 2507 1537 2534 multo
1549 2506 1687 2533 sublimius
1703 2505 1762 2538 fuit,
1776 2506 1866 2533 humi—

1069 2553 1120 2580 lius
1136 2560 1202 2580 vero
1225 2558 1317 2580 nostro
1329 2574 1337 2585 ,
1361 2553 1441 2580 veluti
1457 2560 1525 2588 pons
1539 2552 1644 2587 quidam
1661 2552 1803 2587 utriusque
1819 2552 1865 2579 ba-

1069 2599 1200 2634 ptismatis
1220 2599 1298 2634 hujus
1310 2620 1317 2632 ,
1337 2599 1372 2626 ab
1391 2598 1435 2625 illo
1451 2599 1483 2625 ad
1499 2598 1568 2625 istud
1585 2606 1630 2632 per
1645 2606 1674 2625 se
1687 2599 1764 2633 quasi
1787 2606 1866 2625 manu

1068 2645 1169 2673 ducens
1182 2655 1188 2672 :
1201 2653 1255 2673 non
1271 2645 1342 2673 enim
1358 2652 1404 2671 eos
1419 2644 1509 2679 utique
1523 2644 1556 2671 ad
1572 2644 1791 2671 observationem
1805 2652 1864 2671 cor-

1067 2693 1140 2727 poris
1160 2692 1345 2727 pnrgationum
1370 2690 1529 2722 inducebat,
1554 2690 1601 2717 sed
1621 2690 1654 2718 ah
1677 2690 1729 2718 illis
1751 2697 1866 2718 avoc-ms

1067 2738 1258 2766 cohortabatur
1276 2743 1303 2765 et
1323 2736 1479 2764 consulebat
1490 2757 1498 2769 ,
1514 2741 1568 2764 uta
1583 2737 1648 2763 vitio
1663 2736 1867 2764 traducerentur

1066 2784 1099 2811 ad
1115 2784 1249 2816 virtutem,
1259 2787 1337 2818 atque
1350 2783 1376 2809 in
1387 2789 1497 2817 operum
1509 2786 1581 2809 recte
1593 2781 1670 2809 factis
1680 2789 1758 2818 spem
1773 2781 1867 2809 salutis

1066 2839 1118 2858 non
1142 2830 1169 2857 in
1189 2829 1302 2858 diversis
1322 2829 1460 2865 baptismis
1480 2833 1508 2856 et
1530 2836 1660 2864 aquarum
1680 2828 1865 2856 ablutiouilnus

1100 2888 1107 2902 ι
1125 2889 1175 2911 Duo
1187 2889 1251 2918 me,
1265 2885 1447 2914 descendentem
1456 2884 1524 2918 quasi
1532 2884 1674 2911 concavam.
