1978 3131
109 177 152 203 ὂϋΊ
720 184 766 212 DE
786 183 954 213 BAPTISMO
968 186 1110 216 CHRISTI.

108 234 266 262 ωιΙυωι-ειιι.
277 234 335 262 Non
347 237 416 263 enim
427 236 540 269 diccbat,
557 238 642 267 Ablue
657 241 813 269 vestimenta
828 246 870 270 tua
880 263 888 277 ,

106 285 130 306 et
147 279 199 306 lava
223 287 321 315 corpus
346 287 430 314 tuum,
447 289 475 310 et
496 286 611 313 mundus
630 287 684 314 eris
700 296 708 314 :
724 288 787 323 quid
807 290 890 325 ergo?

107 324 188 352 Facite
202 327 314 362 fructum
337 328 442 363 dignum
462 330 614 365 paenitentt'te
629 332 735 367 (Matth.
752 334 778 362 5.
793 335 831 370 8).
843 324 890 365 SAc

106 370 125 397 si
137 370 185 398 hoc
198 377 302 406 spectes
314 394 321 405 ,
335 373 446 402 Judaico
458 376 595 405 subllmius
607 383 674 412 erat,
690 379 814 409 humilius
825 389 889 411 vero

107 422 202 449 nostro;
218 419 432 454 quandoquidem
444 429 529 457 neque
538 422 666 458 Spiritum
679 430 799 454 sanctum
809 427 890 456 dabat

105 461 205 490 Joannis
224 463 355 498 baptism
367 487 375 499 ,
398 474 484 501 neque
503 470 688 498 remissionem
710 479 758 507 per
776 474 889 508 gratiam

105 508 249 536 conterebat
266 517 272 536 :
291 511 474 545 paenitentiam
497 514 568 541 enim
588 522 668 550 agere
685 516 813 553 jubebat,
835 527 889 547 non

105 554 242 582 dimittendi
263 561 395 590 potestate
416 559 540 593 pollebat.
556 560 725 597 Quapropter
743 568 770 592 et
783 564 888 599 aiebat,

103 599 152 635 Ego
160 601 258 635 quidem
271 603 372 637 baptizo
385 612 427 631 vos
445 605 471 631 in
493 613 560 639 aqua
571 607 590 640 ¹,
602 607 646 634 ille
658 614 742 635 autem
755 609 890 645 baptizabit

103 654 139 673 eos
148 647 172 672 in
186 647 286 681 Spiritu
295 654 383 676 sancto
393 655 416 677 et
429 651 483 685 igni
495 651 575 686 (Ibid.
588 653 644 689 11).
659 653 767 683 Scilicet
780 656 824 683 ille
836 664 888 683 non

104 691 243 726 baptizabat
269 694 297 720 in
323 695 432 730 Spiritu.
456 697 525 731 Quid
548 703 590 726 est
610 705 708 733 autctn,
730 701 765 728 In
790 702 889 738 Spiritu

103 743 180 764 iuncto
190 744 212 764 et
222 739 276 774 igni
283 740 297 767 .9
309 741 459 770 Recordare
470 743 535 771 mibi
543 743 596 772 diei
607 745 688 779 illius,
699 754 751 782 quo
761 749 890 783 apostolis

103 783 238 818 dispertita:
253 785 352 821 lingua:
365 793 548 822 apparuerunt
561 794 695 825 tamquam
710 792 789 827 ignis,
805 794 889 821 sedit-

104 836 148 863 que
160 836 237 865 supra
250 831 374 867 singulos
387 841 480 862 eorum
495 834 562 871 (Act.
579 836 605 863 2.
621 837 659 872 5).
675 839 714 865 Ac
724 838 886 874 baptismum

104 874 203 903 Joannis
215 877 402 912 imperfectum
417 879 517 914 fuisse,
538 890 625 918 neque
638 883 753 918 Spiritus
767 886 889 921 largilum

104 927 155 948 esse
167 921 278 955 gratiam
288 943 297 956 ,
311 931 399 959 neque
412 927 596 955 remissionem
613 935 780 962 peccatorum
794 953 801 964 ,
828 933 890 960 inde

104 970 197 993 constat
211 975 218 993 :
232 974 296 995 cum
320 970 391 997 enim
415 972 544 1006 quosdam
566 973 711 1009 discipulos
735 976 891 1005 otl‘endisset

105 1011 199 1045 Paulus,
221 1013 258 1040 ait
271 1014 337 1048 illis,
356 1015 387 1043 Si
403 1015 529 1052 Spiritum
549 1024 665 1046 sanctum
686 1023 818 1055 accepistis
837 1031 891 1050 ere.

104 1058 198 1085 dentes?
208 1059 241 1086 At
254 1061 295 1087 illi
315 1061 433 1090 dixerunt
447 1063 481 1090 ad
493 1072 550 1091 eum
560 1073 570 1092 ι
581 1064 634 1092 Sed
649 1074 729 1101 neque
742 1068 764 1094 si
778 1068 890 1103 Spiritus

105 1109 194 1131 sanctus
204 1110 240 1132 est
252 1107 408 1136 audivimus.
424 1108 475 1136 Ille
486 1117 544 1137 uero
557 1111 594 1138 ait
606 1110 658 1139 :In
670 1120 721 1147 quo
731 1121 791 1149 ergo
804 1115 889 1149 bapti-

103 1150 147 1176 ωιί
159 1151 233 1178 estis!
249 1152 302 1185 Qui
321 1154 455 1187 dixerunt,
469 1154 502 1183 In
515 1156 627 1185 Joannis
643 1158 801 1193 baptismate.
818 1159 891 1188 Dixit

103 1201 178 1224 autem
191 1197 289 1226 Paulus
298 1199 430 1228 :Joannes
449 1202 583 1237 baptizavit
598 1203 721 1239 baptismo
740 1206 891 1241 paenitentia

106 1242 164 1277 (Act.
178 1243 210 1271 t9
256 1244 335 1280 2-6);
357 1248 521 1281 paenitentiae
539 1256 594 1276 non
612 1250 786 1279 remissionis.
803 1252 890 1286 Quare

104 1296 160 1315 vero
171 1289 341 1324 baptizabat?
356 1291 458 1328 Populo
471 1294 571 1328 dicens,
592 1294 626 1322 In
638 1304 695 1323 eum
714 1297 756 1332 qui
771 1302 890 1325 venturus

103 1339 222 1369 essetpou
235 1336 338 1371 ipsum,
361 1342 388 1364 ut
407 1339 550 1374 crederent,
571 1341 618 1368 hoc
637 1346 691 1376 est,
705 1342 732 1370 in
752 1342 890 1371 Dominum

103 1379 190 1407 luunt.
213 1381 264 1409 His
281 1384 378 1411 auditis
397 1385 518 1420 baptizati
537 1393 596 1414 sunt
619 1388 646 1415 in
664 1390 765 1417 nomine
787 1389 890 1417 Domini

103 1425 169 1453 Iesu.
194 1427 226 1454 Et
247 1437 308 1456 cum
330 1431 490 1466 imposuisset
509 1433 562 1461 illis
577 1442 666 1462 manus
686 1435 786 1464 Paulus
798 1458 805 1469 ,
825 1439 890 1472 venit

105 1472 208 1507 Spiritu:
218 1481 324 1503 sanctus
333 1484 409 1511 super
421 1487 472 1504 eos.
486 1478 577 1514 Vides,
590 1485 619 1507 ut
630 1481 800 1516 imperfectus
812 1483 890 1512 fuerit

103 1518 202 1547 Joannis
215 1521 381 1556 baptismus?
396 1524 424 1551 Si
438 1525 509 1553 enim
523 1525 694 1561 imperfectus
713 1536 765 1556 nott
780 1529 871 1557 fuisset
881 1551 888 1563 ,

104 1571 151 1592 non
164 1573 209 1593 eos
222 1575 317 1595 rursus
337 1569 501 1604 baptizasset
518 1571 617 1600 Paulus
626 1594 634 1605 ,
650 1581 703 1601 non
717 1574 782 1609 ipsis
795 1583 891 1604 manus

104 1609 282 1645 imposuisset;
300 1613 356 1649 jam
380 1623 444 1643 vero
464 1623 525 1644 cum
547 1622 688 1654 utrumque
703 1619 773 1648 istud
788 1621 892 1655 praesti-

104 1656 172 1689 terit,
190 1659 331 1694 apostolici
345 1660 470 1696 baptismi
483 1663 668 1692 excellentiam
680 1686 687 1698 ,
711 1670 792 1701 atque
815 1666 890 1694 illum

104 1703 179 1731 multo
191 1703 347 1733 interiorem
362 1706 413 1735 hoc
427 1707 510 1737 fuisse
522 1709 675 1738 declaravit.
691 1710 790 1739 Verum
801 1719 835 1739 ex
849 1712 891 1740 his

103 1749 200 1783 quidem
211 1751 348 1786 quodnam
363 1753 398 1780 sit
420 1753 488 1781 inter
502 1753 651 1789 baptismos
665 1756 808 1785 discrimen
821 1757 890 1785 didi-

104 1797 189 1830 cimus,
202 1806 320 1834 quanam
335 1807 400 1828 vero
413 1801 447 1828 de
460 1809 539 1829 causa
552 1802 674 1831 Christus
688 1804 849 1839 baptizetur,
864 1809 892 1833 et

105 1851 210 1878 quonam
226 1845 378 1882 baptismo,
392 1847 519 1883 deinceps
530 1857 620 1884 operte
635 1851 748 1885 pretium
763 1855 805 1878 est
815 1851 890 1880 dica-

104 1897 164 1917 mus.
187 1890 278 1927 Neque
297 1892 408 1921 Judaico
431 1894 476 1921 illo
498 1895 597 1929 priori,
620 1904 706 1931 neque
725 1897 777 1924 hoc
798 1902 891 1925 nostro

104 1938 232 1970 posteriori
246 1947 253 1964 :
266 1947 320 1966 non
340 1940 410 1967 etiim
433 1941 592 1969 remissione
607 1948 776 1977 peccatorum
790 1944 891 1980 indige-

105 1981 207 2019 hat:qni
225 1985 299 2012 enim
315 1985 340 2012 id
355 1986 411 2013 ﬁeri
426 1992 532 2021 posset,
548 1996 608 2016 cum
624 1989 725 2016 nullum
739 1990 765 2017 in
780 1997 813 2018 eo
827 1999 890 2026 pec—

104 2034 181 2055 catum
201 2031 294 2058 esset?
316 2031 452 2059 Peccatum
467 2033 533 2060 enim
544 2055 551 2065 ,
568 2034 669 2070 inquit,
686 2044 736 2063 non
751 2036 810 2071 fecit
823 2057 830 2069 ,
846 2045 891 2063 nec

104 2075 209 2104 amatus
221 2082 257 2104 eu
271 2078 348 2105 dolus
362 2079 388 2105 in
402 2080 720 2116 areejus(I.Petr.2.22)
733 2091 739 2108 :
751 2087 778 2109 et
789 2090 889 2115 rursus,

105 2119 161 2153 Qui;
173 2130 203 2149 ea:
221 2123 292 2150 uobis
310 2129 399 2159 arguet
420 2133 461 2152 me
481 2125 513 2152 de
531 2131 632 2160 peccato
653 2125 759 2161 (Joanu.
782 2127 808 2155 8.
825 2127 891 2163 46)?

105 2165 187 2201 Neque
200 2169 317 2204 Spiritus
331 2177 428 2206 expers
441 2176 499 2199 erat
520 2172 565 2199 illa
588 2180 651 2200 caro
663 2182 669 2200 :
681 2174 726 2208 qui
747 2174 818 2200 enini
832 2181 892 2202 esse

106 2219 195 2246 posset,
207 2222 267 2249 qua:
277 2223 292 2242 a
302 2216 433 2251 principio
441 2216 527 2245 fuerat
537 2225 553 2245 a
564 2218 664 2253 Spiritu
677 2223 771 2247 sancto
781 2219 892 2247 cll‘ecta?

106 2259 130 2287 Si
141 2268 202 2296 ergo
215 2269 305 2298 neque
319 2262 434 2298 Spiritus
457 2265 541 2292 sancti
560 2272 656 2300 expers
677 2270 734 2293 erat
753 2266 797 2294 illa
812 2274 890 2299 caro,

106 2314 183 2342 neque
196 2307 312 2336 obnoxia
333 2310 449 2344 peccatis
458 2331 465 2342 ,
486 2318 537 2345 qua
551 2311 584 2338 dc
597 2319 675 2338 causa
689 2311 892 2347 baptizabatur?

107 2352 287 2382 Verumtamen
300 2355 375 2390 prius
385 2361 496 2384 necesse
508 2361 549 2383 est
562 2356 695 2384 discamus
709 2365 825 2392 quonam
840 2358 889 2385 ba-

107 2400 219 2433 ptismate
239 2402 275 2429 sit
291 2402 441 2436 baptizatus
452 2423 459 2434 ,
476 2407 585 2437 tumque
599 2403 669 2430 istud
682 2411 787 2438 quoque
805 2405 892 2431 mani-

107 2443 190 2473 festius
203 2447 307 2474 evadet.
324 2447 444 2481 Quonam
461 2448 540 2483 igitur
552 2453 594 2476 est
614 2449 780 2483 baptizatus?
801 2450 892 2485 Neque

107 2489 216 2526 Iudaico,
230 2500 318 2528 neque
331 2497 433 2525 nostro,
447 2494 493 2521 sed
508 2494 628 2521 Joannis.
641 2494 820 2528 Quamobrem
831 2499 843 2522 't
858 2496 893 2524 Ut

109 2544 138 2564 ex
158 2537 212 2573 ipsa
233 2539 401 2574 baptismatis
424 2545 518 2567 natura
542 2540 673 2576 intelligas
697 2549 759 2569 eum
784 2548 893 2577 propter

109 2587 206 2616 peccata
231 2592 284 2612 non
308 2584 388 2612 fuisse
412 2585 583 2620 baptizatum,
609 2593 697 2622 neque
722 2588 793 2622 quod
807 2589 892 2622 gratia

108 2628 212 2664 Spiritus
225 2629 356 2666 indigeret
367 2641 374 2658 :
384 2639 444 2658 nam
462 2633 601 2667 utriusque
614 2632 710 2660 horum
725 2641 820 2668 expers
833 2639 893 2662 erat

110 2674 154 2703 hoc
162 2676 299 2712 baptisma.
310 2681 339 2704 ut
348 2677 402 2712 jam
412 2685 428 2705 a
438 2677 515 2706 nobis
524 2678 735 2706 demonstratum
746 2684 796 2707 est.
807 2680 893 2715 Atque

138 2775 144 2790 '
161 2776 194 2808 sic
202 2779 254 2801 Mss.
265 2781 291 2801 et
297 2776 368 2801 savil.
378 2775 459 2801 Morel.
469 2782 528 2801 vero
539 2776 613 2808 addit,
622 2776 648 2802 in
659 2777 829 2808 penitentiam.
837 2781 890 2803 Mox

112 2811 159 2860 Est
170 2807 221 2840 _h:cc
237 2809 320 2836 verba,
330 2807 355 2843 in
365 2807 455 2842 spiritu
465 2810 547 2843 sancto
561 2811 584 2832 et
594 2807 644 2843 igni
653 2807 663 2837 ί
672 2811 726 2833 Mss.
738 2809 893 2845 addunt,_sci-

138 2840 160 2860 et
167 2843 214 2860 mae
223 2845 269 2860 non
276 2837 410 2860 baptizabat
418 2839 550 2860 mSmruu.
559 2839 622 2860 ()md
632 2842 668 2860 est
677 2841 756 2860 autem
767 2846 793 2860 ιιι
802 2843 892 2860 ςηιηίιι

111 2837 214 2894 ⁸6523)ῗῇ
223 2837 410 2901 ὁξριὶιαδαι
418 2837 550 2870 inSpiritu.
559 2837 622 2868 Quid
632 2842 668 2864 est
677 2841 756 2864 autem
767 2839 793 2865 in
801 2839 892 2869 spiritu

273 2975 408 3005 ΡΑτιιοι.
429 2974 488 3006 Gn.
512 2953 622 3007 XLIX:

1680 203 1734 231 568

945 254 976 273 ex
993 248 1033 275 his
1046 250 1152 283 quidem
1167 252 1249 288 liquet
1272 263 1332 282 eum
1355 265 1442 292 neque
1456 259 1488 286 ad
1509 266 1678 295 peccatorum
1693 272 1735 291 re-

944 293 1116 339 missionem,
1141 305 1228 332 neque
1241 299 1274 327 ad
1289 300 1404 336 Spiritus
1423 293 1588 339 largitionem
1610 307 1733 337 obtinen-

942 338 1003 366 dam
1019 340 1052 367 ad
1071 341 1214 371 Jordanem
1229 347 1333 374 venisse
1346 356 1353 375 :
1365 356 1398 376 ne
1409 338 1478 384 yero
1491 352 1620 386 quispiam
1634 361 1667 381 ex
1681 355 1713 382 iis
1730 376 1736 386 .

943 385 988 419 qui
1003 390 1065 414 tunc
1078 388 1189 417 aderant
1201 411 1208 423 ,
1223 391 1390 421 existimaret
1404 402 1464 422 eum
1480 385 1642 430 paenitentia:
1656 407 1735 427 causa

942 431 1011 458 sicut
1020 437 1132 461 czcteros
1141 435 1294 469 adventare,
1304 439 1365 466 audi
1375 444 1402 467 et
1413 440 1463 468 ltoc
1470 450 1523 476 quo
1532 449 1610 477 pacto
1619 444 1736 473 Joannes

942 483 1005 506 ante
1020 482 1166 509 correxerit
1177 491 1182 509 :
1193 484 1237 518 qui
1248 485 1317 511 enim
1330 486 1389 513 aliis
1399 487 1513 520 dicebat,
1523 488 1613 516 Facile
1625 492 1736 526 fructum

943 522 1047 558 dignum
1060 528 1214 561 paenitentia:
1225 529 1329 564 (Matth.
1342 532 1368 560 5.
1378 533 1416 568 8),
1428 533 1488 560 audi
1503 535 1565 569 quid
1576 522 1636 563 huic
1649 536 1718 564 dicat
1729 547 1736 565 :

943 569 999 621 figo
1009 580 1025 598 a
1039 577 1064 599 te
1075 574 1150 602 debeo
1165 577 1297 611 baptizari,
1314 585 1338 606 et
1352 585 1378 606 tu
1391 582 1458 608 uenis
1475 582 1509 609 ad
1524 591 1563 610 me
1576 583 1656 619 (Ibid.
1674 585 1736 621 M)?

944 617 1000 645 iloc
1021 626 1085 646 vero
1105 620 1210 649 dicebat
1231 624 1369 653 declarans
1393 634 1455 654 eutn
1479 636 1532 655 tton
1559 617 1594 657 ob
1616 617 1736 658 eamdem

942 668 1107 700 egestatem,
1133 668 1167 695 ob
1191 677 1270 703 quam
1294 671 1405 706 vulgus,
1433 674 1553 707 venisse,
1583 680 1737 711 tantumque

941 710 1046 743 abesse,
1059 716 1088 738 ut
1099 712 1197 741 idcirco
1208 714 1362 750 baptizctur,
1375 723 1404 745 ut
1412 719 1453 746 vel
1463 719 1522 754 ipso
1532 721 1611 748 etiam
1619 710 1737 756 Baptista

943 757 977 782 sit
992 756 1068 791 longe
1081 759 1176 793 major,
1189 765 1217 787 et
1226 761 1284 789 sine
1294 764 1494 797 comparatione
1508 766 1642 794 mundior.
1652 768 1736 801 Quam

943 805 1022 840 igitur
1036 806 1070 834 ob
1082 814 1190 834 causam
1213 808 1397 843 baptizabatur
1408 831 1415 844 ,
1435 811 1458 838 si
1471 819 1557 846 neque
1574 813 1737 847 poenitentia:

942 857 1033 885 causa,
1050 860 1138 887 neque
1150 853 1184 881 ob
1199 854 1383 882 remissionem
1400 862 1570 890 peccatorum
1581 878 1588 890 ,
1604 866 1691 894 neque
1703 860 1736 886 ad

942 897 1057 932 Spiritus
1067 899 1171 934 copiam
1184 900 1355 928 obtinendam
1369 902 1394 930 id
1408 903 1519 938 agebat?
1531 904 1601 931 Duas
1612 905 1736 932 nimirunt

942 943 1008 970 alias
1021 944 1055 971 ob
1069 951 1175 978 causas,
1192 953 1270 973 unam
1283 947 1401 981 quidem,
1414 956 1492 983 quam
1505 949 1571 977 dixit
1581 950 1736 985 discipulus,

943 990 1055 1017 alteram
1070 998 1135 1018 vero
1147 999 1225 1026 quant
1241 992 1298 1026 ipse
1312 993 1408 1020 Joanni
1433 994 1568 1022 indicavit.
1589 996 1736 1029 Quamnam

942 1041 1006 1070 ergo
1026 1043 1132 1062 causam
1152 1044 1213 1064 esse
1230 1037 1353 1072 baptismi
1373 1039 1452 1073 hujus
1470 1040 1537 1068 dixit
1553 1040 1688 1069 Joannes?
1703 1042 1736 1070 Ut

942 1081 1123 1110 innotesceret
1148 1083 1242 1118 vulgo,
1266 1085 1336 1112 sicut
1358 1090 1385 1113 et
1409 1086 1506 1114 Paulus
1532 1087 1648 1121 dicebat,
1676 1089 1735 1124 quia

941 1126 1054 1154 Joannes
1073 1127 1208 1163 baptizavit
1228 1128 1352 1165 baptismo
1366 1132 1533 1166 ρωιιὶιεηέίιε,
1556 1133 1583 1160 in
1605 1141 1678 1167 eum,
1694 1135 1737 1166 qui

942 1178 1060 1201 venturus
1073 1180 1135 1202 me;
1143 1173 1308 1208 postipsum.
1319 1175 1489 1203 utcrederent
1498 1177 1568 1212 (Act.
1578 1180 1620 1207 {9.
1633 1179 1672 1215 ι);
1685 1180 1736 1207 hoc

942 1224 1000 1247 erat
1013 1219 1179 1254 baptismatis
1193 1221 1264 1249 illius
1275 1221 1400 1250 ofﬁcium.
1418 1222 1523 1251 Etenim
1536 1225 1558 1251 si
1570 1225 1735 1259 singulorum

941 1265 1013 1293 uides
1026 1266 1188 1299 circumiret,
1201 1271 1228 1294 et
1239 1267 1272 1295 ad
1285 1267 1356 1296 fores
1367 1268 1497 1296 accedens
1510 1268 1582 1297 foras
1594 1270 1735 1303 excitaret,

941 1311 1096 1346 diceretque
1109 1312 1245 1340 Christum
1260 1317 1354 1342 tenens
1364 1335 1372 1348 ,
1393 1314 1442 1342 Hic
1453 1319 1494 1342 est
1517 1314 1598 1342 Filius
1618 1316 1679 1348 Dei,
1693 1325 1737 1343 su-

941 1363 1062 1394 spectum
1075 1359 1126 1387 ltoc
1138 1359 1262 1387 redderet
1273 1360 1463 1393 testimonium,
1472 1365 1645 1396 etoperosutn
1660 1363 1737 1389 valde

941 1404 1028 1438 foret;
1044 1405 1086 1432 sin
1107 1410 1196 1433 autem
1217 1412 1250 1433 eo
1272 1412 1363 1433 secum
1386 1411 1524 1441 assumpto
1537 1407 1563 1434 in
1576 1415 1736 1443 synagugmn

943 1449 1130 1486 ingrederetur
1141 1471 1149 1484 ,
1166 1457 1281 1486 eumque
1295 1450 1441 1484 indicaret,
1467 1451 1518 1479 hoc
1531 1459 1638 1487 quoque
1650 1453 1736 1487 ipsum

941 1497 1067 1524 redderet
1080 1496 1260 1524 testimonium
1280 1501 1432 1532 suspectum
1446 1498 1532 1532 :quod
1554 1506 1618 1525 vero
1632 1499 1736 1532 populis

942 1541 1067 1570 omnibus
1081 1549 1114 1569 ex
1127 1541 1237 1569 urbibus
1254 1542 1365 1577 singulis
1386 1542 1419 1569 ad
1433 1543 1576 1571 Jordanem
1590 1543 1695 1577 cﬂ'usis,
1710 1549 1738 1572 et

942 1587 1012 1614 circa
1029 1586 1145 1614 ﬂuminis
1167 1587 1239 1622 ripas
1252 1587 1430 1620 versantibus,
1447 1596 1507 1615 cum
1528 1592 1555 1615 et
1570 1588 1626 1623 ipse
1647 1593 1676 1616 ut
1687 1589 1737 1616 ba-

942 1634 1088 1668 ptizaretur
1101 1633 1234 1667 venisset,
1254 1633 1289 1660 ab
1312 1633 1401 1661 audita
1416 1633 1450 1661 de
1463 1634 1530 1661 caelo
1545 1639 1653 1670 paterna
1670 1643 1737 1663 vocc

941 1681 1021 1708 tuerit
1031 1679 1243 1712 commendatus,
1257 1683 1285 1707 et
1298 1679 1334 1707 illi
1347 1679 1373 1707 in
1382 1680 1471 1716 specie
1480 1680 1610 1707 columbae
1625 1680 1738 1709 descent-

943 1726 1011 1754 dens
1026 1725 1142 1760 Spiritus
1155 1729 1265 1753 sanctus
1279 1725 1416 1759 insederit,
1433 1725 1460 1753 id
1473 1727 1654 1754 testimonium
1667 1727 1737 1761 quod

942 1772 980 1800 illi
995 1772 1111 1800 Joannes
1122 1771 1244 1804 dicebat,
1263 1773 1336 1799 omni
1349 1772 1500 1807 suspicione
1521 1773 1657 1800 liberabat.
1674 1773 1739 1800 Prov

943 1824 1045 1854 pterea,
1062 1818 1096 1846 Et
1109 1827 1166 1854 ego,
1182 1819 1276 1854 inquit,
1292 1819 1433 1846 nesciebam
1443 1827 1499 1846 eum
1513 1818 1620 1854 (Ioann.
1636 1821 1660 1847 t.
1673 1820 1736 1853 31):

944 1871 999 1893 tum
1021 1865 1074 1893 ﬁde
1095 1865 1204 1901 dignum
1224 1872 1284 1893 esse
1306 1865 1487 1893 testimonium
1510 1873 1586 1892 suum
1610 1865 1738 1892 ostendit.

943 1911 1009 1940 Nam
1025 1913 1150 1947 quoniam
1163 1912 1268 1946 cognati
1287 1916 1364 1939 erant
1387 1912 1457 1939 inter
1470 1919 1499 1940 se
1518 1913 1663 1940 secundum
1681 1920 1740 1940 car-

943 1966 1021 1990 nem;
1039 1957 1104 1985 Ecce
1113 1959 1190 1992 enim,
1205 1957 1305 1994 inquit,
1321 1958 1435 1985 Elizabet
1452 1963 1558 1994 cognata
1579 1964 1622 1985 tua
1640 1964 1663 1985 et
1683 1960 1739 1993 ipsa

944 2005 1059 2040 concepit
1069 2004 1151 2039 ﬁlium
1164 2004 1240 2040 (Luc.
1256 2005 1281 2032 t.
1304 2004 1361 2039 36),
1378 2005 1463 2040 inquit
1480 2005 1590 2040 angelus
1604 2005 1693 2032 Maria:
1705 2005 1739 2032 de

943 2050 1054 2078 Joannis
1068 2055 1153 2078 matre
1165 2059 1171 2077 :
1184 2050 1290 2085 quando
1302 2054 1391 2077 autem
1404 2055 1524 2085 cognatae
1538 2055 1638 2077 matres
1648 2055 1736 2083 erant,

944 2097 1026 2132 liquet
1049 2102 1076 2124 et
1098 2097 1222 2131 parvulos
1245 2100 1374 2131 cognatos
1394 2095 1476 2123 fuisse
1491 2105 1497 2121 :
1512 2096 1635 2130 quoniam
1659 2095 1740 2130 igitur

945 2143 1051 2178 cognati
1064 2147 1156 2176 erant,
1176 2149 1210 2169 ne
1228 2141 1394 2176 cognationis
1406 2141 1489 2176 gratia
1503 2141 1684 2168 testimonium
1696 2141 1740 2168 di-

944 2197 1006 2217 cere
1020 2189 1128 2217 Christo
1142 2188 1293 2221 videretur,
1309 2189 1344 2215 ita
1359 2187 1490 2223 disposuit
1510 2187 1624 2222 Spiritus
1636 2187 1737 2222 gratia,

945 2240 973 2262 ut
993 2236 1108 2270 priorem
1132 2240 1237 2261 :etatem
1261 2233 1379 2261 Joannes
1399 2238 1487 2268 ageret
1511 2233 1538 2260 in
1560 2232 1684 2264 deserto,
1706 2239 1740 2259 ne

944 2281 1067 2308 amicitite
1080 2287 1159 2307 causa
1174 2284 1220 2306 aut
1234 2288 1267 2307 ex
1280 2280 1429 2315 composito
1445 2279 1526 2306 talive
1541 2279 1655 2313 quodam
1671 2279 1737 2305 arti-

945 2327 1005 2354 licio
1018 2326 1150 2360 perhiberi
1167 2325 1347 2352 testimonium
1363 2324 1497 2351 videretur
1507 2345 1515 2356 ,
1540 2324 1587 2351 sed
1603 2329 1738 2358 tamquam

944 2381 958 2399 a
974 2373 1029 2400 Deo
1041 2371 1193 2399 admonitus
1208 2379 1270 2399 eum
1285 2372 1459 2398 renuntiaret.
1474 2369 1670 2405 Propterca,Et
1684 2378 1737 2404 ego,

945 2419 1038 2455 inquit,
1055 2418 1194 2446 nesciebam
1204 2426 1271 2445 eum.
1287 2416 1364 2444 Unde
1377 2417 1456 2451 igitur
1467 2416 1600 2444 didicisti?
1614 2416 1663 2448 Qui
1673 2416 1741 2442 misit

944 2473 984 2492 me
996 2464 1123 2500 baptizare
1135 2465 1163 2491 in
1175 2472 1250 2498 aqua,
1271 2463 1316 2490 ille
1333 2463 1395 2490 mihi
1414 2462 1487 2489 dixit.
1510 2462 1577 2495 Quid
1592 2462 1637 2489 tibi
1650 2462 1717 2489 dixit
1728 2462 1739 2488 ’ἓ

946 2511 1032 2546 Super
1045 2518 1118 2543 quem
1137 2510 1228 2537 videris
1249 2509 1374 2544 Spiritum
1394 2508 1583 2535 descendentem
1605 2509 1676 2542 quasi
1695 2516 1740 2534 co-

945 2557 1067 2589 lumbum,
1083 2561 1106 2583 et
1125 2561 1267 2582 manentem
1285 2563 1360 2589 super
1373 2563 1429 2581 cum
1441 2575 1448 2586 ,
1469 2555 1510 2581 hic
1523 2559 1559 2581 est
1572 2555 1614 2590 qui
1627 2553 1739 2588 baptizat

944 2603 972 2629 in
982 2602 1082 2637 Spiritu
1097 2606 1184 2628 sancto
1199 2600 1305 2636 (Joann.
1319 2601 1345 2628 1.
1357 2601 1415 2635 55).
1429 2600 1510 2628 Vides
1523 2600 1622 2628 idcirco
1635 2600 1740 2626 venisse

945 2648 1073 2682 Spiritum
1087 2651 1218 2679 sanctum.
1234 2654 1286 2673 non
1301 2647 1376 2681 quasi
1393 2651 1447 2673 tum
1463 2647 1576 2680 primunt
1589 2645 1738 2678 adveniret,

945 2695 992 2722 sed
1007 2698 1033 2721 ut
1047 2701 1108 2721 eum
1120 2715 1128 2726 ,
1145 2693 1188 2728 qui
1202 2692 1397 2727 prmdicabatur
1408 2713 1415 2725 ,
1431 2692 1518 2719 volatu
1534 2692 1591 2726 ipso
1606 2691 1680 2725 quasi
1696 2691 1739 2717 di-

945 2742 999 2776 gito
1014 2745 1193 2770 monstraret.
1214 2739 1391 2773 omnibusque
1413 2744 1504 2765 notum
1528 2737 1673 2765 redderet?
1686 2737 1740 2764 llac

945 2788 1025 2823 igitur
1038 2787 1072 2815 de
1086 2793 1166 2814 causa
1182 2785 1214 2813 ad
1235 2785 1394 2821 baptismum
1415 2786 1496 2812 venit.
1524 2785 1559 2812 Et
1575 2791 1640 2811 vero
1658 2784 1738 2812 aliam

945 2834 980 2860 ob
991 2840 1099 2860 causam
1120 2839 1198 2867 quam
1215 2831 1271 2866 ipse
1289 2831 1371 2858 dicit:
1384 2838 1504 2866 qumnam
1526 2831 1571 2858 illa
1587 2838 1667 2865 porro
1681 2830 1740 2858 est?

945 2879 1010 2907 Cum
1024 2879 1135 2906 dixisset
1147 2878 1264 2906 Joannes
1275 2898 1283 2910 .
1302 2878 1357 2914 Ego
1369 2877 1445 2905 debeo
1457 2886 1472 2904 a
1485 2882 1509 2905 te
1520 2877 1643 2912 baptizari
1654 2897 1662 2909 ,
1677 2881 1701 2904 et
1712 2882 1739 2904 tu

947 2928 1013 2954 venis
1030 2926 1063 2953 an
1081 2934 1136 2960 me,
1157 2925 1294 2961 respondit
1315 2925 1371 2961 ipse
1391 2923 1575 2952 diccns:Sine
1593 2924 1685 2955 modo;
1701 2923 1737 2950 sic
