1978 3131
134 195 181 224 ιω

133 260 194 286 νην.
219 249 293 282 Εἶδες
319 251 525 288 εὐγνωμοσύνην
544 252 664 285 οἱκέτου;
689 251 756 286 εἶδες
784 263 910 281 ταπεινο-

132 293 262 329 φροσύνην
289 294 442 327 Δεσπότου;
467 294 500 321 Τί
523 295 588 321 ποτέ
614 296 673 322 ἑστι
697 297 739 328 τὸ,
767 297 911 332 Πληρῶσαι

132 337 215 363 πᾶσαν
227 335 417 372 δικαιοσύνην;
433 337 595 372 Δικαιοσύνη
607 337 716 371 λέγεται
729 338 782 365 τῶν
797 338 912 366 ἐντολῶν

130 376 219 403 πασῶν
237 378 253 412 ἡ
271 377 429 413 πλήρωσις’
446 377 544 414 ὥσπερ
561 378 626 406 ὅταν
644 379 729 416 λέγῃ·
743 377 841 406 τΙΞΙσαν
855 380 911 415 ἀμ-

128 418 240 452 φότεροι
266 417 377 446 δίκαιοι
400 420 594 454 πορευόμενοι
622 421 657 447 ἐν
683 420 749 454 ταῖς
774 421 911 454 ἐντολαῖς

128 458 178 485 τοῦ
189 459 299 493 Κυρίου
311 460 465 495 ἄμεμπτοι.
483 461 561 488 Ἐπεὶ
573 459 620 488 οὖν
633 461 686 488 ἔδει
702 462 846 498 πληρῶσαι
860 462 910 498 τὴν

127 500 292 536 δικαιοσύνην
306 502 409 537 ταύτην
426 502 488 534 τοὺς
503 503 662 539 ἀνθρώπους
676 503 808 536 ἅπαντας,
823 504 910 536 οὐδεὶς

126 542 152 568 δὲ
162 542 244 578 αὐτὴν
255 543 409 579 ἀπήρτισεν
420 544 478 570 οὐδὲ
489 544 658 580 ἐπλήρωσεν,
671 545 755 574 ἐλθὼν
767 547 781 572 6
792 547 909 583 Χριστὸς

126 584 219 619 πληροῖ
234 585 285 620 τὴν
297 585 470 621 δικαιοσύνην
485 585 600 621 ταύτην.

159 627 188 653 δ’.
197 626 251 653 Καὶ
262 626 330 653 ποία
337 626 503 663 δικαιοσύνη,
526 629 602 663 φησὶ.
612 628 642 655 τὺ
660 629 856 665 βαπτισθῆναι;
871 630 908 657 Τὸ

124 666 159 700 τῷ
180 668 308 703 προφήτῃ
332 668 473 703 πεισθῆναι
488 669 644 705 δικαιοσύνη
667 668 711 706 ἦν.
732 671 837 707 ’Ὠσπερ
860 670 907 699 οῦν

125 706 194 743 [375]
212 709 417 745 περιετέμνετο,
432 711 478 737 καὶ
495 711 591 738 θυσίαν
614 713 758 748 ἀνήνεγκε,
774 706 827 740 καί
840 713 907 740 σάϐ-

124 749 187 776 ϐατα
211 751 342 786 ἐτήρησε,
366 751 413 778 καὶ
438 753 533 787 ἑορτὰς
560 753 719 789 ἐπλήρωσεν
742 754 906 788 Ἱουδαῑκὰς,

123 790 187 816 οὕτω
202 792 249 817 καὶ
272 792 354 819 τοῦτο
374 793 405 819 τὺ
431 793 591 828 λειπόμενον
613 795 777 831 προσέθηκε,
797 796 829 822 τὸ
846 805 906 823 πει-

123 832 208 873 σθῆναι
227 835 358 870 προφήτῃ
375 833 541 870 βαπτίζοντι.
556 836 617 862 Ὅτι
629 836 684 872 γὰρ
697 837 763 864 Θεοῦ
782 837 906 873 βούλημα

121 871 151 908 ἦν
164 874 193 900 τὺ
208 874 389 909 βατπίζεσθαι
405 876 509 908 πάντας
528 877 600 907 τότε,
615 871 731 905 ἄκουσον
751 871 876 915 τῖ’φησίν
891 881 905 907 6

127 915 259 951 Ἰωάννης·
278 916 306 943 Ὀ
326 917 447 951 πέμψας
461 918 664 952 μεβαπτίζειν
679 919 715 946 ἐν
734 920 834 946 ὕδατι”
857 921 904 948 καὶ

121 957 194 984 πάλιν
206 959 220 984 6
233 958 365 993 Χριστὸς,
382 961 414 986 οἱ
426 959 553 986 τελῶναι
572 960 621 987 καί
637 962 653 987 ὁ
671 960 762 995 ὄχλος
776 961 907 988 ἐδικαίω-
921 993 926 999 ,

120 1007 175 1026 σαν
192 1001 245 1027 τόν
258 1001 346 1033 Θεὸν,
355 1001 576 1035 βαπτισθέντες
590 1001 624 1029 τὸ
636 1002 795 1036 ,βάπτισμα
813 1002 906 1030 Ἰωάν-

119 1050 170 1068 νου
179 1050 186 1057 ·
201 1043 228 1068 οἱ
242 1041 277 1068 δὲ
294 1042 450 1077 Φαρισαῖοι
463 1043 512 1069 καὶ
524 1044 551 1069 οἱ
563 1043 740 1078 γραμματεῖς
753 1043 905 1078 ἠθέτησαν

119 1083 170 1116 τὴν
186 1083 312 1117 βουλὴν
331 1084 384 1111 τοῦ
405 1083 479 1111 Θεοῦ
490 1083 533 1118 μὴ
552 1084 772 1118 βαπτισθέντες
786 1085 836 1112 ὐπ’
851 1087 904 1112 αὺ-

119 1124 176 1152 τοῦ.
191 1125 222 1151 Εί
237 1125 331 1152 τοίνυν
344 1125 375 1152 τὸ
394 1125 433 1160 τῷ
449 1125 508 1161 Θεῷ
531 1126 672 1152 πείθεσθαι
695 1126 866 1162 δικαιοσύνη,
889 1128 904 1154 6

118 1166 143 1193 δὲ
163 1166 227 1199 Θεὸς
250 1167 362 1202 ἔπεμψε
387 1167 431 1194 τὸν
448 1167 585 1203 Ἰωάννην,
609 1167 680 1194 ὥστε
705 1167 833 1203 βαπτίσαι
857 1168 903 1196 τὸν

118 1207 184 1239 λαὸν,
205 1208 276 1244 μετὰ
299 1208 356 1235 τῶν
374 1208 461 1235 ἀλλων
488 1209 615 1236 ἁπάντων
637 1208 692 1236 τῶν
716 1209 835 1245 νομικῶν
856 1211 902 1237 καὶ

116 1249 189 1276 τοῦτο
200 1250 362 1286 ἐπλήρωσεν
375 1251 389 1277 6
403 1251 530 1286 Χριστός.
547 1249 663 1276 ’Υπόθου
676 1250 765 1278 τοίνυν
779 1251 902 1279 διακόσιοι

116 1291 224 1326 δηνάρια
236 1291 286 1318 τοῦ
301 1291 386 1327 νόμου
400 1291 449 1323 τὰς
464 1291 572 1323 ἐντολὰς
584 1289 654 1318 εἶναι
664 1299 671 1305 ⁸
687 1291 765 1318 τοῦτο
779 1293 809 1319 τὸ
823 1293 902 1328 χρέος

116 1333 165 1359 ἔδει
179 1333 210 1359 τὸ
232 1333 315 1368 γένος
334 1333 366 1360 τὸ
382 1333 514 1369 ἡμέτερον
539 1332 715 1360 καταϐαλεῖν·
731 1334 761 1360 οὐ
785 1335 903 1362 κατεϐά-

116 1374 206 1409 λομεν·
227 1377 356 1410 κατεῖχεν
378 1375 452 1409 ἡμᾶς
464 1375 478 1401 6
497 1374 611 1406 θάνατος
638 1374 806 1407 ὑπευθύνους
821 1375 902 1408 ὄντας

115 1418 166 1448 τοῖς
180 1417 337 1452 ἐγκλήμασι
350 1416 463 1448 τούτοις.
482 1415 581 1443 Ἐλθὼν
593 1417 606 1442 6
620 1415 736 1452 Χριστὸς
750 1417 797 1443 καὶ
813 1417 901 1453 εὑρὼν

116 1459 183 1493 ἡμᾶς
208 1458 423 1494 κατεχομένους,
445 1457 579 1485 κατέϐαλε
593 1458 624 1484 τὸ
645 1458 734 1494 χρέος.
757 1459 900 1495 ἐπλήρωσε

114 1502 142 1528 τὸ
155 1501 274 1537 δφλημα,
292 1501 432 1536 ἐξήρπασε
448 1501 512 1531 τοὺς
538 1500 588 1527 οὐκ
607 1499 717 1535 ἔχοντας
735 1500 835 1528 δοῦναι.
851 1502 901 1528 Διὰ

115 1543 187 1569 τοῦτο
202 1544 252 1570 οὐκ
268 1540 344 1574 εἷπε,
365 1541 470 1577 Πρέπον
487 1541 561 1568 ἐστὶν
583 1542 648 1577 ἡμῖν
666 1542 778 1577 ποιῆσαι
802 1542 832 1568 τὸ
853 1543 900 1569 καὶ

114 1585 151 1616 τὺ,
172 1584 255 1617 ἀλλὰ,
280 1583 444 1617 Πληρῶσαι
471 1582 574 1610 πᾶσαν
597 1583 804 1618 δικαιοσύνην.
824 1585 901 1620 Ἐμοὶ

114 1627 149 1661 τῷ
165 1626 289 1662 Δεσπότῃ
314 1625 419 1661 πρέπον
436 1625 504 1658 ἐστὶ,
529 1625 604 1660 φησὶ,
621 1625 660 1660 τῷ
683 1625 790 1660 ἔχοντι,
813 1635 899 1652 κατα-

115 1668 199 1695 ϐαλεῖν
218 1668 292 1703 ὑπὲρ
314 1667 368 1693 τῶν
392 1667 444 1693 οὐκ
469 1667 594 1701 ἐχόντων.
619 1666 692 1702 Αὕτη
717 1667 733 1702 ἡ
756 1667 830 1694 αἰτία
852 1668 900 1695 τοῦ

116 1710 312 1745 βαπτίσματος.
326 1709 369 1736 ἵνα
390 1708 454 1744 δόξῃ
467 1708 511 1735 τὸν
532 1708 613 1744 νόμον
635 1707 744 1735 ἃπαντα
769 1708 899 1744 πληροῦν,

115 1752 156 1778 καὶ
169 1752 255 1787 αῦτη,
276 1752 327 1778 καὶ
350 1752 367 1786 ἡ
383 1750 436 1785 πρὸ
451 1750 554 1785 ταύτης
570 1749 710 1785 εἰρημένη.
735 1749 780 1776 Διὸ
805 1751 853 1777 καὶ
870 1752 901 1778 τὺ

115 1795 220 1830 Πνεῦμα
237 1796 267 1821 ἐν
283 1793 351 1820 εἴδει
365 1793 528 1828 περιστερᾶς
545 1791 680 1819 κάτεισιν·
699 1792 765 1818 ὅπου
780 1792 834 1828 γὰρ
851 1801 899 1819 κα-

114 1837 229 1872 ταλλαγὴ
241 1835 325 1867 Θεοῦ,
341 1834 500 1870 περιστερά,
517 1834 572 1861 Καὶ
593 1833 647 1868 γὰρ
667 1834 714 1860 καὶ
735 1834 781 1859 ἐπὶ
795 1833 844 1868 τῆς
859 1843 900 1860 κι-

115 1878 195 1905 ϐωτοῦ
208 1879 259 1914 τῆς
278 1877 327 1904 ἐπὶ
345 1876 406 1903 Νῶε
422 1875 544 1911 φέρουσα
560 1874 656 1902 κλάδον
673 1874 766 1906 ἐλαίας
785 1873 866 1910 ἦλθεν
882 1877 898 1910 ή

114 1920 268 1955 περιστερὰ,
297 1918 430 1954 σύμϐολον
451 1917 501 1950 τῆς
523 1916 571 1942 τοῦ
587 1916 654 1943 Θεοῦ
678 1916 897 1951 φιλανθρωπίας,

114 1963 158 1989 καὶ
175 1962 224 1997 τῆς
244 1961 296 1988 τοῦ
313 1960 446 1996 χειμῶνος
467 1959 645 1994 ἀπαλλαγῆς·
666 1958 713 1984 καὶ
728 1958 774 1985 νῦν
790 1959 817 1984 ἐν
835 1958 899 1985 εἴδει

114 2005 288 2040 περιστερᾶς,
302 2004 352 2030 οὐκ
366 2004 395 2029 ἐν
412 2002 518 2037 σώματι
532 2001 583 2035 (δεῖ
599 2001 653 2036 γὰρ
672 2000 800 2035 ἀσφαλῶς
814 2000 899 2027 ταῦτα

114 2046 242 2081 εἰδέναι),
267 2045 301 2072 τὺ
321 2043 433 2080 Πνεῦμα
455 2043 576 2079 ἔρχεται,
597 2042 643 2069 τὸν
662 2041 736 2069 ἔλεον
758 2042 805 2068 τοῦ
831 2042 898 2069 Θεοῦ

114 2088 295 2122 καταγγέλλον
311 2085 353 2122 τῇ’
369 2085 527 2121 οἰκουμένῃ,
541 2085 600 2120 ἅμα
621 2084 650 2110 δὲ
672 2084 719 2110 καὶ
737 2083 841 2119 δηλοῦν,
857 2084 898 2110 ὅτι

113 2131 155 2166 τὸν
181 2129 370 2166 πνευματικὸν
401 2129 485 2164 ἀνδρα
502 2126 639 2163 ἀπόνηρόν
665 2134 726 2153 τινα
752 2124 819 2153 εἶναι
845 2127 898 2163 χρὴ

114 2164 157 2200 καὶ
184 2164 290 2200 ἁπλοῦν
317 2171 364 2198 καὶ
390 2171 509 2197 ἄκακονσ
533 2168 660 2204 καθάπερ
682 2168 731 2195 καὶ
752 2168 766 2194 6
782 2168 898 2204 Χριστός

113 2224 203 2251 φησιν·
228 2214 302 2241 Ἐὰν
320 2213 364 2248 μὴ
390 2211 543 2247 στραφῆτε
570 2211 619 2238 καὶ
642 2210 771 2246 γένησθε
798 2210 839 2242 ὡς
863 2211 899 2237 τὰ

114 2257 221 2290 παιδία,
234 2257 272 2284 οὐ
285 2254 330 2290 μὴ
349 2253 504 2288 εἰσέλθητε
524 2254 568 2286 εις
583 2252 642 2286 τὴν
653 2252 820 2284 ,βασιλείαν
839 2251 899 2277 τῶν

114 2298 253 2333 οὐρανῶν.
277 2296 385 2331 Ἐκείνη
409 2294 458 2330 μὲν
472 2293 518 2321 οὖν
536 2295 553 2329 ἡ
567 2293 693 2326 κιϐωτὸς,
705 2293 751 2319 τοῦ
766 2292 898 2328 χειμῶνος

113 2341 244 2372 λυθέντος,
261 2339 369 2374 ἔμεινεν
389 2337 435 2364 ἐπὶ
451 2336 501 2371 τῆς
521 2336 572 2371 γῆς
582 2343 589 2351 ·
606 2335 676 2370 αὕτη
690 2335 718 2361 δὲ
772 2334 897 2367 κιϐωτὸς,

113 2383 158 2418 τῆς
169 2383 254 2418 ὀργῆς
278 2380 416 2414 λυθείσης,
429 2380 469 2410 εἰς
483 2378 528 2405 τὸν
542 2377 656 2413 οὐρανὸν
682 2376 830 2412 ἡρπάζετο,
851 2377 898 2403 καὶ

115 2424 157 2451 νῦν
171 2425 245 2451 ἐστιν
263 2424 293 2450 ὲν
306 2422 381 2458 δεξιᾷ
394 2421 441 2448 τοῦ
455 2419 562 2456 Πατρδς
576 2419 606 2445 τὺ
620 2418 735 2454 ἄμωμον
749 2419 837 2445 ἐκεῖνο
853 2418 898 2444 καὶ

115 2466 246 2501 ἀκήρατον
264 2464 304 2491 σῶ
308 2472 356 2499 μα.

152 2512 218 2538 Ἀλλ’
240 2510 336 2544 ἐπειδὴ
360 2508 405 2535 τοῦ
426 2508 550 2542 σώματος
572 2505 710 2541 ἐμνήσθην
723 2505 897 2538 Δεσποτικοῦ,

116 2558 257 2592 ἀναγκαῖον
282 2555 351 2591 πρὸς
384 2554 455 2590 ὑμᾶς
488 2552 574 2589 μικρὰ
601 2551 665 2587 περὶ
688 2551 784 2578 τούτου
811 2551 899 2578 διαλε-

117 2605 223 2639 χθέντας
239 2601 414 2630 καταπαῦσαι
424 2600 469 2627 τὸν
487 2599 576 2634 λόγον.
590 2597 657 2626 οἴδα
670 2598 711 2625 ὅτι
724 2598 818 2625 πολλοὶ
833 2599 898 2634 παρ’

117 2651 177 2686 ἡμῖν
186 2651 230 2677 διὰ
242 2649 314 2685 ατὴν
333 2648 382 2683 τῆς
400 2647 496 2683 ἑορτῆς
515 2645 658 2681 συνήθειαν
677 2645 710 2680 τῇ
732 2644 792 2681 ἱερᾷ
813 2644 898 2680 ταύτῃ

117 2694 349 2731 προσδραμοῦνται
374 2691 507 2728 τραπέζῃ.
534 2690 608 2717 Ἔδει
635 2690 684 2726 μὲν
709 2687 766 2722 οὖν,
791 2689 828 2721 ὡς
852 2689 900 2716 καλ⁸

118 2740 241 2772 πολλάκις
269 2739 355 2774 ἔφθην
386 2736 489 2768 εἰπὼν,
523 2736 560 2772 μὴ
587 2734 684 2771 ἑορτὰς
714 2736 898 2770 παρατηρεῖν,

117 2786 194 2822 ἡνίκα
209 2786 242 2812 ἂν
257 2785 312 2811 δέοι
327 2782 473 2813 κοινωνεῖν,
488 2779 556 2807 ἀλλά
570 2779 599 2806 τὸ
617 2779 735 2810 συνειδὸς
748 2778 899 2814 καθαίρειν,

119 2831 162 2858 καὶ
184 2831 246 2858 τότε
266 2830 317 2865 τῆς
340 2828 418 2864 ἱερᾶς
442 2825 575 2853 ἅπτεσθαι
599 2824 704 2856 θυσίας.
725 2824 755 2851 Ὃ
779 2823 828 2860 μὲν
845 2823 900 2858 γὰρ

145 2938 153 2950 ¹
169 2939 215 2964 Alii
225 2940 308 2964 πολλοὶ
317 2938 389 2962 πάλιν
402 2936 448 2960 διά,

708 197 751 225 DE
772 197 948 227 BAPTISMO
964 198 1113 228 CHRISTI.

1699 208 1752 238 370

963 258 1062 295 ἐναγὴς
1078 260 1126 286 καῖ⁵
1140 258 1294 296 ἀκάθαρτος
1311 260 1370 288 οὐδὲ
1388 262 1417 289 ἐν
1436 262 1516 299 ἑορτῇ
1535 263 1638 296 δίκαιος
1655 265 1688 292 ἂν
1708 267 1751 302 εἴη

963 306 1086 342 μετέχειν
1104 307 1155 343 τῆς
1172 307 1253 342 ἁγίας
1268 307 1378 343 ἐκείνης
1394 307 1441 335 καὶ
1460 310 1611 345 φρικώδους
1631 313 1751 348 σαρκός⁸

960 353 975 379 6
989 353 1018 380 δὲ
1034 353 1152 389 καθαρὸς
1167 353 1215 380 καὶ
1228 354 1272 382 διὰ
1289 355 1433 389 μετανοίας
1447 354 1577 392 ἀκριϐοῦς
1590 358 1751 395 ἀποσμηξά-

962 406 1041 433 μενος
1061 399 1095 426 τὰ
1110 400 1346 437 πλημμελήματα.
1364 402 1412 429 καὶ
1432 403 1462 430 ὲν
1478 404 1558 440 ἑορτῇ
1580 404 1627 431 καὶ
1645 405 1690 432 ἀεὶ
1709 405 1750 432 δί-

959 453 1036 477 καιος
1047 446 1080 473 ἄν
1090 446 1132 482 εἴη
1147 448 1272 483 μετέχειν
1285 448 1340 475 τῶν
1354 448 1434 477 θείων
1445 450 1610 486 μυστηρίων,
1622 451 1669 478 καὶ
1681 451 1751 477 ἀπο-

958 492 1050 520 λαύειν
1061 494 1093 520 ἂν
1105 494 1147 530 εῖη
1162 494 1235 528 ἄξιος
1243 496 1298 522 τῶν
1309 495 1355 523 τοῦ
1366 497 1434 523 Θεοῦ
1444 497 1562 533 δωρεῶν,
1578 497 1647 524 Ἀλλ’
1655 498 1748 534 ἐπειδὴ

958 542 1037 569 τοῦτο
1053 542 1103 569 οὐκ
1116 541 1174 570 οἴδα
1189 543 1248 575 πῶς
1265 544 1411 579 παρῶπταί
1424 554 1490 576 τισι,
1508 546 1553 572 καὶ
1565 546 1670 581 μυρίων
1686 546 1750 573 πολο
1781 576 1785 580 _

958 587 999 615 λοὶ
1017 589 1147 624 γέμοντες
1165 589 1267 623 κακῶν,
1288 591 1332 617 ὅτε
1349 591 1398 626 τὴν
1413 591 1509 627 ἑορτὴν
1533 592 1608 619 ἴδωσι
1625 601 1748 628 παραγε-

957 635 1083 670 νομένην,
1115 636 1153 668 ὡς
1188 637 1234 663 ὑπ’
1264 637 1349 672 αὐτῆς
1375 637 1523 673 ὠθούμενοι
1551 638 1601 674 τῆς
1630 639 1747 674 ἡμέρας,

958 681 1089 709 ἅπτονται
1108 683 1163 710 τῶν
1183 683 1263 719 ἱερῶν
1279 683 1353 720 [574]
1373 684 1540 720 μυστηρίων,
1559 684 1577 712 ἃ
1595 685 1662 720 μηδὲ
1683 685 1747 712 [δεῖν

957 726 1028 754 οὕτω
1042 727 1228 763 διακειμένους
1245 729 1323 764 θέμις
1333 737 1340 744 ⁸
1356 729 1420 761 τοὺς
1439 729 1488 765 μὲν
1505 730 1600 765 δήλους
1614 731 1681 765 ἡμῖν
1696 731 1747 757 αὑ-

956 774 997 800 τοὶ
1019 774 1127 806 πάντως
1149 775 1229 810 ἡμεῖς
1251 775 1433 810 ἁπείρξομεν,
1457 776 1521 808 τοὺς
1542 776 1570 803 δὲ
1591 776 1747 810 ἀγνώστους

956 820 1022 855 ἡμῖν
1044 821 1083 856 τῷ
1108 820 1166 855 Θεῷ
1190 821 1397 856 καταλείψομεν,
1414 821 1453 856 τῷ
1475 821 1509 849 τὰ
1530 823 1674 859 ἀπόρρητα
1696 824 1746 859 τῆς

956 867 1070 895 ἑκάστου
1085 867 1203 901 διανοίας
1214 869 1294 896 εἰδότι
1308 877 1315 884 ·
1330 869 1361 896 τδ
1374 869 1439 904 γοῦν
1453 870 1578 905 φανερῶς
1590 872 1745 906 ἁμαρτανό-

957 922 1036 948 μενον
1051 915 1126 950 παρά
1137 914 1245 942 πάντων
1260 917 1444 952 πειρασόμεθα
1456 917 1600 952 διορθῶσαι
1612 919 1742 954 τήμερον.

956 958 988 984 Τί
1004 955 1050 986 οὖν
1062 959 1120 986 ὲστι
1137 959 1216 987 τοῦτο
1229 961 1259 988 τδ
1273 961 1437 997 ἀμάρτημα;
1452 962 1489 988 Τὺ
1506 963 1542 998 μὴ
1560 964 1629 998 μετὰ
1644 964 1745 1000 φρίκης

955 1004 1106 1040 προσιέναι,
1124 1005 1191 1033 ἀλλὰ
1206 1006 1391 1039 λακτίζοντας,
1409 1008 1573 1041 τύπτοντας,
1592 1009 1678 1044 θυμοῦ
1695 1009 1743 1042 γέ-

956 1059 1066 1086 μοντας,
1081 1051 1210 1087 βοῶντας,
1225 1052 1420 1088 λοιδοροῦντας,
1437 1054 1500 1085 τοὺς
1514 1054 1627 1090 πλησίον
1642 1054 1744 1082 ὠθοῦνο

954 1105 1012 1129 τας,
1031 1098 1154 1133 ταραχῆς
1171 1098 1423 1134 ὲμπεπλησμένους.
1442 1100 1535 1127 Ταῦτα
1551 1100 1598 1127 καὶ
1613 1100 1744 1132 πολλάκις

953 1141 1039 1175 εἶπον,
1059 1144 1105 1170 καὶ
1123 1144 1210 1178 λέγων
1227 1145 1257 1171 οὒ
1280 1144 1429 1180 παύσομαι.
1450 1145 1507 1180 Οὐχ
1527 1145 1607 1181 όρᾶτε
1627 1145 1743 1172 ἐπὶτῶν

960 1189 1114 1224 Ὀλυμπίων
1128 1190 1251 1224 ἀγώνων,
1265 1191 1328 1218 ὅταν
1339 1190 1510 1226 ἀγωνοθέτης
1519 1190 1562 1217 διὰ
1575 1190 1624 1225 τῆς
1640 1191 1742 1225 ἀγορᾶς

955 1235 1059 1272 βαδίζῃ,
1076 1236 1206 1271 στέφανον
1221 1236 1266 1263 ἐπὶ
1281 1236 1331 1271 τῆς
1345 1236 1466 1272 κεφαλῆς
1479 1235 1558 1272 ἔχων,
1569 1236 1664 1272 στολὴν
1677 1236 1728 1263 ἀνα
1737 1251 1743 1256 -

953 1282 1135 1317 ϐεϐλημένος,
1162 1282 1259 1318 ῥάϐδον
1288 1282 1317 1309 ὲν
1342 1283 1376 1318 τῇ
1401 1282 1473 1318 χειρὶ
1496 1282 1629 1318 κατέχων.
1648 1283 1697 1317 ὅση
1724 1283 1741 1318 ἡ

952 1329 1074 1362 εὐταξία.
1096 1328 1143 1355 τοῦ
1169 1329 1288 1365 κήρυκος
1315 1328 1429 1364 βοῶντος
1452 1328 1568 1364 ἡσυχίαν
1591 1326 1658 1355 εἶναι
1683 1329 1741 1364 μετ’
1777 1366 1779 1369 .

951 1375 1117 1410 εὖκοσμίαςς
1134 1374 1196 1406 Πῶς
1207 1372 1253 1401 οῦν
1268 1374 1317 1401 οῦκ
1331 1374 1440 1406 ἄτοπον,
1453 1374 1516 1401 ἔνθα
1532 1375 1581 1409 μὲν
1592 1375 1606 1400 6
1620 1374 1742 1406 διάϐολος

952 1421 1096 1455 πομπεύει,
1114 1420 1247 1456 τοσαύτην
1270 1417 1339 1447 εἶναι
1366 1420 1416 1455 τὴν
1440 1418 1566 1456 ἡσυχίαν,
1588 1419 1653 1447 ἔνθα
1674 1419 1702 1446 δὲ
1727 1421 1741 1447 6

951 1467 1068 1503 Χριστὸς
1082 1468 1150 1503 πρὸς
1165 1467 1260 1494 ἑαυτὸν
1270 1466 1356 1500 καλεῖ,
1373 1467 1457 1494 πολὺν
1470 1464 1538 1494 εἶναι
1550 1466 1596 1494 τδν
1611 1466 1739 1501 θόρυϐον;

957 1516 1002 1542 Ἐν
1025 1515 1112 1550 ἀγορᾷ
1137 1514 1248 1552 ἡσυχία,
1273 1514 1318 1541 καὶ
1342 1514 1371 1540 ὲν
1396 1513 1528 1549 ἐκκλησίᾳ
1557 1514 1683 1550 κραυγή;
1711 1513 1742 1540 ἐν

951 1562 1063 1596 πελάγει
1083 1561 1200 1596 γαλήνη,
1217 1560 1264 1587 καὶ
1280 1561 1309 1586 ὲν
1326 1557 1415 1595 λιμένι
1434 1559 1559 1594 κύματα;
1578 1558 1610 1585 Τί
1627 1558 1740 1594 θορυϐῇ,

950 1608 1011 1634 είπέ
1025 1616 1078 1642 μοι,
1094 1606 1236 1641 ἄνθρωπε;
1247 1605 1274 1631 τί
1285 1605 1313 1632 δὲ
1326 1604 1438 1640 ἑπείγῃς
1452 1603 1622 1639 πραγμάτων
1634 1603 1739 1638 ἀνάγκη

951 1662 982 1680 σε
1009 1652 1086 1679 καλεῖ
1108 1651 1233 1684 πάντως;
1251 1650 1319 1682 ὅλως
1344 1650 1398 1685 γὰρ
1422 1648 1495 1681 οἶδας
1520 1649 1560 1676 ὅτι
1590 1649 1740 1684 πράγματα

950 1698 1022 1734 ἔχεις
1042 1696 1113 1724 κατὰ
1131 1696 1181 1733 τὴν
1196 1696 1270 1732 ὥραν
1290 1696 1413 1731 ὲκείνην;
1435 1695 1571 1731 μέμνησαι
1590 1694 1644 1729 γὰρ
1660 1694 1739 1726 ὅλως.

949 1745 990 1772 ὅτι
1012 1744 1058 1771 ἐπὶ
1076 1743 1126 1779 τῆς
1142 1742 1195 1778 γῆς
1209 1739 1249 1775 εἷ;
1267 1742 1387 1778 νομίζεις
1405 1741 1433 1768 δὲ
1453 1741 1522 1776 μετὰ
1537 1740 1688 1776 ἀνθρώπιον
1701 1738 1739 1767 εἷ-

949 1798 992 1816 ναι
1002 1797 1010 1821 ;
1021 1788 1076 1815 Καὶ
1087 1787 1144 1820 πῶς
1154 1787 1213 1822 οὐχὶ
1223 1786 1327 1820 λιθίνης
1335 1785 1423 1812 ταῦτα
1436 1784 1563 1817 διανοίας,
1576 1784 1605 1811 τὺ
1619 1783 1740 1818 νομίζειν

949 1834 1020 1862 κατά
1031 1834 1076 1860 τὸν
1086 1832 1181 1869 καιρὸν
1196 1833 1298 1859 ἐκεῖνον
1311 1831 1357 1857 ἐπὶ
1368 1831 1420 1866 γῆς
1433 1829 1554 1862 ἑστάναι,
1566 1828 1623 1856 ἀλλ’
1636 1829 1666 1856 ού
1680 1829 1738 1864 μετ’

949 1880 1072 1915 ἀγγέλων
1088 1879 1222 1915 χορεύειν,
1240 1877 1298 1913 μεθ’
1315 1873 1352 1904 ὧν
1365 1877 1396 1903 τὸ
1414 1876 1544 1912 μυστικὸν
1559 1876 1645 1902 ἐκεῖνο
1659 1875 1738 1910 μέλος

949 1927 1120 1962 ἀνέπεμψας,
1136 1925 1194 1961 μεθ’
1206 1922 1243 1952 ὧν
1257 1924 1307 1960 τὴν
1321 1923 1453 1951 ἐπινίκιον
1466 1922 1572 1958 ἐκείνην
1585 1922 1736 1957 ἀνήνεγκας

948 1972 1019 2008 ᾠδὴν
1035 1971 1074 2006 τῷ
1089 1970 1165 2006 Θεῷς
1182 1970 1231 1997 Διὰ
1242 1969 1321 1996 τοῦτο
1335 1969 1382 1996 καὶ
1397 1967 1494 2000 ἀετοὺς
1507 1968 1580 2003 ἡμᾶς
1593 1968 1607 1994 6
1621 1967 1738 2003 Χριστὸς

948 2018 1077 2045 ἐκάλεσεν
1096 2016 1191 2048 εἰπὼν,
1212 2016 1304 2042 Ὅπου
1323 2015 1356 2042 τὸ
1375 2014 1488 2049 πτῶμα,
1505 2013 1570 2041 ἐκεῖ
1585 2014 1739 2048 συναχθή-

948 2072 1053 2092 σονται
1068 2063 1117 2090 καὶ
1131 2064 1158 2090 ol
1172 2062 1262 2094 ἀετοὶ,
1278 2062 1323 2088 ἵνα
1336 2060 1572 2097 ούρανοϐατῶμεν,
1589 2060 1632 2087 ἵνα
1646 2060 1738 2096 ὑψηλὰ

949 2109 1094 2144 πετὼμεθα
1109 2110 1165 2140 τοῖς
1179 2109 1287 2144 πτεροῖς
1299 2107 1345 2134 τοῦ
1360 2106 1513 2142 πνεύματος
1527 2105 1716 2141 κουφιζόμενοι
1728 2114 1736 2123 ·

948 2156 1028 2191 ἡμεῖς
1044 2155 1072 2181 δὲ
1092 2154 1163 2181 κατὰ
1180 2154 1241 2185 τοὺς
1259 2153 1335 2187 ϐφεις
1351 2152 1436 2188 χαμαὶ
1454 2151 1602 2188 συρόμεθα.
1621 2152 1669 2179 κα.)¹
1685 2152 1738 2187 γῆν

948 2202 1084 2237 ἐσθίομεν.
1105 2200 1237 2227 Βούλεσθε
1265 2199 1334 2226 εἴπω
1363 2198 1445 2225 πόθεν
1469 2199 1484 2225 ό
1511 2198 1625 2234 θόρυϐος
1650 2198 1697 2224 καὶ
1719 2199 1736 2232 ή

948 2247 1055 2283 κραυγὴ
1072 2245 1176 2280 γίνεται
1190 2253 1197 2276 ;
1218 2244 1278 2271 Ὅτι
1296 2244 1326 2270 οὐ
1343 2242 1488 2274 διαπαντὸς
1507 2242 1572 2278 ὑμῖν
1586 2242 1635 2274 τὰς
1652 2241 1738 2277 θύρας

948 2293 1144 2329 ἀποκλείομεν,
1165 2291 1242 2318 ἀλλὰ
1255 2289 1448 2325 συγχωροῦμεν
1472 2288 1526 2324 πρὸ
1546 2289 1596 2324 τῆς
1620 2288 1738 2324 ἐσχάτης

948 2339 1124 2376 εὐχαριστίας
1136 2337 1279 2372 ἁποπηδᾷν
1294 2336 1342 2362 καὶ
1357 2335 1509 2371 ἀναχωρεῖν
1530 2333 1622 2361 οῐκαδε
1634 2342 1642 2350 ·
1661 2334 1676 2361 6
1692 2335 1739 2362 καὶ

948 2385 1015 2413 αὺτδ
1036 2385 1137 2419 πολλῆς
1157 2383 1190 2411 ἂν
1209 2383 1252 2418 εἴη
1265 2382 1502 2416 καταφρονήσεως.
1520 2381 1553 2407 Τί
1573 2381 1670 2413 ποιεῖς,
1689 2381 1738 2408 ἀν-

949 2433 1058 2468 θρωπε;
1079 2429 1133 2458 Τοῦ
1153 2429 1271 2465 Χριστοῦ
1290 2427 1434 2464 παρόντος,
1451 2427 1505 2453 τῶν
1521 2426 1645 2461 ἀγγέλων
1666 2434 1738 2460 παρ-

948 2477 1083 2508 εστώτων,
1096 2476 1146 2510 τῆς
1156 2473 1272 2509 φρικτῆς
1279 2471 1381 2507 ταύτης
1391 2469 1530 2506 τραπέζης
1543 2468 1736 2505 προκειμένης,

947 2523 1002 2550 τῶν
1016 2512 1136 2555 ἀδελφῶν
1149 2528 1194 2546 σου
1210 2515 1480 2554 μυσταγωγουμένων
1494 2515 1544 2547 ἔτι,
1555 2514 1637 2546 αὐτὸς
1652 2523 1738 2542 κατα-

948 2568 1034 2595 λιπὼν
1052 2566 1210 2601 άποπηδᾷςς
1227 2564 1283 2591 Καὶ
1299 2563 1345 2589 ἐπὶ
1360 2562 1467 2589 δεῖπνον
1483 2561 1536 2597 μὲν
1550 2560 1671 2595 κληθεὶς,
1687 2559 1739 2588 κᾶν

949 2614 1081 2650 πρότερον
1097 2611 1240 2648 κορεσθῇς,
1255 2610 1286 2637 οὐ
1302 2608 1403 2644 τολμᾷς
1419 2607 1576 2636 τῶνᾶλλων
1592 2606 1738 2641 ἀνακειμέ-

949 2669 1002 2688 νων
1021 2659 1196 2695 ἀναχωρῆσαι
1215 2657 1268 2693 πρδ
1286 2656 1341 2683 τῶν
1357 2655 1441 2691 φίλων
1456 2654 1553 2686 αὐτός’
1574 2653 1690 2680 ἐνταῦθα
1710 2653 1739 2680 δὲ

949 2707 1002 2734 τῶν
1013 2705 1133 2742 φρικτῶν
1147 2703 1193 2730 τοῦ
1207 2702 1326 2738 Χριστοῦ
1341 2701 1498 2738 μυστηρίων
1511 2699 1736 2735 ἐπιτελουμένων,

949 2753 998 2788 τῆς
1015 2752 1091 2788 ἱερᾶς
1101 2749 1213 2785 τελετῆς
1228 2748 1398 2782 συνεστώσης
1413 2746 1463 2778 ἔτι,
1479 2744 1693 2780 καταλιμπάνεις
1709 2745 1739 2771 ἐν

942 2800 1026 2836 μέσῳ
1038 2798 1126 2825 πάντα
1141 2796 1189 2824 καὶ
1201 2795 1368 2830 ἀναχωρεῖς;
1383 2793 1439 2820 Καὶ
1455 2791 1504 2819 ποῦ
1516 2791 1604 2818 ταῦτα
1617 2789 1739 2825 συγγνώ-

951 2854 1004 2881 μης
1021 2845 1100 2878 ἅξια;
1116 2842 1195 2874 ποίας
1211 2841 1239 2868 δὲ
1259 2839 1422 2874 ἀπολογίας;
1438 2836 1569 2864 Βούλεσθε
1586 2836 1655 2862 ετπω
1667 2836 1739 2867 τίνος

950 2890 1030 2925 ἔργον
1050 2887 1171 2916 ποιοῦσιν
1192 2887 1216 2913 οἱ
1242 2885 1295 2922 πρὸ
1315 2884 1366 2919 τῆς
1389 2881 1610 2918 συμπληρώσεως
1631 2881 1738 2915 ἀναχωε

954 2936 1072 2970 ροῦντες,
1091 2934 1138 2961 καὶ
1160 2933 1209 2964 τὰς
1234 2929 1460 2967 εὐχαριστηρίους
1481 2926 1554 2963 ᾠδὰς
1573 2926 1624 2953 οὐκ
1644 2925 1740 2960 ἐπιφέ-
