1978 3131
135 143 183 172 371
648 146 692 176 DE
710 147 921 180 PRODITIONE
942 151 1053 182 IUDIE.
1071 169 1108 176 —-
1122 155 1290 188 MONITUM.

136 203 280 237 guttarum
293 206 412 237 actionis
427 207 539 244 hymnos
549 209 682 239 offerunt?
697 212 799 242 Durum
814 214 928 244 fortasse

136 249 268 277 videbitur
277 252 353 286 quod
363 260 422 281 sum
437 254 567 289 dicturus,
580 256 628 285 sed
645 265 757 287 necesse
779 265 821 288 est
839 265 929 290 tamen

135 299 164 322 ut
176 296 211 323 ob
223 297 417 335 plerorumque
431 301 617 337 negligentiam
631 305 745 334 dicatur.
759 307 872 341 Quando
884 309 929 337 ul-

135 341 204 369 tima:
216 349 304 372 aena:
315 347 522 375 communicavit
534 349 617 378 Judas
632 356 711 379 nocte
721 352 765 380 illa
780 358 926 388 postrema,

132 389 238 417 czeteris
252 391 382 421 omnibus
394 396 613 425 recumbentibus
623 419 631 431 ,
646 397 703 433 ipse
725 407 756 427 se
779 401 929 436 proripiens

131 436 257 464 excessit.
274 437 353 466 lllum
371 439 509 469 imitantur
530 446 556 471 et
579 444 623 471 isti
648 445 694 480 qui
721 450 784 474 ante
807 447 927 475 ultimam

132 482 280 516 gratiarum
297 485 429 514 actionem
439 487 589 516 discedunt.
600 489 655 517 Nisi
664 491 735 518 enim
749 492 860 520 exiisset
870 493 926 526 ille,

132 527 255 561 proditor
267 528 355 558 factus
367 539 421 560 non
443 538 531 567 esset;
555 535 609 562 nisi
631 536 830 572 condiscipulos
849 537 928 566 dese-

129 573 242 608 ruisset,
263 584 318 604 non
334 578 475 612 periisset;
490 579 541 608 nisi
556 581 673 616 seipsum
687 587 764 610 extra
779 583 850 611 ovile
863 591 927 618 pro-

128 619 276 653 ripuissct'
287 641 296 654 ,
312 630 365 650 non
381 630 441 651 eum
455 624 533 660 lupus
548 626 633 653 solum
649 632 784 663 repertum
797 627 927 657 devoras-

127 670 166 692 set
176 673 183 698 ;
201 666 256 694 nisi
271 667 390 703 seipsum
400 677 413 696 a
423 675 531 705 pastore
541 677 721 708 segregasset,
733 673 828 702 bellum
835 675 926 709 praeda

126 711 212 739 factus
223 721 282 740 non
297 719 379 742 esset.
394 715 496 744 Idcirco
509 717 636 745 nimirum
653 719 699 747 ille
723 727 784 748 cum
807 720 924 752 Judmis,

126 756 167 784 isti
183 765 253 784 vero
261 767 324 786 cum
340 760 454 789 Domino
476 762 576 798 hymno
591 764 664 792 dicto
688 766 822 793 exierunt.
845 766 926 794 Vides

126 808 154 830 ut
166 809 291 833 extrema
310 807 355 834 illa
369 813 431 843 post
443 810 603 838 sacrificium
627 811 713 839 oratio
733 812 766 839 ad
792 812 856 840 illud
880 812 926 841 fiat

124 851 303 886 exemplum?
321 852 399 881 Nunc
425 854 516 890 igitur,
541 856 727 891 dilectissimi,
757 857 815 886 htec
837 864 926 886 mente

123 905 277 931 versemus,
290 898 349 927 hmc
363 900 433 934 apud
447 908 497 929 nos
506 902 668 937 cogitemus,
689 907 716 930 et
727 903 788 931 huic
803 905 926 939 proposi-

123 948 174 970 tam
190 944 293 973 sceleri
308 945 508 975 damnationem
531 948 749 977 reformidemus.
771 949 830 984 lpse
843 958 923 978 suam

123 991 168 1018 tibi
181 999 298 1020 carnem
308 993 432 1029 largitur,
446 999 474 1022 at
489 1000 515 1022 tu
530 1003 565 1024 ne
573 996 662 1024 verbis
676 997 784 1032 quidem
805 1005 866 1024 eum
879 1005 924 1026 re-

1724 165 1777 194 372

981 219 1061 255 Atqui
1074 220 1137 248 dum
1148 220 1200 250 hoc
1209 228 1340 258 corporeo
1353 222 1471 252 vesceris
1483 223 1553 256 cibo,
1569 228 1630 259 post
1652 232 1773 253 mensam

984 265 1018 293 ad
1028 267 1176 295 orationem
1192 271 1218 296 te
1237 269 1370 297 convertis
1385 269 1466 296 :dum
1487 277 1552 298 vero
1577 270 1724 305 spiritualis
1744 275 1773 298 et

982 319 1091 341 omnetn
1104 318 1252 341 creaturam
1268 319 1323 341 tum
1339 314 1470 342 visibilem
1484 319 1540 342 tum
1555 315 1714 344 invisibilem
1728 324 1774 344 su-

981 359 1109 393 perantis,
1119 359 1150 387 iis
1157 360 1300 395 particeps,
1311 361 1415 387 tametsi
1425 360 1504 389 homo
1512 361 1549 389 sis
1558 361 1649 389 etvilis
1659 366 1773 394 natura,

981 412 1034 432 non
1050 409 1190 440 exspectas
1213 410 1241 433 ut
1264 406 1365 441 gratias
1389 414 1456 442 agas
1477 411 1504 434 et
1526 407 1615 435 verbis
1625 412 1652 435 et
1676 408 1773 435 factis!

980 449 1049 484 Quid
1057 455 1098 478 est
1111 451 1184 478 aliud
1192 459 1271 486 qualn
1285 456 1407 480 extremo
1421 453 1552 487 supplicio
1559 460 1619 481 sese
1629 454 1772 481 obnoxium

980 496 1113 524 reddere?
1125 497 1187 524 Haac
1199 505 1250 533 ego
1264 497 1324 526 dico
1340 506 1392 526 non
1402 503 1432 525 ut
1446 498 1560 526 laudetis
1571 498 1669 531 solum,
1685 507 1773 534 neque

979 547 1010 570 ut
1024 542 1221 571 tumultuemiui
1235 548 1262 571 et
1274 543 1407 578 clametis,
1422 543 1469 571 sed
1482 549 1512 572 ut
1521 551 1581 572 cum
1594 548 1697 579 tempus
1707 553 1772 572 exc-

978 588 1057 623 gerit,
1072 588 1168 617 horum
1181 597 1316 618 memores
1330 589 1472 618 verborum
1487 590 1691 618 convenientem
1712 598 1770 617 mo-

978 634 1090 662 destiam
1105 642 1161 670 pne
1173 635 1248 664 vobis
1259 635 1361 663 feratis.
1385 635 1510 671 Mysteria
1533 639 1560 663 et
1582 635 1718 667 dicuntur,
1745 640 1771 663 et

978 684 1060 714 sunt;
1076 680 1119 708 ubi
1133 688 1198 709 vero
1210 686 1275 710 sunt
1287 681 1426 717 mysteria,
1441 681 1554 709 multum
1568 681 1702 709 silentium
1718 687 1768 709 est.

977 725 1044 754 Cum
1053 727 1137 755 multo
1144 735 1209 763 ergo
1221 727 1338 761 silentio,
1352 735 1413 755 cum
1426 727 1509 755 multa
1523 727 1664 761 modestia,
1674 727 1771 756 decen-

978 772 1051 807 tique
1065 773 1217 801 reverentia
1230 777 1352 801 sanctum
1361 773 1412 801 hoc
1423 773 1586 801 sacrificium
1597 773 1769 809 attingamus.

977 821 1007 845 ut
1024 817 1152 853 majorem
1174 819 1251 846 nobis
1276 819 1324 846 Dei
1348 819 1564 847 benevolentiam
1585 820 1768 852 conciliemus.

977 864 1132 892 etanimum
1142 872 1346 901 perpurgemus,
1364 869 1517 902 atternaque
1538 867 1607 894 bona
1619 873 1768 902 consequa-

976 917 1054 943 mur;
1070 918 1129 945 quzc
1141 918 1190 938 nos
1200 918 1294 939 omnes
1304 917 1333 939 ut
1345 912 1524 945 obtineamus,
1549 912 1614 940 faxit
1635 913 1720 948 gratia
1742 918 1769 939 et

975 955 1125 991 benignitas
1141 956 1247 985 Domini
1263 958 1348 985 nostri
1363 957 1426 985 Jesu
1439 958 1547 992 Christi,
1562 966 1622 986 cum
1642 966 1695 994 quo
1717 958 1768 986 Pa-

975 1000 1020 1033 tri,
1032 1001 1164 1037 simulque
1176 1002 1285 1038 Spiritui
1303 1007 1397 1031 sancto
1407 1024 1415 1038 ,
1430 1004 1524 1039 gloria,
1552 1004 1711 1039 imperium,
1742 1010 1768 1032 et

121 1038 287 1072 mutteraris,
304 1047 394 1076 neque
403 1047 452 1076 pro
465 1040 498 1069 iis
508 1050 566 1077 qua:
582 1043 708 1078 accepisti
722 1044 822 1078 gratias
848 1043 923 1079 agis?

150 1095 159 1110 ⁸
177 1098 203 1120 In
215 1095 292 1121 savil.
305 1096 407 1128 legitur,
417 1099 489 1123 extra
499 1097 560 1125 ovile
570 1097 633 1124 illud
643 1106 739 1125 sacrum
746 1099 911 1131 proripuisset.

975 1047 1105 1082 adoratio,
1119 1056 1191 1077 nunc
1205 1053 1234 1077 et
1244 1056 1360 1086 semper,
1372 1054 1399 1078 et
1422 1050 1448 1078 in
1477 1051 1575 1078 saecula
1598 1051 1765 1078 saeculorum.

975 1094 1073 1122 Amen.

852 1538 1040 1569 MONITUM

127 1687 284 1715 secundam
310 1685 347 1712 De
360 1684 433 1712 Juda
449 1684 584 1720 proditore
603 1684 794 1711 incunctanter
810 1679 1021 1718 conjicerentus.
1051 1681 1153 1710 Verum
1180 1682 1296 1716 levibus,
1328 1682 1357 1710 ni
1384 1681 1475 1717 fallor,
1495 1684 1661 1720 coniecturis
1694 1685 1765 1714 hanc

127 1743 270 1778 temporis
287 1742 422 1770 rationem
434 1740 554 1769 instituit
568 1739 771 1772 Tillemontius,
791 1743 821 1766 ut
833 1739 957 1774 pluribus
968 1737 1076 1766 dicetur
1091 1738 1120 1766 in
1133 1737 1236 1767 Monito
1253 1739 1288 1767 ad
1307 1739 1474 1768 homiliasin
1488 1740 1620 1769 Genesim.
1647 1741 1710 1770 Haec
1730 1743 1764 1771 de

128 1802 249 1830 homilia
266 1802 389 1830 secunda
405 1800 483 1836 cujus
505 1801 623 1834 initium,
643 1799 822 1836 Ἐϐουλόμην,
836 1800 927 1834 divam

983 1809 996 1843 ⁷ε
1017 1800 1051 1828 de
1062 1800 1182 1828 homilias
1195 1807 1261 1828 vero
1277 1800 1385 1836 primae,
1397 1809 1458 1837 quae
1473 1802 1514 1830 sic
1540 1803 1647 1839 incipit,
1670 1803 1763 1838 ὀλίγα

125 1861 254 1896 ἀνάγκη,
271 1866 407 1896 tempore,
423 1861 492 1888 nihil
515 1860 588 1888 aliud
603 1860 646 1888 vel
665 1864 751 1892 certo,
770 1859 814 1888 vel
831 1860 977 1888 admodum
998 1860 1177 1896 probabiliter
1197 1863 1318 1888 statuere
1331 1867 1495 1896 possumus,
1519 1869 1602 1897 quam
1630 1862 1704 1897 quod
1717 1862 1763 1889 illa

125 1916 238 1951 aliquot
250 1921 316 1944 ante
335 1916 484 1944 secundam
500 1917 581 1945 annis
597 1916 688 1944 habita
705 1916 788 1944 fuerit
800 1926 807 1944 :
820 1923 908 1951 neque
922 1923 987 1944 vero
1009 1916 1155 1944 tacendum
1171 1921 1214 1944 est
1230 1917 1300 1945 hanc
1316 1917 1433 1953 primam
1450 1939 1458 1952 ,
1479 1919 1572 1954 Ὀλίγα
1599 1920 1717 1956 ἀνάγκη,
1735 1921 1763 1948 in

126 1975 300 2010 perantiquo
319 1975 367 2002 illo
387 1974 520 2009 Catalogo
537 1973 698 2008 Augustano
714 1973 785 2001 inter
801 1972 901 2008 γνησία
918 1981 1000 2008 opera
1021 1973 1111 2000 locum
1126 1973 1237 2007 habere,
1257 1981 1312 2001 non
1327 1981 1392 2002 vero
1407 1974 1554 2002 secundam
1568 1983 1576 2008 ;
1596 1976 1660 2010 quia
1685 1975 1762 2004 videa

126 2035 194 2062 licet
210 2033 291 2061 initio
306 2038 334 2061 et
353 2033 447 2068 paucis
460 2032 522 2059 aliis
540 2031 673 2066 exceptis,
688 2039 749 2066 quae
761 2038 776 2058 a
792 2030 991 2067 Chrysostomo
1007 2030 1095 2066 ipsam
1122 2015 1289 2058 retractante
1306 2031 1417 2059 inducta
1442 2031 1567 2066 fuerant,
1586 2032 1681 2060 eadem
1704 2034 1762 2068 ipsa

124 2095 188 2118 erat
204 2096 253 2118 :et
273 2089 408 2125 alioquin,
430 2093 458 2116 ut
473 2092 546 2117 recte
559 2088 666 2116 monuit
682 2087 812 2121 Saviiius,
831 2088 979 2125 Catalogus
1009 2089 1055 2117 ille
1071 2090 1247 2125 Augustanus
1265 2089 1301 2116 ita
1332 2089 1513 2118 concinnatus
1534 2095 1585 2123 est,
1607 2097 1637 2118 ut
1672 2091 1761 2118 omni-

124 2151 244 2185 quitlem
262 2151 408 2186 opuscula,
423 2159 484 2186 quae
499 2149 528 2176 in
540 2156 573 2177 eo
593 2154 793 2183 memorantur,
810 2157 875 2177 vera
895 2157 1078 2185 germauaque
1100 2149 1175 2182 sint;
1193 2149 1242 2177 sed
1266 2157 1334 2177 cave
1352 2153 1432 2185 putes
1453 2149 1555 2182 omnia,
1575 2157 1635 2184 quae
1659 2149 1694 2177 ab
1715 2150 1762 2178 illo

124 2207 243 2240 absunt,
260 2215 322 2235 esse
338 2208 431 2242 spuria
444 2216 452 2240 ;
468 2207 593 2242 quinimo
606 2207 694 2234 multo
709 2207 788 2242 plura
805 2212 870 2235 sunt
884 2207 1072 2243 Chrysostomi
1086 2207 1186 2243 γνήσια
1201 2214 1283 2242 opera
1294 2227 1301 2238 ,
1319 2213 1401 2242 quam
1420 2214 1451 2234 ea
1467 2214 1528 2242 qua:
1543 2206 1573 2234 in
1594 2206 1690 2234 eodem
1709 2207 1762 2234 Ca-

126 2258 224 2293 talogo
241 2260 431 2284 recensentur.
447 2255 582 2284 Caeterum
595 2255 659 2291 quia
673 2256 796 2283 eamdem
812 2257 971 2284 concionem
987 2257 1146 2284 retractavit
1167 2255 1396 2292 Chrysostomus,
1410 2254 1477 2282 etin
1493 2253 1630 2289 plerisque
1650 2254 1687 2281 ita
1704 2261 1765 2282 mu-

126 2316 209 2348 tavit,
227 2320 259 2342 ut
275 2315 343 2342 duas
357 2322 390 2342 ex
408 2322 463 2342 una
483 2314 612 2343 homilias
630 2314 759 2347 effecerit,
776 2315 844 2342 nihil
860 2315 959 2343 mirum
974 2316 998 2344 si
1019 2319 1094 2343 tanta
1121 2315 1157 2343 sit
1187 2316 1213 2343 in
1234 2314 1427 2350 Manuscriptis
1443 2314 1581 2348 varietas;
1607 2322 1669 2341 cum
1699 2321 1763 2342 vero

125 2372 268 2401 lectiones
284 2373 368 2400 varia
382 2371 415 2399 ad
430 2371 588 2400 alterutram
607 2373 771 2407 pertineant,
787 2373 854 2401 satis
867 2373 1014 2402 habuimus
1035 2378 1179 2409 utramque
1196 2373 1324 2405 edidisse,
1353 2378 1381 2400 et
1409 2380 1424 2400 a
1452 2372 1683 2407 frequentissimis
1709 2373 1762 2401 illis

127 2431 216 2458 variis
228 2430 396 2458 lectionibus
414 2432 578 2459 annotandis
596 2431 789 2459 abstinuimus.
815 2430 912 2459 Notatu
933 2431 1031 2467 dignus
1047 2435 1089 2460 est
1118 2431 1146 2458 in
1163 2435 1279 2466 utraque
1310 2429 1422 2458 homilia
1455 2430 1533 2458 locus
1561 2430 1605 2457 ille
1627 2438 1703 2458 num.
1724 2430 1761 2459 6:

127 2486 214 2512 Adest
230 2489 256 2511 et
273 2493 343 2511 nunc
364 2485 484 2513 Christus
501 2495 617 2513 mensam
634 2494 777 2513 exornans.
790 2485 883 2522 Neque
895 2487 964 2514 enim
981 2486 1058 2513 homo
1071 2492 1110 2514 est
1126 2487 1160 2520 is,
1178 2487 1222 2522 qui
1235 2487 1300 2522 facit
1315 2491 1342 2513 ut
1361 2487 1496 2522 proposita
1507 2495 1601 2522 corpus
1616 2493 1641 2514 et
1655 2489 1763 2524 sanguis

129 2545 236 2573 Christi
252 2547 411 2581 eﬂitrianlur.
432 2546 563 2583 Figuram
576 2552 678 2575 tantum
700 2547 811 2582 impleas
827 2552 881 2576 ttat
899 2548 1022 2576 sacerdos
1041 2554 1066 2577 et
1083 2548 1303 2584 supplicationem
1316 2548 1392 2583 offert
1405 2556 1415 2575 :
1433 2549 1522 2584 gratia
1541 2554 1631 2576 autem
1643 2554 1666 2577 et
1681 2550 1763 2577 virtus
1813 2591 1818 2594 _

129 2604 183 2632 Dei
197 2610 247 2636 est,
263 2614 323 2640 qute
337 2607 427 2633 omnia
439 2607 526 2642 efﬁcit.
542 2606 600 2634 Hoc
617 2611 659 2634 est
674 2615 774 2645 corpus
788 2614 889 2642 meum,
903 2608 1010 2642 inquit:
1025 2609 1073 2636 hoc
1091 2608 1198 2636 verbum
1218 2607 1355 2644 proposita
1371 2608 1558 2643 transformat.
1573 2607 1622 2636 Hic
1636 2612 1663 2635 et
1674 2615 1762 2636 trans-

128 2663 325 2689 suouantiatio
339 2668 366 2691 et
385 2665 528 2698 praesentia
541 2665 642 2694 Christi
657 2666 685 2693 in
700 2666 873 2695 Eucharistta
885 2667 960 2695 clare
977 2667 1169 2702 praedicantur,
1185 2672 1217 2696 ut
1227 2667 1353 2704 pluribus
1366 2667 1472 2696 dicetur
1485 2674 1535 2696 suo
1550 2667 1621 2694 loco.

171 2738 250 2772 Quod
266 2747 333 2767 vero
348 2740 376 2767 in
391 2745 506 2776 utraque
521 2742 633 2770 homilia
647 2743 715 2771 dicit
741 2750 771 2773 se
784 2745 840 2780 jam
856 2750 954 2780 quarto
965 2745 1010 2774 die
1024 2745 1058 2774 de
1074 2746 1198 2774 Oratione
1213 2753 1263 2782 pro
1288 2745 1408 2775 inimicis
1427 2754 1518 2782 agere,
1548 2746 1651 2774 indicat
1671 2746 1761 2780 utique

130 2795 364 2830 (.hrysostomum
382 2796 409 2824 in
426 2800 551 2832 utroque,
567 2806 621 2834 quo
634 2799 684 2827 has
696 2800 824 2828 homilias
839 2801 944 2836 habuit,
961 2810 1034 2831 anno
1052 2803 1176 2832 eumdem
1192 2803 1372 2832 concionandi
1387 2804 1511 2833 ordinem
1527 2804 1656 2832 tenuisse.

175 2871 325 2908 Utriusque
341 2873 461 2902 homilia:
475 2875 723 2912 interpretationem
744 2886 842 2906 novam
856 2879 973 2908 edimus.
