1978 3131
241 146 297 175 573

589 147 621 176 S.
639 147 782 177 JOANNIS
801 148 1051 178 CHRYSOSTOMI
1068 149 1228 180 ARCHIEP.
1248 150 1521 180 CONSTANTINOP.

1819 152 1868 181 δτι

803 446 844 476 IN
875 445 1154 477 PRODITIONEM
1183 447 1292 477 JUDE
1301 470 1310 484 ,

239 591 279 614 ΕΤ
298 592 332 616 ια
355 592 491 623 ΡΔΒΕΗᾼ,
516 592 614 620 ωουε
633 592 853 615 τιιΛωτιοΝΕκ
875 592 1028 614 IIYSTERIO

1072 593 1115 620 ΙΜ,
1141 593 1179 614 AC
1201 593 1286 619 QUOD
1303 592 1368 614 NON
1389 593 1550 615 OPORTEAT
1567 593 1761 616 INJURIARUM
1778 594 1870 617 118311-

647 631 738 655 msss
751 647 758 660 ,
779 631 814 654 1N
833 631 952 655 sane“
973 633 1012 654 ετ
1034 632 1140 655 MAGNA
1161 631 1253 654 rents
1276 632 1391 659 ounvn
1412 624 1464 664 (a).

553 882 665 903 ηοιιιιιΑ
685 883 704 902 1.

266 922 361 950 Paucis
374 921 454 949 hodie
467 928 529 948 cum
540 925 629 948 vestra
644 919 754 948 caritate
768 923 882 946 tractare
898 925 1021 946 necessa-

231 969 298 996 rium
319 972 359 995 est
375 976 382 993 :
397 971 424 994 et
442 966 502 994 ideo
517 965 609 1001 paucis
619 986 626 998 ,
646 973 700 992 non
715 964 788 1000 quod
801 964 934 992 dictorum
946 964 1023 999 copia

230 1014 375 1049 gravemini
391 1022 398 1040 :
412 1013 511 1040 nullam
526 1012 597 1039 enim
612 1011 692 1039 aliam
701 1011 837 1038 civitatem
849 1011 968 1046 reperire
982 1014 1024 1038 est

230 1059 422 1088 andiendorum
435 1057 611 1093 spiritualium
619 1064 773 1085 sermonum
783 1057 852 1084 adeo
863 1055 1021 1084 studiosam.

230 1105 288 1133 Non
301 1109 442 1140 propterea
455 1103 534 1138 igitur
548 1110 629 1138 pauca
643 1102 767 1134 dicimus,
783 1101 853 1136 quod
864 1101 940 1128 vobis
954 1100 1023 1128 mul-

231 1150 342 1178 titudine
353 1156 510 1178 sermonum
524 1147 661 1175 fastidium
677 1148 828 1183 pariamus,
840 1146 888 1174 sed
900 1146 962 1181 quia
972 1146 1023 1173 alia

229 1195 375 1224 intervenit
397 1194 477 1222 hodie
490 1193 628 1222 brevitatis
648 1200 739 1220 causa.
758 1191 864 1220 Etenim
877 1191 975 1219 multos
985 1191 1024 1218 vi-

229 1242 280 1270 deo
294 1241 386 1269 ﬁdeles
398 1241 430 1268 ad
446 1240 642 1268 horrendoruin
655 1240 843 1275 mysteriorum
855 1239 1024 1266 communio-

229 1295 291 1315 nem
305 1287 473 1314 l'estinantes.
483 1285 519 1314 Ut
531 1286 610 1321 igitur
625 1292 713 1320 neque
727 1284 772 1311 illa
782 1291 874 1311 mensa
886 1283 1021 1317 excidant,

231 1340 318 1368 neque
333 1332 382 1360 hac
397 1339 505 1368 prorsus
519 1331 691 1364 frustrentur,
706 1337 818 1358 necesse
833 1333 876 1357 est
899 1329 1023 1358 modera-

229 1384 284 1406 tum
298 1379 386 1406 cibum
400 1385 544 1413 apponere,
553 1381 583 1404 ut
591 1377 725 1412 utrimque
739 1376 815 1404 vobis
829 1376 931 1403 lucrum
945 1383 1023 1404 acce-

228 1424 294 1457 dat,
321 1428 348 1451 et
371 1424 422 1451 hoc
443 1431 492 1451 ceu
513 1423 642 1450 doctrinae
656 1422 754 1450 viatico
778 1422 888 1454 muniti,
903 1421 943 1448 sic
961 1429 1023 1449 cum

228 1471 335 1504 timore,
345 1475 463 1498 tremore
472 1490 480 1502 ,
494 1469 637 1505 debitaque
650 1468 798 1497 reverentia
810 1469 842 1496 ad
855 1468 1021 1496 tremendam

228 1516 443 1551 horrendamque
454 1516 670 1544 communionem
690 1515 832 1542 accedatis.

263 1563 378 1599 Lugendi
389 1564 407 1590 ii
425 1563 467 1598 qui
477 1562 545 1590 ritate
556 1566 652 1598 agunt,
670 1569 720 1588 non
735 1562 777 1596 qui
798 1561 866 1588 mala
879 1561 1022 1596 patiuntur;

230 1609 355 1637 orandum
368 1617 414 1644 pro
426 1608 544 1635 inimicis.
559 1622 593 1627 —-
604 1607 701 1640 Hodie,
714 1606 816 1640 dilecti,
828 1606 957 1634 Dominus
971 1614 1022 1634 no-

227 1660 284 1684 ster
300 1655 377 1683 Jesus
388 1655 511 1682 Christus
531 1653 643 1682 traditus
666 1654 813 1688 est:liujus
834 1661 948 1688 namque
969 1653 1022 1680 diei

226 1709 337 1736 vespera
353 1700 439 1728 τιυύωί
454 1700 500 1728 illo
510 1699 705 1734 comprehenso
730 1699 862 1727 abierunt.
878 1699 977 1727 Verum
989 1708 1021 1727 ne

226 1745 392 1773 contristeris
417 1744 528 1772 audiens
554 1743 690 1771 Christum
710 1743 842 1778 proditum
871 1743 1021 1771 essezimo

228 1791 315 1825 potius
322 1790 490 1822 contristare,
498 1793 526 1817 et
533 1789 630 1817 acerbe
636 1789 704 1824 luge,
714 1797 766 1816 non
777 1788 909 1824 proditum
916 1788 1019 1822 Jesum,

226 1835 274 1864 sed
285 1835 446 1871 proditorem
456 1834 562 1863 Judam.
575 1834 680 1862 Etenim
691 1835 735 1870 qui
750 1834 871 1869 proditus
883 1839 934 1867 est,
944 1842 1021 1861 mun-

225 1881 288 1908 dum
304 1881 406 1908 salvum
420 1880 491 1912 fecit.
506 1880 626 1915 proditor
637 1887 701 1908 vero
712 1880 827 1907 animam
838 1887 915 1907 suam
929 1879 1018 1915 perdi-

225 1926 264 1954 dit
280 1927 343 1962 :qni
366 1926 486 1961 proditus
512 1930 571 1960 est,
586 1926 620 1954 ad
634 1926 772 1954 dexteram
787 1926 874 1953 Patris
896 1925 972 1953 sedet
992 1926 1018 1952 in

223 1974 306 2006 uelis,
316 1974 434 2008 proditor
448 1974 475 2000 in
491 1973 596 2001 inferno
609 1981 681 2000 nunc
695 1977 752 2006 est,
765 1972 917 2000 inevitabile
930 1972 1018 2000 ferens

223 2019 393 2054 supplicium.
403 2019 574 2054 llujus,causa
582 2019 642 2054 lnge
652 2023 680 2046 et
690 2018 844 2053 ingemisce,
851 2017 929 2052 hujus
938 2025 1019 2045 causa

225 2065 382 2099 lacrymare,
393 2064 450 2099 ejus
461 2065 558 2099 quippe
570 2071 649 2091 causa
660 2063 733 2091 ﬂevit
739 2063 870 2090 Christus.
879 2063 944 2090 Nam
956 2062 1019 2090 Cum

223 2110 324 2137 vidisset
345 2118 421 2143 eum,
439 2109 540 2144 inquit,
557 2109 671 2136 turbatus
693 2114 746 2142 est,
759 2113 783 2135 et
799 2108 877 2142 dixit,
895 2107 966 2135 Unus
988 2116 1020 2135 ea:

223 2155 291 2182 vobis
306 2155 387 2182 tradet
407 2163 447 2182 me
459 2154 550 2189 (Joan.
570 2155 614 2182 15.
639 2154 698 2190 21).
712 2153 735 2182 0
747 2158 846 2189 quanta
865 2154 1017 2181 misericor-

222 2200 266 2229 dia
292 2201 415 2228 Domini!
437 2201 556 2236 proditus
579 2200 743 2236 proditorem
764 2200 846 2236 luget.
862 2199 925 2228 Cum
939 2201 1018 2227 uidis-

221 2251 258 2273 set
271 2247 400 2280 eum.'ait,
415 2247 529 2274 turbatus
542 2251 590 2279 est,
605 2251 628 2273 el
638 2247 712 2280 dixit,
726 2245 799 2274 Unus
812 2254 843 2274 ea:
856 2247 924 2274 vobis
937 2247 1018 2274 tradet

222 2300 271 2319 use.
287 2291 375 2325 Quare
389 2297 501 2320 mestus
515 2291 583 2320 fuit?
597 2291 682 2320 Simul
697 2296 726 2320 ut
735 2300 855 2320 amorem
865 2292 1018 2320 ostenderet

221 2346 310 2371 suum,
323 2343 350 2366 et
363 2339 412 2366 bos
422 2339 540 2371 doceret,
556 2347 609 2367 non
620 2347 681 2367 eum
696 2340 740 2375 qui
751 2340 820 2367 mala
831 2341 956 2375 patiatur,
967 2340 1016 2368 sed

219 2391 293 2417 eum,
305 2384 349 2418 qui
364 2385 433 2412 male
444 2389 514 2420 agat,
523 2392 629 2420 semper
640 2386 783 2422 lugendum
794 2394 863 2415 esse.
877 2386 934 2416 Hoc
943 2387 1015 2415 enim

220 2430 268 2457 illo
281 2430 357 2465 pejus
377 2436 438 2464 est;
453 2431 507 2460 imo
519 2432 609 2467 potius
631 2432 656 2460 id
681 2441 734 2460 non
756 2433 854 2460 malum
872 2438 930 2468 est,
945 2434 1016 2462 male

221 2475 290 2510 pati,
318 2476 365 2504 sed
398 2477 469 2505 male
494 2485 591 2512 agere,
620 2477 647 2506 id
680 2486 791 2514 prorsus
829 2480 940 2507 malum.
968 2480 1015 2508 Et-

218 2522 290 2550 enim
313 2522 384 2549 male
396 2522 468 2558 pati,
486 2522 513 2550 id
526 2531 637 2559 regnum
655 2525 780 2553 ctelorum
795 2525 929 2560 conciliat,
945 2526 1015 2554 male

165 2583 168 2586 ι
218 2571 307 2594 autem
335 2575 437 2602 agere,
472 2568 602 2604 gehenna:
625 2569 704 2598 nobis
726 2574 754 2598 et
788 2570 910 2606 supplicii
933 2579 1013 2598 causa

217 2618 268 2641 est.
284 2613 349 2641 Nam
362 2635 368 2647 ,
380 2613 470 2647 Beati,
495 2615 596 2650 inquit,
613 2617 657 2652 qui
681 2619 897 2654 persequutionem
908 2620 1014 2653 patiun-

248 2660 285 2698 ςςι)
301 2660 390 2698 celata
400 2667 455 2698 φφ
462 2663 611 2698 ,τῖςείίξ
620 2664 696 2698 2032..
708 2664 778 2698 ειμι.
791 2665 862 2698 2429.
880 2670 905 2698 ει
916 2665 1011 2691 εοίειίιι.

218 2690 273 2719 ess,
286 2696 313 2728 et
323 2692 377 2727 soi,
393 2696 418 2728 et
429 2692 493 2728 tzolb.
506 2690 630 2728 utﬁunt
642 2699 678 2720 tot
684 2690 822 2728 ξιεειίυιίυω
828 2690 1012 2722 di'scriunnaoo;

216 2726 325 2757 currunt,
335 2725 373 2757 vix
383 2727 410 2747 ut
423 2725 513 2757 possint
521 2725 600 2749 omnia
612 2727 699 2750 notari.
709 2730 733 2750 In
739 2727 845 2752 editione
851 2731 932 2752 autem
940 2728 1010 2753 savii.

217 2755 281 2790 tanta
288 2755 399 2790 varietas
409 2755 560 2785 observatur,
572 2760 598 2780 ut
610 2756 659 2780 bini
669 2761 751 2790 textus
760 2758 862 2790 edantur
871 2765 886 2782 e
898 2759 1010 2790 regione,

216 2783 240 2806 in
252 2783 343 2818 quibus
354 2784 418 2809 idem
429 2783 613 2818 argutiientum;
633 2788 676 2812 sed
688 2788 796 2812 ordiendi
815 2790 909 2818 modus,
921 2783 1001 2815 series

216 2791 240 2806 ιιι
252 2791 343 2838 Ἦιιυιιε
354 2791 418 2809 Iaeul
429 2791 613 2840 argumentum;
633 2791 676 2812 seu
688 2791 796 2812 ordiendi
815 2791 909 2818 modus,
921 2791 1010 2820 series,

216 2814 447 2876 rga-plerumque
475 2821 604 2848 iscrepant.
617 2821 666 2846 Qua
677 2818 708 2843 de
719 2825 748 2843 re
768 2818 876 2850 pluribus
887 2820 911 2846 in
923 2821 1010 2846 Mellito

257 2856 297 2868 lli-

1079 922 1122 944 tur
1143 921 1247 952 propter
1260 916 1399 951 justitiam,
1409 915 1528 950 quoniam
1537 915 1650 950 ipsorum
1660 920 1696 942 est
1708 924 1812 951 regnum
1822 925 1873 943 cte-

1077 963 1160 990 Iorum
1173 962 1280 997 (Matth.
1295 962 1322 990 5.
1335 961 1392 997 10).
1409 961 1643 989 Viden'malorum
1659 962 1872 997 perpessionem,

1077 1007 1105 1036 is:
1120 1007 1270 1035 mercedem
1292 1015 1324 1035 ac
1343 1007 1480 1042 premium
1493 1027 1500 1039 ,
1517 1008 1644 1042 consequi
1661 1015 1772 1042 regnum
1792 1008 1871 1035 ca:lo-
1895 1028 1905 1037 η

1077 1054 1154 1081 rum?
1175 1053 1245 1081 Audi
1269 1053 1403 1088 quomodo
1424 1053 1521 1080 malum
1535 1058 1690 1088 perpetrare
1719 1061 1826 1088 poenam
1847 1059 1873 1081 et

1077 1099 1235 1134 supplicium
1254 1098 1358 1127 aderat.
1372 1098 1439 1127 Cum
1457 1099 1529 1127 enim
1541 1099 1653 1127 dixisset
1669 1099 1768 1128 Paulus
1780 1100 1814 1127 de
1827 1100 1872 1127 Ju-

1076 1146 1151 1178 diuis,
1167 1145 1305 1172 Dominum
1319 1146 1473 1179 occiderunt,
1487 1146 1624 1181 prophetas
1644 1146 1789 1180 persequuti
1812 1152 1870 1173 sunt

1076 1193 1100 1227 (1
1118 1191 1208 1219 Thess.
1221 1192 1249 1219 2.
1271 1192 1315 1227 15)
1328 1213 1335 1224 ,
1349 1192 1451 1225 intulit,
1474 1191 1588 1225 Quorum
1603 1192 1662 1226 finis
1675 1192 1723 1218 erit
1734 1194 1870 1219 secundum

1076 1247 1154 1272 opera
1163 1247 1250 1265 eorum
1261 1239 1270 1274 (
1280 1238 1298 1265 2
1311 1238 1371 1266 Cor.
1388 1239 1432 1266 Η.
1448 1238 1504 1273 15).
1520 1237 1613 1266 Viden'
1623 1238 1760 1274 quomodo
1780 1239 1815 1272 ii,
1829 1239 1871 1273 qui

1076 1285 1289 1318 persecutionem
1310 1284 1455 1319 patiuntur,
1470 1292 1581 1319 regnum
1605 1284 1753 1319 accipiant,
1771 1285 1789 1311 ii
1808 1293 1871 1312 vero

1076 1330 1120 1364 qui
1135 1334 1339 1365 persequuntur,
1361 1330 1427 1356 iram
1438 1329 1488 1357 sibi
1501 1329 1613 1364 parent?
1636 1330 1699 1357 llaec
1717 1338 1800 1365 porro
1818 1339 1868 1357 non

1077 1382 1178 1404 temere
1191 1383 1262 1404 nunc
1273 1383 1288 1403 a
1303 1384 1346 1404 me
1359 1375 1430 1403 dicta
1444 1380 1522 1409 sunt,
1539 1376 1586 1404 sed
1599 1380 1628 1404 ut
1639 1384 1692 1404 non
1710 1382 1806 1404 contra
1820 1378 1870 1404 iiii-

1076 1423 1160 1450 micos
1178 1424 1334 1455 irascamur,
1352 1422 1399 1450 sed
1420 1423 1594 1450 misereamur
1606 1422 1667 1450 illos
1680 1431 1712 1449 ac
1733 1423 1871 1458 lugeamus

1075 1476 1136 1496 cum
1149 1469 1234 1504 iisque
1246 1468 1395 1496 doleamus.
1407 1468 1445 1495 llli
1458 1467 1529 1495 enim
1542 1473 1614 1500 sunt,
1628 1468 1673 1503 qui
1682 1468 1752 1495 male
1767 1469 1872 1502 palinu-

1076 1519 1136 1548 tur,
1160 1521 1257 1549 nempe
1277 1514 1322 1549 qui
1337 1513 1414 1541 nobis
1437 1517 1500 1541 sunt
1518 1513 1628 1541 inimici.
1643 1513 1672 1541 Si
1693 1513 1734 1540 sic
1753 1514 1870 1540 animam

1075 1566 1194 1590 nostram
1217 1566 1396 1596 temperemus
1407 1581 1415 1594 ,
1435 1561 1515 1588 etiam
1538 1568 1587 1595 pro
1599 1561 1664 1596 ipsis
1677 1568 1757 1588 orare
1772 1561 1872 1596 poteri-

1075 1615 1144 1634 mus.
1166 1607 1228 1634 ldeo
1247 1607 1317 1634 enim
1337 1610 1458 1641 quartam
1477 1605 1532 1641 jam
1552 1606 1657 1633 insumo
1675 1606 1748 1633 diem
1771 1606 1869 1633 cohor-

1075 1652 1155 1680 tando
1168 1660 1214 1690 _vos
1229 1657 1258 1679 ut
1276 1660 1325 1688 pro
1344 1652 1459 1679 inimicis
1476 1651 1558 1680 oretis
1568 1673 1577 1685 ,
1590 1659 1644 1687 quo
1656 1652 1761 1679 lirmior
1771 1652 1808 1679 sit
1820 1652 1868 1679 do—

1073 1698 1174 1732 ctrina,
1200 1697 1349 1732 frequentia
1370 1697 1558 1725 admonitionis
1578 1697 1705 1725 radicata.
1733 1697 1797 1725 Ideo
1819 1697 1869 1726 fre~

1074 1747 1188 1778 quenter
1199 1742 1368 1770 sermonibus
1388 1743 1475 1776 insto,
1488 1747 1516 1770 ut
1533 1742 1581 1770 irae
1595 1747 1726 1770 tumorem
1741 1751 1868 1771 evacuem

1073 1793 1100 1816 et
1113 1788 1237 1816 ardorem
1251 1796 1435 1824 compescam,
1452 1792 1480 1816 ut
1499 1789 1544 1824 qui
1558 1793 1662 1816 oratmn
1677 1789 1751 1816 venit
1766 1789 1806 1816 ira
1822 1797 1870 1816 va-

1074 1842 1141 1862 cuus
1153 1835 1200 1862 sit.
1212 1834 1278 1862 Nam
1293 1835 1417 1862 Christus
1436 1843 1489 1862 non
1509 1834 1677 1863 inimicorum
1691 1840 1794 1862 tantum
1809 1843 1868 1870 gra-

1073 1881 1108 1908 tia
1123 1881 1181 1909 haec
1193 1881 1348 1909 cohortatus
1369 1886 1428 1914 est,
1442 1881 1489 1908 sed
1512 1881 1593 1908 etiam
1607 1881 1694 1909 nostri
1708 1889 1791 1909 causa
1801 1903 1810 1915 ,
1825 1883 1867 1916 qui

1073 1932 1181 1963 peccata
1194 1927 1246 1955 illis
1265 1926 1441 1954 dimittimus:
1455 1926 1556 1962 majora
1569 1927 1641 1954 enim
1654 1927 1754 1962 accipis
1763 1948 1772 1961 ,
1787 1936 1865 1962 quam

1071 1973 1130 2007 das,
1142 1981 1203 2001 cum
1217 1974 1283 2001 iram
1304 1973 1419 2001 remittis
1432 1973 1550 2001 inimico.
1567 1973 1601 2001 Et
1618 1974 1756 2009 quomodo
1768 1975 1866 2009 majora

1071 2019 1192 2054 accipio,
1208 2018 1330 2053 inquies?
1350 2019 1379 2046 Si
1393 2018 1502 2046 inimico
1522 2024 1629 2054 peccata
1648 2019 1787 2046 remiseris
1798 2040 1805 2052 ,
1820 2027 1864 2046 re-

1072 2065 1212 2092 mittuntur
1220 2064 1266 2091 tibi
1279 2063 1374 2092 delicta
1393 2069 1486 2091 contra
1498 2063 1640 2092 Dominum
1662 2065 1791 2091 admissa.
1804 2065 1865 2092 Hac

1071 2111 1227 2138 insanabilia
1238 2115 1301 2138 sunt
1322 2118 1354 2138 ac
1363 2111 1468 2139 veniam
1482 2118 1535 2138 non
1555 2116 1707 2143 merentur,
1721 2111 1766 2138 illa
1777 2117 1864 2138 autem

1071 2157 1175 2185 veniam
1188 2163 1216 2185 et
1227 2157 1350 2186 solatium
1366 2158 1510 2193 reperiunt.
1525 2158 1594 2185 Audi
1608 2157 1667 2185 Heli
1683 2157 1819 2185 dicentem
1834 2159 1865 2184 ti-

1072 2203 1114 2231 liis
1127 2203 1183 2231 suis
1195 2213 1202 2230 :
1219 2204 1250 2231 Si
1261 2211 1365 2239 peccans
1375 2204 1512 2239 peccauit
1525 2205 1600 2231 homo
1616 2204 1643 2231 in
1656 2203 1786 2231 hominem
1797 2225 1804 2237 ,
1819 2213 1863 2238 pro

1069 2250 1115 2277 illo
1139 2250 1246 2277 orabunt
1261 2258 1271 2277 :
1283 2251 1306 2277 si
1331 2258 1388 2277 vero
1409 2250 1436 2277 in
1457 2249 1539 2278 Mm
1549 2250 1698 2286 peccaverit,
1709 2250 1767 2285 quis
1786 2251 1866 2277 orabit

1070 2304 1116 2330 pro
1130 2303 1160 2323 eo
1175 2297 1199 2332 (l
1214 2296 1279 2332 Reg.
1294 2295 1323 2325 2.
1334 2295 1401 2332 25)ἳ
1419 2296 1456 2324 Ita
1469 2300 1499 2324 ut
1510 2297 1606 2324 vulnus
1619 2296 1682 2324 illud
1697 2304 1732 2323 ne
1744 2297 1866 2324 oratione

1068 2341 1175 2378 quidem
1191 2342 1267 2370 facile
1281 2342 1399 2370 solvatur
1409 2342 1544 2370 :oratinne
1554 2341 1661 2377 quidem
1674 2349 1728 2369 non
1741 2341 1864 2373 solvitur,

1069 2389 1116 2416 sed
1134 2389 1293 2417 remissione
1314 2394 1483 2424 peccatorum
1501 2389 1613 2424 proximi
1632 2388 1756 2416 solvitur.
1768 2389 1866 2422 Quatu-

1068 2435 1161 2464 obrem
1176 2435 1219 2462 illa
1243 2435 1269 2462 in
1291 2435 1432 2463 Dominum
1445 2440 1554 2471 peccata
1565 2435 1657 2462 decem
1672 2434 1756 2462 millia
1767 2434 1863 2461 talenta

1066 2481 1171 2509 vocavit
1187 2480 1322 2514 Christus,
1343 2481 1401 2508 haec
1413 2489 1477 2508 vero
1496 2485 1603 2509 centum
1616 2480 1742 2508 denarios
1756 2479 1864 2515 (Matth.

1068 2526 1112 2554 18.
1135 2526 1181 2554 25.
1200 2526 1278 2562 sqq.).
1294 2527 1402 2554 Dimitte
1423 2534 1488 2562 ergo
1507 2531 1614 2554 centum
1626 2525 1765 2559 denarios,
1778 2530 1807 2552 ut
1819 2525 1864 2552 de-

1065 2579 1124 2600 cem
1139 2571 1222 2600 millia
1237 2573 1334 2600 talenta
1347 2572 1518 2600 remittantur
1532 2572 1588 2599 tibi.

1099 2617 1129 2645 2.
1142 2616 1195 2646 Sed
1216 2617 1250 2646 de
1263 2618 1384 2646 oratione
1398 2617 1503 2652 quidem
1519 2625 1568 2653 pro
1590 2617 1705 2645 inimicis
1728 2617 1796 2644 satis
1820 2617 1860 2644 lo-

1064 2663 1139 2700 quuti
1157 2670 1268 2697 sumus;
1281 2664 1336 2698 jam
1346 2663 1385 2696 ,si
1400 2663 1503 2699 placet.
1523 2663 1557 2690 ad
1571 2663 1751 2698 proditionem
1766 2662 1860 2690 redea-

1065 2717 1134 2742 mus,
1146 2713 1174 2737 et
1185 2709 1321 2737 videamus
1341 2709 1476 2744 quomodo
1490 2709 1617 2737 Dominus
1630 2713 1724 2736 noster
1737 2708 1856 2743 proditus

1063 2755 1109 2782 sit.
1123 2754 1196 2781 Tunc
1208 2754 1268 2781 abiit
1281 2763 1345 2782 unus
1355 2755 1387 2781 de
1405 2754 1537 2781 duodecim
1546 2774 1554 2788 ,
1565 2754 1651 2781 ludas
1669 2753 1807 2781 [scariqu
1816 2753 1855 2779 di-

1062 2805 1134 2833 ctus,
1163 2801 1196 2827 ad
1218 2801 1344 2835 principes
1362 2801 1534 2832 sacerdotia»,
1551 2806 1576 2827 et
1595 2800 1675 2832 dixit,
1694 2799 1764 2833 Quid
1783 2798 1855 2825 uultis

1063 2847 1123 2874 milii
1138 2847 1209 2881 dare,
1219 2851 1241 2874 et
1253 2855 1299 2883 ego
1311 2847 1378 2875 vobis
1389 2847 1488 2875 tradam
1499 2855 1553 2874 cum
1565 2846 1672 2882 (.lluu/i.
1683 2846 1730 2873 ‘26.
1743 2845 1784 2873 H.
1803 2844 1853 2879 l5)!
