1978 3131
134 151 184 184 3⁷5

652 153 696 181 DE
716 152 924 182 PRODITIONE
943 153 1040 182 JUDE
1072 153 1188 183 ΗΟΜΙΙ..
1209 154 1230 184 1.

652 487 707 515 ΕΙΣ
723 486 796 527 ΤΗῙξί
815 487 1007 515 ΠΡΟΔΟΣΙΔΝ
1027 487 1095 514 ΤΟΥ
1116 488 1226 521 ΙΟΥΔΑ,

128 661 178 689 Καὶ
200 661 246 693 εὶς
261 660 296 687 τὸ
311 659 430 695 Πάσχα,
446 659 494 686 καί
511 659 554 693 εἰς
575 658 632 693 τὴν
648 657 817 692 παράδοσιν
830 656 890 683 τῶν
904 656 1089 690 μυστηρίων,
1105 656 1153 682 καὶ
1167 656 1233 690 περὶ
1254 657 1307 683 τοῦ
1326 657 1370 691 μὴ
1389 659 1598 691 μνησικακεῖν.
1624 659 1663 693 Τῇ
1687 659 1754 694 ἁγίᾳ

766 702 815 729 καὶ
831 700 948 738 μεγάλῃ
967 701 1097 736 Πέμπτῃ.

449 967 566 1002 Ὀμιυίια
582 969 619 994 α’.

157 1014 191 1041 α’.
197 1013 294 1048 ὀλίγα
305 1013 413 1049 ἀνάγκη
426 1013 547 1049 σήμερον
557 1013 626 1049 πρὸς
636 1013 685 1049 τὴν
697 1012 834 1049 ὑμετέραν
842 1011 912 1046 ἁγά-

127 1065 176 1091 πην
195 1057 285 1083 εἰπεῖν
296 1065 304 1072 ·
321 1055 400 1090 ὀλίγα
417 1055 445 1082 δέ
460 1055 567 1092 ἀνάγκη
588 1056 684 1088 εἰπεῖν,
702 1055 752 1082 οὐκ
767 1054 860 1090 ἐπειδὴ
875 1053 914 1089 τῷ

125 1097 218 1133 πλήθει
237 1097 296 1124 τῶν
318 1096 473 1132 λεγομένοιν
494 1097 573 1132 ὑμεῖς
589 1096 756 1133 βαρύνεσθε·
778 1096 838 1123 οὐδέ
859 1095 913 1132 γὰρ

127 1141 196 1166 ἔστιν
212 1139 311 1174 ἑτέραν
332 1139 408 1165 πόλιν
421 1139 511 1175 εὑρεῖν
525 1138 611 1170 οὕτως
626 1138 766 1174 ἐρωτικῶς
782 1137 851 1173 πρὸς
865 1137 914 1173 τὴν

124 1182 251 1217 ἀκρόασιν
272 1181 331 1206 τῶν
349 1180 538 1215 πνευματικῶν
552 1176 652 1215 ¹λογίων
669 1179 853 1215 διακειμένην.
875 1179 913 1205 Οὐ

125 1224 209 1250 τοίνυν
224 1223 269 1249 διὰ
286 1222 369 1249 τοῦτο
383 1222 461 1255 ὀλίγα
478 1221 608 1257 λέγομεν,
624 1221 716 1257 ἐπειδὴ
732 1221 914 1256 άποκναίομεν

125 1265 193 1300 ὑμᾶς
208 1265 247 1300 τῷ
261 1264 372 1300 πλήθει,
388 1263 446 1291 ἀλλ’
458 1263 551 1299 ἐπειδὴ
567 1262 702 1298 ἀναγκαία
716 1263 766 1299 τῆς
784 1262 914 1299 βραχυλος

123 1307 182 1341 γίας
197 1307 320 1342 σήμερον
332 1307 348 1341 ή
366 1305 440 1333 αἰτία
450 1313 457 1320 ·
472 1305 519 1332 καὶ
532 1305 586 1341 γὰρ
602 1305 657 1342 ὁρῶ
671 1305 784 1337 πολλοὺς
795 1305 850 1331 τῶν
868 1312 915 1331 πι-

126 1348 192 1374 στῶν
204 1347 402 1383 ἐπειγομένους
413 1347 480 1382 πρὸς
494 1347 542 1383 τὴν
553 1347 607 1375 τῶν
621 1347 741 1385 φρικτῶν
758 1346 914 1385 μυστηρίων

125 1389 273 1416 κοινωνίαν.
295 1389 345 1417 Ἰν·
361 1387 408 1418 οὖν
426 1389 487 1425 μήτ’
504 1389 610 1426 ἐκείνης
626 1390 674 1426 τῆς
689 1390 829 1426 τραπέζης
847 1391 914 1418 ἀπο-

123 1431 232 1466 τύχωσι,
249 1433 324 1468 μήτε
339 1431 441 1467 ταύτης
457 1432 618 1466 ἐκπέσωσιν,
636 1433 742 1468 ἀνάγκη
759 1432 914 1468 σύμμετρον

124 1475 287 1510 ποιήσασθαι
310 1474 360 1510 τὴν
387 1474 516 1505 ἑστίασιν,
543 1475 575 1501 ἶν’
599 1474 767 1510 ἑκατέρωθεν
793 1475 858 1510 ὑμῖν
883 1475 914 1502 τὺ

125 1516 217 1551 κέρδος
232 1516 367 1552 γένηται.
389 1517 435 1543 καὶ
455 1515 531 1552 [577]
550 1516 603 1543 ἀπὸ
625 1516 726 1551 ταύτης
746 1516 915 1550 ἐφοδιασθέν-

124 1566 166 1589 τες
174 1558 220 1584 καὶ
230 1557 288 1585 τῶν
304 1558 369 1593 παρ’
382 1558 397 1593 ἠ
402 1558 458 1593 μῶν
472 1557 558 1592 λόγων
568 1564 592 1590 α,
605 1557 689 1589 οὕτως
705 1557 849 1593 ἀπέλθητε,
866 1558 913 1585 καὶ

125 1598 191 1634 μετὰ
209 1598 294 1633 φόϐου
314 1599 362 1626 καὶ
375 1599 476 1634 τρόμου
495 1599 542 1626 καὶ
557 1599 606 1632 τῆς
625 1599 816 1635 προσηκούσης
836 1600 914 1626 εὐλαα

126 1641 196 1672 σείας
209 1641 242 1676 τῇ
262 1640 370 1676 φοϐερᾷ
381 1640 429 1667 καὶ
443 1641 544 1676 φρικτῇ
562 1641 726 1676 προσέλθητε
740 1642 876 1678 κοινωνίᾳ.

158 1683 294 1718 Σήμερον,
315 1682 461 1718 ἀγαπητοὶ,
478 1683 492 1709 6
508 1682 609 1718 Κύριος
632 1682 712 1718 ἡμῶν
730 1683 833 1719 Ἰησοῦς
847 1684 914 1719 Χρι-

127 1724 183 1756 στὸς
201 1723 342 1760 παρεδόθη
354 1733 360 1739 ·
374 1725 406 1759 τῇ
427 1723 480 1760 γὰρ
503 1724 617 1760 ἐπιούσῃ
641 1724 744 1760 ἑσπέρα
754 1725 848 1760 ταύτῃ,
866 1725 915 1752 λα-

125 1766 212 1797 δόντες
236 1759 331 1797 αὐτὸν,
350 1766 468 1800 ἀπῆλθον
482 1766 507 1792 οι
530 1759 660 1793 Ἰουδαῖοι.
681 1759 760 1793 Ἀλλὰ
783 1759 914 1803 μὴηίένῃ

126 1807 258 1844 κατηφὴς,
283 1807 403 1839 ἀκούσας
427 1808 467 1834 ὅτι
489 1807 590 1843 Ἰησοῦς
613 1807 763 1843 παρεδόθη·
778 1808 914 1843 μᾶλλονδὲ

126 1850 198 1882 γενοῦ
211 1849 352 1884 κατηφὴς.
375 1850 420 1876 καὶ
437 1849 552 1876 κλαῦσον
571 1849 688 1885 πικρῶς.
700 1850 768 1876 ἀλλὰ
783 1850 818 1885 μὴ
842 1849 914 1885 ὑπὲρ

124 1891 168 1918 τοῦ
194 1891 396 1927 παραδοθέντος
421 1891 518 1926 Ἰησοῦ,
543 1891 600 1918 ἀλλ’
626 1892 696 1927 ὑπὲρ
713 1892 760 1918 τοῦ
783 1893 912 1928 προδότου

129 1933 221 1959 Ἰούδα.
245 1934 274 1960 ’0
288 1933 339 1968 μὲν
358 1933 412 1968 γὰρ
435 1933 597 1968 παραδοθεὶς
611 1933 659 1969 τὴν
671 1933 831 1969 οἰκουμένην
845 1933 913 1960 ἐσω-

126 1983 177 2007 σεν,
190 1976 204 2001 6
214 1976 244 2002 δέ
260 1975 378 2012 προδοὺς
396 1976 445 2010 τὴν
463 1974 559 2001 ἐαυτοῦ
575 1975 664 2010 ψυχὴν
681 1975 817 2002 ἀπώλεσε·
836 1976 882 2002 καὶ
897 1976 912 2002 6

127 2017 172 2051 μὲν
187 2017 331 2052 προδοθεὶς
355 2018 384 2044 ἐν
404 2017 479 2052 δεξιᾷ
496 2017 612 2053 κάθηται
630 2018 676 2044 τοῦ
696 2017 801 2053 Πατρδς
813 2019 842 2044 ὲν
855 2018 912 2049 τοῖς

124 2059 255 2093 οὐρανοῖς,
265 2060 280 2085 ὁ
288 2059 317 2084 δὲ
324 2058 460 2093 παραδοὺς
473 2059 501 2085 ἐν
517 2058 580 2094 ᾅδου
591 2059 638 2085 νῦν
652 2060 720 2090 ἐστι,
729 2059 778 2094 τὴν
793 2059 912 2094 ἀπαραι-

125 2107 200 2135 τητον
209 2100 355 2135 ἀναμένων
368 2100 488 2127 κόλασιν.
506 2100 556 2127 Διὰ
571 2100 664 2128 τοῦτον
675 2099 722 2128 οὖν
738 2101 854 2128 κλαῦσον
865 2102 911 2128 καὶ

126 2141 259 2173 στέναξον,
273 2141 319 2168 διὰ
334 2141 428 2168 τοῦτον
443 2141 585 2177 πένθησον,
606 2141 698 2178 ἐπειδὴ
714 2142 761 2169 καὶ
776 2143 790 2169 6
807 2143 910 2169 Δεσπό-

124 2190 171 2218 της
191 2183 270 2219 ήμῶν
296 2183 339 2210 διὰ
358 2182 451 2210 τοῦτον
470 2183 625 2219 ἐδάκρυσεν.
648 2184 726 2211 Ἰδὼν
740 2185 794 2220 γὰρ
807 2184 909 2216 αὑτὸν,

125 2224 213 2259 φησὶν,
223 2224 375 2259 ἐταράχθη
384 2225 431 2251 καὶ
440 2223 534 2252 εἶπεν·
545 2223 597 2258 Εἷς
605 2225 639 2258 ἐξ
647 2225 731 2260 ὑμῶν
741 2225 910 2260 παραδώσει

122 2274 165 2300 με.
182 2266 214 2292 Ὢ
229 2267 303 2302 πόση
315 2266 499 2301 εὐσπλαγχνία
512 2265 559 2293 τοῦ
576 2267 726 2294 Δεσπότουι
743 2268 757 2294 6
769 2268 909 2303 προδοθεὶς

125 2308 191 2342 ὐπέρ
202 2308 249 2334 τοῦ
263 2307 409 2343 προδόντος
425 2308 511 2342 ἀλγεῖ.
527 2308 610 2336 Ἰδὼν
618 2308 672 2344 γὰρ
686 2310 787 2342 αὑτὸν,
807 2309 910 2344 ἐταρά-

125 2347 189 2382 χθη,
202 2349 282 2384 φησὶ,
298 2349 348 2376 καὶ
358 2347 456 2376 εἶπεν·
471 2347 523 2381 Εἷς
535 2350 570 2382 ἐξ
584 2349 668 2384 ὑμῶν
681 2350 847 2385 παραδώσει
860 2360 907 2386 με.

123 2389 198 2422 Τίνος
208 2390 303 2417 ἕνεκεν
318 2390 472 2426 ὴθύμησεν;
489 2390 571 2426 ὀμοῦ
591 2392 638 2418 καὶ
654 2391 702 2427 τὴν
719 2391 909 2428 φιλοστοργίαν

125 2431 171 2465 τήν
185 2431 285 2458 ἑαυτοῦ
304 2431 534 2467 ἐπιδεικνύμενος,
555 2433 602 2460 καὶ
619 2433 751 2461 διδάσκων
765 2435 849 2470 ἡμᾶς,
867 2435 908 2462 ὅτι

125 2471 153 2497 οὐ
163 2472 208 2498 τὸν
221 2473 362 2508 πάσχοντα
380 2475 483 2507 κακῶς,
501 2475 568 2502 ἀλλὰ
588 2476 634 2502 τὸν
652 2476 780 2511 ποιοῦντα
804 2476 907 2508 κακῶς,

124 2513 213 2540 τοῦτον
227 2514 338 2550 θρηνεῖν
357 2516 494 2551 πανταχοῦ
506 2517 621 2545 δίκαιον.
636 2517 720 2545 Τοῦτο
737 2519 790 2554 γὰρ
803 2519 906 2546 ἐκείνου

125 2556 219 2590 χεῖρον,
234 2558 336 2592 μᾶλλον
351 2558 380 2585 δέ
396 2559 483 2586 ἐκεῖνο
499 2560 547 2594 μέν
560 2560 590 2586 οὐ
603 2560 695 2592 κακὸν,
711 2560 742 2587 τδ
752 2561 844 2593 κακῶς
856 2570 907 2587 πα-

125 2595 187 2628 θεῖν.
203 2598 326 2626 κακδνδέ
338 2599 369 2626 τδ
386 2601 497 2636 ποιῆσαι
513 2601 614 2634 κακῶς.
629 2601 666 2628 T6
682 2601 732 2638 μὲν
744 2602 797 2637 γὰρ
815 2603 907 2634 κακῶς

125 2638 226 2671 παθεῖν,
242 2639 292 2676 τὴν
306 2640 444 2675 βασιλείαν
466 2641 520 2669 τῶν
543 2642 663 2678 οὐρανῶν
681 2643 819 2680 προξενεῖ,
838 2644 868 2671 τὸ
878 2645 906 2671 δέ

125 2679 212 2712 κακῶς
226 2681 339 2716 ποιῆσαι
353 2682 439 2709 αίτιον
448 2683 513 2718 ἡμῖν
522 2683 571 2719 τῆς
581 2684 692 2720 γεέννης
704 2685 749 2712 καὶ
763 2685 812 2721 τῆς
827 2686 906 2713 κολά-

125 2728 189 2761 σεως
202 2722 317 2755 γίνεται.
341 2723 485 2758 Μακάριοι
497 2725 560 2760 γὰρ,
576 2726 667 2761 φησὶν,
681 2727 707 2753 οι
720 2726 906 2761 δεδιωγμένοι

125 2760 223 2789 ἕνεκεν
235 2763 441 2799 δικαιοσύνης,
457 2765 501 2793 ὅτι
520 2766 618 2798 αὐτῶν
634 2767 720 2795 ἐστιν
732 2768 751 2796 ἡ
761 2760 905 2800 ,βασιλεία

153 2860 168 2876 ⁸
178 2859 218 2886 Sic
225 2868 284 2888 mss.
299 2863 362 2889 Edit.
376 2870 435 2889 vero
443 2865 528 2895 λογίων

966 1009 1025 1036 τῶν
1040 1009 1185 1044 οὐρανῶν.
1208 1009 1287 1046 Ὁρᾷς
1305 1011 1362 1043 πῶς
1374 1012 1404 1038 τὸ
1418 1011 1511 1044 κακῶς
1523 1012 1619 1041 παθεῖν
1634 1014 1689 1050 ἔχει
1709 1024 1753 1051 μι-

967 1051 1029 1078 σθὸν
1043 1052 1090 1095 καὶ
1101 1051 1217 1095 ἔπαθλον
1237 1052 1286 1088 τὴν
1293 1053 1429 1088 βασιλείαν
1439 1054 1493 1081 τῶν
1509 1055 1646 1091 οὐρανῶν;
1660 1058 1752 1084 ΙἈκου-
1768 1061 1780 1095 /‘

967 1101 1013 1121 σον
1026 1093 1085 1125 πῶς
1099 1093 1129 1120 τδ
1145 1093 1238 1126 κακῶς
1258 1095 1368 1130 ποιῆσαι
1388 1095 1497 1122 κόλασιν
1518 1096 1596 1132 φέρει
1610 1098 1657 1124 καὶ
1669 1107 1753 1133 τιμω-

968 1135 1038 1170 ρίαν.
1051 1134 1142 1162 Είπὼν
1151 1135 1206 1172 γὰρ
1222 1137 1236 1163 ό
1251 1136 1356 1168 Παῦλος
1377 1137 1442 1172 περὶ
1468 1137 1523 1164 τῶν
1554 1138 1697 1173 Ἰουδαίων,
1712 1141 1753 1168 ὅτι

970 1176 1024 1202 Τὸν
1038 1177 1148 1210 Κύριον
1156 1177 1343 1211 ἀπέκτειναν,
1359 1178 1409 1205 καὶ
1425 1178 1494 1212 τοὺς
1504 1179 1657 1214 προφήτας
1670 1181 1752 1207 ἐδίω-

967 1218 1033 1250 ξαν.
1045 1219 1185 1254 ἐπήγαγεν
1195 1228 1202 1236 ⁸
1217 1216 1276 1247 ’Ὧν
1287 1220 1320 1247 τὸ
1336 1220 1423 1253 τέλος
1451 1221 1535 1247 ἔσται
1550 1221 1623 1249 κατὰ
1635 1222 1670 1249 τὰ
1682 1222 1752 1256 ἔργα

966 1260 1075 1288 αὐτῶν.
1095 1259 1173 1294 Εἶδες
1187 1261 1246 1294 πῶς
1260 1263 1284 1289 οἱ
1307 1262 1356 1298 μὲν
1372 1262 1530 1298 διωκόμενοι
1548 1262 1599 1298 τὴν
1612 1257 1752 1300 ’βαρ-ιλείαν

966 1301 1159 1340 λαμδάνουσιν,
1167 1303 1191 1330 οῑ
1201 1303 1229 1330 δέ
1238 1296 1382 1337 διώκοντες
1388 1304 1438 1341 τὴν
1444 1296 1528 1340 ὀργὴν
1539 1296 1707 1342 κληρονδμοῠ
1711 1316 1737 1334 σι
1744 1317 1751 1339 ;

965 1345 1058 1374 Ταῦτα
1071 1344 1101 1375 δέ
1117 1357 1160 1383 μοι
1177 1348 1225 1383 οὐχ
1251 1348 1343 1380 ἅπλῶς
1359 1348 1406 1374 νῦν
1431 1349 1549 1384 εἴρηται,
1568 1349 1626 1376 ἀλλ’
1650 1349 1694 1376 ἵνα
1715 1349 1753 1386 μὴ

965 1390 1022 1421 τοῖς
1037 1389 1145 1425 ἐχθροῖς
1160 1389 1345 1425 όργιζώμεθα,
1360 1390 1418 1417 ἀλλ’
1441 1390 1560 1426 ἐλεῶμεν
1590 1391 1688 1423 αὐτοὺς
1706 1393 1753 1418 καὶ

966 1431 1110 1467 θρηνῶμεν
1123 1431 1171 1458 καὶ
1188 1431 1364 1467 συναλγῶμεν
1377 1432 1486 1464 αὐτοῖς·
1500 1433 1598 1460 ἐκεῖνοι
1614 1433 1667 1468 γάρ
1685 1433 1753 1460 εἰσιν

965 1473 990 1500 οι
1003 1472 1095 1505 κακῶς
1108 1473 1267 1508 πάσχοντες,
1284 1473 1309 1500 οἱ
1322 1473 1506 1509 ἐχθραίνοντες
1521 1475 1596 1510 ἡμῖν.
1615 1475 1663 1501 Ἂν
1682 1475 1753 1502 οὕτω

966 1515 1219 1551 παρασκευάσωμεν
1238 1515 1288 1551 τὴν
1307 1515 1394 1551 ψυχὴν
1413 1515 1463 1552 τὴν
1477 1516 1623 1552 ἡμετέραν,
1638 1517 1751 1552 δυνησό-

968 1556 1038 1592 μεθα
1052 1557 1142 1584 αὐτῶν
1153 1557 1200 1584 κει)⁸
1216 1556 1423 1592 ὐπερεύχεσθαι.
1434 1557 1484 1584 Διὰ
1498 1557 1552 1593 γὰρ
1566 1557 1645 1584 τοῦτο
1657 1558 1751 1594 τετάρ-

966 1607 1016 1634 την
1030 1598 1135 1634 ἡμέραν
1149 1598 1251 1634 ταύτην
1270 1598 1323 1634 έχω
1342 1598 1530 1634 διαλεγόμενος
1549 1600 1612 1634 ὑμῖν
1628 1601 1691 1635 περὶ
1708 1600 1751 1626 εὐι
1791 1635 1794 1637 _

965 1641 1017 1676 χῆς
1029 1640 1099 1676 ὑπὲρ
1112 1640 1166 1667 τῶν
1178 1639 1291 1676 ἐχθρῶν,
1310 1640 1353 1667 ἵνα
1382 1640 1494 1675 μόνιμος
1517 1641 1627 1676 γένηται
1648 1642 1696 1677 τῆς
1714 1641 1751 1668 δι-

964 1682 1110 1714 δασκαλίας
1120 1683 1135 1709 ὁ
1153 1682 1241 1716 λόγος,
1258 1683 1292 1718 τῇ
1306 1683 1429 1718 συνεχείᾳ
1443 1682 1493 1717 τῆς
1509 1683 1695 1718 παραινέσεως
1708 1685 1751 1719 ῥι-

964 1723 1070 1756 ζωθείς.
1087 1723 1137 1750 Διὰ
1151 1722 1230 1750 τοῦτο
1245 1722 1364 1758 συνεχῶς
1382 1723 1568 1759 ἁπαντλοῦμαι
1589 1724 1646 1756 τοῖς
1659 1725 1751 1760 ῥήμα-

964 1773 1017 1797 σιν,
1043 1764 1113 1791 ὥστε
1138 1765 1168 1792 τὸ
1190 1765 1289 1800 οἴδημα
1313 1766 1363 1801 τῆς
1385 1765 1470 1800 ὀργῆς
1491 1765 1680 1801 ὐπονοστῆσαι,
1703 1768 1751 1794 καὶ

963 1806 1163 1841 κατασταλήναι
1181 1806 1230 1843 τὴν
1257 1806 1420 1842 φλεγμονὴν,
1441 1807 1511 1834 ὥστε
1527 1807 1647 1844 καθαρὸν
1666 1808 1750 1844 ὀργῆς

963 1845 1032 1874 εἷναι
1047 1848 1093 1874 τδν
1105 1849 1169 1884 εὐχῇ
1194 1848 1349 1884 προσιόντα.
1372 1849 1440 1876 Οὐδέ
1450 1848 1505 1884 γὰρ
1521 1850 1535 1876 6
1548 1850 1666 1885 Χριστὸς
1679 1850 1749 1886 ὺπέρ

962 1889 1017 1916 τῶν
1031 1890 1134 1925 ἐχθρῶν
1161 1890 1245 1916 ταῦτα
1270 1890 1405 1926 παρῄνεσε
1429 1890 1519 1926 μόνον,
1535 1892 1603 1919 ἀλλὰ
1618 1893 1665 1919 καὶ
1679 1893 1749 1928 ὑπὲρ

962 1930 1041 1966 ήμῶν
1053 1931 1107 1958 τῶν
1136 1931 1268 1966 ἀφιέντων
1291 1931 1404 1964 ἐκείνοις
1422 1932 1456 1959 τὰ
1470 1933 1672 1970 ἁμαρτήματα·
1690 1935 1749 1970 μεί-

962 1971 1026 2003 ζονα
1036 1971 1090 2008 γὰρ
1109 1972 1257 2008 λαμϐάνεις
1280 1973 1296 2009 ἢ
1321 1973 1410 2005 δίδως,
1429 1974 1518 2009 ἀφιεὶς
1530 1974 1579 2011 τὴν
1596 1975 1680 2011 ὀργὴν
1709 1976 1748 2012 τῷ

961 2013 1060 2048 ἐχθρῷ.
1091 2014 1145 2040 Καὶ
1177 2014 1235 2045 πῶς
1262 2013 1372 2048 μείζονα
1397 2014 1541 2051 λαμϐάνω;
1567 2017 1659 2052 φησίν.
1685 2017 1747 2044 Ἐὰν

961 2055 1070 2091 ἀφήσῃς
1083 2054 1118 2081 τὰ
1128 2056 1167 2087 είς
1182 2055 1227 2082 τδν
1239 2055 1335 2091 ἐχθρὸν
1350 2057 1546 2093 ἁμαρτήματα,
1566 2060 1746 2095 συγχωρεϊταί

961 2105 1003 2123 σοι
1020 2096 1056 2123 τὰ
1081 2098 1121 2127 εἰς
1145 2097 1190 2123 τὸν
1213 2097 1351 2133 Δεσπότην
1374 2098 1606 2135 πλημμελήματα.
1641 2100 1746 2128 Ἐκεῖνα

960 2137 1057 2165 ἀνίατά
1069 2138 1120 2164 εἱσι
1132 2138 1179 2164 καὶ
1191 2137 1266 2174 [578]
1279 2139 1568 2174 ἀσύγγνωστα⁸ταΰτα
1578 2141 1676 2178 πολλὴν
1689 2142 1745 2177 ἔχει

962 2179 1137 2215 παραμυθίαν
1149 2181 1195 2206 καὶ
1212 2181 1385 2216 συγγνώμην.
1400 2182 1532 2209 Ἄκουσον
1546 2182 1611 2218 γοῦν
1621 2184 1667 2211 τοῦ
1686 2185 1744 2212 Ἠλὶ

962 2220 1084 2255 λέγοντος
1097 2221 1165 2256 πρὸς
1177 2222 1240 2253 τοὺς
1271 2222 1345 2253 υἱοὺς
1364 2222 1445 2250 αὐτοῦ
1458 2231 1465 2238 ·
1485 2224 1555 2251 Ἐὰν
1566 2225 1745 2260 ἁμαρτάνων

961 2262 1075 2297 ἁμάρτῃ
1094 2263 1247 2298 ἅνθρωπος
1257 2265 1300 2296 εις
1319 2264 1484 2298 ἄνθρωπον,
1497 2266 1545 2293 καὶ
1560 2268 1743 2301 προσεύξον-

959 2313 1006 2331 tat
1023 2304 1086 2338 περὶ
1094 2305 1186 2332 αὐτοῦ
1195 2313 1202 2320 ·
1217 2305 1271 2332 ἐὰν
1282 2305 1316 2332 δὲ
1323 2306 1367 2339 είς
1375 2306 1449 2333 Θεὸν
1459 2307 1582 2342 ἁμάρτῃ,
1597 2310 1641 2343 τίς
1652 2318 1743 2344 προσ-

959 2346 1075 2378 εύξεται
1085 2346 1151 2381 περὶ
1176 2347 1268 2374 αὐτοῦ
1277 2355 1287 2379 ;
1300 2347 1381 2374 Ὥστε
1398 2349 1484 2376 ἐκεῖνο
1504 2350 1535 2376 τὸ
1557 2351 1666 2386 τραῦμα
1681 2352 1742 2380 οὕτε

958 2388 1032 2430 εὐχῇγ
1040 2387 1137 2424 ῥᾳδίως
1149 2388 1240 2415 λύεται
1251 2397 1258 2404 ’
1270 2389 1336 2424 εὐχῇ
1353 2390 1403 2424 μέν
1415 2391 1445 2417 οὐ
1458 2391 1561 2424 λύεται,
1572 2394 1742 2430 συγχωρήσει

958 2429 986 2456 δέ
1000 2429 1053 2456 τῶν
1073 2430 1279 2465 ἁμαρτημάτων
1302 2431 1356 2458 τῶν
1382 2433 1422 2464 εἰς
1437 2432 1483 2460 τὸν
1499 2434 1610 2469 πλησίον
1623 2429 1741 2464 λέλυται.

958 2471 1004 2513 Διὸ
1020 2472 1111 2513 ἐκεῖνα
1128 2471 1179 2507 μὲν
1203 2471 1287 2507 μύρια
1309 2473 1427 2500 τάλαντα
1443 2475 1571 2502 ἐκάλεσεν
1588 2477 1601 2503 ό
1614 2478 1741 2513 Χριστὸς,

958 2512 991 2539 τά
1010 2513 1050 2544 είς
1066 2512 1111 2539 τὸν
1126 2513 1264 2549 Δεσπότην
1283 2514 1467 2550 ἁμαρτήματα
1477 2524 1483 2531 ·
1500 2517 1585 2545 ταῦτα
1599 2518 1627 2545 δέ
1641 2512 1755 2547 νέκατὸν.

958 2552 1180 2597 δηνάριαςΑφες
1197 2552 1245 2582 οὖν
1271 2556 1368 2583 ἑκατὸν
1382 2557 1506 2593 δηνάρια,
1531 2559 1573 2585 ἵνα
1594 2560 1680 2597 ἀφεθῇ
1701 2570 1742 2588 σοι

959 2595 1042 2630 μύρια
1057 2595 1187 2623 τάλαντα.

992 2658 1115 2702 β’ςΑλλὰ
1122 2659 1156 2686 τά
1165 2660 1215 2695 μέν
1222 2660 1342 2696 περὶτῆς
1348 2662 1430 2697 εὐχῆς
1438 2663 1487 2698 τῆς
1499 2664 1569 2700 ὑπὲρ
1576 2665 1629 2692 τῶν
1638 2666 1741 2702 ἐχθρῶν

959 2700 1060 2732 ἱκανῶς
1072 2701 1194 2736 εἴρηται·
1210 2702 1257 2729 ἐπὶ
1279 2702 1307 2729 δέ
1326 2704 1372 2730 τὸν
1386 2704 1436 2740 τῆς
1448 2706 1601 2741 προδοσίας,
1620 2700 1738 2740 είγδοκεῖ,

956 2741 1147 2777 ἐπανέλθωμεν
1161 2742 1249 2777 λόγον,
1265 2744 1312 2771 καὶ
1330 2744 1428 2780 ἴδωμεν
1441 2747 1500 2779 πῶς
1515 2749 1650 2784 παρεδόθη
1660 2749 1739 2784 ἡμῶν

955 2784 970 2809 ὁ
982 2785 1128 2819 Δεσπότης.
1146 2785 1215 2812 Τότε
1236 2787 1391 2820 πορευθεὶς
1399 2785 1444 2821 εἷς
1456 2788 1516 2816 τῶν
1528 2789 1651 2824 δώδεκα,
1668 2791 1737 2818 Ἰού-

956 2825 1011 2867 δας
1024 2826 1041 2852 ό
1049 2826 1209 2867 λεγόμενος
1216 2827 1409 2863 Ἰσκαριώτης,
1417 2830 1492 2864 πρὸς
1503 2831 1573 2865 τοὺς
1583 2832 1736 2867 ἀρχιερεῖς,

955 2864 1035 2893 εἷπε·
1048 2866 1079 2894 Τί
1091 2866 1192 2894 θέλετέ
1202 2876 1253 2903 μοι
1269 2868 1382 2904 δοῦναι,
1398 2871 1477 2906 κάγὼ
1490 2864 1738 2907 ὑμῖνγπορὶιδώσω
