1978 3131
144 133 193 162 373

145 190 173 217 Et
188 189 289 216 videtur
311 189 419 223 quidem
432 189 455 217 id
470 189 539 224 quod
554 189 653 218 dictum
670 195 712 218 est
731 191 833 218 clarum
844 199 904 219 esse
915 212 923 224 ,

143 235 256 268 nihilque
277 234 393 269 amplius
416 234 598 268 subindicare;
614 235 662 263 sed
683 236 705 263 si
730 236 790 271 quis
803 240 927 264 accurate

141 279 248 315 singula,
261 288 324 315 quae
342 280 413 308 dicta
426 284 495 313 sunt,
510 281 655 314 examinet,
671 289 794 317 magnam
808 282 927 317 praebent

140 325 334 360 contemplandi
345 326 492 358 materiam,
505 327 668 362 multamque
677 335 805 355 sensuum
817 327 928 362 profun-

140 372 255 398 ditatem.
272 371 362 398 l’rimo
373 375 477 406 tempus
487 372 711 400 considerandum
722 377 772 400 est.
783 372 841 401 Non
856 374 927 400 enim

141 417 294 452 simpliciter
310 417 374 445 illud
395 417 493 445 indicat
505 418 686 453 evangelista;
702 426 788 453 neque
800 419 872 446 enim
885 418 927 446 di-

141 464 177 490 xit
189 463 275 490 solum
285 484 294 497 ,
311 463 394 497 Abiit,
407 463 454 491 sed
469 463 582 499 adjecit,
600 463 669 491 Tunc
690 464 762 492 abiit.
775 464 866 492 Tunc?
884 464 928 492 die

141 511 202 538 mihi
215 511 385 545 quandonam
398 531 405 544 ,
421 516 448 538 et
459 519 572 546 quanam
585 511 619 539 de
631 519 711 539 causa
727 517 831 546 tempus
855 511 926 539 indi-

140 556 197 583 ret?
211 556 273 591 quid
288 565 331 584 me
342 557 439 584 docere
453 557 509 584 vult
524 557 536 584 ἳ
550 557 607 584 Non
622 557 694 585 enim
717 561 818 585 temere
828 557 927 585 dictum

140 607 179 630 est
190 601 253 629 illud
266 622 273 635 ,
288 607 350 629 tunc
365 610 375 630 :
388 602 517 636 siquidem
532 609 592 630 cum
605 601 705 637 Spiritu
724 607 812 630 motus
836 603 930 637 loqueo

141 653 221 681 retur,
234 655 285 676 nec
300 653 401 675 temere
415 655 465 676 nec
475 648 570 676 frustra
584 648 751 683 loquebatur.
763 647 833 682 Quid
849 648 929 683 igitur

140 698 179 722 est
191 693 267 727 illud,
283 694 362 721 tunc!
377 694 445 722 Ante
459 694 523 722 illud
540 699 660 729 tempus,
674 699 736 722 ante
751 695 821 722 illam
834 694 928 722 horam

140 740 248 768 accessit
262 740 390 768 meretrix
406 739 567 767 alabastrum
581 740 708 776 unguenti
721 740 832 773 habens,
849 745 876 768 et
887 740 928 768 ef-

141 785 205 813 fudit
217 785 308 812 oleum
336 785 399 812 illud
411 792 493 820 super
504 789 584 820 caput
608 785 723 812 Domini.
749 785 869 821 Magnam
884 793 930 813 cu-

141 840 194 859 ram
216 831 352 863 ostendit,
367 831 494 866 grandem
509 831 586 859 fidem
596 851 604 864 ,
619 831 730 858 multam
744 831 922 860 obedientiam

140 885 170 904 ac
182 878 319 912 pietatem;
335 878 449 912 priorem
462 878 542 905 vitam
556 878 668 905 mutavit
677 898 685 911 ,
700 877 766 905 facta
780 882 821 906 est
835 879 930 906 melior

140 927 164 949 et
197 922 400 956 temperantior.
427 923 460 949 Et
494 922 600 957 quando
633 924 760 950 meretrix
798 923 928 958 resipuit,

141 969 242 1001 quando
253 967 306 995 sibi
320 968 459 994 Dominum
474 968 586 996 attraxit
597 989 604 1001 ,
621 972 685 996 tunc
704 968 850 1003 discipulus
874 977 931 997 ma-

140 1014 247 1048 gistrum
270 1013 399 1048 prodidit.
417 1013 479 1041 Ideo
493 1013 569 1045 dixit,
585 1018 655 1047 tunc,
671 1021 705 1042 ne
725 1014 879 1049 magistrum
891 1014 931 1042 in-

142 1058 272 1086 lirmitatis
298 1066 456 1092 accusares,
481 1059 525 1086 ubi
550 1059 655 1088 videres
680 1067 741 1087 eum
763 1068 779 1087 a
801 1060 931 1095 discipqu

140 1104 223 1140 prodi.
236 1104 322 1131 Tanta
344 1105 414 1132 enim
428 1104 469 1132 vis
483 1108 539 1131 erat
553 1105 689 1140 magistri,
702 1110 730 1132 ut
743 1105 823 1133 etiam
844 1113 931 1134 mere-

142 1150 216 1177 trices
227 1149 263 1177 ad
278 1149 480 1185 obsequendum
494 1150 544 1178 sibi
561 1151 735 1185 pertraheret.

174 1193 242 1221 Deus
255 1203 308 1221 non
321 1195 463 1222 necessitate
472 1196 594 1229 pertrahit
604 1195 637 1222 ad
649 1196 741 1223 bonum
751 1196 887 1232 agendum.
896 1211 932 1218 —

141 1239 206 1272 Quid
220 1240 304 1275 igitur
314 1261 322 1274 ,
337 1240 440 1275 inquies
449 1261 457 1274 ,
469 1240 514 1275 qui
529 1241 683 1268 meretrices
697 1242 799 1277 potuit,
812 1241 931 1277 discipu-

142 1285 191 1312 lum
205 1285 364 1320 pertrahere
374 1294 426 1313 non
440 1286 525 1320 potuit
539 1286 550 1313 i
564 1286 670 1314 Poterat
691 1286 800 1321 quidem
813 1286 932 1322 discipu-

143 1331 193 1357 lum
207 1332 376 1366 pertrahere,
391 1331 438 1359 sed
460 1332 544 1359 noluit
566 1331 640 1359 illum
665 1332 822 1361 necessitate
832 1332 931 1361 bonum

143 1377 236 1409 facere,
251 1384 342 1412 neque
354 1377 380 1404 vi
387 1377 420 1404 ad
432 1384 461 1404 se
476 1377 639 1412 pertrahere.
656 1377 726 1404 Tum:
735 1377 830 1406 abiens.
845 1378 932 1406 Etiam

144 1421 205 1449 illud
213 1442 221 1455 ,
231 1422 335 1454 abiens,
345 1422 459 1457 aliquam
473 1422 552 1450 habet
564 1423 760 1458 contemplandi
773 1424 911 1452 materiam
924 1432 932 1452 :

143 1474 194 1494 non
208 1468 281 1495 enim
297 1468 398 1495 accitus
414 1476 429 1495 a
442 1468 604 1504 principibus
617 1469 802 1504 sacerdotum,
819 1477 872 1498 non
887 1477 934 1498 ne-

144 1513 266 1540 cessitate
290 1512 428 1547 inductus,
443 1521 496 1541 non
509 1519 630 1547 coactus;
649 1514 696 1542 sed
715 1522 730 1542 a
746 1516 834 1550 seipso
848 1519 876 1544 et
886 1523 934 1544 sua

143 1564 234 1594 sponte
246 1559 342 1586 dolum
356 1560 468 1595 peperit,
482 1565 509 1588 et
521 1559 589 1588 hanc
597 1561 691 1589 extulit
699 1563 858 1590 sententiam
867 1582 876 1596 ,
888 1571 935 1590 ne-

143 1605 212 1633 mine
233 1606 290 1633 alio
310 1606 360 1633 sibi
382 1607 506 1642 nequitiae
529 1606 608 1642 hujus
630 1612 749 1636 auctore.
766 1607 837 1636 Tunc
849 1609 935 1647 abiens

144 1659 205 1678 unus
218 1650 250 1678 de
269 1651 415 1678 duodecim.
428 1651 496 1686 Quid
509 1656 560 1686 est,
574 1652 646 1681 Unus
667 1653 698 1680 de
711 1653 842 1681 duodecim
854 1654 868 1682 7
880 1654 936 1683 Hoc

144 1696 178 1723 illi
203 1704 306 1732 magno
327 1697 433 1725 crimini
449 1699 574 1732 vertitur,
599 1699 669 1734 quod
683 1700 795 1733 dicatur,
811 1700 883 1729 Unus
904 1701 936 1729 ds

144 1741 288 1769 duodecim.
306 1742 412 1770 Etenim
424 1747 501 1771 erant
517 1748 544 1772 et
557 1744 602 1772 alii
613 1744 674 1773 Jesu
691 1745 812 1780 discipuli
824 1754 935 1774 numero

143 1787 312 1822 septuaginta
322 1796 329 1815 :
340 1788 386 1816 sed
401 1788 440 1816 illi
453 1789 584 1817 secundas
596 1789 739 1823 habebant,
752 1791 790 1818 illi
801 1799 854 1819 non
863 1796 936 1820 tanto

146 1832 304 1861 fruebantur
325 1834 436 1868 honore,
460 1843 510 1864 nec
524 1840 597 1864 tanta
620 1841 696 1864 erant
710 1838 934 1872 praditiflducia,

146 1886 195 1906 non
208 1884 345 1907 tantorum
358 1885 434 1908 erant
446 1881 587 1917 participes
595 1890 752 1911 arcanorum
761 1905 768 1918 ,
777 1884 936 1919 quantbrum

143 1926 286 1954 duodecim
302 1927 349 1955 illi.
364 1927 412 1956 Hic
425 1928 539 1956 maxime
552 1929 653 1964 probati
667 1934 752 1964 erant,
769 1930 811 1958 hic
821 1936 878 1958 erat
891 1939 936 1959 re-

147 1972 202 2006 gius
216 1974 328 2006 chorus;
341 1974 384 2002 hic
399 1982 500 2003 cuneus
509 1976 636 2012 magistro
649 1976 754 2004 haerens
766 1986 772 2004 :
786 1977 820 2005 ab
832 1977 883 2005 hoc
892 1985 936 2005 re-

145 2018 207 2046 siliit
221 2019 317 2047 ludas.
334 2020 368 2048 Ut
379 2021 457 2056 igitur
470 2022 557 2050 discas
569 2029 622 2050 non
636 2022 795 2057 discipulum
806 2023 935 2058 simplici-

147 2068 185 2091 ter
208 2065 299 2100 ipsum
327 2067 491 2101 prodidisse,
519 2068 566 2096 sed
588 2076 670 2096 unum
692 2076 726 2096 ex
752 2068 937 2104 probatissimo

147 2111 238 2139 ordine
248 2138 255 2145 ,
270 2112 332 2140 ideo
345 2113 424 2146 dicit,
440 2114 512 2141 Unus
522 2115 554 2141 de
567 2115 708 2142 duodecim.
736 2115 826 2151 Neque
839 2116 937 2144 erube-

145 2156 196 2184 scit
208 2158 241 2189 is,
253 2158 302 2192 qui
314 2158 371 2187 h:ec
383 2160 488 2195 scripsit
501 2160 649 2188 Matthmus.
678 2162 764 2195 Quare
777 2168 830 2188 non
842 2162 937 2190 erube-

145 2203 212 2229 scit?
225 2202 261 2231 Ut
269 2204 356 2231 discas
365 2212 411 2232 eos
425 2212 531 2240 semper
542 2213 602 2234 cum
613 2206 723 2234 veritate
734 2211 828 2234 cuncta
836 2206 934 2239 dicere.

147 2256 195 2276 nec
214 2250 258 2276 vel
282 2257 312 2278 ea
335 2251 432 2283 celare,
444 2259 503 2286 qua:
517 2251 567 2279 sibi
582 2252 709 2287 probrosa
721 2252 853 2280 videntur.
874 2252 936 2280 llaec

148 2293 244 2329 quippe
268 2295 325 2329 ipsa
339 2303 398 2329 quae
411 2296 532 2323 videntur
542 2296 684 2331 probrosa,
700 2297 804 2324 Domini
818 2296 937 2332 benigni-

147 2343 225 2366 tatem
242 2340 403 2374 ostendunt,
418 2341 488 2376 quod
503 2342 680 2376 proditorem,
696 2342 836 2376 latronem,
852 2343 935 2370 furem

147 2386 224 2413 ululis
233 2386 356 2421 dignatus
365 2386 399 2413 sit
410 2386 531 2420 bonis,ct
541 2394 624 2422 usque
636 2387 669 2414 ad
681 2392 830 2415 extremam
843 2388 936 2415 horam

147 2431 231 2465 ipsum
256 2432 357 2459 tulerit.
379 2432 483 2459 Etenim
501 2432 677 2466 admonebat,
692 2432 864 2466 hortabatur,
879 2440 937 2460 om-

147 2484 264 2512 nemque
286 2484 377 2503 curam
390 2477 500 2512 gerebat
511 2478 581 2505 illius
595 2487 602 2505 :
616 2478 686 2513 quod
709 2478 731 2505 si
752 2478 796 2506 ille
815 2486 867 2506 non
880 2478 937 2506 ani-

148 2529 218 2548 mum
231 2522 364 2555 adhibuit,
379 2529 430 2550 non
445 2523 472 2550 in
485 2530 562 2550 causa
574 2527 632 2552 erat
649 2523 785 2551 Dominus.
798 2523 884 2551 Testis
896 2528 937 2552 est

149 2572 202 2601 Ipsa
226 2568 354 2595 meretrix
369 2577 376 2595 :
391 2568 435 2595 illa
450 2576 564 2603 namque
578 2576 637 2595 cum
652 2569 702 2596 sibi
714 2569 876 2603 attenderet,
892 2577 936 2597 sa-

148 2612 227 2640 lutem
241 2619 320 2640 nacta
334 2618 384 2641 est.
400 2613 438 2641 Ne
454 2613 541 2648 itaque
561 2613 687 2649 desperes
698 2635 706 2647 ,
721 2615 794 2642 illam
808 2619 937 2643 contuens

150 2659 331 2690 meretricem;
344 2667 428 2695 neque
437 2659 556 2687 confidas
566 2660 622 2694 tibi,
631 2660 664 2687 ad
676 2660 769 2688 Iudam
780 2661 935 2696 respiciens.

151 2703 294 2740 Utrumque
306 2705 377 2733 enim
390 2706 566 2740 perniciosum
577 2710 652 2734 estet
661 2707 796 2735 conlidere
807 2712 834 2735 et
843 2707 937 2742 despe-

148 2757 206 2777 rare
222 2758 229 2776 :
243 2751 405 2778 confidentia
429 2751 499 2778 enim
513 2756 626 2780 stantem
640 2752 798 2786 prosternit;
811 2753 938 2788 despera-

150 2795 293 2831 tiolapsum
308 2803 450 2831 resurgere
464 2804 515 2824 non
530 2797 601 2825 sinit.
617 2797 679 2825 ideo
692 2797 788 2825 Paulus
797 2797 839 2825 his
849 2798 938 2826 verbis

150 2840 303 2869 hortabatur
319 2851 325 2868 :
342 2841 392 2875 Qui
403 2841 497 2869 videtur
511 2848 586 2876 stare,
597 2842 679 2870 rideat
693 2851 724 2870 ne
735 2843 810 2871 cadat
823 2843 860 2880 (ί.
875 2843 934 2872 Cor.

684 137 729 166 DE
748 137 952 167 PRODITIONE
970 139 1067 168 ιυωε
1081 139 1194 168 ιιοΜιι.
1210 138 1231 168 1.

1714 136 1766 165 37f?

980 192 1024 219 10.
1040 190 1096 221 12).
1109 190 1197 219 Habes
1208 190 1345 218 amborum
1358 190 1491 227 exempla,
1503 190 1637 227 quomodo
1651 192 1766 228 discipu-

977 237 1020 265 lus
1031 244 1092 264 cum
1101 241 1174 264 stare
1187 235 1330 269 videretur,
1345 236 1481 269 ceciderit,
1495 241 1522 265 et
1535 238 1669 273 quomodo
1679 247 1766 266 mere-

979 283 1032 311 trix
1040 283 1131 318 jacens
1144 283 1302 310 surrexerit.
1317 282 1358 309 Ad
1371 282 1472 317 lapsum
1487 290 1588 317 pronus
1605 289 1645 311 est
1664 285 1768 311 animus

978 333 1086 362 noster.
1107 329 1229 357 volubilis
1243 329 1364 356 voluntas
1378 338 1385 357 :
1401 329 1572 364 quamobrem
1587 338 1654 365 opus
1675 335 1717 358 est
1738 336 1768 358 ut

979 382 1028 402 nos
1049 374 1166 410 undique
1194 374 1345 402 muniamus
1369 374 1564 410 sepiamusqne.
1591 375 1660 402 Tum:
1683 376 1768 403 abiens

978 428 1044 447 unus
1064 420 1096 446 de
1116 419 1257 453 duodecim,
1270 419 1353 446 ludas
1376 419 1519 446 lscariotes.
1548 420 1642 447 Viden’
1657 428 1673 447 a
1697 421 1766 456 quali

979 465 1063 492 choro
1077 464 1324 492 exciderit‘lvidcn'
1339 472 1418 500 quam
1431 464 1578 492 doctrinam
1592 465 1742 500 despexerit
1757 466 1768 492 τ

979 511 1065 538 viden‘
1084 515 1210 546 quantum
1232 511 1330 538 malum
1350 511 1384 538 sit
1396 511 1524 546 segnities
1543 515 1570 538 et
1584 511 1768 545 negligentia?

979 557 1062 583 ludas
1075 557 1119 592 qui
1129 556 1257 583 dicebatur
1271 556 1417 583 Iscariotes.
1439 556 1492 584 Cur
1506 556 1571 583 mihi
1586 557 1696 591 patriam
1712 557 1769 592 ejus

980 609 1111 630 memoras
1129 603 1141 629 ἰ
1155 601 1261 630 Utinam
1271 610 1305 629 ne
1320 603 1405 637 ipsum
1419 602 1525 637 quidem
1539 609 1645 629 nossctn
1664 602 1670 629 l
1686 601 1769 628 ludas

979 648 1022 683 qui
1039 647 1168 674 dicebatur
1180 646 1326 674 Iscariates.
1340 646 1392 674 Cur
1404 647 1462 681 ejus
1476 646 1610 674 civitatem
1624 647 1744 673 nominas
1757 647 1769 673 τ

980 693 1054 721 Alius
1066 696 1125 721 erat
1141 693 1223 720 Judas
1236 693 1391 728 discipulus,
1407 697 1583 728 cognomento
1597 693 1703 720 Zelutes
1715 701 1722 719 :
1736 700 1770 720 ne

980 739 1059 774 igitur
1069 747 1102 767 ex
1116 739 1210 766 eodem
1225 739 1334 767 nomine
1358 747 1435 766 error
1456 744 1608 767 nasceretur
1618 759 1625 771 ,
1642 739 1712 766 hunc
1730 739 1771 766 di-

980 785 1072 812 stinxit
1081 784 1114 811 ab
1127 784 1173 811 illo
1184 793 1191 812 :
1203 789 1229 812 et
1239 785 1312 812 illum
1323 785 1429 820 quidem
1437 792 1453 812 a
1461 785 1557 812 virtute
1570 785 1715 812 nominavit
1724 785 1771 812 Ju-

980 829 1028 857 das
1044 829 1163 862 Zelotes,
1181 830 1253 857 hunc
1268 834 1358 858 autem
1372 837 1387 858 a
1401 830 1517 865 nequitia
1530 837 1583 858 non
1599 831 1745 858 nominavit
1761 839 1768 858 :

981 882 1068 910 neque
1092 875 1162 902 enim
1177 875 1255 909 dixit,
1271 875 1352 903 Judas
1366 876 1495 911 proditor.
1513 876 1593 910 Atqui
1614 884 1660 910 par
1672 880 1730 903 crat
1743 881 1771 904 ut

981 921 1054 948 illum
1068 928 1082 949 a
1098 922 1194 950 virtute
1208 922 1370 956 nominavit,
1392 922 1462 949 hunc
1472 923 1551 950 etiam
1565 930 1580 949 a
1596 923 1710 957 nequitia
1724 930 1771 958 ap-

981 967 1081 1002 pellare
1093 974 1125 995 ac
1137 967 1237 1000 dicere,
1251 967 1334 995 Judas
1347 968 1467 1002 proditor
1479 977 1486 995 :
1500 975 1593 996 verum
1609 973 1638 995 nt
1651 973 1677 996 te
1689 968 1771 995 doce-

982 1016 1023 1039 ret
1035 1012 1150 1048 linguam
1161 1013 1329 1041 accusatione
1342 1020 1434 1048 puram
1448 1020 1556 1041 servare
1568 1033 1576 1046 ,
1589 1014 1630 1041 vel
1647 1013 1695 1049 ipsi
1710 1021 1771 1048 pro-

981 1057 1060 1086 ditori
1075 1059 1169 1093 parcit.
1183 1057 1276 1086 Abiens
1283 1059 1364 1092 enim,
1377 1059 1471 1094 inquit.
1484 1058 1568 1086 Iudas
1588 1058 1724 1086 Iscariotes
1737 1059 1771 1086 ad

982 1105 1108 1139 principes
1119 1104 1276 1132 sacerdotum
1287 1125 1295 1138 ,
1307 1105 1342 1132 ait
1361 1105 1413 1132 illis
1422 1113 1432 1131 :
1450 1105 1518 1138 Quid
1530 1105 1604 1132 uultis
1617 1105 1677 1131 mihi
1692 1104 1753 1131 dare
1761 1125 1770 1136 .

982 1154 1006 1177 et
1027 1158 1074 1186 ego
1094 1150 1163 1178 vobis
1190 1140 1289 1177 tradam
1307 1150 1392 1178 eum?
1410 1150 1433 1178 0
1447 1149 1635 1178 exsecrandum
1654 1157 1745 1177 vocem
1761 1150 1769 1177 ε

984 1196 1119 1230 quomodo
1131 1203 1163 1223 ex
1174 1203 1221 1223 ore
1233 1195 1346 1229 exsiliit,
1369 1195 1502 1231 quomodo
1525 1195 1642 1230 linguam
1666 1195 1771 1223 movit?

982 1241 1116 1276 quomodo
1129 1245 1213 1269 totum
1222 1248 1319 1277 corpus
1329 1248 1383 1270 non
1391 1241 1527 1276 obtorpuit
1534 1241 1546 1268 'l
1553 1241 1686 1276 quomodo
1696 1248 1772 1268 mens

983 1294 1037 1315 non
1048 1287 1186 1315 excessit?

1019 1331 1046 1359 5.
1064 1331 1132 1366 Quid
1143 1332 1217 1359 uultis
1235 1332 1298 1359 mihi
1309 1332 1387 1365 dare,
1399 1336 1423 1359 et
1437 1339 1483 1367 ego
1499 1331 1567 1359 vobis
1580 1332 1679 1359 tradam
1694 1332 1773 1359 eum?

983 1377 1107 1405 Haeccine
1122 1381 1148 1405 te
1160 1377 1250 1405 docuit
1261 1377 1393 1412 Christus,
1406 1377 1450 1405 dic
1459 1377 1525 1405 mihi
1537 1377 1549 1404 ?
1563 1385 1651 1405 nonne
1664 1377 1724 1405 ideo
1734 1377 1774 1405 di-

983 1422 1061 1450 cebat
1069 1430 1080 1449 :
1095 1421 1182 1450 Nolite
1194 1422 1323 1457 possidere
1334 1431 1426 1449 aurum
1443 1430 1522 1457 neque
1534 1427 1663 1457 argentum
1674 1443 1681 1456 ,
1695 1428 1775 1457 neque

983 1477 1019 1498 tes
1030 1470 1058 1497 in
1070 1469 1141 1497 zonis
1155 1469 1243 1497 uestris
1261 1469 1366 1505 (Matth.
1383 1469 1426 1497 10.
1440 1468 1484 1504 9),
1500 1472 1530 1496 ut
1549 1469 1687 1496 avaritiam
1701 1468 1774 1496 illam

987 1515 1043 1551 jam
1056 1515 1120 1542 olim
1133 1515 1160 1543 in
1175 1519 1200 1542 te
1209 1515 1398 1550 comprimeret
1408 1515 1420 1542 ?
1430 1521 1519 1542 nonne
1529 1514 1586 1542 haec
1597 1513 1702 1541 assidue
1717 1514 1775 1541 hor-

986 1561 1101 1595 tabatur,
1111 1568 1141 1588 ac
1155 1566 1285 1596 praeterea
1299 1561 1404 1589 dicebat
1420 1569 1427 1588 :
1444 1560 1475 1588 Si
1493 1560 1548 1596 quis
1559 1564 1582 1587 te
1593 1559 1739 1594 percusserit
1748 1560 1775 1587 in

985 1607 1115 1634 dexteram
1125 1606 1264 1638 maxillam,
1276 1606 1399 1635 vertailli
1414 1610 1439 1633 et
1450 1606 1528 1633 aliam
1540 1605 1645 1640 (Matth.
1657 1606 1684 1633 5.
1697 1604 1730 1633 39
1744 1604 1775 1640 )2

987 1651 1055 1685 Quid
1064 1651 1138 1678 vultis
1148 1651 1210 1678 mihi
1224 1652 1286 1678 dare
1294 1672 1302 1685 ,
1315 1655 1339 1678 et
1349 1659 1395 1686 ego
1413 1651 1485 1679 vobis
1493 1648 1776 1684 tradameuthatth.

985 1696 1031 1724 26.
1043 1697 1077 1725 15
1090 1697 1100 1732 )
1111 1696 1123 1724 γ
1135 1696 1157 1724 0
1169 1697 1307 1725 stultitiam
1322 1697 1329 1724 !
1345 1696 1398 1724 Pro
1412 1703 1464 1731 qua
1473 1703 1515 1729 re,
1527 1703 1628 1731 quaeso,
1641 1703 1720 1730 quam
1734 1694 1774 1722 vel

987 1750 1095 1778 parvam
1109 1743 1152 1770 vel
1173 1750 1296 1777 magnam
1318 1742 1516 1770 accusationem
1535 1740 1656 1777 proferre
1668 1741 1774 1773 valens,

987 1789 1144 1824 magistrum
1158 1787 1250 1823 prodis
1262 1787 1274 1815 ‘I
1288 1795 1322 1815 an
1337 1788 1398 1823 quia
1412 1791 1570 1823 potestatem
1585 1787 1631 1814 tibi
1645 1786 1718 1814 dedit
1726 1786 1775 1813 ad-

987 1841 1080 1862 versus
1098 1833 1256 1862 dmmonas?
1270 1841 1304 1860 an
1319 1833 1380 1868 quia
1399 1833 1507 1861 morbos
1527 1840 1622 1860 curare
1643 1831 1720 1865 fecit,
1734 1831 1775 1859 vel

987 1880 1087 1914 lepram
1100 1879 1231 1907 mundare
1240 1879 1251 1906 ?
1259 1886 1292 1906 an
1305 1879 1366 1913 quia
1379 1883 1498 1906 mortuos
1509 1877 1696 1905 suscitare‘lan
1705 1876 1775 1912 quod

987 1928 1080 1952 contra
1106 1924 1199 1952 mortis
1219 1924 1386 1960 tyrannidem
1412 1927 1439 1951 te
1459 1923 1596 1951 constituit
1615 1923 1627 1950 ἳ
1649 1923 1777 1950 hanccine

987 1971 1138 1999 mercedem
1166 1978 1215 2007 pro
1234 1975 1274 1998 tot
1298 1970 1435 1998 beneﬁciis
1455 1969 1602 2005 rependis?
1615 1969 1683 2001 Quid
1703 1968 1780 1996 uultis

987 2017 1050 2044 mihi
1061 2016 1132 2050 dare,
1147 2021 1171 2045 et
1180 2023 1225 2052 ego
1239 2016 1307 2044 vobis
1317 2025 1374 2044 eum
1385 2016 1483 2043 tradam
1494 2016 1506 2042 Ρ
1517 2015 1539 2044 Ο
1552 2015 1691 2043 stultitiam
1704 2016 1711 2042 ι
1725 2015 1779 2043 imo

988 2063 1090 2098 potius,
1106 2069 1123 2090 ο
1135 2062 1272 2090 avaritiam
1286 2062 1293 2088 l
1310 2069 1370 2089 nam
1384 2061 1441 2089 haec
1454 2066 1492 2088 tot
1507 2061 1575 2088 mala
1590 2061 1690 2096 peperit
1705 2069 1712 2087 :
1729 2060 1778 2088 hu-

986 2109 1029 2145 jus
1040 2109 1084 2137 ille
1091 2108 1305 2143 concupiscentia
1313 2107 1469 2143 magistrum
1479 2107 1604 2142 prodidit.
1615 2106 1687 2134 Talis
1697 2106 1775 2141 quip-

989 2162 1022 2190 pe
1034 2160 1075 2182 est
1083 2154 1127 2182 illa
1140 2154 1210 2181 mala
1224 2153 1315 2186 radix;
1330 2160 1396 2188 quas
1409 2152 1616 2180 invaditanimas
1631 2153 1689 2187 plus
1699 2159 1779 2187 quam

988 2202 1094 2229 dzemon
1103 2201 1130 2228 in
1143 2201 1260 2228 furorem
1271 2200 1365 2233 vertit,
1377 2199 1494 2226 omnium
1509 2199 1685 2233 ignorantiatn
1699 2198 1777 2233 parit,

989 2252 1017 2276 et
1026 2247 1066 2276 sui
1080 2252 1107 2275 et
1120 2246 1234 2282 proximi
1250 2250 1277 2274 et
1287 2246 1447 2273 naturalium
1459 2244 1603 2280 legum;ab
1618 2245 1674 2279 ipsa
1689 2248 1781 2272 tuente

988 2293 1121 2323 excedere
1134 2292 1211 2326 facit,
1222 2297 1250 2321 et
1260 2292 1376 2320 furiosos
1387 2291 1479 2319 efficit.
1496 2291 1562 2319 Vide
1577 2295 1674 2325 quanta
1685 2298 1718 2317 ex
1732 2289 1780 2317 Ju-

988 2339 1029 2366 dze
1042 2338 1131 2366 animo
1143 2337 1252 2373 ejecerit
1262 2358 1270 2371 ,
1281 2336 1510 2364 conversationem
1519 2356 1527 2369 ,
1539 2334 1758 2362 consuetudinem
1769 2354 1779 2366 ,

988 2391 1088 2412 mensae
1100 2383 1255 2412 societatem
1264 2403 1272 2416 ,
1286 2382 1424 2416 miracula,
1439 2381 1587 2409 doctrinam
1597 2402 1605 2414 ,
1617 2381 1780 2408 cohortatio-

988 2439 1064 2464 nem,
1075 2430 1282 2458 admonitiOnem
1299 2439 1306 2457 :
1323 2430 1349 2457 in
1363 2429 1459 2456 horum
1478 2429 1597 2455 omnium
1618 2427 1777 2455 oblivionem

991 2482 1055 2505 tunc
1067 2477 1183 2512 conjecit
1192 2485 1254 2504 eum
1264 2475 1387 2503 avaritia.
1403 2475 1464 2503 ideo
1474 2475 1571 2502 Paulus
1581 2474 1641 2509 jure
1653 2473 1776 2501 dicebat:

988 2522 1075 2550 Radix
1089 2522 1200 2550 omnium
1219 2521 1345 2548 malorum
1363 2525 1399 2548 est
1420 2520 1526 2548 auaritia
1539 2519 1549 2555 (
1563 2521 1588 2548 i.
1602 2519 1666 2546 Tim.
1679 2519 1705 2547 6.
1720 2518 1777 2554 10).

991 2567 1058 2602 Quid
1070 2567 1144 2595 uultis
1159 2567 1220 2594 mihi
1227 2567 1302 2599 dare,
1313 2571 1337 2593 et
1345 2574 1390 2602 ego
1404 2565 1471 2593 vobis
1480 2573 1538 2592 eum
1550 2565 1648 2592 tradant
1661 2564 1674 2591 .’
1687 2564 1778 2599 Magna

988 2613 1052 2641 dicti
1067 2613 1188 2640 stultitia.
1199 2612 1328 2640 Tradisne
1338 2632 1346 2644 ,
1361 2619 1462 2646 quaeso,
1480 2619 1542 2639 eum
1561 2610 1605 2646 qui
1618 2610 1705 2638 omnia
1719 2617 1780 2636 cun.

989 2659 1072 2694 tinet,
1088 2659 1254 2687 daemonibus
1269 2659 1401 2694 imperat,
1414 2658 1480 2686 mari
1495 2658 1632 2693 przecipit,
1648 2657 1779 2683 universae

989 2711 1092 2734 naturae
1104 2706 1246 2734 Dominum
1256 2706 1269 2733 τ
1286 2705 1322 2734 Ut
1335 2705 1416 2740 igitur
1427 2705 1486 2740 ejus
1509 2704 1688 2738 arrogantiam
1709 2710 1779 2730 eom-

989 2753 1132 2788 primeret,
1157 2756 1184 2780 et
1202 2751 1354 2779 ostenderet
1366 2758 1414 2783 se.
1429 2751 1452 2778 si
1476 2750 1620 2780 noluisset,
1636 2755 1779 2783 numquam

988 2798 1114 2827 traditum
1129 2797 1172 2831 iri,
1183 2798 1244 2825 audi
1254 2796 1318 2832 quid
1331 2795 1528 2825 faciatzeodem
1541 2793 1698 2830 proditionis
1711 2798 1779 2820 tem-

989 2851 1068 2881 pore,
1081 2851 1141 2872 cum
1156 2843 1244 2880 ipsum
1259 2841 1425 2875 invaderent,
1442 2848 1502 2869 cum
1517 2839 1641 2871 fustibus,
1652 2837 1778 2874 lampadiv
