1978 3131
141 142 189 173 157⁸1

144 203 242 237 ἔχοντες
269 198 318 227 καὶ
332 197 481 236 λαμπάδας
494 201 542 228 καὶ
555 199 622 236 φῶς,
632 199 706 234 λέγει
719 200 812 231 αὐτοῖς
821 207 829 214 ·
852 200 923 227 ΤΙνα

143 243 263 277 (7118718,-
279 241 326 267 καὶ
347 242 461 277 ἠγνόουν
473 242 502 269 ὃν
515 242 630 278 ἡμελλον
652 241 858 277 συλλαμϐάνειν.
873 241 925 269 Το-

141 284 231 312 σοῦτον
253 283 350 319 ἀπεῖχε
377 284 425 310 τοῦ
445 281 590 319 δυνηθῆναι
611 283 778 319 παραδοῦναι
806 283 887 310 αὐτὸν
911 283 926 310 6

146 326 251 358 Ἰούδας,
279 325 321 353 δτι
345 326 407 353 οὐδὲ
426 326 499 361 ἐώρα
522 325 652 362 παρόντα,
670 325 700 352 ὃν
716 325 817 361 mum
838 333 927 360 παρα-

141 368 240 400 δώσειν,
261 368 309 395 καὶ
334 368 421 395 ταῦτα
444 367 592 404 λαμπάδων
609 366 697 394 οὐσῶν
719 367 768 394 καὶ
782 366 871 402 φωτὸς
882 375 926 394 το-

141 409 244 436 σούτου.
252 409 313 436 Ὀτι
325 409 380 444 γὰρ
391 409 470 436 τοῦτο
483 409 592 445 ᾐνίξατο
606 409 620 435 6
631 408 836 444 εὺαγγελιστὴς,
848 408 925 444 φησι·

141 450 295 486 Δαμπάδας
307 449 379 486 εἶχον
395 451 442 478 καλ⁸
453 451 519 485 φῶς,
531 450 577 476 καὶ
591 450 640 485 οὐχ
654 449 747 485 ἐώρων
764 449 855 476 αὐτόν.

106 498 112 503 ’
172 493 227 519 Καὶ
241 492 302 519 καθ’
318 493 436 526 ἑκάστην
447 492 476 519 δέ
489 492 571 519 αὐτὸν
588 491 797 527 ὑπεμίμνησκεν
809 490 927 526 ἡμέραν,

139 533 184 560 καὶ
193 533 228 560 δι’
241 534 340 569 ἔργων,
367 535 414 560 καί
431 534 476 560 διὰ
501 534 640 569 ῥημάτων,
654 533 761 565 δεικνὺς
778 533 819 560 ὅτι
837 533 868 559 ού
881 532 929 568 λή-

139 584 213 602 σεται
234 575 386 612 προδιδούς.
414 576 470 602 Καὶ
489 575 551 602 οὗτε
575 574 700 611 φανερῶς
716 575 797 602 αὑτὸν
814 574 929 609 ἡλεγχεν

139 621 182 646 ἐπὶ
197 620 320 652 πάντων,
332 619 403 646 ὥστε
430 620 467 655 μὴ
488 619 728 654 ἀναισχυντότερον
745 617 827 645 αὐτὸν
846 617 930 653 ἐργά-

139 661 238 688 σασθαι
249 670 255 676 ι
266 660 328 688 οὔτε
346 660 518 696 παρεσιώπα,
535 660 579 687 ἵνα
595 659 633 696 μὴ
646 659 763 695 νομίζων
777 659 928 693 λανθάνειν,

138 702 222 734 ἀδεῶς
239 703 365 738 ἐπιχειρῇ
381 702 432 736 τὴν
443 701 598 737 προδοσίαν,
613 701 682 728 ἀλλά
694 700 813 736 συνεχῶς
825 700 928 734 ἔλεγεν,

139 743 189 778 εις
205 745 243 777 ἐξ
258 744 341 779 ὑμῶν
357 743 528 777 παραδώσει
553 751 607 778 με·
637 743 668 770 ού
694 743 785 778 μέντοι
814 742 930 777 φανερὸν

139 786 219 813 αὐτὸν
237 785 364 821 καθίστη.
383 785 501 816 Πολλοὺς
519 785 548 811 δὲ
570 784 618 811 καὶ¹
635 784 699 820 περὶ
714 784 825 819 γεέννης
839 783 932 818 διῆλθε

138 829 245 862 λόγους,
260 827 374 859 πολλοὺς
387 828 434 854 καὶ
446 827 510 863 περὶ
527 826 675 862 βασιλείας,
691 827 737 853 καὶ
748 825 798 862 τὴν
811 826 853 860 ἐφ’
868 826 932 852 ἐκά-

138 879 203 905 τερα
219 869 337 905 δύναμιν
362 869 528 902 ἐπεδείξατο,
553 868 603 904 τὴν
626 869 655 895 ἐν
670 868 708 903 τῷ
729 868 853 901 κολάζειν
869 868 932 900 τοὺς

138 912 357 946 ἁμαρτάνοντας,
385 910 432 937 καὶ
453 910 503 946 τὴν
528 910 557 936 ἐν
578 909 618 945 τῷ
641 910 724 944 τιμᾷν
746 910 809 941 τοὺς
833 917 932 944 κατορ-

139 952 264 984 θοῦντας.
286 952 365 979 Ἀλλὰ
384 952 471 978 ταῦτα
491 951 580 978 πάντα
599 952 702 982 ἐκεῖνος
716 950 932 987 παρεκρούσατο,

138 995 152 1020 6
175 994 206 1020 δὲ
231 994 298 1025 Θεὸς
316 993 360 1029 βίᾳ
384 993 434 1028 οὐχ
457 993 591 1019 εἵλκυσεν.
615 991 724 1027 Ἐπειδὴ
748 992 802 1027 γὰρ
823 992 934 1027 κυρίους

138 1036 212 1070 ἡμᾶς
229 1036 343 1070 ἐποίησε
354 1036 401 1061 καὶ
413 1035 461 1069 τῆς
476 1035 530 1061 τῶν
539 1033 648 1068 φαύλων
674 1034 721 1060 καὶ
734 1034 782 1067 τῆς
794 1033 849 1060 τῶν
863 1033 934 1067 ἀγα-

140 1076 194 1103 θῶν
221 1077 348 1112 πράξεων
366 1077 509 1111 αἱρέσεως,
532 1077 579 1102 καὶ
593 1075 706 1107 ἑκόντας
728 1073 796 1101 εἶναι
812 1074 934 1110 βούλεται

137 1118 239 1150 καλούς
251 1127 259 1134 ·
275 1118 319 1145 διὰ
344 1118 434 1150 τοῦτο,
451 1118 485 1145 ἂν
508 1117 546 1153 μὴ
574 1116 745 1152 βουλοίμεθα,
768 1117 798 1143 οὐ
812 1116 935 1152 βιάζεται

138 1161 193 1187 οὐδ’
210 1161 365 1195 ἀναγκάζει
374 1168 380 1175 ⁸
395 1160 426 1187 τὸ
437 1159 492 1195 γὰρ
505 1159 650 1195 βιασθέντα
661 1156 730 1186 εἶναι
741 1159 870 1194 χρηστὸν,
885 1158 936 1185 οὐκ

139 1203 214 1229 ἐστιν
230 1200 301 1230 εἶναι
318 1202 447 1238 χρηστόν.
471 1201 548 1228 Ἐπεὶ
561 1199 607 1229 οὖν
617 1201 744 1232 κάκεῖνος
760 1200 875 1236 γνώμης
886 1200 936 1227 κύ-

140 1253 198 1280 ριος
219 1242 265 1280 ἦν,
285 1243 334 1271 καὶ
349 1245 379 1271 ὲν
395 1244 504 1279 ἐξουσίᾳ
515 1243 564 1270 τοῦ
583 1243 621 1279 μὴ
640 1242 795 1278 πεισθῆναι,
807 1243 855 1269 καὶ
868 1242 936 1278 πρὸς

139 1286 326 1322 φιλαργυρίαν
351 1285 390 1322 μὴ
417 1286 576 1318 ἀποκλῖναι,
595 1284 641 1311 διὰ
657 1284 737 1311 τοῦτο
754 1283 936 1318 ἀπετυφλώθη

139 1329 190 1363 τὴν
202 1328 335 1360 διάνοιαν,
351 1328 399 1354 καὶ
412 1327 462 1363 τὴν
471 1326 609 1363 σωτηρίαν
617 1326 665 1362 τὴν
673 1325 770 1352 ἑαυτοῦ
783 1325 921 1361 προέδωκε
929 1333 935 1339 ·

141 1370 188 1397 καί
202 1378 286 1405 φησι,
303 1369 334 1396 Τί
344 1368 447 1396 θέλετέ
467 1377 519 1404 μοι
534 1367 649 1399 δοῦναι,
667 1367 748 1402 κὰγ-ὼ
758 1367 829 1402 ὑμῖν
845 1375 938 1401 παρα-

140 1411 230 1438 δώσω
245 1411 356 1443 αὐτόν-ς
381 1410 514 1445 Ἐλέγχων
528 1409 617 1437 τοίνυν
639 1409 686 1435 τοῦ
703 1409 761 1440 νοὸς
786 1408 871 1435 αὐτοῦ
888 1409 938 1444 τὴν

139 1453 282 1487 τύφλωσιν
297 1452 346 1480 καὶ
369 1452 418 1487 τὴν
442 1452 572 1479 ἀπόνοιαν
591 1452 605 1478 6
622 1451 825 1485 εύαγγελιστὴς,
845 1449 937 1486 φησίνθ

147 1496 194 1523 Ἑν
210 1495 250 1530 τῷ
264 1493 353 1530 καιρῷ
362 1494 411 1529 τῆς
424 1494 518 1529 ἐφόδου
528 1494 543 1520 6
557 1492 657 1525 Ἰούδας
667 1493 787 1527 εἱστήκει
796 1492 879 1527 ἐγγὺς
891 1491 940 1519 αύυ

140 1537 209 1569 τῶν,
222 1537 326 1568 ἐκεῖνος
341 1536 356 1562 6
379 1535 478 1562 εἰπών·
494 1535 526 1562 Τί
543 1534 646 1562 θέλετέ
662 1542 714 1568 μοι
729 1533 845 1566 δοῦναι,
858 1533 940 1569 κάγὼ

141 1579 217 1613 ὑμῖν
231 1578 401 1612 παραδώσω
415 1577 509 1604 αὐτόν
519 1585 529 1610 ;
538 1576 596 1603 Οὐκ
613 1576 739 1603 ἐντεῦθεν
753 1576 782 1602 δὲ
792 1575 872 1611 μόνον
882 1575 939 1602 ἐστι

142 1619 296 1646 θεάσασθαι
304 1618 354 1654 τὴν
370 1618 483 1653 δύναμιν
496 1617 543 1645 τοῦ
554 1616 685 1654 Χριστοῦ,
697 1616 754 1644 ἀλλ’
767 1617 808 1644 ὅτι
822 1617 870 1644 καὶ
883 1625 940 1651 φω-

142 1662 192 1697 νὴν
210 1660 328 1695 ἀφέντος
343 1660 418 1695 1581]
434 1659 525 1694 ψιλὴν,
535 1659 657 1694 ἀπῆλθον
671 1659 718 1686 καὶ
730 1658 827 1685 ἔπεσον
842 1659 938 1694 χαμαί.

155 1701 270 1737 Ἐπειδὴ
288 1701 317 1728 δὲ
336 1701 395 1728 οὐδὲ
409 1700 496 1733 οὕτως
513 1701 661 1735 ἀφίσταντο
674 1700 723 1736 τῆς
740 1699 940 1735 ἀναισχυντίας,

142 1744 239 1771 λοιπὸν
255 1743 350 1770 ἐαυτὸν
363 1743 539 1777 παραδίδωσι,
557 1742 697 1778 μονονουχὶ
709 1742 809 1776 λέγων·
825 1741 895 1776 Ἐγὼ
912 1743 941 1769 τὸ

144 1785 268 1822 ἐμαυτοῦ
288 1785 347 1811 δλον
366 1785 492 1820 ἐποίησα,
515 1784 565 1819 τὴν
585 1784 700 1819 δύναμιν
723 1782 876 1818 ὲξεκάλυψα
893 1784 942 1819 τὴν

143 1826 279 1863 ἐμαυτοῦ,
291 1826 378 1859 ἔδειξα
392 1826 433 1853 ὅτι
446 1826 586 1857 ἀδυνάτοις
597 1827 759 1861 ἐπιχειρεῖτε
773 1825 941 1862 πράγμασιν.

150 1868 324 1904 Ἥϐουλὴθην
341 1867 515 1894 καταστεῖλαι
535 1867 611 1902 ὑμῶν
625 1867 674 1902 τὴν
691 1865 834 1902 πονηρίαν·
849 1867 943 1902 ἐπειδὴ

144 1910 174 1937 δέ
190 1911 272 1946 ὑμεῖς
289 1909 340 1936 οὐκ
352 1909 532 1945 ὴϐουλήθητε,
545 1908 602 1935 ἀλλ’
616 1908 759 1942 ἐπιμένετε
774 1907 943 1943 παραπαίον-

144 1961 203 1984 τες,
216 1952 272 1978 ίδοὺ
287 1950 460 1986 παραδίδωμι
471 1950 600 1986 ἐμαυτόν.
620 1949 713 1976 Ταῦτα
727 1949 755 1976 δέ
772 1958 816 1984 μοι
826 1949 942 1985 εἴρηται,

145 1994 192 2021 ἶνα
204 1993 243 2029 μὴ
255 1992 429 2028 κατηγορῶσί
443 2000 516 2023 τινες
536 1991 581 2018 τοῦ
603 1990 731 2027 Χριστοῦ,
748 1990 882 2025 λέγοντες·
896 1991 945 2018 Διά

145 2035 174 2062 τί
187 2036 219 2062 οὐ
235 2034 370 2070 μετέϐαλε
395 2034 441 2060 τὸν
455 2032 553 2060 Ἰούδαν
566 2041 573 2065 ;
595 2033 640 2060 διά
655 2033 682 2059 τί
696 2033 745 2059 οὐκ
757 2032 883 2068 ἐποίησεν
895 2033 945 2060 αύ-

145 2077 192 2104 τὸν
208 2075 337 2111 σώφρονα
353 2075 402 2102 καὶ
416 2076 544 2111 Emam-71;
562 2075 625 2107 Πῶς
641 2074 694 2101 ἐδει
707 2075 816 2109 ἐπιεικῆ
833 2074 946 2110 ποιῆσαι

146 2119 246 2152 αὖτόν;
259 2118 404 2153 ἀνάγκῃ,ἢ
417 2117 514 2153 γνώμῃ
527 2126 534 2150 ;
550 2117 581 2144 Εἰ
600 2117 648 2153 μὲν
666 2117 784 2152 ἀνάγκη,
795 2116 849 2142 οὐδ’
860 2116 947 2148 οὓτως

147 2160 265 2195 ἔμελλεν
285 2159 395 2186 ἔσεσθαι
412 2158 523 2194 βελτίων
534 2167 540 2173 ·
554 2159 641 2190 οὐδεὶς
662 2158 715 2194 γὰρ
731 2158 838 2194 ἀνάγκῃ
847 2158 945 2193 γένοιτ’

149 2202 182 2228 ἂν
193 2201 315 2236 ἀγαθός’
337 2202 361 2228 εί
377 2201 405 2228 δὲ
431 2200 530 2238 γνώμῃ
555 2200 602 2227 καὶ
624 2200 793 2236 προαιρέσει,
810 2199 900 2227 πάντα
912 2199 948 2226 τὰ

148 2244 286 2278 δυνάμενα
310 2242 454 2278 διορθῶσαι
486 2242 646 2278 προαίρεσιν
673 2242 720 2268 καὶ
752 2240 864 2277 γνώμην
891 2243 948 2268 εἰσ-

148 2287 277 2321 ήνεγκεν.
297 2284 329 2310 Εἰ
343 2284 372 2310 δέ
399 2285 435 2320 μὴ
455 2284 587 2318 ἐϐουλήθη
604 2283 729 2316 δέξασθαι
743 2282 773 2309 τὸ
787 2283 945 2318 φάρμακον,

149 2328 178 2354 ού
193 2327 241 2354 τοῦ
257 2325 351 2361 ἰατροῦ
374 2326 404 2352 τὸ
429 2325 565 2361 ἔγκλημα,
591 2325 658 2351 ἀλλά
673 2324 718 2350 τοῦ
736 2324 784 2359 τὴν
800 2324 947 2359 θεραπείαν

149 2367 396 2404 διακρουσαμένου.
413 2368 484 2401 Ὂρα
498 2365 544 2394 οὖν
556 2367 607 2393 ὅσα
629 2366 766 2401 ἐποίησεν,
782 2364 851 2392 ὥστε
866 2365 946 2392 αὑτὸν

151 2409 360 2445 ἀνακτήσασθαι
373 2409 420 2435 καὶ
430 2408 574 2435 διασῶσαι.
598 2407 752 2434 Ἐδίδασκεν
764 2407 845 2434 αὐτὸν
858 2408 948 2434 πᾶσαν

151 2451 312 2487 φιλοσοφίαν
331 2450 377 2477 διὰ
399 2451 581 2486 πραγμάτων,
595 2449 638 2476 διὰ
656 2449 797 2485 ῥημάτων,
812 2448 948 2484 ἀνώτερον

151 2494 233 2521 αὑτὸν
257 2493 313 2519 τῶν
331 2492 465 2528 δαιμόνων
489 2491 614 2527 ἐποίησε,
635 2491 763 2526 θαύματα
785 2490 948 2526 ἐργάζεσθαι

152 2535 240 2563 πολλά
249 2534 470 2570 παρεσκεύασεν,
483 2534 600 2568 ἐφόϐησε
608 2534 641 2569 τῇ
655 2533 703 2568 τῆς
714 2532 825 2568 γεέννης
836 2532 946 2568 ἀπειλῇ,

153 2576 343 2613 προετρέψατο
358 2577 391 2612 τῇ
417 2576 466 2612 τῆς
492 2574 629 2610 βασιλείας
652 2573 820 2609 ἐπαγγελίᾳ·
851 2574 947 2609 ήλεγξε

151 2618 285 2654 διηνεκῶς
309 2618 344 2645 τὰ
360 2618 504 2654 άπόρῥητα
531 2615 614 2644 αὑτοῦ
632 2615 813 2651 βουλεύματα,
830 2615 948 2651 ἐλέγχων

152 2660 180 2687 δέ
191 2661 242 2687 οὐκ
255 2659 416 2695 ἐδημοσίευε
427 2667 434 2674 ·
444 2660 509 2690 τοὺς
522 2659 604 2690 πόδας
616 2656 699 2684 αὐτοῦ
710 2656 780 2692 μετὰ
794 2656 848 2683 τῶν
861 2657 948 2684 ἀλλων

152 2702 254 2737 ἔνιψεν,
270 2701 343 2729 ἁλῶν
358 2701 433 2737 αύτῷ
442 2700 636 2736 καὶτραπέζης
650 2698 827 2733 ἐκοινώνησεν
837 2706 843 2713 ·
860 2698 946 2732 οὐδὲν,

153 2744 184 2771 οὐ
201 2743 311 2780 μικρὸν,
319 2744 336 2779 ἢ
352 2743 425 2779 μέγα
437 2742 574 2769 ἐνέλιπεν⁸
590 2743 604 2768 ό
616 2741 644 2768 δέ
655 2741 725 2768 ἑκὼν
737 2740 843 2775 ἔμεινεν
857 2741 947 2776 ἀδιόρ-

154 2787 249 2818 θωτος.
269 2787 325 2814 Καὶ
338 2786 383 2812 ἶνα
399 2785 499 2821 μάθῃς,
511 2785 552 2812 ὅτι
565 2783 677 2815 δυνατὸς
694 2782 731 2810 ὢν
747 2782 948 2819 μεταϐαλέσθαι

154 2829 203 2856 οὐκ
216 2827 361 2863 ἠθέλησεν,
379 2827 448 2853 ἀλλὰ
463 2827 514 2860 τῆς
526 2825 608 2852 αὑτοῦ
627 2824 761 2860 ῥᾳθυμίας
770 2824 801 2851 τὸ
817 2825 870 2851 πᾶν
886 2823 949 2857 ὲγέ-

155 2878 223 2903 νετο,
237 2870 365 2897 ἄκουσον.
387 2868 496 2903 Ἐπειδὴ
504 2867 558 2904 γὰρ
569 2867 726 2903 παρέδωκεν
736 2865 827 2900 αὑτὸν,
848 2864 944 2901 ἔρῥιψε

650 141 695 169 DE
713 136 922 171 PRODITIONE
938 141 1038 171 JUDE
1068 140 1185 171 HOMlL.
1204 141 1225 170 1.

1706 142 1762 171 578

974 200 1009 227 τά
1020 199 1165 235 τριάκοντα
1177 199 1307 236 ἀργύρια,
1323 199 1370 227 καί
1389 205 1482 236 φησιν’
1503 194 1651 235 Ἥμαρτεν
1671 209 1763 236 παρα·

974 241 1047 274 δοὺς
1061 239 1133 276 αἷμα
1148 241 1275 268 δίκαιον.
1299 241 1332 268 Τί
1354 242 1483 276 γέγονεν;
1503 242 1567 269 Ὅτε
1592 242 1764 278 θαυματουρ-

975 283 1075 317 γοῦντα
1092 281 1170 315 εἶδες,
1185 283 1236 310 οὒκ
1256 282 1509 318 ἔλεγες,Ἦμαρτον
1527 285 1678 320 παραδοὺς
1692 282 1765 320 αἷμα

975 325 1088 353 ἀθῶον·
1113 325 1191 356 ἀλλά,
1217 325 1248 352 Τί
1269 325 1371 354 θέλετέ
1388 335 1439 360 μοι
1463 326 1578 360 δοῦναι,
1600 328 1680 361 κάγὼ
1694 327 1766 361 ὑμῖν

976 365 1142 401 παραδώσω
1149 366 1261 398 αὑτόν;
1276 366 1382 403 Ἐπειδὴ
1395 367 1462 394 δὲτὸ
1474 368 1559 394 κακὸν
1575 368 1764 404 προεχώρησε,

976 408 1024 434 καὶ
1039 408 1056 442 ἡ
1071 408 1200 443 προδοσία
1210 408 1285 440 τέλος
1297 407 1370 443 ἐσχε,
1386 408 1434 435 καὶ
1443 409 1458 444 ἡ
1467 409 1590 444 ἁμαρτία
1599 410 1764 445 ἀπήρτιστο,

976 450 1037 476 τότε
1054 450 1175 488 ἐπέγνως
1191 450 1241 485 τὴν
1265 450 1412 486 ἁμαρτίαν.
1432 451 1464 476 Τί
1484 449 1531 478 οὖν
1555 451 1679 479 ἐντεῦθεν
1695 460 1766 487 μαν·

977 491 1111 527 θάνομεν;
1129 492 1190 518 Ὀτι
1211 492 1274 518 ὅταν
1299 492 1349 527 μὲν
1367 492 1543 527 ῥᾳθυμῶμεν,
1559 492 1619 519 οὐδὲ
1634 493 1766 529 παραίνε-

979 542 1020 566 σις
1034 534 1108 568 ἡμᾶς
1133 532 1250 568 ὠφελεῖ·
1276 533 1340 560 ὅταν
1354 533 1381 560 δὲ
1405 533 1610 568 σπουδάζωμεν,
1623 534 1670 560 καὶ
1689 535 1768 562 αὐτοὶ

978 576 1025 610 ἀφ’
1039 574 1143 602 ἑαυτῶν
1156 575 1331 610 διαναστῆναι
1352 575 1499 610 δυνάμεθα.
1518 576 1572 602 Καὶ
1591 575 1645 612 γὰρ
1665 577 1713 603 καὶ
1723 574 1768 604 οὖ-

979 626 1034 649 τος.
1049 617 1093 644 ὅτε
1104 616 1221 653 παρῄνει
1239 617 1287 652 μὲν
1301 619 1315 644 6
1328 617 1497 650 διδάσκαλος,
1520 618 1570 644 οὐκ
1593 618 1705 653 ἤκουεν·
1723 619 1769 645 ὅτε

979 658 1009 685 δὲ
1020 658 1107 690 οὐδεὶς
1119 656 1154 694 ἦν
1169 659 1184 684 ὁ
1207 659 1359 694 παραινῶν,
1378 659 1409 685 τὸ
1426 659 1524 686 οἰκεῖον
1543 659 1661 691 συνειδὸς
1683 660 1768 687 ἐπαν-

980 700 1057 735 έστη,
1077 700 1124 726 καὶ
1140 699 1253 735 μηδενὸς
1269 700 1345 732 ὄντος
1358 700 1517 727 διδασκάλου
1534 700 1705 735 μετεϐάλετο,
1723 701 1770 728 καὶΙ

981 742 1104 775 κατέγνω
1111 741 1166 768 τῶν
1179 741 1397 777 τετολμημένων,
1409 742 1457 769 καὶ
1472 741 1567 777 ἐρῥιψε
1579 742 1614 768 τὰ
1624 742 1770 777 τριάκοντα

980 783 1109 819 ἀργύρια.
1131 784 1162 810 Τί
1175 783 1277 811 θέλετέ
1291 792 1343 818 μοι
1363 783 1478 815 δοῦναι,
1494 784 1575 818 κάγὼ
1590 784 1662 818 ύμῖν
1677 793 1772 818 παρα.

981 825 1067 852 δώσω
1084 826 1194 858 αὺτόν;
1209 826 1263 854 Kal
1291 825 1438 860 ἔστησαν,
1467 827 1560 861 φησὶν,
1586 824 1666 858 αὐτῷ
1692 826 1771 860 τριὰ-

983 875 1075 894 norm
1100 867 1234 902 ἀργύρια.
1263 867 1352 902 Τιμὴν
1376 867 1525 894 κατέϐαλον
1552 867 1665 901 αἵματος
1688 867 1771 903 τιμὴν

983 909 1032 935 οὐκ
1049 909 1164 943 ἔχοντος.
1188 908 1220 935 Τί
1247 909 1396 944 λαμϐάνεις
1421 908 1568 944 τριάκοντα
1593 908 1721 944 ἀργύρια,
1748 909 1772 936 ὦ

990 951 1090 983 Ἰούδα;
1118 951 1227 986 Δωρεάν
1252 948 1334 986 ἦλθεν
1351 951 1365 976 δ
1384 950 1502 986 Χριστὸς
1525 951 1616 985 ἐκχέαι
1642 951 1675 978 τὸ
1701 948 1772 986 αἷμα

983 992 1061 1018 τοῦτο
1075 992 1144 1027 ὑπὲρ
1168 991 1218 1026 τῆς
1244 992 1416 1027 οἰκουμένης,
1447 991 1518 1027 ὑπὲρ
1540 989 1570 1018 οὗ
1587 992 1719 1027 σύμφωνα
1739 993 1772 1019 σὺ

984 1035 1070 1065 ποιεῖς
1076 1035 1122 1060 καὶ
1134 1034 1343 1069 συναλλάγματα
1355 1034 1460 1070 ἀναιδῆ.
1475 1034 1507 1060 Τί
1519 1034 1573 1071 γὰρ
1584 1034 1772 1069 ἀναιδέστερον

984 1075 1030 1101 τοῦ
1043 1075 1266 1110 συναλλάγματος
1281 1074 1392 1108 τούτου;

1019 1157 1051 1184 δ’.
1071 1157 1142 1185 Τότε
1154 1157 1332 1192 προσῆλθον
1339 1159 1366 1185 ot
1375 1158 1513 1193 μαθηταί,
1528 1158 1605 1185 Τότε·
1617 1158 1697 1192 πότε;
1708 1159 1773 1186 Ὅτε

985 1200 1070 1227 ταῦτα
1094 1200 1213 1234 ἐγένετο,
1241 1200 1286 1226 ὅτε
1304 1201 1321 1233 ἡ
1337 1200 1467 1235 προδοσία
1495 1200 1706 1236 προεχώρησεν,
1727 1201 1773 1227 ὅτε

987 1242 1082 1269 ἐαυτὸν
1098 1241 1238 1268 ἀπώλεσεν
1249 1242 1263 1268 6
1274 1241 1386 1273 Ἰούδας,
1399 1241 1578 1275 Προσῆλθον
1589 1242 1668 1274 αὐτῷ
1688 1243 1716 1270 oi
1719 1251 1775 1277 μα-

987 1283 1072 1318 θηται
1077 1283 1294 1318 λέγοντεςνΠοῦ
1302 1283 1399 1316 θέλεις
1406 1283 1608 1321 ἑτοιμάσωμέν
1614 1291 1662 1310 σοι
1670 1285 1776 1319 φαγεῖν

986 1326 1020 1352 τὸ
1034 1325 1143 1359 Πάσχα
1152 1333 1162 1357 ;
1178 1323 1254 1356 Εἶδες
1269 1325 1393 1360 μαθητήν
1403 1323 1488 1357 ;εἷδες
1497 1325 1637 1360 μαθητάςς
1658 1326 1776 1357 Ἐκεῖνος

989 1366 1066 1403 [382]
1081 1367 1225 1403 προδίδωσι
1239 1367 1285 1393 τὸν
1301 1366 1450 1402 Δεσπότην,
1470 1364 1542 1393 οὗτοι
1561 1367 1625 1402 περὶ
1639 1367 1668 1392 16
1680 1367 1777 1402 Πάσχα

991 1408 1166 1444 μεριμνῶσιν·
1175 1409 1276 1439 ἐκεῖνος
1284 1406 1416 1442 σύμφωνα
1422 1409 1502 1438 ποιεῖ,
1513 1404 1586 1434 οὗτοι
1594 1407 1661 1443 πρὸς
1675 1408 1778 1444 ὑπηρε-

990 1450 1050 1476 σίαν
1078 1449 1291 1486 παρεσκεύαζον.
1315 1449 1374 1476 Τῶν
1382 1449 1472 1476 αὐτῶν
1482 1449 1638 1475 ἀπέλαυσαν
1653 1451 1778 1480 κάκεῖνος

988 1493 1035 1520 καὶ
1053 1489 1125 1519 οὗτοι
1151 1491 1306 1527 θαυμάτων,
1331 1491 1386 1517 τῶν
1418 1491 1507 1517 αὐτῶν
1531 1491 1713 1526 διδαγμάτων,
1729 1492 1778 1526 τῆς

990 1534 1074 1569 αὐτῆς
1096 1533 1237 1566 ἐξουσίας·
1264 1532 1346 1560 πόθεν
1373 1531 1420 1559 οὖν
1437 1533 1453 1567 ὴ
1470 1532 1621 1568 μεταϐολή;
1647 1533 1712 1559 Ἀπὸ
1728 1533 1778 1568 τῆς

991 1575 1192 1611 προαιρέσεως·
1213 1574 1283 1609 αὕτη
1300 1573 1409 1601 πάντων
1423 1574 1499 1601 αίτία
1516 1573 1653 1609 πανταχοῦ
1667 1575 1778 1601 καὶτῶν

991 1617 1100 1651 ἀγαθῶν
1116 1617 1163 1643 καὶ
1183 1616 1238 1644 τῶν
1259 1616 1361 1643 κακῶν.
1383 1616 1446 1643 Ποῦ
1465 1616 1562 1649 θέλεις
1578 1616 1779 1651 ἑτοιμάσωμέν

991 1667 1040 1686 σοι
1057 1658 1162 1693 φαγεῖν
1176 1658 1210 1686 τὸ
1225 1658 1351 1692 Πάσχα;
1368 1658 1400 1684 Ἥ
1426 1658 1529 1694 ἑσπέρα
1553 1658 1622 1694 αὕτη
1640 1656 1675 1694 ἦν
1696 1659 1757 1685 τότε
1770 1667 1778 1674 ·

992 1701 1052 1728 ἐπεὶ
1066 1699 1112 1727 οὖν
1126 1700 1213 1727 οἰκίαν
1227 1700 1278 1727 οὐκ
1291 1698 1362 1735 εἶχεν
1372 1700 1386 1726 6
1396 1700 1545 1736 Δεσπότης,
1560 1700 1606 1727 διὰ
1617 1701 1696 1727 τοῦτο
1705 1701 1779 1736 αὐτῷ

992 1743 1117 1776 λέγουσι·
1139 1742 1201 1769 Ποῦ
1218 1742 1315 1774 θέλεις
1331 1741 1534 1777 ἑτοιμάσωμέν
1556 1751 1606 1769 σοι
1622 1743 1728 1777 φαγεῖν
1746 1744 1780 1770 τὸ

994 1784 1118 1818 Πάσχα;
1143 1784 1200 1810 Οὐκ
1221 1783 1320 1818 ἔχομεν
1345 1783 1516 1817 καταγώγιον
1542 1784 1702 1819 ὡρισμένον,
1730 1785 1780 1811 οὐκ

993 1826 1090 1861 ἔχομεν
1115 1825 1227 1860 σκηνὴν,
1242 1825 1302 1851 οὐδὲ
1324 1825 1422 1852 οἰκίαν.
1447 1825 1665 1852 Μανθανέτωσαν
1685 1826 1709 1852 οἱ
1731 1826 1781 1858 τὰς

993 1866 1122 1902 λαμπρὰς
1135 1866 1335 1901 οἰκοδομοῦντες
1346 1866 1444 1898 οἰκίας,
1453 1866 1560 1898 καὶτὰς
1570 1867 1678 1902 εὐρείας
1689 1869 1782 1902 στοὰς,

994 1909 1041 1936 καὶ
1063 1908 1125 1940 τοὺς
1150 1908 1272 1943 μακροὺς
1286 1907 1456 1943 περιϐόλους,
1470 1908 1511 1934 ὅτι
1533 1908 1583 1934 οὐκ
1601 1906 1672 1944 εἶχεν
1686 1909 1700 1935 6
1715 1908 1782 1944 Χρι-

995 1951 1056 1982 στὸς
1072 1950 1124 1976 ποῦ
1140 1949 1189 1985 τὴν
1202 1949 1324 1985 κεφαλὴν
1340 1949 1510 1977 κατακλῖναι.
1531 1950 1577 1976 Διὸ
1591 1951 1728 1986 ἐρωτῶσιν
1741 1949 1782 1978 οὗ·

995 2000 1048 2019 τοι·
1063 1991 1124 2019 Ποῦ
1141 1991 1238 2024 θέλεις
1256 1991 1458 2026 ἑτοιμάσωμέν
1473 1999 1523 2018 σοι
1541 1992 1646 2027 φαγεῖν
1667 1993 1700 2019 τὸ
1722 1992 1782 2019 Πά-

995 2041 1073 2069 σχα;
1091 2034 1169 2060 Ποῖον
1185 2033 1298 2068 Πάσχα;
1323 2032 1390 2068 οὐχὶ
1406 2032 1484 2060 τοῦτο
1500 2033 1530 2060 τὸ
1549 2034 1691 2069 ἡμέτερον,
1715 2035 1782 2062 ἀλλὰ

995 2077 1025 2103 16
1044 2074 1188 2102 Ἰουδαϊκὸν
1203 2073 1286 2106 τέως“
1306 2074 1393 2101 ἐκεῖνο
1410 2074 1458 2109 μὲν
1473 2074 1528 2109 γὰρ
1541 2075 1566 2101 οἱ
1583 2075 1702 2110 μαθηταὶ
1714 2085 1783 2112 παρ-

996 2116 1157 2148 εσκεύασαν,
1174 2115 1252 2142 τοῦτο
1272 2115 1301 2141 δὲ
1313 2115 1344 2142 τὸ
1357 2115 1491 2150 ἡμέτερον
1508 2116 1589 2148 αὐτὸς
1611 2117 1782 2144 κατεσκεύα-

998 2168 1057 2186 σεν·
1072 2159 1102 2186 οὐ
1120 2158 1198 2194 μόνον
1213 2157 1240 2184 δὲ
1256 2157 1337 2189 αὐτὸς
1353 2157 1418 2184 αὐτὸ
1435 2158 1644 2191 κατεσκεύασεν,
1657 2159 1725 2186 ἀλλά
1736 2160 1783 2186 καὶ

996 2201 1077 2233 αὐτὸς
1089 2201 1184 2235 Πάσχα
1203 2199 1318 2234 ἐγένετο.
1339 2200 1400 2226 Ποῦ
1411 2199 1508 2233 θέλεις
1520 2200 1723 2236 ἑτοιμάσωμέν
1732 2210 1782 2229 σοι

997 2242 1102 2278 φαγεῖν
1113 2242 1146 2269 τὸ
1163 2241 1271 2276 Πάσχα
1280 2249 1291 2273 ;
1307 2241 1410 2268 Ἐκεῖνο
1425 2241 1568 2268 Ἰουδαϊκὸν
1584 2240 1618 2277 ἦν
1629 2242 1660 2270 τὸ
1676 2243 1782 2279 Πάσχα,

998 2286 1085 2311 ἐκεῖνο
1099 2284 1127 2310 ἐν
1141 2283 1271 2318 Δίγύπτῳ
1284 2283 1334 2318 τὴν
1346 2282 1433 2319 ἀρχὴν
1445 2282 1621 2316 ἐλαϐε.Τίνος
1633 2281 1680 2310 οὗν
1691 2284 1783 2312 ἐνεκεν

997 2326 1098 2362 τρώγει
1108 2325 1174 2352 αὐτὸ
1188 2326 1202 2352 6
1217 2323 1349 2360 Χριστός;
1365 2325 1427 2351 Ὀτι
1442 2325 1530 2352 πάντα
1543 2325 1578 2351 τὰ
1591 2326 1690 2361 νομικά
1701 2327 1783 2362 ἐπλή-

999 2376 1080 2404 ρωσε.
1093 2367 1148 2394 Καὶ
1169 2366 1223 2402 γὰρ
1242 2367 1286 2393 ὅτε
1304 2366 1474 2400 ἐϐαπτίζετο,
1496 2367 1588 2401 ἔλεγεν
1600 2375 1608 2381 '
1626 2367 1708 2394 Οὕτω
1728 2369 1783 2404 γὰρ

998 2408 1113 2443 πρέπον
1134 2408 1221 2434 ἐστὶν
1240 2407 1313 2442 ἡμῖν
1332 2408 1489 2442 πληρῶσαι
1506 2407 1611 2436 πᾶσαν
1630 2408 1783 2436 δικαιοσύ-

997 2448 1169 2484 νην-,τιιλθον
1191 2451 1223 2476 ἐκ
1245 2449 1296 2484 τῆς
1310 2449 1358 2476 τοῦ
1373 2449 1456 2485 νόμου
1477 2450 1602 2486 κατάρας
1620 2450 1784 2487 ἐξαγοράσαι

997 2492 1043 2518 τὸν
1057 2490 1208 2527 ἄνθρωπον.
1217 2491 1244 2517 Ὀ
1260 2492 1314 2526 γὰρ
1329 2490 1402 2524 Θεὸς
1417 2491 1472 2518 τὸν
1486 2491 1596 2519 ἑαυτοῦ
1614 2492 1682 2519 Υίὸν
1695 2493 1784 2527 ἐπεμ-

997 2535 1038 2568 ψε
1054 2532 1241 2568 γεννώμενον
1256 2532 1290 2559 ἐκ
1307 2531 1462 2566 γυναικὸς,
1480 2533 1642 2567 γενόμενον
1657 2534 1716 2561 ὑπὸ
1735 2535 1785 2561 νό-

995 2582 1065 2609 μον,
1086 2575 1136 2601 ἵνα
1157 2573 1227 2606 τοὺς
1249 2573 1309 2601 ὑπὸ
1329 2574 1421 2608 νόμον
1438 2573 1621 2609 ἐξαγοράσῃ,
1638 2575 1684 2601 καὶ
1703 2576 1785 2602 αὑτὸν

997 2615 1143 2652 ἀναπαύσῃ
1164 2615 1209 2643 τὸν
1225 2615 1378 2650 νόμον.’Ἱνα
1398 2613 1445 2642 οὖν
1470 2616 1507 2651 μή
1524 2624 1567 2647 τις
1581 2616 1656 2652 λέγῃ,
1678 2616 1720 2643 ὅτι
1741 2617 1785 2645 διὰ

997 2657 1076 2684 τοῦτο
1090 2657 1170 2684 αὑτὸν
1185 2657 1368 2692 κατήρτησεν,
1383 2656 1476 2693 ἐπειδὴ
1490 2657 1631 2693 πληρῶσαι
1643 2658 1724 2685 αὑτὸν
1735 2659 1785 2686 οὐκ

997 2699 1124 2735 ἠδύνατο,
1140 2699 1178 2731 ὡς
1198 2698 1326 2734 φορτικὸν
1340 2699 1388 2726 καὶ
1401 2699 1506 2735 ἐπαχθῆ
1527 2700 1575 2726 καὶ
1596 2699 1785 2737 δυσκατόρθω-

997 2750 1043 2768 τον
1055 2741 1128 2774 ὄντα,
1146 2741 1255 2777 πρῶτον
1269 2741 1353 2768 αὑτοῦ
1366 2741 1513 2777 πληρώσας
1525 2742 1641 2775 ἅπαντα,
1651 2743 1710 2769 τότε
1721 2751 1787 2770 κατ-

997 2782 1086 2810 έλυσε.
1100 2783 1150 2809 Διά
1164 2782 1243 2809 τοῦτο
1261 2782 1309 2809 καὶ
1329 2783 1360 2809 16
1381 2783 1478 2818 Πάσχα
1489 2783 1615 2819 ἐποίησε·
1632 2783 1715 2819 νόμου
1733 2785 1786 2820 γὰρ

997 2822 1032 2859 ἦν
1046 2825 1186 2859 ἐπίταγμα
1199 2824 1229 2850 16
1245 2825 1350 2860 Πάσχα.
1366 2825 1421 2851 Καὶ
1435 2825 1508 2856 τίνος
1521 2825 1614 2851 ἕνεκεν
1625 2826 1639 2851 6
1650 2826 1731 2860 νόμος
1741 2827 1787 2852 ἐπ-

999 2866 1076 2898 έταξε
1091 2867 1122 2893 τὸ
1137 2866 1233 2902 Πάσχα
1255 2866 1374 2899 ἑσθίειν;
1395 2866 1562 2902 Ἀγνώμονες
1579 2864 1648 2901 ἦσαν
1661 2867 1726 2903 περὶ
1739 2867 1787 2896 τὸν
