1978 3131
178 107 232 135 319

179 159 326 198 εὐεργέτην
346 159 371 185 οι
388 157 518 188 Ἰουδαῖοι,
536 157 582 184 καὶ.
604 156 669 192 παρ’
681 155 765 187 αὑτὰς
784 154 843 198 τάςΔ
857 153 968 198 56697::-

179 193 241 236 σίας
250 193 468 229 ’ἐπελανθάνοντο
479 198 527 226 τοῦ
541 198 754 234 προστάγματος
764 195 812 223 τοῦ
825 194 904 222 Θεοῦ.
913 193 969 220 Kal

179 246 234 281 γὰρ
247 245 291 271 ὅτε
305 242 416 277 ἐξῆλθον
431 241 460 274 ἐξ
473 240 622 276 Δίγύπτου.
642 240 742 270 ἰδόντες
760 238 895 281 θάλασσαν
904 244 970 281 ’σχιο

180 277 296 322 ξομένην
319 285 367 312 καὶ
384 283 529 311 συνιοῦσαν
550 282 641 313 πάλιν,
657 282 704 308 καὶ
720 280 788 308 ἄλλα
803 279 889 322 μυρία
901 277 969 305 θαύ-

182 320 264 366 ματα,
275 320 372 361 ’ἔλεγον
383 335 390 341 ·
407 325 583 359 Ποιήσωμεν
597 323 714 366 ἐαυτοζς
725 321 832 366 -θερὺς,
854 320 882 366 οἳ
898 327 970 353 προ-

181 363 378 406 πορεύσονται
394 367 486 402 ἡμῶν.
503 367 535 392 Τί
550 365 657 400 λέγειςς
675 364 710 390 τὰ
723 363 850 406 θαύματα
866 363 895 406 ἐν
907 370 971 406 χερ-

182 402 227 441 σιν
245 414 295 442 ἑτι,
316 411 364 438 καὶ
378 408 510 436 ἐπελάθου
525 407 571 434 τοῦ
587 406 749 442 εύεργέτους
770 405 846 432 Ἐπεὶ
866 402 912 431 οὖν
927 403 971 430 οῦ-

181 465 235 487 τως
248 453 317 490 ἦσαν
331 451 488 486 ἀναίσθητοι
498 450 544 476 καὶ
556 448 766 490 ἀγνώμονες,τῇ
780 446 906 490 ὑποθέσει
917 445 971 490 τῶν

182 486 282 533 ἑορτῶν
307 493 471 528 ἐγκατέδησε
492 491 547 518 τῶν
569 490 678 526 δωρεῶν
700 489 737 533 τά
753 489 938 533 ι’)πομνηματα
956 486 971 512 6

181 531 258 571 θεὸς,
274 538 320 565 καὶ
336 537 380 563 διὰ
401 535 479 561 τοῦτο
500 533 547 560 καὶ
567 533 598 559 τὸ
618 532 714 567 Πάσχα
728 531 803 558 θύειν
817 531 970 561 ἐκέλευσεν,

183 583 255 609 Ἵνα.
267 580 322 608 ἐὰν
336 587 372 605 σε
396 576 544 611 ἐρωτήσῃ,
559 574 650 610 φησὶν,
667 576 684 601 ὁ
703 574 768 607 υἱός
780 580 850 605 σου,
864 572 897 600 Τί
913 573 972 598 ἐστι

181 624 212 650 τὸ
233 623 327 657 Πάσχα
349 620 444 650 τοῦτοζ
468 619 558 654 εἴπῃς,
575 618 616 644 ὅτι
630 616 683 644 Τοῦ
699 616 836 652 προϐάτου
851 615 881 642 τὸ
901 611 972 649 αἷμα

183 665 330 700 ἑπέχρισαν
343 663 402 694 ταῖς
420 661 516 696 θύραις
530 660 596 686 ποτὲ
608 658 687 694 ἡμῶν
701 659 726 685 οι
743 658 870 700 πρόγονοι
880 657 913 700 ἐν
926 657 973 700 VA!-

183 698 288 741 γύπξῳ,
310 705 353 732 ῐνα
369 703 406 739 μὴ
421 704 435 729 ὁ
449 701 599 737 ὀλοθρεύων
613 700 698 727 ἐλθὼν
711 701 758 727 xal
774 699 835 741 I663v
849 698 972 734 τολμήσῃ

183 739 356 782 εἰσπηδῆσαι,
376 745 423 772 καὶ
444 743 571 778 ἐπαγάγῃ
594 742 710 778 πληγήν.
734 742 789 769 Καὶ
805 739 840 777 ἦν
859 742 876 777 ἡ
892 740 973 776 ἑορτὴ

183 789 276 816 λοιπὸν
290 788 441 822 ὑπόμνησις
457 785 592 820 σωτηρίας
606 784 744 820 διηνεκής.
761 783 868 810 Μᾶλλον
892 783 920 809 δὲ
942 782 972 808 οὑ

183 831 263 858 τοῦτο
289 830 369 866 μόνον
394 827 560 864 ἐκέρδαινον,
583 827 623 853 ὅτι
645 826 700 853 τῶν
727 824 851 852 παλαιῶν
875 824 974 856 αὐτοὺς

183 872 387 908 ἀνεμίμνησκεν
406 868 645 905 εὐεργετημάτων,
660 867 727 894 ἀλλά
743 867 790 894 καὶ
806 867 898 903 ἕτερον
918 867 974 908 μεῖο

184 905 242 946 ζον,
258 905 299 940 δτι
313 913 347 939 τά
365 911 498 947 μέλλοντα
507 909 698 945 πρώιετὺπου.
715 909 769 936 Kal
782 908 836 944 γὰρ
847 908 931 939 τύπος
940 905 974 943 ἦν

184 957 287 986 ἐκεῖνος
304 955 318 980 6
333 953 417 989 ἀμνὸς
432 953 524 988 ἑτέρου
540 952 626 987 ἀμνοῦ
642 950 838 986 πνευματικοῦ,
850 950 895 977 καὶ
911 950 975 985 πρό-

185 998 266 1024 ϐατον
280 995 433 1032 προὸάτου·
449 994 496 1022 καὶ
511 994 542 1021 τὸ
560 994 608 1029 μὲν
625 992 658 1029 ἦν
674 993 746 1024 σκιὰ,
764 993 794 1019 τὸ
807 993 835 1019 δὲ
848 992 972 1027 ἀλήθεια.

192 1040 301 1075 Ἐπειδὴ
319 1039 347 1066 δὲ
359 1038 494 1072 ἐπέφανεν
507 1037 522 1063 6
537 1037 587 1072 τῆς
599 1035 771 1071 δικαιοσύνης
783 1036 867 1071 ἥλιος,
879 1037 896 1071 ἠ
911 1035 974 1062 σκιά

184 1082 276 1109 λοιπὸν
292 1079 443 1107 ἐπαύσατο·
460 1079 537 1115 ἡλίου
549 1081 603 1114 γάρ
616 1079 781 1113 ἀνίσχοντος,
793 1077 944 1113 κρύπτεται
957 1077 974 1112 ὴ

185 1123 260 1150 σκιά.
271 1122 320 1149 Διά
331 1121 409 1148 τοῦτο
421 1121 476 1157 γὰρ
491 1120 565 1157 [385]
579 1121 607 1147 ἐν
619 1120 688 1155 αὐτῇ
701 1121 734 1154 τῇ
747 1119 871 1155 τραπέζῃ
883 1119 976 1146 ἑκάτε-

186 1173 231 1200 ρον
249 1164 352 1198 γίνεται
375 1163 482 1198 Πάσχα,
506 1163 553 1189 καὶ
574 1162 605 1188 τὺ
628 1161 674 1188 τοῦ
695 1161 791 1192 τύπου,
809 1162 857 1188 καὶ
880 1162 909 1188 τὺ
925 1161 974 1196 τῆς

185 1206 322 1241 ἀληθείας.
336 1205 470 1240 Καθάπερ
484 1204 538 1240 γὰρ
550 1205 575 1231 οἱ
591 1204 730 1240 ζωγράφοι
747 1205 776 1230 ἐν
791 1203 866 1238 αὐτῷ
879 1203 917 1239 τῷ
930 1204 974 1230 πί-

185 1257 247 1275 νακι
264 1247 311 1274 καὶ
323 1246 372 1278 τὰς
382 1246 514 1282 γραμμάς
527 1246 688 1281 περιάγουσι
701 1246 748 1272 καὶ
760 1246 809 1281 τὴν
821 1246 900 1272 σκιὰν
910 1245 975 1281 γρά-

186 1297 265 1324 φουσι
275 1295 299 1320 ι,
317 1288 364 1314 καὶ
379 1288 440 1314 τότε
453 1287 502 1323 τὴν
517 1287 646 1322 ἀλήθειαν
665 1287 719 1314 τῶν
733 1288 887 1322 χρωμάτων
900 1287 976 1322 αὺτῷ

186 1330 353 1357 ἐπιτιθέασιν
362 1337 369 1344 ’
381 1328 453 1355 οὕτω
465 1329 512 1355 καὶ
525 1330 539 1354 6
551 1329 667 1363 Χριστὸς
679 1329 806 1363 ἐποίησεν
818 1337 824 1343 “
836 1328 880 1355 ἐπ’
891 1329 976 1364 αὐτῆς

185 1372 234 1408 τῆς
255 1371 392 1408 τραπέζης
414 1371 460 1397 καὶ
474 1370 504 1397 τὸ
517 1370 630 1397 τυπικὺν
643 1371 740 1405 Πάσχα
759 1371 912 1406 ὑπέγραψε,
929 1371 976 1398 καὶ

185 1414 216 1440 τὸ
235 1413 362 1448 ἀληθινὸν
384 1412 546 1448 προσέθηκε·
570 1412 633 1439 Ποῦ
655 1412 753 1445 θέλεις
773 1412 977 1448 ἑτοιμάσωμέν

185 1463 236 1483 σοι
263 1455 369 1490 φαγεῖν
390 1455 424 1481 τὸ
446 1454 576 1488 Πάσχα;
594 1452 648 1480 Ἦν
668 1454 698 1480 τὸ
714 1454 858 1482 Ἰουδαϊκὸν
880 1455 976 1490 Πάσχα

185 1499 246 1525 τότε
257 1506 264 1512 ·
281 1497 350 1525 ἀλλὰ
360 1497 407 1524 τοῦ
420 1497 495 1532 ἡλίου
511 1496 645 1528 ἐλθόντος,
664 1497 761 1532 μηκέτι
775 1497 871 1533 λύχνος
887 1498 977 1532 φαινέ-

185 1549 234 1574 τω,
247 1540 300 1575 τῆς
316 1538 444 1575 ἀληθείας
456 1538 694 1575 παραγενομένης,
710 1539 829 1575 ἀργείτω
847 1539 939 1566 λοιπὸν
958 1541 974 1576 η

187 1581 262 1609 σκιά.
279 1606 285 1611 .

222 1623 252 1651 ε’.
261 1621 428 1658 Ταῦταπρδς
435 1621 661 1656 Ἰουδαίουςλέγω,
668 1621 760 1658 ἐπειδὴ
765 1622 873 1649 δοκοῦσι
880 1623 976 1658 Πάσχα

187 1666 285 1696 ποιεῖν,
302 1664 396 1700 ἐπειδὴ
409 1663 506 1700 γνώμῃ
521 1663 691 1699 ἀναισχύντῳ
707 1665 741 1690 τά
752 1664 844 1700 άζυμα
858 1665 977 1701 προϐάλ-

187 1706 279 1733 λουσιν
288 1707 312 1733 οί
325 1706 507 1741 ἀπερίτμητοι
526 1707 586 1738 ταῖς
602 1706 736 1741 καρδίαις.
756 1707 828 1737 Πῶς,
843 1708 902 1734 εἰπέ
919 1716 974 1742 μοι,

186 1748 218 1774 τὸ
232 1748 328 1783 Πάσχα
340 1747 485 1780 ἐπιτελεῖς,
496 1744 649 1779 ὧΊουδαῖε;
665 1748 694 1773 '0
707 1748 769 1779 ναὸς
777 1749 975 1781 κατέσκαπται,

186 1791 200 1816 6
216 1789 305 1825 βωμὸς
319 1789 464 1825 ἀνῄρηται,
481 1790 516 1816 τά
530 1790 612 1824 ’Ἅγια
631 1790 685 1816 τῶν
704 1790 788 1824 άγίων
811 1791 975 1827 πεπάτηται,

187 1831 277 1866 πάσης
296 1830 391 1862 θυσίας
407 1828 476 1863 εἶδος
490 1831 596 1858 λέλυται
607 1839 613 1845 ”
630 1831 701 1863 τίνος
718 1830 764 1858 οὖν
779 1831 872 1859 ἕνεκεν
890 1833 978 1860 ταῦτα

186 1873 288 1908 τολμᾷς
300 1872 340 1899 τὰρ
348 1873 494 1908 παράνομα
517 1873 645 1908 πράττειν
660 1873 827 1908 πράγματα;
844 1875 977 1911 Ἀπῆλθες

187 1916 227 1946 είς
240 1914 387 1942 Βαϐυλῶνά
403 1923 475 1943 ποτε,
491 1915 572 1941 κάκεῖ
588 1915 680 1949 ἔλεγον
697 1915 722 1941 ot
741 1916 977 1950 αῑχμαλωτεύσαν-

186 1956 232 1988 τές
246 1965 289 1983 σε·
308 1956 419 1991 ’ᾍσατε
435 1956 508 1990 ἡμῖν
523 1957 557 1983 ἐκ
571 1956 630 1983 τῶν
646 1956 732 1988 ᾠδῶν
743 1957 819 1984 Σιών
829 1967 836 1973 ·
860 1958 908 1985 καὶ
927 1959 978 1985 οὐκ

186 1999 312 2034 ἠνέσχου.
334 1999 389 2025 Kal
410 1998 496 2025 ταῦτα
516 1999 624 2030 δεικνὺς
643 2000 657 2025 6
672 1998 763 2031 Δαυῒδ,
780 1999 890 2034 ἐλεγεν-
914 2000 978 2026 Ἐπὶ

187 2041 241 2068 τὸν
265 2042 400 2075 ποταμὸν
427 2040 616 2074 Βαϐυλῶνος,
631 2041 696 2067 ἐκεῖ
720 2041 904 2076 ἐκαθίσαμεν·
926 2043 976 2069 καί

186 2083 379 2116 ἐκλαύσαμεν
391 2091 397 2098 ·
412 2082 461 2109 ἐπὶ
474 2082 537 2116 ταῖς
548 2083 639 2116 ίτέαις
649 2083 684 2110 ἐν
695 2082 780 2118 μέσῳ
791 2083 884 2117 αὐτῆς
893 2085 977 2118 ἐκρε-

186 2124 324 2158 μὰσαμεν
339 2125 373 2151 τὰ
384 2125 495 2159 ὄργανα
507 2123 602 2159 ἡμῶν,
616 2124 750 2156 τουτέστι,
763 2125 923 2161 ψαλτήριον,
939 2135 977 2152 κι-

187 2166 283 2201 θάραν,
300 2165 394 2201 λύραν,
410 2165 458 2193 καὶ⁵
470 2166 504 2192 τά
519 2165 618 2192 λοιπά·
635 2166 740 2198 τούτοις
758 2167 812 2202 γὰρ
829 2167 977 2203 ἐκέχρηντο

187 2207 218 2234 τὸ
235 2207 356 2238 παλαιὸν,
372 2208 420 2234 καὶ
437 2207 482 2234 διὰ
496 2207 599 2234 τούτων
614 2208 678 2240 τοὺς
694 2208 818 2244 ψαλμοὺς
831 2206 905 2245 ᾖδον.
922 2210 977 2236 Καὶ

187 2249 273 2276 ταῦτα
289 2249 451 2281 ἀπελθόντες
465 2251 505 2281 εἰς
525 2249 574 2285 τὴν
594 2249 795 2285 αἰχμαλωσίαν,
816 2251 921 2283 ἔλαϐον,
943 2251 977 2277 ἵν’

189 2291 270 2325 ἔχωσι
278 2291 326 2326 τὴν
336 2291 489 2327 ὑπόμνησιν
500 2291 550 2326 τῆς
561 2291 698 2324 πολιτείας
709 2292 759 2327 τῆς
770 2293 800 2319 ὲν
811 2293 842 2327 τῇ
856 2293 975 2330 πατρίδι,

189 2333 237 2367 οὐχ
255 2332 297 2358 ἵνα
311 2334 476 2367 χρήσωνται.
485 2332 565 2360 Ἐκεῖ
581 2333 646 2368 γάρ,
668 2334 760 2368 φησὶν,
780 2334 978 2368 ἐπηρώτησαν

189 2373 268 2408 ἡμᾶς
287 2375 313 2400 οί
329 2374 627 2408 αὶχμαλωτεύσαντες
648 2375 728 2409 ἡμᾶς
749 2376 860 2409 λόγους
882 2375 975 2409 ᾠδῶν.

191 2415 244 2441 Καὶ
260 2415 372 2449 εἴπομεν
382 2423 388 2430 ·
406 2414 473 2447 Πῶς
487 2415 608 2450 ᾆσωμεν
622 2415 682 2449 τὴν
701 2416 783 2450 ᾠδὴν
797 2417 909 2452 Κυρίου
928 2418 977 2444 ἐπί

190 2455 247 2490 τῆς
260 2456 435 2490 ἀλλοτρίας-ς
459 2457 491 2483 Τί
513 2457 616 2491 λέγεις;
639 2457 688 2493 τὴν
711 2458 782 2494 ᾠδὴν
807 2459 910 2494 Κυρίου
927 2460 978 2486 οὐκ

190 2498 263 2534 ᾄδεις
281 2499 327 2525 ἐπὶ
341 2499 392 2533 γῆς
412 2498 565 2534 ἀλλοτρίας.
581 2500 628 2527 καὶ
642 2500 672 2527 τὸ
687 2501 783 2535 Πάσχα
800 2501 902 2536 Κυρίου
921 2502 978 2528 ἑπι-

189 2540 276 2571 τελεις
299 2540 345 2567 ἐπὶ
368 2540 420 2575 γῆς
433 2540 591 2576 ἀλλοτρίας;
607 2540 682 2573 Εἶδες
696 2541 744 2577 τὴν
759 2543 976 2579 ἀγνωμοσύνην;

190 2579 259 2612 εἶδες
279 2580 329 2616 τὴν
350 2582 536 2617 παρανομίαν;
555 2583 620 2609 Ὅτε
641 2584 765 2619 πολέμιοι
787 2582 856 2620 ἦσαν
872 2586 897 2612 οι
915 2593 978 2611 κατ-

189 2621 401 2655 αναγκάζοντες.
415 2623 474 2650 οὐδὲ
494 2624 602 2659 ψαλμὸν
623 2625 711 2652 εἰπεῖν
725 2626 845 2661 ἐτόλμων
862 2626 909 2652 ἐπὶ
925 2626 977 2662 γῆς

190 2663 331 2699 ἀλλοτρίας
340 2673 347 2680 ι
360 2664 407 2691 νῦν
417 2665 444 2692 δὲ
457 2666 503 2700 ἀφ’
519 2666 634 2697 ἑαυτῶν,
653 2667 765 2702 μηδενὸς
779 2667 977 2700 ἀναγκάζοντος

190 2705 258 2739 μηδὲ
279 2705 448 2740 βιαζομένου,
462 2707 580 2742 πόλεμον
601 2709 741 2743 εἰσάγουσι
756 2710 824 2745 πρὸς
838 2710 883 2737 τὸν
899 2709 974 2737 Θεόν.

194 2746 274 2782 Ὁρᾷς
299 2747 356 2779 πῶς
373 2748 516 2784 ἀκάθαρτα
530 2749 564 2776 τὰ
580 2749 689 2785 ἀξυμας
712 2751 771 2783 πῶς
786 2751 944 2787 παράνομος
959 2752 976 2787 ἡ

217 2840 231 2855 ⁸
241 2840 288 2864 Alli
299 2842 338 2865 καὶ
350 2842 526 2872 οκιογῖἀςονσι.

515 101 544 128 S.
563 98 706 128 JOANNIS
724 93 968 127 CHRYSOSTOMI

1027 92 1150 121 lCHIEP.
1167 92 1447 122 CONSTANTINOP.

1758 92 1809 121 380

1022 151 1103 186 ἑορτή
1113 159 1121 183 ;
1133 150 1192 183 πῶς
1209 150 1303 186 Πάσχα
1319 150 1369 178 οὐκ
1381 150 1455 177 ἐστιν
1469 148 1630 182 Ἰουδαῖκόνς
1644 147 1700 176 Ἦν
1715 149 1812 184 Πάσχα

1028 193 1173 221 Ἰουδαϊκόν
1188 202 1264 225 ποτε,
1276 192 1334 220 ἀλλ’
1344 192 1427 228 ἐλύθη
1441 192 1499 224 νῦν,
1510 192 1559 219 καὶ
1576 191 1678 226 ἐπῆλθε
1693 191 1725 218 τὸ
1735 199 1813 218 πνευ-

1023 235 1136 271 ματικὸν
1146 235 1254 270 Πάσχα.
1271 235 1286 261 ὃ
1300 234 1442 270 παρεδίδου
1457 234 1518 261 τότε
1536 234 1551 260 6
1562 234 1688 269 Χριστός.
1698 233 1814 260 Ἐσθιόν-

1017 285 1075 304 ’των
1097 277 1150 312 γὰρ
1165 277 1256 304 αὐτῶν
1275 277 1324 303 κα)⁸
1342 276 1485 307 πινόντων,
1509 276 1586 311 φησὶ,
1608 274 1699 302 λαϐὼν
1719 275 1811 310 ἄρτον,

1021 319 1121 346 ἐκλασε
1133 319 1180 346 καὶ
1195 315 1271 345 εἷτιε’
1291 319 1381 347 Τοῦτό
1393 318 1460 345 ἐστι
1473 317 1506 345 τὸ
1520 317 1607 352 σῶμά
1616 326 1676 351 μου
1692 317 1726 344 τὸ
1738 316 1815 350 ὑπὲρ

1022 360 1106 396 ὑμῶν
1128 360 1283 396 κλώμενον
1307 361 1350 393 εὶς
1373 360 1484 394 ἄφεσιν
1505 359 1774 394 ἁμαρτιῶν-,Ἴωσιν
1790 358 1815 384 οἱ

1024 403 1194 438 μεμυημένοι
1206 403 1240 430 τὰ
1254 403 1396 438 λεγόμενα.
1410 402 1464 429 Καὶ
1479 401 1559 428 πάλιν
1570 401 1600 428 τὸ
1616 401 1760 436 ποτήριον,
1771 400 1816 426 λέ-

1022 453 1096 480 γων’
1116 445 1207 473 Τοῦτό
1227 445 1293 472 ἐστι
1313 445 1346 472 τὸ
1369 442 1441 480 αἷμά
1452 452 1523 478 μου,
1539 443 1573 470 τὸ
1591 442 1668 477 ὑπὲρ
1690 442 1816 470 πολλῶν

1022 487 1226 521 ὲκχυνόμενον
1243 488 1287 520 εὶς
1308 486 1419 522 ἄφεσιν
1440 485 1600 520 ἁμαρτιῶν.
1619 485 1675 512 Καὶ
1696 485 1788 519 παρῆν
1801 483 1816 510 6

1029 529 1139 560 Ἰούδας,
1153 529 1199 556 τοῦ
1218 529 1336 565 Χριστοῦ
1357 529 1443 556 ταῦτα
1463 528 1598 562 λέγοντος.
1614 527 1700 554 Τοῦτό
1713 528 1771 553 ἐστι
1787 526 1817 553 τὸ

1024 572 1114 607 σῶμα,
1122 572 1136 599 6
1145 571 1300 607 ἐπώλησας,
1309 571 1403 604 Ἰούδα,
1411 571 1557 606 τριάκοντα
1568 569 1708 606 ἀργυρίων
1717 577 1726 585 ·
1738 568 1817 595 τοῦτό

1024 615 1083 641 ἐστι
1100 614 1131 640 τδ
1145 611 1224 649 αἷμα,
1240 614 1310 649 ὑπὲρ
1331 611 1362 640 οὗ
1381 613 1434 648 πρὸ
1453 612 1552 648 μικροῦ
1573 611 1608 639 τὰ
1630 610 1728 646 ἀναιδῆ
1751 610 1817 646 σύμ-

1024 664 1102 690 φωνα
1124 655 1217 682 ὲποίου
1243 655 1310 691 πρὸς
1332 655 1396 686 τοὺς
1416 654 1576 689 ἀγνώμονας
1600 653 1818 689 Φαρισαίους.Ὣ

1023 699 1073 734 τῆς
1095 698 1143 725 τοῦ
1167 697 1287 734 Χριστοῦ
1309 697 1531 733 φιλανθρωπίαςί
1547 696 1570 722 ὢ
1588 696 1640 731 τῆς
1664 695 1712 722 τοῦ
1732 695 1818 722 ’ἰούδα

1024 740 1230 775 παραπληξίαςί
1244 739 1266 766 ὣ
1284 740 1333 775 τῆς
1363 739 1477 774 μανίαςί
1494 740 1508 765 6
1526 738 1575 773 μὲν
1597 739 1652 773 γὰρ
1675 736 1817 771 ἐπώλησεν

1023 782 1106 809 αὐτὸν
1124 782 1272 817 τριάκοντα
1286 782 1435 817 δηναρίων·
1456 781 1471 808 6
1494 781 1612 816 Χριστὸς
1634 780 1663 807 δὲ
1683 780 1731 807 καὶ
1750 779 1818 815 μετὰ

1023 824 1103 852 τοῦτο
1115 825 1144 851 οὐ
1163 825 1342 861 παρῃτήσατο
1356 824 1422 851 αὐτὸ
1433 824 1463 850 τὺ
1476 821 1546 859 αἷμα
1562 823 1592 850 τὸ
1609 823 1714 859 πραθὲν
1725 822 1818 849 δοῦναι

1024 868 1065 900 είς
1077 867 1173 901 ἄφεσιν
1187 866 1329 902 ἁμαρτιῶν
1345 866 1385 901 τῷ
1405 866 1570 902 πεπραχότι,
1592 867 1619 893 εῐ
1637 874 1668 900 γε
1686 865 1817 900 ἠθέλησε.

1025 909 1080 936 Kal
1094 909 1148 944 γὰρ
1164 909 1254 944 παρῆν
1265 908 1385 941 σἸούδας,
1399 908 1446 935 καὶ
1473 909 1579 944 μετεῖχε
1594 909 1643 943 τῆς
1661 908 1738 942 ἱερᾶς
1754 914 1820 942 τρα-

1024 950 1232 986 πέζης-’Ὠσπερ
1244 950 1298 986 γὰρ
1310 951 1374 982 τοὺς
1389 950 1471 982 πόδας
1488 949 1571 977 αὐτοῦ
1586 949 1655 984 μετά
1668 949 1723 976 τῶν
1732 949 1820 975 ἄλλων

1025 993 1099 1028 ἐνιψε
1115 993 1255 1028 μαθητῶν,
1273 992 1344 1019 οὓτω
1365 993 1413 1019 καὶ
1431 993 1480 1028 τῆς
1497 993 1572 1028 ἱερᾶς
1589 992 1703 1027 μετέσχε
1719 992 1821 1027 τραπέ-

1025 1035 1085 1071 ζης,
1099 1035 1142 1061 ἵνα
1161 1035 1295 1071 μηδεμίαν
1306 1035 1454 1069 ἀπολογίας
1471 1034 1519 1071 ἔχῃ
1535 1035 1683 1070 πρόφασιν,
1696 1035 1746 1061 ἐὰν
1761 1035 1821 1060 ἐπι-

1027 1077 1107 1113 μείνῃ
1128 1079 1161 1112 τῇ
1185 1077 1312 1111 πονηρία.
1326 1077 1418 1103 Πάντα
1435 1077 1490 1112 γὰρ
1504 1076 1579 1112 [584]
1591 1076 1625 1103 τὰ
1643 1077 1710 1109 παρ’
1722 1075 1820 1103 ἑαυτοῦ

1025 1120 1192 1154 ἐπεδείξατο,
1207 1120 1255 1146 καὶ
1269 1119 1444 1155 εἰσήνεγκεν·
1460 1119 1475 1145 6
1488 1119 1517 1146 δὲ
1527 1118 1618 1156 ἔμεινε
1631 1119 1681 1155 τὴν
1697 1127 1767 1154 πονη
1773 1119 1821 1154 ράν

1024 1162 1160 1198 διατηρῶν
1171 1162 1296 1198 γνώμην.

1062 1207 1099 1236 ς’.
1109 1203 1191 1231 Ἀλλὰ
1198 1204 1293 1240 καιρὸς
1304 1203 1399 1231 λοιπὸν
1405 1204 1438 1239 τῇ
1448 1203 1648 1239 φρικτῇ-ταύτῃ
1659 1201 1822 1238 προσελθεῖν

1026 1246 1160 1283 τραπέζῃ.
1171 1246 1275 1278 Πάντες
1286 1246 1376 1273 τοίνυν
1392 1245 1586 1281 προσέλθωμεν
1598 1245 1667 1280 μετά
1677 1245 1727 1280 τῆς
1742 1253 1824 1280 προσ-

1027 1287 1147 1324 ηκούσης
1169 1288 1348 1324 σωφροσύνης
1369 1288 1417 1315 καὶ
1432 1288 1555 1323 νήψεως·
1579 1287 1626 1314 καὶ
1642 1287 1740 1322 μηδεὶς
1752 1287 1823 1313 ἔστω

1033 1330 1134 1362 Ἰούδας
1151 1330 1201 1362 ἔτι,
1222 1331 1316 1366 μηδεὶς
1329 1330 1400 1357 ἔστω
1414 1329 1542 1365 πονηρδς,
1560 1329 1654 1365 μηδεὶς
1676 1329 1749 1364 ἔχων
1772 1328 1822 1360 ίὺν,

1028 1372 1066 1408 μὴ
1082 1372 1149 1399 ἄλλα
1165 1373 1214 1407 μὲν
1229 1372 1275 1398 ἐπὶ
1293 1371 1341 1399 τοῦ
1362 1371 1497 1407 στόματος
1515 1371 1617 1406 φέρων,
1629 1370 1698 1397 ἀλλα
1723 1370 1753 1397 δὲ
1777 1370 1823 1396 ἐπὶ

1026 1415 1076 1450 τῆς
1088 1414 1218 1446 διανοίας.
1233 1414 1368 1450 Πάρεστιν
1389 1415 1403 1441 6
1427 1413 1555 1449 Χριστὸς,
1571 1413 1618 1440 καὶ
1630 1412 1676 1440 νῦν
1689 1413 1796 1444 ἐκεῖνος
1809 1413 1823 1440 6

1026 1456 1075 1492 τὴν
1088 1455 1227 1492 τράπεζαν
1238 1456 1425 1491 διακοσμήσας
1435 1455 1553 1491 ἐκείνην,
1564 1451 1640 1486 οὗτος
1655 1455 1703 1482 καὶ
1719 1456 1823 1490 ταύτην

1026 1498 1170 1533 διακοσμεῖ
1181 1497 1238 1525 νῦν.
1257 1497 1324 1524 Οὐδὲ
1339 1497 1393 1532 γάρ
1410 1497 1553 1531 ἄνθρωπός
1569 1498 1642 1524 ἐστιν
1659 1498 1673 1523 6
1686 1496 1774 1523 ποιῶν
1790 1496 1824 1522 τὰ

1027 1532 1197 1576 προκείμενα
1219 1540 1346 1575 γενέσθαι
1367 1539 1446 1575 σῶμα
1462 1539 1510 1566 καὶ
1530 1537 1599 1575 αἷμα
1613 1539 1746 1574 Χριστοῦ,
1765 1532 1824 1566 ἄλλ’

1026 1582 1107 1614 αὐτὸς
1123 1584 1137 1609 6
1151 1582 1318 1618 omqule
1332 1582 1403 1616 ὑπὲρ
1414 1581 1493 1617 ἡμῶν
1507 1581 1634 1616 Χριστός.
1647 1581 1746 1616 Σχῆμα
1759 1581 1824 1617 πλη-

1028 1623 1083 1659 ρῶν
1099 1623 1216 1659 ἐστηκεν
1229 1625 1244 1651 6
1258 1624 1357 1660 ἱερεὺς,
1372 1623 1406 1649 τὰ
1421 1624 1532 1659 ῥήματα
1548 1623 1736 1658 φθεγγόμενος
1754 1624 1824 1649 ἐκεῖ-

1027 1673 1076 1692 να”
1093 1666 1150 1702 ἡδὲ
1168 1666 1283 1701 δύναμις
1305 1665 1352 1692 καὶ
1373 1666 1388 1701 ἡ
1403 1665 1483 1701 χάρις
1496 1664 1542 1691 τοῦ
1555 1665 1622 1692 Θεοῦ
1642 1665 1711 1691 ἐστι.
1731 1665 1823 1693 Τοῦτό

1025 1717 1085 1742 μου
1099 1708 1164 1735 ἐστὶ
1176 1707 1209 1734 τὸ
1224 1707 1320 1742 σῶμα,
1331 1707 1406 1742 φησί.
1417 1707 1501 1733 Τοῦτο
1511 1707 1540 1733 τὸ
1550 1707 1625 1742 ῥῆμα
1638 1707 1824 1743 μεταρρυθμί-

1027 1750 1067 1782 ζει
1091 1750 1126 1777 τά
1146 1750 1331 1786 προκείμενα·
1356 1750 1403 1777 καὶ
1417 1749 1544 1785 καθάπερ
1558 1751 1575 1785 ἡ
1590 1750 1667 1785 φωνὴ
1689 1750 1782 1784 ἐκείνη
1807 1751 1822 1785 ἡ

1026 1792 1159 1826 λέγουσα·
1178 1792 1362 1824 Αῠξάνεσθε,
1379 1792 1427 1819 καὶ
1449 1792 1653 1826 πληθύνεσθε,
1667 1792 1718 1819 καὶ
1744 1794 1822 1825 πλη-

1023 1833 1141 1869 ρώσατε
1155 1834 1214 1869 τὴν
1227 1833 1296 1868 γῆν,
1318 1833 1417 1869 ὲρῤέθη
1441 1834 1490 1868 μὲν
1513 1833 1596 1866 ἅπαξ,
1620 1833 1664 1860 διὰ
1680 1833 1781 1865 παντὸς
1796 1833 1823 1860 δὲ

1027 1876 1075 1902 τοῦ
1093 1877 1191 1911 χρόνου
1206 1876 1310 1910 γίνεται
1328 1876 1400 1910 ἔργῳ
1415 1875 1602 1910 ἐνδυναμοῦσα
1616 1877 1666 1911 τὴν
1681 1875 1764 1910 φύσιν
1775 1875 1822 1911 τὴν

1027 1918 1166 1954 ἡμετέραν
1189 1918 1257 1954 πρὸς
1276 1917 1461 1944 παιδοποιίαν·
1480 1917 1550 1943 οὕτω
1564 1919 1611 1944 καὶ
1625 1919 1641 1953 ἡ
1658 1917 1736 1954 φωνὴ
1752 1917 1821 1953 αῦτη

1028 1959 1102 1992 ᾶπαξ
1118 1959 1245 1994 λεχθεῖσα
1263 1959 1324 1986 καθ’
1335 1959 1454 1995 ἑκάστην
1469 1959 1609 1994 τράπεζαν
1632 1961 1660 1986 ἐν
1682 1961 1743 1991 ταῖς
1761 1959 1821 1986 Ἐκ-

1028 2002 1154 2037 κλησίαις
1178 2002 1207 2035 ἐξ
1233 2001 1337 2028 ἐκείνου
1364 2002 1445 2036 μέχρι
1462 2003 1584 2037 σήμερον
1601 2002 1648 2028 καὶ
1665 2002 1750 2037 μέχρι
1772 2002 1822 2036 τῆς

1027 2043 1109 2070 αὑτοῦ
1127 2043 1292 2079 παρουσίας,
1303 2043 1352 2078 τὴν
1368 2043 1463 2070 θυσίαν
1480 2044 1691 2079 ἀπηρτισμένην
1706 2043 1822 2080 ἐργάζε-

1027 2093 1083 2112 ται.
1101 2085 1204 2120 Μηδεὶς
1219 2085 1310 2111 τοίνυν
1333 2085 1448 2116 ὕπουλος
1469 2085 1550 2115 ἔστω,
1567 2085 1663 2121 μηδεὶς
1688 2086 1822 2121 πονηρίας

1028 2127 1132 2161 γέμων,
1150 2127 1244 2162 μηδεὶς
1272 2127 1310 2153 ίὸν
1334 2126 1403 2162 ἔχων
1429 2128 1458 2153 ἐν
1481 2129 1514 2163 τῇ
1539 2127 1656 2164 διανοίᾳ,
1673 2128 1718 2154 ἵνα
1733 2129 1770 2163 μὴ
1783 2129 1822 2160 εἰς

1028 2169 1189 2204 κατάκριμα
1205 2168 1412 2204 μεταλαμῦάνῃ.
1423 2169 1478 2196 Καὶ
1493 2169 1548 2204 γὰρ
1562 2169 1634 2202 τότε,
1651 2170 1722 2205 μετὰ
1735 2171 1766 2196 τὸ
1777 2169 1823 2195 λα-

1029 2210 1086 2237 ϐεῖν
1109 2211 1158 2245 τὴν
1174 2211 1344 2246 προσφορὰν,
1358 2211 1514 2247 ἐπεπήδησε
1531 2211 1571 2246 τῷ
1587 2211 1673 2248 Ἰούδᾳ
1696 2213 1710 2239 6
1730 2212 1822 2239 διάῦο-

1028 2253 1084 2285 λος,
1099 2253 1128 2279 οὺ
1146 2253 1192 2280 τοῦ
1207 2252 1332 2288 σώματος
1347 2255 1559 2290 καταφρονήσας
1574 2254 1623 2281 τοῦ
1641 2255 1821 2286 Δεσποτικοῦ,

1028 2294 1098 2321 ἀλλὰ
1113 2294 1156 2321 διὰ
1173 2295 1222 2330 τὴν
1238 2295 1432 2331 ἀναισχυντίαν
1454 2296 1633 2332 καταφρονῶν
1656 2296 1705 2323 τοῦ
1723 2297 1820 2328 Ἰούδα,

1028 2336 1071 2363 ἴνα
1086 2336 1185 2372 μάθῃς,
1201 2337 1242 2363 ὃτι
1257 2338 1314 2368 τοῖς
1329 2337 1445 2369 ἀναξίως
1458 2338 1600 2373 μετέχουσι
1612 2338 1668 2365 τῶν
1679 2338 1760 2365 θείων
1773 2347 1822 2374 μυ-

1029 2378 1158 2413 στηρίων,
1174 2378 1279 2409 τούτοις
1295 2378 1413 2413 μάλιστα
1424 2379 1545 2415 ἐπιπηδοῖ
1557 2381 1603 2406 καὶ
1611 2380 1748 2407 ἐπιϐαίνει
1761 2389 1822 2407 συν-

1028 2419 1098 2455 εχῶς
1113 2421 1127 2446 ὁ
1138 2419 1271 2451 διάϐολος,
1293 2420 1386 2456 ὥσπερ
1410 2421 1456 2447 καὶ
1473 2421 1512 2456 τῷ
1531 2422 1616 2458 Ἰούδᾳ
1629 2422 1702 2450 τότε.
1716 2423 1751 2449 Αἱ
1768 2423 1821 2458 γὰρ

1027 2462 1106 2496 τιμαὶ
1128 2462 1192 2493 τοὺς
1216 2462 1265 2497 μὲν
1283 2462 1376 2496 ἀξίους
1391 2463 1536 2497 ὠφελοῦσι,
1554 2465 1618 2496 τοὺς
1636 2464 1663 2491 δὲ
1678 2465 1757 2500 παρά
1774 2465 1821 2500 τὴν

1028 2503 1107 2536 ἀξίαν
1117 2504 1306 2535 ἀπολαύοντας
1318 2506 1358 2536 εἰς
1370 2505 1480 2540 μείζονα
1492 2506 1628 2541 τιμωρίαν
1641 2506 1819 2541 ἐμϐάλλουσι.

1027 2545 1083 2572 Kal
1103 2545 1200 2577 ταῦτα,
1216 2546 1266 2581 οὐχ
1280 2546 1324 2572 ἴνα
1340 2547 1460 2582 φοϐήσω,
1480 2547 1561 2581 λέγω,
1577 2547 1635 2574 ἀλλ’
1648 2549 1692 2575 ἵνα
1707 2549 1822 2582 ἀσφαλί-

1029 2595 1129 2622 σωμαι.
1148 2588 1251 2623 Μηδεὶς
1274 2589 1364 2616 τοίνυν
1383 2590 1453 2616 ἔστω
1470 2590 1580 2622 Ἰούδας,
1608 2591 1705 2626 μηδεὶς
1729 2592 1821 2618 εἰσιὼν

1029 2629 1067 2655 ίὺν
1089 2629 1174 2665 ἐχέτω
1191 2631 1334 2666 πονηρίας.
1350 2631 1444 2668 Τροφὴ
1460 2633 1514 2668 γάρ
1536 2634 1594 2659 ἐστι
1612 2635 1787 2669 πνευματικὴ
1803 2635 1818 2669 ἡ

1029 2670 1126 2698 θυσία·
1140 2672 1188 2698 καὶ
1201 2672 1326 2709 καθάπερ
1340 2673 1356 2708 ἡ
1372 2675 1515 2710 σωματικὴ
1530 2675 1628 2710 τροφὴ,
1642 2676 1708 2702 ὅταν
1722 2677 1762 2708 εἰς
1774 2685 1820 2710 γα-

1030 2713 1113 2749 στέρα
1128 2714 1230 2749 χυμοὺς
1246 2714 1361 2750 ἔχουσαν
1376 2717 1510 2752 πονηροὺς
1524 2718 1645 2754 ἐμπέσῃ,
1660 2718 1744 2745 πλέον
1761 2719 1819 2744 ἑπι-

1029 2754 1111 2782 τείνει
1135 2755 1184 2791 τὴν
1206 2756 1416 2792 ἀρῥωστίαν,οὐ
1441 2758 1517 2794 παρὰ
1541 2759 1591 2795 τὴν
1607 2760 1713 2787 οἰκείαν
1729 2760 1818 2795 φύσιν,

1030 2796 1097 2823 ἀλλὰ
1112 2797 1187 2833 παρά
1203 2798 1251 2832 τὴν
1264 2798 1404 2826 ἀσθένειαν
1419 2800 1466 2835 τῆς
1479 2801 1617 2836 γαστρόςῦ
1627 2810 1633 2816 ·
1650 2801 1722 2828 οὕτω
1734 2802 1765 2837 δὴ
1775 2802 1818 2828 καὶ

1063 2848 1076 2868 δ
1087 2849 1135 2874 Alii
1146 2853 1186 2879 τῆς
1195 2851 1289 2882 σαρκός.
1303 2851 1363 2877 Infra
1378 2852 1471 2877 ἐπειδὰν
1483 2853 1514 2880 εἰς
1525 2853 1628 2878 διάνοιαν
1640 2854 1816 2886 ἐμπέσῃθίετιί.
