1978 3131
116 178 183 207 4179

139 242 189 270 erga
202 232 352 261 beneﬁcium
365 237 442 260 erant
453 233 537 260 Judmi
548 253 557 265 ,
570 237 599 261 et
617 234 706 261 statim
724 238 784 269 post
803 238 912 268 accepta

138 279 250 308 ueneﬁcia
270 279 393 312 praecepti
414 278 497 306 divini
517 278 754 306 obliviscebantur.
771 279 837 306 Nam
852 286 913 306 cum

136 327 223 361 egressi
241 329 301 352 sunt
323 333 355 352 ex
377 325 512 361 digypto,
534 330 675 360 postquam
697 333 772 353 mare
790 325 914 353 viderunt

135 373 234 400 scissum
248 375 273 399 et
288 378 379 398 rursus
393 371 548 398 coalescens
559 391 568 404 ,
584 371 689 406 aliaque
703 371 843 399 innumera
862 371 914 399 mi-

136 417 222 448 racula,
238 417 359 444 dicebant
376 426 382 443 :
399 416 535 443 Faciamus
548 416 618 444 nobis
628 417 698 450 deos,
714 418 757 452 qui
771 417 914 452 praecedant

135 472 173 490 nos
187 462 276 498 (Exod.
289 461 333 490 32.
351 462 386 497 l).
400 462 467 496 Quid
481 460 565 489 dicis?
579 462 706 490 miracula
717 461 805 489 adhuc
818 463 844 490 in
857 470 914 489 ma-

134 509 202 537 nibus
222 512 296 541 sunt,
317 512 345 535 et
363 508 418 542 jam
438 498 553 535 beneﬁci
572 507 671 535 oblitus
690 508 739 535 es?
751 508 818 543 Quia
835 509 914 544 igitur

134 561 206 589 usque
215 553 278 580 adeo
291 553 388 587 stupidi
399 557 427 581 et
439 553 534 588 ingrati
546 558 633 587 erant,
647 553 821 582 testivitatum
833 562 914 590 argu—

133 604 212 627 mento
226 599 295 626 Deus
309 598 440 626 donorum
459 599 743 628 commemorationem
755 600 913 633 adstrinxit,

133 645 234 679 ideoque
247 643 348 672 Pascha
364 645 503 672 immolare
517 644 597 680 jussit
611 654 622 673 :
637 644 671 672 Ut
681 667 688 677 ,
703 646 761 673 site
774 646 915 682 interroga-

132 691 198 724 rerit,
212 690 309 725 inquit,
322 691 391 725 ﬁlius
405 695 479 724 tatus,
491 690 559 724 Quid
573 696 616 719 est
629 691 680 718 hoc
694 692 793 719 Pascha
803 692 815 718 ?
825 692 913 726 dicas,

133 737 189 770 Quia
208 737 266 772 agni
288 737 419 771 sanguine
440 737 537 772 januas
558 742 693 766 unxerunt
714 739 778 766 olim
800 738 916 774 majores

132 783 206 810 nostri
225 784 249 810 in
271 782 406 819 Egypto,
422 791 457 811 ne
477 788 596 812 vastator
618 785 728 820 angelus
747 785 857 813 veniens
874 786 915 813 vi-

132 830 238 865 densque
249 829 378 857 insultare
388 830 509 863 auderet,
520 834 546 858 et
559 830 664 866 plagam
676 830 807 866 inﬂigeret
817 831 913 866 (Exod.

132 875 169 903 12.
189 875 242 910 27).
266 875 382 910 Eratque
402 875 528 910 deinceps
548 875 646 903 festum
671 882 799 912 perpetua
821 877 916 904 salutis

131 922 346 951 commemoratio.
362 921 418 949 lmo
436 929 500 950 vero
517 930 570 949 non
586 922 612 949 id
627 923 712 950 solum
734 923 914 956 lucrabantur,

132 968 192 1003 quod
206 968 243 995 eis
260 968 431 1003 antiquorum
453 968 642 997 beneﬁciorum
662 970 818 996 memoriam
837 977 916 997 revo-

131 1019 211 1047 caret,
225 1014 272 1042 sed
285 1020 313 1042 et
325 1015 398 1042 aliud
412 1015 498 1049 majus
509 1036 517 1048 ,
533 1015 604 1050 quod
618 1015 707 1044 futura
723 1015 916 1051 praeﬁguraret.

132 1060 172 1088 llle
183 1060 276 1095 quippe
289 1068 376 1096 agnus
389 1060 473 1095 ﬁgura
486 1065 545 1088 erat
561 1061 671 1088 alterius
685 1061 745 1095 agni
761 1060 915 1095 spiritualis,

131 1111 155 1134 et
163 1105 215 1133 ovis
226 1113 304 1133 ovem
318 1105 493 1141 prienotabat.
508 1106 597 1141 Atque
612 1105 676 1132 illud
692 1105 798 1141 quidem
813 1105 917 1138 umbra,

133 1152 177 1180 huc
187 1152 282 1179 veritas
292 1156 361 1179 erat.
373 1152 440 1179 Cum
456 1156 545 1180 autem
559 1152 727 1186 apparuisset
739 1151 785 1179 Sol
796 1151 920 1186 justitite,‘

133 1197 215 1225 umbra
228 1198 344 1225 cessavit
358 1206 366 1225 :
378 1198 481 1225 oriente
493 1197 592 1232 quippe
611 1197 668 1224 sole
687 1197 799 1224 solvitur
812 1196 916 1224 umbra.

133 1245 187 1272 Ideo
200 1245 224 1272 in
239 1245 333 1272 eadem
353 1245 411 1280 ipsa
426 1252 517 1272 mensa
533 1249 676 1279 utrumque
691 1244 793 1272 Pascha
814 1244 918 1279 perﬁci-

133 1295 179 1322 tur,
192 1295 218 1317 et
230 1291 283 1325 typi
295 1295 323 1318 et
335 1290 463 1318 veritatis.
475 1289 704 1324 Quemadmodum
719 1289 790 1318 enim
804 1290 919 1325 pictores

132 1335 155 1363 in
168 1336 255 1363 eadem
269 1335 327 1370 ipsa
344 1336 433 1363 tabula
450 1340 477 1363 et
497 1336 584 1363 lineas
598 1336 802 1364 circumducunt
816 1340 843 1363 et
857 1344 918 1362 um-

132 1382 198 1410 bram
218 1382 382 1418 depingunt,
406 1386 522 1417 tuncque
539 1382 659 1410 colorum
679 1377 818 1410 v'eritatem
836 1389 920 1417 appo-

132 1433 212 1455 nunt:
226 1427 264 1455 sic
281 1433 310 1455 et
331 1427 454 1455 Christus
476 1427 538 1455 fecit
556 1436 562 1454 :
584 1427 611 1455 in
632 1427 725 1455 eadem
748 1427 805 1462 ipsa
826 1435 918 1454 mensa

133 1474 238 1510 typicum
253 1474 358 1501 Pascha
371 1473 528 1508 descripsit,
543 1476 570 1500 et
583 1480 675 1500 verum
693 1472 803 1500 addidit.
821 1471 871 1500 Ubi
883 1472 920 1500 vis

133 1528 239 1554 paremus
257 1519 302 1546 tibi
323 1519 454 1546 comedere
475 1518 596 1546 Pascha?
611 1519 685 1546 Tunc
705 1518 844 1546 Judaicum
862 1522 921 1545 erat

134 1564 225 1592 Pascha
234 1585 242 1596 .
257 1564 305 1592 sed
319 1565 446 1593 veniente
458 1565 515 1593 sole
527 1585 536 1598 ,
551 1565 659 1592 lucerna
673 1572 708 1593 ne
721 1565 828 1593 luceat:
842 1572 920 1592 acce-

133 1611 204 1638 dente
217 1611 342 1643 veritate,
356 1616 444 1639 cesset
455 1610 552 1639 deinde
565 1610 670 1638 umbra.

163 1658 187 1686 5.
196 1658 288 1684 Corura
300 1657 415 1685 Iudicas.
425 1658 435 1693 (
445 1657 506 1684 Vide
517 1658 544 1684 in
558 1657 678 1685 Homitiis
685 1661 772 1684 contra
784 1656 871 1689 eos.'l'.
880 1656 919 1692 1.)

132 1717 163 1723 -
175 1703 234 1731 Hzec
246 1703 349 1731 iudicis
362 1703 433 1736 dico,
448 1703 509 1738 quia
524 1703 647 1730 videntur
659 1702 761 1730 Pascha
773 1702 919 1736 celebrare,

131 1749 186 1783 quia
199 1749 347 1783 impudenti
359 1749 472 1777 consilio
481 1756 573 1784 azyma
587 1748 715 1784 objiciunt
729 1748 765 1775 illi
780 1748 922 1776 incircum-

132 1795 175 1822 cisi
185 1795 276 1822 corde.
291 1794 443 1829 Quomodo,
452 1802 553 1829 qtta'so,
565 1794 665 1822 Pascha
676 1794 804 1826 celebras,
814 1794 921 1821 iudice?

133 1840 264 1875 Templum
278 1841 396 1868 dirutum
412 1844 472 1874 est,
487 1840 571 1868 altare
585 1841 717 1867 sublatum
730 1861 738 1874 ,
753 1843 844 1867 sancta
858 1847 920 1866 san~

132 1890 226 1913 ctorum
237 1886 406 1919 conculcata,
415 1893 494 1913 omne
505 1885 627 1913 sacriﬁcii
641 1893 723 1920 genus
734 1885 848 1913 solutum
858 1889 899 1913 est
913 1892 920 1912 :

134 1940 177 1961 cur
186 1941 248 1969 ergo
255 1933 342 1961 audes
354 1933 411 1960 haec
421 1933 557 1968 illegitima
572 1934 745 1968 perpetrare?
758 1933 921 1968 Babylonem

132 1978 267 2014 aliquando
276 1979 453 2012 concessisti,
468 1984 547 2014 atque
562 1979 615 2007 illic
627 1979 769 2012 dicebant,
780 1979 824 2014 qui
839 1983 864 2006 te
876 1986 922 2006 ca-

133 2025 227 2059 ptivum
253 2025 442 2058 adduxerant,
461 2024 567 2052 Caritate
588 2024 660 2052 nobis
679 2025 711 2052 de
730 2025 833 2052 canticis
858 2025 923 2053 Sion

132 2071 141 2106 (
150 2069 217 2098 Psal.
230 2071 294 2099 136.
309 2070 345 2106 3)
364 2079 371 2097 :
386 2075 414 2098 et
426 2076 453 2099 tu
464 2071 604 2098 renuebas.
622 2071 683 2098 llaec
694 2078 773 2105 porro
784 2070 923 2097 declarans

134 2117 210 2145 David
221 2117 330 2145 dicebat
346 2126 353 2144 :
368 2117 452 2152 Super
465 2118 572 2152 ﬂumina
585 2116 732 2152 Babylonis,
749 2116 802 2143 illic
814 2117 922 2143 sedimus

133 2166 154 2189 et
166 2163 279 2198 ﬂeuimus
292 2170 301 2190 :
312 2163 339 2190 in
352 2163 471 2190 salicibus
484 2163 511 2189 in
525 2162 606 2189 medio
620 2162 674 2194 eius
688 2161 866 2196 suspendium:
878 2169 922 2187 or-

134 2216 195 2242 gana
209 2213 299 2235 nostra
313 2208 398 2245 (Ibid.
412 2216 436 2234 υ.
452 2209 477 2235 1.
490 2207 538 2243 ‘2),
553 2207 579 2235 id
593 2212 644 2240 est,
661 2207 824 2242 psalterium,
839 2206 925 2233 citha-

133 2262 203 2287 ram,
215 2255 317 2290 lyram,
332 2259 360 2283 et
374 2260 480 2282 eartera.
495 2255 542 2282 llis
555 2254 626 2282 enim
642 2254 705 2281 olim
721 2254 863 2281 utebantur
875 2273 882 2284 ,
897 2259 925 2280 et

134 2301 172 2329 his
184 2302 303 2336 psalmos
315 2301 466 2329 canebant:
478 2301 588 2336 haecque
603 2302 630 2328 in
643 2300 824 2336 captivitatem
839 2299 924 2327 abdu-

133 2347 165 2374 cti
176 2354 265 2375 secum
282 2348 407 2380 tulerant,
420 2353 449 2375 ut
461 2351 663 2375 monumentum
677 2347 768 2382 patriai
780 2351 924 2374 consuetu-

134 2393 198 2420 dinis
212 2393 359 2426 haberent,
372 2401 424 2421 non
439 2399 467 2421 ut
488 2394 520 2421 iis
532 2398 680 2421 uterentur.
695 2393 754 2420 Illic
766 2393 836 2420 enim
849 2414 856 2425 ,
870 2394 924 2426 ait,

134 2439 346 2475 interrogaverunt
361 2449 405 2468 nos
417 2461 424 2472 ,
438 2440 480 2475 qui
499 2440 609 2475 captivos
631 2439 757 2466 duxerunt
772 2447 817 2466 nos
828 2459 836 2472 ,
852 2438 926 2465 verba

134 2486 276 2512 cantionum
293 2485 379 2522 (Ibid.
392 2494 415 2513 υ.
432 2486 448 2514 5
458 2485 480 2521 ).
495 2486 528 2513 Et
545 2485 677 2519 diximus,
694 2485 826 2518 Quomodo
839 2490 927 2512 canta-

135 2531 211 2558 bimus
229 2533 356 2558 canticum
376 2531 479 2558 Domini
499 2532 527 2559 in
547 2536 615 2559 terra
632 2531 737 2558 aliena?
756 2530 825 2564 Quid
837 2530 926 2558 dicis?

135 2577 264 2604 canticum
277 2577 383 2604 Domini
395 2585 446 2605 non
459 2582 551 2605 cantas
561 2577 587 2604 in
599 2581 669 2604 terra
680 2577 776 2610 aliena,
787 2581 815 2604 et
824 2577 927 2610 Pascha

137 2622 236 2650 Domini
248 2624 370 2651 celebras
383 2624 408 2650 in
423 2628 491 2652 terra
505 2623 609 2651 aliena?
622 2623 714 2651 Viden'
725 2624 856 2659 ingratum
867 2624 927 2651 ani-

137 2669 226 2695 mum?
241 2669 328 2697 viden'
342 2669 527 2704 iniquitatem?
541 2670 607 2697 Cum
619 2670 718 2697 inimici
732 2674 809 2697 erant
820 2670 868 2705 qui.
879 2678 927 2698 co-

136 2719 239 2747 gerent,
254 2723 286 2742 ne
302 2715 432 2750 psalmum
447 2716 554 2750 quidem
567 2716 656 2743 dicere
670 2716 802 2743 audebant
816 2716 841 2743 in
857 2720 927 2743 terra

136 2759 236 2792 aliena;
250 2769 320 2788 nunc
332 2765 421 2788 autem
435 2769 481 2788 sua
497 2767 592 2796 sponte
605 2784 610 2792 .
623 2763 727 2790 nemine
740 2767 851 2796 cogente
861 2783 868 2795 ,
883 2770 932 2790 ne-

138 2807 207 2834 mine
217 2807 270 2834 vitn
281 2807 422 2841 inferente,
432 2807 530 2835 bellum
542 2807 659 2836 inferunt
670 2809 733 2836 Deo.
746 2809 838 2836 Viden‘
849 2816 928 2843 quam

138 2851 240 2886 impura
251 2853 303 2880 sint
314 2853 429 2889 azyma?
443 2861 522 2890 quam
536 2854 701 2890 illegitimum
718 2855 837 2882 festum?
851 2863 929 2890 quam

138 2905 199 2926 vere
211 2906 263 2927 non
277 2900 313 2927 sit
325 2899 426 2928 Pascha
441 2900 600 2928 Judaicum?
615 2901 678 2929 Erat
695 2901 758 2929 olim
775 2901 875 2929 Pascha
889 2901 931 2929 Ju-

658 175 702 204 Dl'.
721 175 931 205 PBODlTlONE
949 177 1047 206 JUDE
1081 178 1194 207 1101111...
1216 180 1238 208 l.

1710 176 1763 204 5κο

967 232 1085 268 daicum,
1099 235 1146 262 sed
1160 242 1231 263 nunc
1241 235 1357 262 solutum
1370 239 1426 265 est.
1441 233 1601 269 advenitqne
1621 233 1763 265 Spirituale

967 279 1080 313 Pascha,
1094 281 1166 316 quod
1182 286 1244 308 tunc
1265 279 1374 308 tradidit
1386 279 1519 307 Christus.
1536 280 1588 307 Illis
1604 281 1675 306 enim
1690 287 1765 306 inan-

966 326 1124 354 ducantibus
1141 334 1173 354 ac
1196 326 1365 360 bibentibus,
1389 325 1494 360 inquit,
1514 325 1647 360 accipiens
1667 332 1763 360 panem

966 370 1044 407 fregit
1062 376 1089 399 et
1103 372 1169 399 dixit
1186 381 1193 399 :
1209 371 1266 399 Hoc
1279 376 1314 399 est
1328 380 1420 407 corpus
1435 378 1518 397 meum
1528 391 1535 403 ,
1551 370 1619 406 quod
1635 379 1681 405 pro
1695 371 1764 398 vobis

966 417 1093 452 frangitur
1104 418 1130 444 in
1148 418 1322 444 remissionem
1336 422 1497 452 peccatorum
1510 416 1620 452 (Matth.
1635 415 1680 444 96.
1694 415 1729 451 26

966 462 1058 490 Sciunt
1069 456 1096 495 ii;
1107 463 1152 498 qui
1165 463 1258 490 initiati
1271 467 1343 496 sunt,
1358 463 1401 490 illa
1413 471 1472 498 qum
1485 463 1619 494 dicuntur,
1632 467 1659 489 et
1672 469 1764 490 rursus

966 508 1076 535 calicem
1091 508 1183 536 dicens
1199 516 1206 535 :
1221 507 1272 534 Hic
1286 514 1321 535 est
1340 508 1444 543 sanguis
1457 516 1542 540 nisus,
1560 507 1604 542 qui
1617 515 1663 542 pro
1677 507 1764 533 multis

966 554 1104 588 e/funditur
1116 555 1142 582 in
1156 555 1327 582 remissionem
1341 560 1499 590 peccatorum
1513 554 1598 589 (Ibid.
1612 554 1648 581 28
1658 553 1678 588 ).
1693 553 1764 582 Ade-

967 605 1008 628 rat
1021 600 1104 628 .ludas
1118 600 1177 628 haec
1188 600 1297 628 Christo
1309 600 1427 628 dicente.
1442 600 1499 628 lloc
1513 605 1554 628 est
1568 607 1676 635 corpus,
1692 598 1764 634 quod

966 646 1126 680 vendidisti,
1141 646 1208 674 Juda
1219 667 1227 679 ,
1243 645 1350 682 triginta
1364 646 1516 682 argenteis;
1531 646 1575 673 hic
1586 650 1626 673 est
1636 645 1743 680 sanguis
1753 665 1762 676 .

967 699 1016 727 pro
1028 700 1081 727 quo
1094 701 1177 728 nuper
1187 697 1262 728 pacta
1278 692 1447 728 impudenter
1458 692 1544 719 inibas
1559 700 1619 719 cum
1636 691 1764 726 improbis

968 738 1118 766 Pharismis.
1130 739 1151 766 υ
1161 738 1261 766 Christi
1273 739 1477 773 benignitatem!
1492 746 1508 765 o
1518 738 1592 765 .ludae
1601 737 1762 765 dementiam

967 789 995 811 et
1008 784 1156 812 insaniam!
1173 784 1220 812 ille
1240 791 1354 819 namque
1367 784 1488 811 vendidit
1504 783 1577 811 illum
1592 784 1700 818 triginta
1714 782 1763 810 de-

969 832 1061 864 nariis,
1070 831 1192 859 Christus
1199 839 1263 859 vero
1275 835 1366 867 postea
1382 839 1435 858 non
1447 830 1582 858 recusavit
1595 830 1666 857 hunc
1677 830 1763 864 ipsum

968 878 1123 912 sanguinem
1141 877 1279 904 venditum
1298 876 1424 904 vendenti
1445 875 1510 903 dare
1529 876 1556 903 in
1578 875 1763 903 remissionem

970 928 1150 958 peccatorum,
1162 923 1293 958 siquidem
1305 923 1446 950 voluisset.
1461 922 1560 950 Aderat
1572 921 1665 953 ludas,
1681 927 1708 949 et
1719 929 1765 949 sa-

969 976 1022 997 cra:
1040 976 1138 996 mensis
1152 969 1285 1004 particeps
1302 973 1369 996 erat.
1383 969 1457 996 Sicut
1471 969 1542 995 enim
1558 967 1640 1002 pedes
1653 967 1712 1002 ejus
1725 967 1765 994 la—

969 1014 1017 1044 vit,
1032 1019 1061 1041 ut.
1074 1020 1101 1042 et
1114 1014 1227 1042 aliorum
1247 1015 1438 1048 discipulorum
1449 1035 1457 1047 ,
1474 1014 1508 1041 ita
1527 1019 1554 1041 et
1569 1021 1652 1041 sacrae
1666 1021 1766 1041 mensa:

967 1060 1103 1095 particeps
1115 1060 1159 1087 ille
1175 1060 1222 1088 fuit
1234 1080 1241 1091 ,
1257 1065 1285 1087 ut
1299 1060 1400 1087 nullum
1415 1059 1595 1087 excusationis
1611 1059 1698 1086 locum
1713 1059 1761 1086 ha-

970 1108 1056 1140 beret,
1064 1107 1087 1134 si
1097 1106 1122 1133 in
1133 1106 1249 1141 nequitia
1261 1110 1454 1141 perseveraret.
1465 1105 1559 1133 Omnia
1568 1105 1638 1132 enim
1651 1113 1710 1140 qua:
1721 1111 1768 1139 pe-

971 1160 1019 1180 nes
1033 1160 1063 1181 se
1079 1157 1155 1180 erant
1169 1153 1298 1181 Dominus
1317 1152 1474 1180 exhibuerat
1490 1155 1518 1178 et
1537 1151 1685 1186 protulerat
1699 1157 1706 1176 :
1721 1151 1767 1178 ille

971 1207 1036 1227 voro
1050 1200 1076 1227 in
1089 1199 1160 1227 malo
1173 1206 1222 1226 suo
1235 1199 1372 1234 proposito
1384 1198 1492 1225 mansit.

1007 1246 1033 1273 6.
1055 1244 1136 1272 Panis
1149 1246 1345 1280 transformatur
1358 1244 1384 1270 in
1400 1243 1572 1276 Eucharistia,
1587 1247 1610 1270 et
1623 1242 1651 1278 [it
1665 1243 1768 1276 sacriﬁ-

971 1292 1037 1318 tium
1047 1292 1196 1326 perfectum;
1207 1305 1244 1311 —-
1255 1289 1309 1317 Sed
1325 1295 1427 1324 tempus
1437 1288 1546 1316 demum
1561 1292 1602 1315 est
1610 1287 1644 1315 ad
1655 1287 1752 1315 horren

971 1336 1032 1363 dam
1052 1336 1120 1364 banc
1139 1343 1260 1364 mensam
1283 1334 1440 1363 accedendi.
1460 1334 1559 1362 Omnes
1581 1334 1668 1369 itaque
1690 1341 1769 1361 acce-

972 1382 1066 1410 damus
1086 1389 1146 1410 cum
1169 1381 1324 1417 congruenti
1349 1381 1525 1416 temperantia
1548 1387 1580 1407 ac
1601 1380 1735 1415 vigilantia
1759 1388 1767 1407 :

973 1427 1061 1455 nullus
1073 1427 1141 1455 ultra
1156 1426 1239 1455 Judas
1252 1431 1311 1455 esto
1320 1447 1329 1460 ,
1343 1426 1431 1454 nullus
1446 1425 1584 1460 improbus
1595 1445 1603 1457 ,
1621 1425 1710 1452 nullus
1722 1433 1769 1452 rc-

974 1481 1043 1501 neno
1056 1472 1180 1506 infectus,
1193 1479 1280 1507 neque
1291 1472 1342 1500 alia
1355 1472 1381 1499 in
1391 1478 1439 1499 ore
1449 1477 1570 1503 versans,
1581 1470 1632 1497 alia
1644 1470 1669 1497 in
1680 1476 1770 1498 mente

974 1520 1101 1547 retinens.
1117 1518 1200 1546 Adest
1213 1518 1354 1550 Christus,
1367 1521 1394 1546 et
1408 1525 1479 1546 nunc
1493 1518 1525 1550 is,
1542 1517 1588 1552 qui
1603 1524 1722 1544 mensam
1737 1517 1769 1544 il-

974 1566 1026 1593 lam
1036 1565 1184 1601 apparavit,
1195 1564 1240 1593 hic
1252 1565 1310 1600 ipse
1321 1564 1391 1592 hanc
1404 1571 1474 1592 nunc
1488 1567 1612 1591 exornat.
1627 1562 1684 1590 Non
1697 1563 1769 1590 enim

974 1612 1054 1639 homo
1066 1615 1107 1639 est
1117 1631 1126 1645 ,
1136 1611 1183 1647 qui
1196 1609 1262 1638 facit
1276 1614 1305 1638 ut
1317 1609 1452 1646 proposita
1465 1609 1615 1636 efﬁciantur
1627 1615 1725 1643 corpus
1743 1613 1771 1635 ct

974 1657 1082 1693 sanguis
1095 1655 1194 1685 Christi
1205 1677 1213 1690 ,
1227 1655 1274 1684 sed
1287 1655 1344 1690 ipse
1356 1654 1478 1682 Christus
1493 1654 1537 1689 qui
1552 1662 1602 1689 pro
1615 1654 1692 1681 nobis
1706 1661 1770 1681 cru-

974 1703 1068 1731 ciﬁxus
1082 1705 1134 1730 est.
1147 1701 1271 1737 Figuram
1287 1701 1400 1736 implens
1413 1705 1466 1728 stat
1478 1700 1605 1728 sacerdos
1623 1700 1705 1728 verba
1725 1700 1772 1728 illa

976 1749 1115 1785 proferens
1131 1757 1138 1775 :
1153 1748 1238 1776 virtus
1261 1747 1350 1775 autem
1373 1751 1400 1776 et
1419 1748 1503 1782 gratia
1524 1747 1570 1774 Dei
1592 1751 1642 1774 est.
1660 1746 1717 1774 Hoc
1734 1752 1773 1774 est

974 1803 1067 1830 corpus
1085 1802 1187 1828 meum,
1203 1794 1298 1829 inquit.
1320 1793 1376 1821 Hoc
1395 1793 1504 1821 verbum
1528 1793 1697 1820 trans'ormat
1718 1800 1748 1820 ea
1760 1811 1772 1826 ,

974 1849 1035 1877 qua:
1045 1841 1180 1877 proposita
1191 1844 1265 1868 sunt.
1277 1841 1316 1868 Ac
1328 1839 1551 1874 quemadmodum
1565 1847 1614 1866 vox
1629 1840 1672 1866 illa
1689 1847 1696 1866 :
1712 1838 1772 1866 (ἴνε-

975 1887 1045 1920 scite,
1063 1891 1086 1914 et
1099 1885 1314 1922 multiplicamini,
1330 1891 1353 1912 et
1365 1885 1458 1920 replete
1471 1889 1563 1911 terram
1574 1884 1651 1919 (Gen.
1667 1886 1693 1912 1.
1706 1884 1751 1920 28)
1763 1906 1770 1916 ,

976 1932 1059 1961 semel
1075 1931 1182 1968 quidem
1207 1931 1310 1967 prolata
1333 1935 1392 1963 est,
1412 1930 1484 1957 onmi
1504 1938 1566 1957 vero
1586 1934 1706 1965 tempore
1725 1937 1773 1957 na-

977 1984 1043 2007 turas
1058 1982 1157 2006 nostra:
1169 1977 1223 2005 vim
1237 1977 1337 2012 priebet
1358 1976 1392 2003 ad
1408 1976 1522 2003 ﬁliorum
1539 1976 1749 2010 procreationem
1763 1984 1770 2008 ;

977 2026 1012 2053 ita
1025 2029 1052 2053 et
1066 2033 1116 2052 vox
1137 2024 1196 2052 haec
1214 2023 1297 2052 semel
1317 2023 1418 2058 prolata
1438 2023 1464 2049 in
1485 2022 1613 2049 Ecclesiis
1630 2021 1662 2049 ad
1679 2029 1773 2048 unam-

976 2079 1110 2107 quamque
1125 2077 1245 2098 mensam
1256 2089 1265 2102 ,
1280 2069 1314 2096 ab
1329 2069 1375 2097 illo
1388 2068 1421 2095 ad
1437 2067 1593 2095 hodiernum
1608 2074 1692 2102 usque
1705 2071 1773 2093 tem-

977 2125 1027 2152 pus
1036 2120 1064 2144 et
1074 2123 1158 2151 usque
1168 2115 1202 2142 ad
1215 2114 1362 2142 adventum
1375 2113 1441 2148 ejus,
1454 2112 1614 2140 sacriﬁcium
1626 2112 1772 2147 perfectura

977 2163 1068 2191 efﬁcit.
1084 2162 1177 2189 Nullus
1191 2161 1270 2196 igitur
1282 2159 1421 2187 simulatus
1440 2158 1560 2192 accedat,
1576 2158 1665 2185 nullus
1680 2159 1774 2193 nequi-

978 2210 1012 2237 tia
1028 2209 1135 2245 plenus,
1150 2208 1237 2235 nullus
1251 2211 1382 2234 venenata
1397 2210 1488 2233 mente
1500 2226 1507 2237 ,
1524 2213 1558 2232 ue
1570 2205 1595 2232 in
1609 2205 1773 2232 condentum-

978 2256 1076 2283 tionem
1088 2255 1221 2291 particeps
1236 2253 1379 2281 efﬁciatur.
1393 2253 1469 2280 Tunc
1481 2252 1552 2279 enim
1566 2256 1627 2287 post
1635 2257 1773 2287 acceptam

977 2301 1156 2334 oblationem,
1168 2299 1290 2327 diabolus
1307 2298 1401 2326 insiliit
1416 2297 1444 2325 in
1460 2297 1556 2325 Judam
1566 2318 1574 2330 ,
1589 2305 1641 2325 non
1656 2297 1775 2324 Domini-

978 2355 1038 2375 cum
1049 2354 1146 2383 corpus
1153 2344 1362 2381 despiciens,sed
1372 2344 1385 2371 .l
1389 2343 1466 2371 udam
1475 2343 1510 2371 ob
1516 2343 1706 2378 impudentiam
1714 2351 1774 2370 con-

980 2399 1117 2427 temnens;
1132 2398 1161 2420 ut
1170 2393 1257 2420 discas
1273 2392 1300 2419 in
1314 2399 1361 2419 eos
1372 2390 1499 2422 maxime,
1515 2390 1559 2425 qui
1572 2390 1660 2418 divina
1675 2395 1776 2426 myste—

979 2440 1017 2468 ria
1032 2440 1137 2474 indigne
1156 2438 1333 2474 participant,
1349 2437 1503 2472 frequenter
1520 2436 1621 2464 insilire
1635 2440 1662 2464 et
1675 2437 1775 2463 irrum-

980 2494 1043 2522 pere
1052 2485 1197 2517 diabolum,
1211 2488 1239 2512 ut
1251 2489 1314 2511 tunc
1326 2483 1401 2511 Judae
1411 2482 1531 2517 contigit.
1544 2481 1650 2509 Etenim
1659 2481 1775 2509 honores

980 2539 1027 2560 eos
1037 2531 1081 2567 qui
1099 2530 1173 2566 digiti
1194 2534 1256 2558 sunt
1275 2529 1386 2565 juvant,
1403 2536 1451 2556 eos
1464 2535 1529 2556 vero
1549 2528 1596 2563 qui
1616 2527 1723 2562 indigne
1744 2528 1777 2554 iis

980 2579 1114 2610 fruuntur,
1131 2577 1158 2604 in
1171 2577 1258 2611 majus
1272 2575 1430 2611 supplicium
1450 2575 1605 2610 conjiciunt.
1620 2574 1683 2602 Hrcc
1696 2580 1776 2608 porro

980 2632 1034 2651 non
1048 2628 1077 2651 ut
1091 2630 1140 2650 vos
1152 2623 1316 2649 terrefaciam
1326 2621 1394 2653 dico.
1411 2621 1458 2649 sed
1469 2626 1498 2648 ut
1507 2621 1641 2648 cautiores
1652 2619 1774 2647 reddam.

981 2671 1066 2698 Nemo
1076 2671 1164 2705 itaque
1179 2669 1213 2696 sit
1225 2669 1317 2702 Judas,
1331 2676 1411 2695 nemo
1425 2667 1587 2702 ingrediatur
1598 2667 1721 2701 nequitia:
1732 2674 1777 2693 vce

983 2724 1052 2744 neno
1065 2715 1187 2743 infectus.
1204 2715 1269 2742 Nam
1289 2714 1446 2741 sacriﬁcium
1466 2717 1507 2740 est
1525 2712 1668 2748 spiritualis
1680 2712 1775 2739 cibus:

983 2770 1014 2790 ac
1026 2760 1250 2797 quemadmodum
1270 2760 1345 2787 cibus
1358 2765 1505 2794 corporeus
1516 2779 1524 2790 ,
1540 2765 1601 2786 cum
1616 2757 1641 2783 in
1656 2762 1776 2784 ventrem

984 2808 1074 2844 pravis
1086 2807 1244 2835 humoribus
1258 2806 1391 2841 repletum
1405 2804 1538 2836 inciderit,
1552 2807 1631 2838 anget
1642 2803 1776 2835 morbum,

986 2862 1037 2882 non
1060 2858 1154 2881 natura
1175 2859 1223 2880 sua
1235 2871 1243 2885 ,
1262 2851 1310 2879 sed
1326 2850 1426 2878 ventris
1449 2849 1603 2877 inﬁrmitate
1619 2858 1626 2876 :
1641 2849 1676 2875 ita
1697 2849 1776 2876 etiam

986 2898 1115 2935 contingit
1128 2899 1154 2926 in
1165 2897 1346 2933 spiritualibus
1360 2896 1513 2931 mysteriis;
1528 2901 1588 2922 nam
1604 2901 1664 2922 cum
1679 2894 1704 2921 in
1718 2894 1776 2920 sni-
