1978 3131
201 181 249 209 581

201 245 272 266 tuam
287 235 427 264 inciderint
437 235 552 270 nequitia
566 234 681 269 plenam,
693 233 764 261 illam
779 233 863 268 magis
872 239 992 260 corrum-

202 291 268 319 pllltt
279 287 307 310 et
323 281 500 315 labefactant,
517 287 569 308 non
590 285 684 307 natura
699 287 762 311 sua,
778 278 825 306 sed
839 277 993 312 recipientis

200 329 297 356 animze
320 327 486 355 inﬁrmitate.
511 326 595 354 Nemo
615 325 695 361 igitur
716 324 801 352 malas
819 323 993 359 cogitationes

200 375 272 402 intus
284 374 390 407 habeat,
404 373 450 400 sed
466 376 583 400 mentem
599 377 742 406 purgemus
758 378 764 397 :
779 369 877 397 etenim
893 367 926 396 ad
942 376 993 403 pu-

201 427 260 447 rum
274 418 433 446 sacriﬁcium
455 418 622 449 accedimus;
638 420 757 444 sanctam
777 414 920 443 reddamus
932 414 992 442 ani-

201 474 271 493 mam
284 475 290 492 :
303 466 354 492 hoc
363 465 434 492 enim
447 464 489 491 vel
503 472 556 491 uno
569 463 612 490 die
625 462 715 497 perlici
731 465 827 496 potest.
841 460 991 494 Quomodo,

199 519 251 546 qua
268 511 389 539 ratione?
410 510 438 538 Si
453 510 515 545 quid
533 509 632 537 habeas
649 512 743 536 contra
757 507 893 534 inimicum
905 526 913 539 ,
930 506 992 534 tolle

199 557 277 589 irata,
289 557 391 592 plagam
402 557 474 583 illam
487 563 561 587 cura,
575 554 648 582 solve
661 553 836 585 inimicitiam,
849 557 875 580 ut
889 560 903 579 a
914 560 993 579 men-

198 609 228 628 sa
240 601 369 628 medelam
384 601 498 635 accipias
510 609 517 627 :
530 599 563 627 ad
577 599 740 627 horrendum
752 598 824 626 enim
835 602 862 625 et
871 602 991 625 sanctum

198 647 358 674 sacriﬁcium
372 646 484 674 accedis.
500 646 654 673 ltevereare
669 644 747 679 hujus
761 643 903 672 oblationis
912 650 992 678 argu-

199 699 329 726 mentum,
345 692 449 720 occisus
467 692 540 726 jacet
553 691 686 719 Christus.
702 690 783 725 Cujus
795 697 859 718 vero
870 697 951 717 causa
965 693 992 717 et

199 746 283 773 quare
292 738 396 766 occisus
407 738 467 766 est?
481 737 515 765 Ut
527 736 681 764 ccelcstibus
694 735 773 763 simul
786 740 813 763 et
823 735 936 763 terrenis
946 743 993 770 pa-

198 793 257 812 cem
272 785 394 817 aﬁ'erret,
409 788 439 811 ut
451 789 477 811 te
489 784 641 818 angelorum
658 783 737 810 etiarn
753 782 867 809 amicum
881 781 990 815 faceret,

198 835 228 858 ut
236 835 261 858 te
273 838 332 858 cum
346 831 399 858 Deo
411 830 594 857 universorum
605 828 800 861 reconciliaret,
810 832 839 855 ut
848 832 874 855 te
887 828 990 855 hostem

197 882 225 904 et
245 877 426 904 adversarium
447 876 562 902 amicum
583 874 694 902 faceret.
710 874 758 902 Ille
778 873 895 901 animam
914 881 990 901 suam

197 923 270 950 dedit
282 930 331 957 pro
342 921 383 954 iis,
396 921 439 957 qui
453 929 483 948 se
491 921 621 953 oderant;
636 924 665 948 tu
676 927 740 948 vero
753 919 918 947 inimicitiam
931 926 990 946 ser-

196 975 245 995 v:is
265 972 358 994 contra
379 966 557 994 conservum?
579 970 607 993 et
626 973 680 1001 quo
699 969 778 1001 pacto
796 965 871 993 adire
891 965 990 1000 poteris

197 1022 316 1042 mensam
327 1014 418 1049 pacis?
431 1018 458 1041 et
472 1013 519 1041 ille
530 1020 565 1041 ne
577 1012 645 1040 mori
658 1012 767 1047 quidem
781 1018 829 1047 pro
844 1015 871 1039 te
881 1018 989 1039 recusa-

197 1061 243 1091 vit,
259 1064 286 1086 tu
300 1067 364 1087 vero
382 1059 447 1086 iram
463 1065 593 1086 conservo
613 1058 650 1084 tui
666 1058 749 1092 ipsius
760 1064 840 1084 causa
852 1057 991 1084 remittere

195 1105 309 1133 abnuis?
323 1113 405 1140 ecqua
419 1105 477 1132 hzec
495 1104 571 1132 venia
590 1104 669 1139 digna
683 1103 767 1131 sunt?
786 1102 848 1131 Mihi
862 1103 990 1131 damnum

196 1151 295 1183 intulit,
312 1150 416 1185 inquies
427 1170 435 1183 ,
449 1154 477 1178 et
497 1150 641 1178 admodum
657 1157 700 1177 me
715 1149 794 1176 laesit.
814 1148 848 1176 Et
859 1148 923 1183 quid
937 1148 988 1177 hoc

195 1196 252 1222 est?
267 1196 442 1223 Pecuniarum
456 1200 498 1222 est
511 1195 637 1222 damnum
652 1203 658 1222 :
675 1194 794 1222 nondum
807 1194 880 1222 enim
893 1195 982 1223 vulne-

195 1242 262 1269 ravit
273 1242 343 1269 sicut
356 1241 491 1268 Christum
505 1240 605 1274 ludas;
620 1245 736 1268 attamen
752 1241 809 1276 ipse
820 1240 987 1276 sanguinem,

194 1288 240 1323 qui
254 1287 354 1314 eﬁ'usus
368 1291 420 1320 est,
432 1287 458 1314 in
474 1287 603 1322 ipsorum,
619 1286 663 1322 qui
680 1286 859 1317 effundebant.
875 1286 989 1313 salutem

193 1334 276 1361 dedit.
288 1333 356 1367 Quid
366 1334 428 1361 huic
438 1333 476 1361 rei
489 1333 631 1368 pardicere
641 1333 748 1361 valcas?
759 1333 786 1361 Si
795 1341 847 1360 non
856 1333 989 1361 dimiseris

194 1381 310 1413 inimico,
320 1387 374 1407 non
386 1380 459 1407 illum
472 1379 557 1411 lmdis,
571 1379 617 1407 sed
632 1380 756 1415 teipsum.
769 1380 844 1407 Illum
857 1379 987 1414 siquidem

193 1435 266 1462 saepe
282 1427 309 1454 in
334 1427 384 1454 hac
396 1427 450 1454 vita
472 1427 583 1460 iussisti,
605 1426 719 1461 teipsum
740 1434 805 1454 vero
821 1426 897 1454 venia
917 1426 987 1453 indi-

193 1480 275 1508 gnum
291 1471 449 1505 reddidisti,
462 1471 490 1499 in
505 1473 608 1500 actiOne
621 1471 702 1499 futuri
715 1471 818 1507 judicii.
832 1471 901 1499 Nihil
915 1472 987 1499 enim

193 1518 229 1545 ita
245 1517 313 1544 Dens
327 1517 384 1545 odit
397 1522 426 1545 ut
447 1517 581 1545 hominem
605 1517 762 1552 injuriarum
776 1524 922 1544 memorem
935 1538 942 1549 ,
959 1521 988 1545 ut

193 1571 241 1592 eor
252 1569 357 1591 tumens
369 1568 397 1592 et
410 1564 528 1591 animum
542 1566 580 1591 ira
593 1563 741 1591 ardentem.
754 1563 823 1591 Audi
836 1563 914 1598 igitur
923 1563 987 1598 quid

192 1609 264 1637 dicat
282 1618 289 1637 :
303 1608 365 1636 Cum
379 1609 498 1636 obtuleris
510 1617 602 1636 munus
615 1613 686 1636 tuum
700 1609 734 1636 ad
750 1609 831 1636 altare
842 1629 850 1642 ,
865 1614 888 1636 et
903 1609 937 1635 ibi
947 1617 986 1636 re-

192 1657 310 1683 cordatus
330 1656 408 1690 fueris
422 1656 527 1683 adstans
545 1655 637 1688 altari,
652 1655 719 1690 quod
731 1657 810 1690 frater
824 1659 882 1682 tuas
896 1655 985 1682 habeat

191 1701 289 1736 aliquid
303 1702 434 1727 adversum
447 1706 470 1728 te
485 1709 495 1728 :
508 1701 620 1736 relinque
638 1709 730 1728 munus
750 1705 820 1727 tuum
838 1701 873 1727 ad
884 1700 965 1728 altare
975 1721 983 1734 ,

191 1750 215 1774 et
234 1747 318 1773 abiens
336 1747 499 1773 reconciliare
522 1747 596 1781 fratri
619 1751 662 1773 tuo
673 1768 681 1779 ,
701 1752 725 1774 et
740 1751 799 1773 tunc
818 1747 881 1781 o/I'er
893 1755 985 1774 munus

191 1797 263 1820 tuum
278 1792 393 1828 (Matth.
414 1793 442 1821 5.
464 1793 510 1821 25.
524 1793 588 1828 2t).
605 1793 674 1826 Quid
694 1793 778 1826 dicis,
795 1794 984 1822 Dimitlamne?

192 1871 221 1878 -η

548 183 577 211 S.
597 181 736 210 JOANNIS
753 176 991 208 CHRYSOSTOMI
1012 177 1171 206 ARCHIEP.
1191 175 1453 206 CONSTANTINOP.

1787 173 1840 201 332

1047 230 1145 264 Etiam,
1156 230 1252 266 inquit,
1265 230 1300 258 ob
1310 237 1403 266 pacem
1418 230 1489 258 enim
1503 237 1563 258 cum
1577 230 1658 259 fratre
1671 235 1718 259 tuo
1731 230 1784 259 hoc
1795 239 1839 259 sa-

1044 277 1172 304 crificium
1182 276 1328 304 institutum
1338 275 1423 304 est.Si
1437 276 1518 311 igitur
1529 276 1563 304 ob
1571 284 1663 311 pacem
1678 285 1740 304 cum
1756 277 1841 306 fratre

1045 325 1092 350 tuo
1103 321 1259 349 servandam
1280 322 1330 348 hoc
1344 320 1503 348 sacriﬁcium
1520 321 1667 349 institutum
1680 327 1734 356 est,
1749 326 1777 350 ιιι
1792 331 1838 350 au-

1045 371 1100 394 tem
1112 375 1205 402 pacem
1228 375 1281 394 non
1304 367 1355 394 inis
1365 387 1372 399 ,
1388 366 1485 394 frustra
1500 368 1658 395 sacriﬁcium
1671 369 1816 403 participas
1830 377 1838 396 :

1044 412 1137 440 inutile
1155 419 1269 448 namque
1289 412 1336 440 tibi
1357 412 1408 440 hoc
1427 420 1496 448 opus
1516 412 1638 440 efﬁcitur.
1659 413 1727 441 Illud
1750 415 1839 449 itaque

1045 459 1159 494 primum
1175 459 1271 492 facito,
1288 467 1337 494 pro
1355 466 1409 494 quo
1427 454 1590 495 sacrificium
1605 459 1724 487 oblatum
1738 465 1781 488 est
1791 481 1798 492 ,
1813 465 1841 488 et

1045 509 1108 532 tunc
1120 504 1166 532 illo
1181 504 1292 540 pulchre
1312 505 1420 532 frueris.
1441 504 1503 533 Ideo
1521 504 1660 532 descendit
1675 505 1758 533 Filius
1771 505 1819 533 Dei
1830 526 1839 539 ,

1043 555 1072 578 ut
1083 555 1204 578 naturam
1216 555 1335 578 nostram
1347 550 1460 578 Domino
1472 557 1521 577 suo
1531 551 1716 578 reconciliaret
1731 559 1738 577 :
1751 558 1840 586 neque

1043 597 1104 625 ideo
1113 597 1200 624 solum
1210 597 1293 630 venit,
1301 596 1350 624 sed
1363 597 1443 624 etiam
1459 600 1489 623 ut
1502 603 1563 630 nos,
1580 597 1601 624 si
1614 604 1670 624 rem
1684 597 1839 632 hujusmodi

1042 642 1202 676 faceremus,
1216 650 1271 670 suae
1279 642 1466 678 appellationis
1478 643 1619 677 participes
1629 642 1760 669 efliceret.
1772 642 1839 669 Nam

1042 689 1125 722 Beati,
1139 689 1233 724 inquit,
1245 688 1355 724 paciﬁci,
1369 689 1488 721 quoniam
1500 688 1549 723 ipsi
1562 688 1609 722 ﬁlii
1622 688 1669 715 Dei
1684 688 1840 714 vocabuntur

1042 735 1157 771 (Matth.
1171 735 1198 763 5.
1211 735 1256 770 9).
1271 734 1348 768 Quod
1361 734 1432 762 enim
1446 733 1509 762 fecit
1520 734 1670 769 unigenitus
1683 734 1767 761 Filius
1781 733 1839 766 Dei,

1042 782 1068 809 id
1084 786 1112 809 tu
1128 789 1176 817 pro
1190 781 1260 808 virili
1275 785 1319 808 tua
1333 780 1414 808 facito
1425 801 1433 812 ,
1449 784 1477 807 ut
1491 780 1563 815 pacis
1577 779 1734 806 conciliator
1748 784 1775 806 et
1791 779 1838 806 tibi

1041 828 1079 856 sis
1093 832 1120 856 et
1130 827 1200 857 aliis.
1213 827 1276 854 Ideo
1296 831 1322 854 te
1336 827 1473 861 paciﬁcum
1483 846 1492 859 ,
1504 826 1587 853 ﬁlium
1603 826 1647 853 Dei
1662 829 1738 853 vocat
1754 834 1762 852 :
1778 825 1839 852 ideo

1042 879 1163 910 tempore
1175 873 1302 902 sacriﬁcii
1321 872 1423 900 nullum
1436 872 1508 899 aliud
1521 876 1682 907 prmeeptum
1696 876 1837 904 memorat,

1040 929 1119 956 quam
1142 920 1387 948 reconciliationem
1406 927 1468 947 cum
1488 918 1570 946 fratre
1582 939 1590 952 ,
1606 918 1753 947 ostendens
1774 919 1837 946 illud

1040 966 1159 994 omnium
1182 966 1327 993 maximum
1348 973 1418 993 esse.
1442 965 1568 993 Volebam
1591 964 1762 1000 prolixiorem
1791 965 1838 992 ha-

1040 1011 1104 1039 bere
1116 1019 1267 1039 sermonem
1279 1032 1286 1044 ,
1303 1011 1350 1039 sed
1370 1011 1403 1038 iis
1423 1010 1468 1046 qui
1487 1010 1539 1038 sibi
1556 1009 1697 1037 attendunt
1711 1009 1769 1038 haec
1782 1010 1837 1038 sola

1040 1057 1187 1088 sufﬁciunt,
1203 1056 1226 1084 si
1237 1057 1394 1084 memoriam
1408 1056 1546 1084 retineant.
1561 1055 1661 1082 Horum
1674 1055 1781 1090 itaque‘,
1795 1054 1837 1082 di-

1041 1103 1120 1137 lecti,
1137 1103 1279 1131 verborum
1301 1110 1408 1138 semper
1426 1101 1614 1134 recordemur,
1636 1108 1685 1129 nec
1706 1109 1760 1129 non
1776 1109 1838 1129 san-

1040 1154 1146 1177 ctorum
1171 1150 1344 1183 osculorum,
1365 1149 1548 1185 tremendique
1573 1149 1732 1185 amplexus,
1754 1156 1834 1184 quem

1043 1200 1137 1224 mutuo
1149 1196 1253 1223 damus.
1277 1195 1333 1223 Hoc
1346 1196 1444 1231 quippe
1466 1195 1569 1223 animas
1583 1196 1690 1230 colligat
1711 1199 1836 1227 nostras,

1041 1247 1070 1271 ct
1083 1250 1178 1271 omnes
1196 1250 1279 1270 unum
1300 1250 1396 1278 corpus
1418 1242 1518 1275 efﬁcit,
1534 1241 1749 1278 quandoquidem
1764 1246 1792 1268 et
1804 1241 1837 1268 de

1042 1298 1096 1318 uno
1108 1297 1222 1325 corpore
1236 1297 1330 1317 omnes
1350 1289 1550 1324 participamus.
1570 1288 1623 1316 Nos
1635 1296 1700 1323 ergo
1714 1288 1740 1315 in
1754 1295 1836 1315 unum

1041 1340 1069 1364 et
1083 1335 1154 1363 idem
1176 1343 1274 1371 corpus
1293 1336 1477 1363 coalescamus
1494 1343 1500 1362 :
1516 1342 1568 1362 non
1589 1342 1701 1369 corpora
1721 1334 1837 1361 comati-

1040 1387 1158 1414 scentes,
1173 1381 1220 1409 sed
1234 1372 1340 1408 animas
1353 1386 1447 1408 mutuo
1460 1381 1578 1408 caritatis
1591 1380 1695 1408 vinculo
1709 1380 1836 1415 copulan-

1041 1433 1091 1456 tes.
1103 1429 1147 1456 Sic
1155 1428 1301 1463 poterimus
1311 1428 1361 1455 hac
1370 1435 1462 1456 mensa
1475 1435 1535 1456 cum
1546 1427 1641 1455 ﬁducia
1650 1427 1700 1454 frui
1711 1436 1718 1454 τ
1730 1426 1836 1454 etiamsi

1040 1475 1111 1501 enim
1125 1474 1262 1501 sexcentis
1276 1473 1444 1501 abundemus
1460 1473 1570 1508 iustitia:
1590 1473 1727 1508 operibus,
1747 1472 1771 1499 si
1793 1472 1836 1499 in-

1038 1519 1168 1554 iuriarum
1185 1520 1341 1547 memoriam
1360 1519 1534 1552 retineamus.
1549 1519 1638 1546 omnia
1652 1518 1679 1545 in
1694 1526 1794 1544 vanum
1808 1522 1835 1545 et

1040 1565 1137 1593 frustra
1151 1565 1266 1598 cedunt,
1283 1573 1315 1593 ac
1329 1565 1433 1592 nullum
1453 1564 1514 1593 inde
1534 1564 1648 1592 fructum
1667 1563 1700 1591 ad
1720 1563 1834 1590 salutem

1039 1618 1183 1646 excerpere
1196 1611 1352 1646 poterimus.
1367 1610 1430 1638 lianc
1444 1611 1531 1646 itaque
1545 1610 1635 1642 docti,
1651 1617 1760 1637 omnem
1781 1609 1834 1637 sol-

1039 1663 1132 1684 vamus
1146 1657 1224 1689 iram,
1240 1661 1402 1692 purgataque
1414 1656 1586 1689 conscientia,
1601 1663 1662 1683 cum
1675 1659 1833 1683 mansuetu-

1038 1701 1100 1730 dine
1118 1707 1145 1730 et
1164 1702 1294 1730 modestia
1311 1702 1384 1730 omni
1400 1702 1557 1730 accedamus
1570 1701 1602 1729 ad
1618 1709 1738 1729 mensam
1752 1701 1832 1728 Citri-

1038 1748 1083 1781 sti,
1095 1755 1155 1775 cum
1170 1756 1224 1783 quo
1237 1748 1307 1775 Patri
1320 1748 1414 1783 gloria,
1429 1747 1524 1780 honor,
1540 1747 1690 1782 imperium,
1705 1754 1756 1774 una
1771 1754 1831 1774 cum

1038 1799 1131 1822 sancto
1145 1794 1257 1829 Spiritu,
1273 1802 1343 1821 nunc
1354 1798 1381 1821 et
1391 1801 1506 1829 semper,
1523 1799 1576 1822 etc.

192 1921 222 1943 IN
246 1921 379 1943 DlVlNAM
401 1920 441 1941 ET
462 1919 621 1941 MYSTICAM
644 1919 767 1941 COENAM
789 1919 991 1943 SALVATORIS.
1014 1920 1054 1940 ET
1075 1921 1116 1941 DE
1138 1920 1329 1942 PRODITIONE
1351 1921 1440 1942 JUD/E
1456 1921 1464 1941 ζ
1480 1920 1512 1942 IN
1534 1921 1651 1942 PASCHA
1674 1921 1767 1948 ΙΤΕΜ,
1791 1921 1831 1943 IT

230 1970 262 1991 IN
284 1969 552 1991 DISPENSATIONEM
580 1969 760 1991 DIVINORUM
782 1969 1023 1996 MYSTERIORUM,
1046 1970 1087 1991 ET
1108 1970 1150 1991 DE
1171 1970 1340 1992 OBLIVIONE
1375 1971 1583 1992 INJURIARUM.
1620 1972 1739 1994 ΠΔΒΙΤΔ
1774 1972 1830 1994 EST

230 2020 364 2041 HOMILIA
385 2019 417 2041 IN
439 2019 556 2041 SANCTA
575 2019 614 2040 ET
628 2019 737 2041 MAGNA
751 2019 847 2041 FERIA
862 2019 992 2045 QUINTA.

501 2078 612 2097 IIOHILIA
631 2077 661 2098 11.

227 2117 253 2145 1.
268 2116 350 2143 ludas
365 2116 448 2151 potius
459 2124 535 2151 quam
555 2115 640 2146 Jesus,
655 2119 678 2142 et
695 2116 832 2150 generatim
844 2135 852 2148 ,
873 2115 939 2142 male
952 2124 982 2142 a-

191 2171 274 2200 gemes
288 2165 369 2198 potius
379 2170 460 2198 quam
470 2162 543 2190 mala
551 2161 734 2198 passilugendi
752 2166 820 2188 sunt.
845 2176 881 2182 ——
897 2161 979 2189 Vole-

194 2210 265 2241 bam,
281 2209 381 2241 dilecti,
391 2209 426 2236 de
436 2208 586 2244 patriarcha
600 2215 692 2235 rursus
706 2214 855 2235 sermonem
870 2207 978 2240 habere,

191 2259 218 2281 et
233 2254 294 2281 inde
310 2254 384 2281 vobis
410 2253 548 2288 spirituale
572 2253 723 2280 convivium
751 2260 886 2288 apponere
909 2253 980 2280 :sed

192 2299 313 2334 ingratus
334 2299 477 2334 proditoris
491 2300 596 2326 animus
617 2299 649 2326 ad
674 2299 744 2326 illius
767 2299 980 2333 pertractandum

191 2346 292 2372 facinus
306 2345 422 2380 linguam
433 2350 551 2373 nostram
560 2345 699 2380 pertrahit,
713 2349 741 2373 et
753 2345 807 2373 diei
819 2345 979 2381 opportuni-

190 2398 241 2424 tas,
256 2396 285 2418 ut
295 2391 328 2418 de
341 2392 442 2419 insania
456 2392 564 2419 sceleris
576 2391 635 2426 ejus
655 2399 764 2426 agamus
773 2412 782 2425 ,
796 2399 845 2419 nos
857 2391 980 2419 cohorta-

190 2443 243 2466 tur.
260 2437 344 2465 Hodie
366 2437 465 2473 quippe
486 2437 615 2465 Dominus
637 2442 729 2465 noster
742 2437 819 2465 Jesus
831 2436 952 2465 Christus
963 2445 978 2464 a

191 2484 299 2519 proprio
306 2483 436 2518 discipulo
443 2482 595 2510 Judmomm
609 2483 732 2511 manibus
740 2483 853 2510 traditus
863 2487 914 2510 est.
926 2483 979 2510 Ve-

190 2538 248 2556 rum
263 2534 290 2556 tu
312 2528 362 2556 hoc
376 2529 486 2555 audiens
497 2549 506 2562 ,
520 2529 658 2556 carissime
667 2548 675 2562 ,
690 2536 724 2556 ne
734 2528 818 2556 tristis
831 2533 890 2556 esto
900 2548 909 2561 ,
929 2536 979 2556 nec

190 2575 309 2609 graviter
323 2573 404 2607 feras,
421 2573 491 2609 quod
506 2574 632 2601 Dominus
648 2574 759 2601 traditus
782 2574 817 2601 sit
833 2582 840 2600 :
855 2574 910 2601 imo
931 2580 980 2608 po-

191 2621 243 2647 titts
257 2620 401 2655 ingemisce
421 2623 448 2646 et
469 2619 496 2646 in
514 2619 591 2646 fletus
603 2627 724 2655 erumpe,
741 2626 793 2646 non
807 2619 841 2646 ob
854 2618 977 2646 traditum

188 2666 292 2699 Jcsum,
305 2665 351 2693 sed
361 2666 396 2693 ob
411 2664 565 2692 traditorcm
578 2665 684 2693 ludam.
695 2665 760 2693 Nam
772 2664 883 2692 traditus
901 2664 979 2692 Jesus

189 2712 318 2739 mundum
332 2711 457 2745 servavit,
468 2711 588 2747 proditor
600 2719 665 2739 vero
678 2711 760 2739 Judas
774 2711 889 2738 animam
902 2718 977 2738 suam

189 2758 320 2793 perdidit;
335 2758 453 2792 proditus
464 2758 542 2786 Jcsus
560 2758 593 2786 ad
608 2758 745 2786 dexteram
763 2758 850 2786 Patris
863 2758 939 2786 sedet
951 2758 977 2785 in

188 2805 270 2834 czelis.
284 2804 403 2839 proditor
416 2805 497 2832 Judas
510 2806 536 2832 in
552 2805 655 2832 inferno
669 2812 739 2832 nunc
752 2809 802 2837 est,
810 2808 889 2839 atque
903 2803 978 2831 inde-

189 2850 321 2884 precabile
331 2856 513 2886 aeternumque
523 2855 658 2885 exspectat
672 2850 841 2885 supplicium.
862 2849 925 2877 Ideo
938 2849 978 2877 in-

187 2895 305 2930 geniis-ce
315 2916 323 2930 ,
339 2895 399 2924 ideo
414 2896 441 2924 in
467 2896 545 2924 ﬁctus
563 2903 673 2931 erumpe
689 2904 696 2922 :
712 2895 926 2931 quandoquidem
949 2900 977 2923 et

1038 2116 1095 2151 ipse
1103 2115 1230 2143 Dominus
1245 2120 1334 2143 noster
1347 2115 1424 2143 Jesus
1435 2115 1556 2143 Christus
1565 2115 1656 2143 videns
1664 2115 1759 2143 ludam
1774 2121 1830 2144 tur-

1037 2161 1115 2189 batus
1123 2166 1163 2188 est
1173 2167 1198 2188 et
1212 2161 1293 2188 ﬁevit.
1319 2161 1413 2188 Videas
1426 2161 1498 2188 enim
1513 2168 1569 2188 eum
1583 2181 1590 2193 ,
1610 2161 1704 2196 inquit,
1715 2162 1828 2189 turbatus

1034 2213 1080 2240 est,
1095 2212 1118 2234 et
1131 2207 1214 2240 dixit,
1233 2206 1304 2234 Unus
1318 2213 1427 2234 uestrum
1442 2207 1522 2234 tradet
1535 2215 1574 2233 me
1589 2207 1599 2241 (
1618 2207 1697 2234 Juan.
1716 2208 1759 2235 l3.
1769 2208 1825 2240 2f).

1035 2254 1124 2286 Quare
1139 2253 1260 2280 turbatus
1270 2253 1333 2279 est?
1346 2252 1471 2287 Cogitans
1488 2253 1598 2285 scilicet,
1613 2260 1672 2280 eum
1686 2258 1749 2288 post
1767 2258 1826 2280 tan-

1035 2304 1088 2327 tam
1108 2299 1257 2327 doctrinam
1271 2320 1277 2332 ,
1294 2304 1354 2334 post
1373 2304 1426 2326 tam
1451 2299 1550 2326 multas
1562 2299 1763 2327 adhortationes
1775 2321 1783 2333 ,
1799 2301 1825 2327 in

1033 2351 1161 2381 quantum
1175 2353 1236 2373 sese
1248 2346 1422 2381 praecipitium
1435 2351 1535 2381 ageret,
1552 2355 1603 2374 non
1617 2348 1824 2382 prescntiscere.

1035 2392 1133 2420 Videns
1146 2393 1225 2428 igitur
1238 2393 1365 2420 Dominus
1376 2392 1497 2428 discipuli
1511 2393 1659 2426 insaniam,
1672 2397 1700 2420 et
1719 2394 1826 2422 miseri-

1033 2438 1122 2465 cordia
1139 2438 1165 2465 in
1181 2446 1241 2465 eum
1253 2443 1350 2471 motus,
1359 2438 1480 2465 turbatus
1493 2443 1534 2465 est
1546 2444 1574 2466 et
1589 2438 1671 2465 ﬁevit.
1684 2438 1742 2466 Hoc
1756 2440 1825 2467 enim

1033 2483 1105 2510 ultro
1118 2484 1239 2518 citroque
1252 2487 1402 2510 memorant
1419 2483 1587 2518 evangelista
1598 2504 1607 2515 ,
1627 2489 1655 2511 ut
1669 2485 1826 2512 mconomiae

1032 2528 1136 2556 veritati
1151 2528 1230 2556 ﬁdem
1251 2529 1358 2556 faciant.
1382 2529 1516 2557 Turbatus
1529 2529 1617 2564 itaque
1637 2535 1678 2557 est
1699 2531 1826 2558 Dominus

1031 2573 1153 2609 discipuli
1176 2575 1294 2601 animum
1309 2581 1479 2609 summopere
1501 2574 1631 2609 ingratum
1652 2576 1774 2610 intuitus,
1797 2581 1826 2604 ut

1032 2627 1082 2647 nos
1093 2619 1190 2648 doceat
1205 2620 1264 2647 illos
1284 2620 1401 2647 maxime
1422 2620 1550 2654 lngendos
1571 2628 1631 2648 esse
1646 2621 1691 2656 qui
1712 2622 1783 2649 male
1795 2629 1825 2648 a-

1030 2670 1107 2701 gunt,
1127 2674 1181 2694 non
1205 2671 1294 2693 autem
1320 2673 1367 2693 eos
1386 2666 1430 2701 qui
1448 2666 1516 2693 mala
1532 2666 1676 2701 patiuntur.
1701 2667 1767 2694 Nam
1781 2669 1826 2704 qui

1032 2711 1130 2745 iniusta
1141 2716 1169 2738 et
1191 2711 1297 2746 indigna
1323 2711 1476 2746 patiuntur,
1491 2711 1562 2747 digni
1584 2711 1675 2746 potius
1694 2718 1758 2740 sunt
1781 2713 1825 2748 qui

1032 2756 1102 2784 beati
1133 2757 1321 2792 pradicentur.
1349 2757 1515 2792 Quapropter
1539 2757 1644 2786 dicebat
1665 2759 1790 2786 Christus
1816 2768 1824 2787 :

1030 2801 1103 2830 Beati
1116 2803 1159 2838 qui
1174 2804 1394 2838 persequutionem
1416 2806 1548 2839 patiuntur
1570 2810 1673 2840 propter
1681 2805 1822 2839 justitiam,

1029 2849 1148 2883 quoniam
1161 2849 1272 2883 ipsorum
1284 2853 1429 2884 estregnum
1444 2849 1562 2876 cwlorum
1571 2849 1677 2882 (Matth.
1686 2850 1823 2887 5.10).“-

1029 2895 1089 2923 den'
1101 2899 1230 2931 quantum
1242 2903 1301 2924 esse
1316 2896 1418 2924 lucrum
1438 2895 1554 2924 ostendit
1569 2903 1662 2924 eorum
1673 2917 1681 2929 ,
1697 2897 1741 2932 qui
1755 2897 1822 2924 male
