1978 3131
154 176 196 204 381

155 235 193 262 ἐπὶ
214 233 264 261 τῶν
292 233 449 269 μυστηρίων
475 234 530 262 τῶν
553 237 747 271 πνευματικῶν
770 236 931 273 συμϐαίνειν

152 276 231 304 εἴωθε.
247 275 300 302 Καὶ
314 275 368 310 γὰρ
381 276 428 302 καὶ
441 275 520 306 αὐτὰ,
535 277 647 303 ἐπειδὰν
660 278 700 309 εἰς
713 277 803 313 ψυχὴν
822 278 930 314 ἐμπέσῃ

153 317 272 352 πονηρίας
294 317 451 351 γέμουσαν,
478 318 579 353 μᾶλλον
601 319 687 354 αὐτὴν
709 319 862 356 διαφθείρει
884 319 932 346 καὶ

151 359 296 391 ἀπόλλυσιν,
312 358 341 385 οὐ
367 359 443 395 παρὰ
464 359 514 395 τὴν
534 360 638 387 οἰκείαν
656 361 746 395 φύσιν,
763 361 831 388 ἀλλὰ
855 360 931 396 παρὰ

150 402 193 436 τὴν
212 400 350 427 ἀσθένειαν
371 400 422 435 τῆς
443 401 593 437 δεξαμένης
605 402 704 438 ψυχῆς.
723 403 826 438 Μηδεὶς
841 402 931 429 τοίνυν

150 443 225 478 ἐχέτω
246 441 318 468 ἔνδον
343 444 479 479 πονηροὺς
499 443 658 478 λογισμοὺς,
676 444 745 471 ἀλλὰ
765 444 931 480 καθάρωμεν

149 485 192 518 τὴν
203 483 316 510 διάνοιαν
325 491 334 498 θ
349 483 397 510 καὶ
412 483 467 518 γὰρ
481 483 589 520 καθαρᾷ
602 484 813 521 προσερχόμεθα
829 485 909 520 θυσίᾳ
920 493 930 501 ο

148 526 220 560 ἁγίαν
235 525 392 560 ποιήσωμεν
406 524 455 561 τὴν
466 525 555 562 ψυχήν
565 534 573 542 ο
589 525 701 552 δυνατὸν
716 526 770 561 γὰρ
780 527 827 552 καὶ
840 526 869 552 ὲν
882 525 930 562 μιᾷ

147 568 231 603 ἡμέρᾳ
248 566 326 593 τοῦτο
349 567 489 602 γενέσθαι.
507 568 570 599 Πῶς
592 568 638 594 καὶ
658 568 710 594 τίνι
732 568 844 604 τρόπῳς
866 567 930 595 Ἐὰν

146 610 204 647 ἔχῃς
218 618 244 636 τι
257 609 327 636 κατὰ
340 609 389 636 τοῦ
404 610 515 645 ἐχθροῦ,
529 610 604 642 ἔξελε
617 609 667 646 τὴν
684 611 779 646 ὀργὴν,
796 610 931 646 θεράπευ-

146 660 187 678 σον
197 651 244 686 τὴν
259 651 378 686 πληγὴν,
394 651 475 678 λῦσον
496 651 546 687 τὴν
564 651 673 688 ἔχθραν,
691 652 735 678 ἴνα
750 652 835 688 λάϐῃς
853 652 932 688 θερα-

145 693 218 720 πείαν
231 693 284 719 ἀπὸ
292 693 344 728 τῆς
352 693 492 729 τραπέζης
500 701 507 708 ·
520 693 602 728 θυσία
613 695 668 729 γὰρ
679 694 817 730 προσέρχῃ
829 696 928 731 φρικτῇ

145 735 187 761 καὶ
207 734 281 770 ἁγίᾳ.
296 735 442 770 Αἰδέσθητι
466 735 515 771 τὴν
532 735 662 763 ὑπόθεσιν
678 735 763 770 αὐτῆς
777 736 828 771 τῆς
844 744 930 772 προσ-

145 777 239 811 φορᾶς·
258 776 433 812 έσφαγμένος
450 777 595 812 πρόκειται
611 778 625 804 6
641 777 769 812 Χριστός.
788 777 843 804 Καὶ
857 777 931 809 τίνος

144 817 229 844 ἕνεκεν
244 818 363 853 ἐσφάγη,
379 819 427 845 καὶ
445 819 490 845 διὰ
505 819 546 852 τίς
565 819 625 846 Ἵνα
639 819 831 856 εἰρηνοποιήσῃ
846 820 887 851 ,τὰ
901 821 930 847 ὲν

143 859 178 895 τῷ
190 859 295 895 οὐρανῷ
307 860 356 887 καὶ
368 860 403 887 τὰ
417 860 464 887 ἐπὶ
476 861 524 896 τῆς
543 861 605 897 γῆς,
625 862 669 889 ἵνα
686 863 734 890 καὶ
748 863 872 898 ἀγγέλων
887 863 932 898 φί-

143 900 183 927 λον
198 909 226 927 σε
242 902 356 938 ποιήσῃ,
373 902 419 929 ἵνα
435 911 464 928 σε
480 902 520 938 τῷ
534 903 594 938 Θεῷ
608 903 662 930 τῶν
677 904 746 931 ὅλων
762 904 929 941 καταλλάξῃ,

143 942 229 977 ἐχθρὸν
243 943 308 969 ὅντα
324 952 353 969 σε
367 945 414 971 καί⁵
426 943 502 981 [385]
519 945 660 981 πολέμιον,
672 946 716 973 ἴνα
731 947 831 982 ποιήσῃ
843 946 929 981 φίλον.

148 984 257 1016 Ἐκεῖνος
277 986 331 1021 τὴν
345 985 433 1022 ψυχὴν
448 987 530 1014 αὐτοῦ
544 988 644 1015 ἔδωκεν
660 989 730 1025 ὑπὲρ
749 989 803 1016 τῶν
820 989 930 1024 μισούν-

140 1033 203 1052 των·
218 1026 250 1052 σὺ
267 1027 296 1053 δὲ
313 1027 361 1054 τὸν
374 1027 516 1056 σύνδουλον
532 1029 622 1064 μένεις
633 1030 797 1066 ὲχθραίνων;
813 1031 930 1062 καὶπῶς

140 1067 199 1104 δύνῃ
218 1067 327 1102 βαδίσαι
341 1070 388 1096 ἐπὶ
401 1070 451 1106 τὴν
464 1070 515 1106 τῆς
531 1072 641 1107 εἰρήνης
653 1072 811 1106 τράπεζαν;
826 1073 930 1100 Κάκεῖ-

140 1118 179 1141 νος
195 1110 244 1145 μὲν
257 1111 314 1138 οὐδ’
325 1112 472 1140 ἀποθανεῖν
486 1113 557 1150 ὑπὲρ
577 1114 624 1141 σοῦ
640 1116 833 1151 παρῃτήσατο·
855 1116 886 1142 σὺ
901 1115 930 1142 δὲ

140 1151 217 1187 ὀργὴν
231 1152 344 1187 ἀφεῖναι
367 1154 406 1189 τῷ
431 1154 565 1191 συνδούλῳ
578 1164 626 1182 σου
639 1155 684 1183 διὰ
699 1156 798 1183 σαυτὸν
814 1157 864 1183 οὐκ
884 1157 931 1183 ἀν-

139 1193 199 1230 έχῃς
215 1195 261 1221 καὶ
276 1195 361 1228 ποίας
373 1196 461 1223 ταῦτα
475 1197 640 1234 συγγνώμης
659 1197 742 1232 diu;
763 1198 928 1235 Ἐπηρέασε,

139 1237 209 1270 φησὶ,
222 1237 271 1264 καὶ
294 1237 332 1264 τὰ
357 1237 474 1273 μέγιστα
489 1239 698 1275 ὲπλεονέκτησε.
718 1240 774 1268 Καὶ
788 1241 814 1267 τί
831 1240 928 1274 τοῦτο;

138 1277 181 1309 Εἰς
195 1279 328 1314 χρήματα
342 1280 452 1312 πάντως
466 1281 483 1316 ή
497 1280 598 1317 ζημία·
613 1282 718 1308 οὐδέπω
738 1282 793 1318 γὰρ
813 1282 926 1318 ἔτρωσε,

138 1319 256 1355 καθάπερ
270 1320 320 1347 τὸν
332 1321 449 1357 Χριστὸν
470 1323 484 1349 6
499 1322 600 1354 Ἰούδας
610 1331 617 1338 ·
636 1323 693 1349 ἀλλ’
707 1324 782 1359 ὅμως
799 1325 846 1351 καὶ
862 1323 928 1350 αὐτὸ

138 1362 165 1387 τὸ
181 1360 258 1398 αἷμα,
277 1363 349 1399 ὅπερ
363 1362 481 1398 ἐξέχεεν,
494 1365 534 1396 είς
551 1365 689 1401 σωτηρίαν
705 1366 795 1398 αὐτοῖς
810 1367 866 1397 τοῖς
882 1367 929 1392 έκ-

137 1403 225 1438 χέασιν
246 1404 345 1432 ἔδωκε.
363 1406 396 1432 Τί
410 1405 505 1432 τούτου
521 1407 577 1433 ἴσον
594 1407 667 1442 ἔχεις
682 1408 787 1440 είπεῖν;
808 1407 868 1434 Ἐὰν
889 1407 927 1444 μὴ

138 1447 203 1481 ἀφῇς
214 1446 254 1482 τῷ
268 1447 371 1483 ἐχθρῷ,
386 1448 435 1475 οὐκ
451 1449 554 1476 ἐκεῖνον
568 1449 710 1485 ήδῐκησας,
726 1449 793 1476 ἀλλά
811 1450 908 1476 σαυτόν
918 1457 924 1464 ·

137 1489 233 1515 ἐκεῖνον
247 1489 298 1524 μὲν
310 1490 365 1525 γὰρ
381 1489 510 1523 πολλάκις
524 1492 564 1523 είς
575 1491 621 1517 τὸν
638 1492 760 1528 παρόντα
775 1491 831 1527 βίον
848 1491 927 1518 ἐϐλα-

136 1529 199 1564 ψιις·
215 1531 317 1558 σαυτὸν
331 1531 360 1557 δὲ
372 1531 563 1566 ἀσύγγνωστον
573 1534 705 1569 ἐποίησας
720 1533 788 1570 πρὸς
800 1534 849 1570 τὴν
862 1534 930 1561 ἀπο-

136 1571 225 1607 λογίαν
249 1575 290 1605 εξς
313 1573 363 1609 τὴν
387 1574 538 1609 μέλλουσαν
557 1575 674 1612 ἡμέραν,
692 1576 775 1603 Οὐδὲν
791 1576 846 1612 γὰρ
860 1576 931 1603 οὓτω

138 1616 208 1650 μισεῖ
222 1616 237 1642 6
251 1615 331 1647 Θεὸς,
345 1616 384 1648 ὡς
400 1617 568 1652 μνησίκακον
577 1617 731 1653 ἄνθρωπον,
746 1618 784 1650 ὡς
798 1618 930 1645 οἱδαίνου-

136 1665 182 1683 σαν
195 1658 313 1693 καρδίαν
324 1658 372 1684 καὶ
385 1658 605 1694 φλεγμαίνουσαν
614 1659 932 1696 ψυχήν.¹Ἀκουσον,γοῦν

135 1699 160 1725 τί
173 1708 269 1735 φησιν’
289 1700 381 1727 Ὅταν
397 1701 572 1736 προσφέρῃς
585 1701 620 1728 τὸ
636 1702 733 1736 δῶρόν
752 1711 811 1730 σου
830 1703 879 1730 ἐπὶ
895 1703 928 1730 τὸ

136 1741 363 1776 θυσιαστήριον,
378 1743 467 1769 κάκεῖ
476 1744 619 1778 μνησθῇς
633 1744 694 1771 ἄνω
707 1745 863 1779 παρεστὼς
876 1745 926 1772 ἐπὶ

135 1782 172 1816 τῷ
187 1785 404 1819 θυσιαστηρίῳ,
419 1785 464 1812 ὅτι
480 1787 497 1812 ὀ
513 1786 645 1820 ἀδελφός
662 1795 721 1814 σου
735 1787 798 1821 ἔχει
811 1795 840 1813 τι
852 1788 928 1814 κατὰ

135 1824 200 1857 σοῦ,
214 1825 292 1860 ἄφες
310 1826 344 1853 τὸ
356 1826 453 1861 δῶρόν
469 1835 527 1854 σου
549 1828 598 1855 ἐπὶ
623 1828 677 1855 τοῦ
699 1830 927 1863 θυσιαστηρίου,

134 1866 181 1893 καὶ
206 1868 352 1895 ἀπελθὼν
376 1868 556 1904 διαλλάγηθι
579 1869 620 1902 τῷ
643 1870 763 1906 ἀδελφῷ
787 1878 857 1905 σου,
877 1871 927 1898 καί

662 154 705 203 οε
726 175 933 204 ριιυοιτιοινιι
953 174 1063 203 unus.
1081 174 1200 203 HOMIL.
1221 174 1251 202 ιι.

1720 170 1774 199 582

981 236 1049 262 τότε
1062 235 1213 270 πρόσφερε
1228 234 1262 261 τὸ
1280 233 1377 268 δῶρόν
1390 240 1458 260 σου.
1477 232 1510 259 Τί
1526 231 1624 266 λέγεις.
1644 231 1773 266 ’Λφήσω,

981 276 1046 310 Ναὶ,
1063 276 1147 312 φησί’
1162 276 1207 302 διὰ
1221 275 1275 311 γὰρ
1291 275 1340 310 τὴν
1356 275 1466 310 εἰρήνην
1479 274 1530 309 τὴν
1543 274 1584 305 είς
1597 272 1643 300 τὸν
1657 273 1774 308 ἀδελῳόν

982 326 1030 345 σου
1047 318 1095 345 καὶ
1108 317 1177 354 αὕτη
1193 318 1210 353 ή
1226 316 1305 344 θυσία
1318 315 1439 351 γέγονεν.
1458 316 1490 342 Εί
1505 314 1595 341 τοίνυν
1609 314 1653 341 διὰ
1665 314 1715 349 τήν
1733 315 1773 341 εἰ-

983 361 1067 396 ρήνην
1080 359 1130 396 τὴν
1145 360 1185 391 είς
1196 359 1242 386 τὸν
1260 358 1374 393 ἀδελφὸν
1386 358 1497 392 γέγονεν
1511 358 1528 392 ἡ
1546 357 1636 388 θυσία,
1653 356 1685 382 σὺ
1698 356 1726 382 δὲ
1740 356 1772 382 οὐ

981 402 1124 438 κατορθοῖς
1145 401 1194 438 τὴν
1219 401 1340 436 εἰρήνην,
1359 400 1419 435 είκῆ
1438 400 1561 435 μετέχεις
1583 400 1633 435 τῆς
1658 399 1773 431 θυσίας’

981 444 1110 479 ἀνόνητον
1122 443 1176 479 γάρ
1192 452 1233 470 σοι
1247 442 1278 469 τὸ
1291 441 1457 478 κατόρθωμα
1472 441 1577 476 γέγονε.
1588 441 1704 475 Ποίησον
1716 440 1774 467 τοί-

981 494 1028 513 νυν
1050 486 1139 512 ὲκεῖνο
1160 484 1278 520 πρῶτον,
1293 483 1326 510 δι’
1336 485 1404 519 δπερ
1421 484 1437 519 ἡ
1453 483 1532 509 θυσία
1547 483 1772 518 προσενήνεκται,

981 527 1028 554 καὶ
1041 527 1101 554 τότε
1116 527 1201 562 αὐτῆς
1213 526 1378 557 ἀπολαύσεις
1395 525 1498 557 καλῶς.
1517 524 1568 551 Διὰ
1580 524 1660 552 τοῦτο
1669 525 1773 560 κατῆλ-

981 569 1027 597 θεν
1042 571 1057 596 6
1071 569 1135 602 Υίὺς
1153 569 1200 596 τοῦ
1216 568 1296 602 Θεοῦ,
1309 568 1354 595 ἵνα
1369 566 1524 603 καταλλάξῃ
1538 568 1555 602 ή
1560 566 1617 602 μῶν
1630 566 1678 602 τὴν
1691 566 1773 600 φύσιν

980 613 1020 648 τῷ
1036 613 1159 648 Δεσπότῃ
1170 620 1178 628 ·
1196 611 1241 639 διὰ
1261 611 1341 638 τοῦτο
1356 611 1407 637 οὐκ
1419 610 1500 641 αὐτὸς
1515 609 1595 645 μόνον
1607 606 1698 645 ἦλθεν,
1714 607 1772 635 ἀλλ’

981 655 1024 682 ῖνα
1041 655 1088 682 ml
1098 655 1174 690 ἡμᾶς
1189 654 1252 685 τοὺς
1268 653 1302 680 τὰ
1322 651 1435 679 τοιαῦτα
1450 650 1596 682 ποιοῦντας
1610 651 1710 686 ποιήσῃ
1722 650 1774 686 τῆς

981 697 1078 724 ἑαυτοῦ
1104 696 1290 732 προσηγορίας
1312 693 1467 726 κοινωνούς.
1481 692 1708 728 Μακάριοι-’γὰρ,
1722 701 1775 727 φη-

981 739 1034 771 σὶν,
1060 739 1088 765 οἱ
1103 737 1296 772 εἰρηνοποιοί,
1318 737 1363 764 ὅτι
1384 735 1469 763 αὐτοὶ
1484 735 1543 762 υἱοὶ
1566 733 1642 762 Θεοῦ
1659 733 1771 767 κληθή-

981 789 1098 808 σονται.
1110 780 1200 816 Ὅπερ
1220 780 1274 815 γὰρ
1299 778 1428 814 ἐποίησεν
1445 778 1459 804 ό
1480 776 1626 813 μονογενὴς
1641 776 1705 807 Υἱὸς
1724 775 1773 802 τοῦ

981 822 1060 856 Θεοῦ,
1074 822 1154 849 τοῦτο
1167 823 1215 849 καὶ
1230 822 1262 848 σὺ
1281 821 1394 856 ποίησον
1410 820 1481 846 κατὰ
1504 818 1619 853 δύναμιν
1634 816 1772 852 ἀνθρωπί-

981 873 1042 900 νην,
1057 865 1169 899 εἰρήνης
1183 863 1329 898 γενόμενος
1344 861 1474 897 πρόξενος
1487 861 1534 887 καὶ
1545 859 1650 894 σεαυτῷ
1660 858 1773 890 καὶτοῖς

980 906 1080 937 ἄλλοις.
1092 905 1142 932 Διά
1155 904 1235 931 τοῦτό
1251 913 1280 930 σε
1297 904 1345 930 καὶ
1362 903 1419 930 υίὸν
1436 902 1504 928 Θεοῦ
1520 901 1598 928 καλεῖ
1612 901 1657 928 τὸν
1668 901 1774 936 εἰρηνο-

980 947 1072 974 ποιόν·
1091 946 1136 973 διὰ
1150 946 1229 973 τοῦτο
1247 946 1293 972 καὶ
1310 945 1339 972 ἐν
1354 944 1394 980 τῷ
1414 943 1504 979 καιρῷ
1520 943 1571 977 τῆς
1586 942 1680 973 θυσίας
1698 941 1775 967 οὐδε-

981 990 1045 1025 μιᾶς
1056 989 1137 1024 ἄλλης
1149 988 1349 1024 ἐμνημόνευσεν
1360 986 1479 1022 ἐντολῆς,
1490 985 1546 1012 am:
1556 985 1573 1020 ἢ
1590 985 1639 1020 τῆς
1652 984 1718 1019 πρὸς
1728 983 1773 1010 τὸν

979 1031 1093 1065 ἀδελφὺν
1108 1029 1290 1064 καταλλαγῆς,
1307 1029 1424 1061 δεικνὺς,
1440 1029 1480 1055 ὅτι
1491 1028 1600 1054 πάντων
1612 1026 1703 1062 μεῖζόν
1714 1026 1772 1052 ἐστι

979 1071 1245 1107 τοῦτο.Ὲ6ουλόμην
1268 1066 1444 1107 παρεκτεῖναι
1462 1070 1508 1096 τὸν
1523 1069 1612 1103 λόγον,
1626 1067 1683 1094 ἀλλ’
1693 1067 1774 1102 ἀρκεῖ

979 1115 1027 1142 καὶ
1043 1114 1077 1142 τὰ
1092 1115 1227 1150 εἰρημένα
1235 1115 1292 1145 τοῖς
1302 1113 1494 1149 προσέχουσιν,
1504 1112 1553 1138 ὲάν
1568 1119 1620 1147 μνη
1626 1109 1771 1146 μονεύωσι.

979 1156 1201 1192 Μνημονεύωμεν
1218 1154 1263 1182 οὖν
1278 1155 1426 1186 διαπαντὸς
1439 1154 1543 1181 τούτων
1555 1153 1612 1179 τῶν
1627 1151 1769 1188 ῥημάτων,

978 1199 1127 1234 ἀγαπητοὶ,
1143 1198 1190 1225 καὶ
1213 1198 1267 1224 τῶν
1291 1197 1375 1232 ἁγίων
1395 1195 1568 1231 φιλημάτων,
1584 1195 1631 1221 καὶ
1646 1192 1694 1219 τοῦ
1708 1200 1772 1227 φρι-

979 1233 1148 1267 κωδεστάτου
1162 1239 1308 1275 ἀσπασμοῦ
1324 1238 1371 1265 τοῦ
1389 1237 1458 1274 πρὸς
1473 1236 1613 1272 ἀλλήλους.
1623 1234 1709 1261 Τοῦτο
1718 1233 1773 1268 γὰρ

980 1282 1132 1318 συμπλέκει
1144 1281 1193 1314 τὰς
1212 1281 1332 1312 διανοίας
1349 1280 1440 1316 ἡμῶν,
1454 1279 1500 1306 καὶ
1512 1279 1586 1306 ποιεῖ
1601 1277 1684 1312 σῶμα
1697 1275 1774 1318 γενέ-

980 1317 1040 1351 σθαι
1056 1324 1085 1352 ἓν
1104 1325 1236 1355 ἅπαντας,
1252 1323 1346 1359 ἐπειδὴ
1370 1322 1417 1349 καὶ
1439 1321 1498 1352 ἐνὸς
1517 1320 1643 1355 σώματος
1659 1317 1772 1353 μετέχο-

980 1375 1030 1402 μεν
1046 1367 1071 1392 οἰ
1087 1366 1197 1397 πάντες.
1215 1365 1383 1401 Κεράσωμεν
1394 1361 1439 1390 οὖν
1452 1362 1565 1393 ἑαυτοὺς
1580 1362 1621 1392 είς
1639 1359 1772 1402 σῷμα-λέν,

978 1400 1009 1434 οὐ
1029 1407 1063 1434 τὰ
1081 1407 1195 1443 σώματα
1210 1400 1335 1442 ἀλλήλοις
1353 1404 1548 1440 ἀναφύροντες,
1565 1402 1633 1429 ἀλλὰ
1652 1400 1701 1432 τὰς
1720 1400 1774 1435 ψυ-

977 1449 1029 1485 χὰς
1042 1449 1171 1484 ἀλλήλαις
1183 1449 1221 1484 τῷ
1233 1449 1282 1484 τῆς
1297 1447 1406 1482 ἀγάπης
1422 1445 1562 1480 συνδέσμῳ
1574 1443 1772 1485 συνάπτοντες·

978 1484 1050 1519 οὕτω
1075 1490 1246 1527 δυνησόμεθα
1272 1490 1340 1525 μετὰ
1362 1487 1520 1524 παρρησίας
1545 1485 1700 1513 ἀπολαῦσαι
1723 1484 1775 1527 τῆς

979 1526 1166 1570 προκειμένης
1189 1531 1338 1568 τραπέζης.
1362 1531 1422 1557 Κᾶν
1440 1530 1495 1565 γὰρ
1511 1528 1597 1564 μυρία
1611 1527 1717 1570 ἔχωμεν
1731 1526 1772 1570 δι-

980 1568 1137 1612 καιώματα,
1157 1575 1320 1610 μνησίκακοι
1335 1573 1364 1599 δὲ
1377 1570 1462 1608 ὦμεν,
1480 1572 1569 1599 πάντα
1586 1570 1647 1605 είκῆ
1662 1569 1710 1596 καὶ
1725 1568 1774 1612 p.6-

979 1627 1041 1654 την,
1055 1610 1104 1645 καὶ
1118 1617 1193 1644 οὐδὲν
1207 1616 1236 1649 ἐξ
1253 1616 1343 1643 αὐτῶν
1357 1615 1397 1647 εἰς
1414 1614 1551 1650 σωτηρίας
1566 1612 1644 1647 λόγον
1663 1610 1776 1646 καρπώ-

982 1661 1080 1687 σασθαι
1104 1658 1287 1694 δυνησόμεθα.
1312 1657 1404 1684 Ταῦτα
1427 1654 1473 1683 οὖν
1497 1654 1658 1685 συνειδότες,
1685 1654 1775 1680 πᾶσαν

982 1702 1180 1737 ¹καταλύσωμεν
1195 1700 1290 1736 ὀργὴν,
1306 1699 1354 1726 καὶ
1368 1698 1545 1733 καθαίροντες
1558 1695 1661 1723 ἑαυτῶν
1673 1694 1703 1721 τὸ
1715 1702 1776 1737 συν-

981 1745 1060 1776 ειδὸς,
1076 1735 1145 1779 μετά
1160 1735 1316 1778 πραΰτητος
1330 1741 1377 1767 xal
1393 1739 1542 1770 ἐπιεικείας
1556 1735 1775 1779 πάσηςπροσέλτ

981 1776 1082 1822 θωμεν
1092 1786 1126 1821 τῇ
1151 1776 1275 1820 τραπέζῃ
1299 1782 1346 1810 τοῦ
1369 1782 1499 1818 Χριστοῦ,
1518 1776 1672 1822 μεθξοῦγτῷ
1685 1777 1776 1822 ματρὶ

981 1819 1057 1855 πᾶσα
1073 1819 1147 1861 δόξα,
1168 1819 1248 1861 τιμὴ,
1262 1819 1376 1861 κράτος,
1395 1825 1454 1860 ἅμα
1473 1822 1513 1858 τῷ
1533 1821 1603 1857 ἁγίῳ
1621 1819 1772 1855 Πνεύματι,

980 1870 1029 1899 νῦν
1048 1870 1095 1897 καὶ
1108 1869 1163 1901 ἀεὶ,
1177 1877 1204 1896 κ.
1219 1877 1245 1895 τ.
1262 1868 1288 1895 λ.

135 2008 206 2045 [386]
235 2010 291 2042 Είς
319 2008 351 2036 τὸ
379 2009 461 2037 θεῖον
489 2010 540 2037 καί
565 2010 718 2045 μυστικὸν
745 2009 868 2037 δεῖπνον
889 2009 943 2036 τοῦ
973 2007 1129 2042 Σωτῆρος,
1154 2007 1203 2034 καὶ
1228 2006 1372 2042 περὶτῆς
1392 2004 1446 2031 τοῦ
1475 2003 1568 2030 Ἰούδα
1596 2000 1771 2036 προδοσίας,

167 2044 215 2083 καί
231 2057 275 2089 εις
296 2056 330 2083 τὸ
344 2056 460 2091 Πάσχα,
482 2056 532 2083 καί
549 2044 592 2090 είς
606 2056 659 2091 τὴν
676 2056 845 2090 παράδοσιν
861 2055 922 2083 τῶν
941 2055 1028 2082 θείων
1054 2054 1237 2089 μυστηρίων,
1263 2051 1312 2079 καί
1340 2050 1406 2085 ,περὶ
1433 2048 1486 2077 τοῦ
1501 2048 1544 2084 μὴ
1561 2044 1774 2083 μνησικακεῖν.

168 2104 296 2138 Λεκθεὶς
308 2102 345 2137 τῇ
359 2103 427 2138 ἁγίᾳ
440 2103 489 2130 καί
498 2103 615 2139 μεγάλῃ
632 2102 768 2131 Πεντάὰ.

446 2175 560 2210 Ὀμιλία
568 2171 611 2203 β’.

168 2219 202 2243 α’.
211 2214 390 2250 Ἐϐουλόμην,
404 2214 549 2249 ἀγαπητοὶ,
563 2215 612 2250 τῆς
622 2214 693 2242 κατὰ
701 2214 746 2242 τδν
759 2214 930 2251 πατριάρχην

135 2258 213 2285 πάλιν
241 2257 399 2288 ὑποθέσεως
423 2256 553 2290 ἅψασθαι,
577 2257 624 2283 καὶ
649 2256 772 2283 ἐντεῦθεν
797 2257 860 2292 ὑμῖν
881 2257 931 2292 τὴν

135 2301 255 2327 ἑστίασιν
281 2298 445 2334 παραθεῖναι
469 2298 518 2334 τὴν
540 2299 742 2334 πνευματικήν·
762 2298 819 2325 ἀλλ’
841 2299 858 2333 ή
882 2297 930 2324 τοῦ

136 2342 265 2376 προδότου
283 2339 462 2376 ἀγνωμοσύνη
478 2339 545 2375 πρὸς
564 2340 614 2375 τὴν
629 2339 688 2366 κατ’
708 2340 788 2366 αὐτὸν
804 2340 931 2367 ὑπόθεσιν

135 2385 182 2418 τὴν
197 2383 339 2419 ἡμετέραν
353 2381 426 2408 ’ἐλκει
440 2381 572 2416 γλῶτταν,
586 2381 634 2408 καὶ
650 2381 700 2416 τῆς
717 2382 822 2417 ἡμέρας
843 2382 857 2407 6
871 2390 933 2408 και-

137 2425 180 2460 9‘);
194 2424 383 2460 προτρέπεται
396 2423 445 2458 τῆς
456 2423 558 2458 τόλμης
569 2422 650 2449 αὐτοῦ
661 2422 709 2458 τὴν
721 2423 819 2458 μανίαν
833 2424 929 2450 είπεῖν.

137 2468 260 2502 Σήμερον
281 2466 337 2502 γὰρ
354 2467 369 2492 6
389 2464 491 2501 Κύριος
512 2464 590 2500 ήμῶν
603 2465 706 2500 Ἰησοῦς
728 2464 844 2500 Χριστὸς
859 2473 931 2500 παρ-

137 2509 213 2543 εδόθη
225 2508 289 2539 ταῖς
301 2506 356 2533 τῶν
370 2505 504 2533 Ἰουδαίων
517 2506 609 2542 χερσὶν
631 2505 684 2532 ὑπὸ
699 2506 746 2532 τοῦ
761 2506 861 2533 οίκείου
877 2515 931 2542 μα-

138 2550 227 2586 θητοῦ.
251 2548 336 2576 Ἀλλὰ
359 2548 391 2575 σὺ
413 2547 492 2574 τοῦτο
512 2547 628 2580 ἀκούων,
648 2547 783 2583 ἀγαπητὲ,
805 2548 842 2584 μὴ
863 2548 930 2584 γένῃ

137 2591 274 2627 κατηφὴς,
298 2590 367 2627 μηδὲ
390 2590 542 2625 στυγνάσῃς
563 2588 681 2620 ἀκούων,
701 2589 743 2616 ὅτι
764 2590 898 2626 παρεδόθη
917 2591 932 2616 6

136 2633 293 2668 Δεσπότης·
323 2631 421 2668 μᾶλλον
439 2632 468 2658 δὲ
493 2633 540 2658 καὶ
564 2631 690 2663 στέναξον
716 2631 763 2657 καὶ
787 2631 930 2667 δάκρυσον,

139 2677 175 2712 μὴ
188 2675 234 2702 διὰ
248 2675 297 2702 τὸν
313 2673 498 2709 παραδοθέντα
518 2673 632 2708 Ἰησοῦν,
645 2672 713 2699 ἀλλὰ
728 2672 771 2699 διὰ
783 2673 829 2699 τδν
843 2681 931 2708 παρα-

136 2719 216 2745 δόντα
239 2717 323 2745 αὐτὸν
338 2716 449 2743 Ἰούδαν.
469 2715 498 2742 '0
525 2715 573 2750 μὲν
594 2715 649 2750 γὰρ
670 2714 811 2749 προδοθεὶς
826 2714 930 2750 Ἰησοῦς

137 2760 184 2795 τὴν
194 2759 360 2794 οἰκουμένην
372 2758 484 2790 ἔσωσεν,
494 2758 508 2784 6
519 2757 548 2783 δὲ
558 2757 673 2792 προδοὺς
688 2756 789 2789 Ἰούδας
803 2757 853 2793 τὴν
869 2757 931 2783 ἐαυ-

136 2801 182 2828 τοῦ
197 2801 290 2837 ψυχὴν
305 2800 446 2827 ἀπώλεσε’
463 2798 510 2826 καὶ
528 2799 542 2824 6
561 2799 610 2834 μὲν
625 2799 764 2834 προδοθεὶς
781 2798 883 2834 Ἰησοῦς
901 2798 931 2825 ὲν

137 2843 210 2878 δεξιᾷ
228 2843 278 2870 τοῦ
295 2842 404 2878 Πατρδς
420 2843 449 2868 ὲν
464 2841 585 2876 οὐρανοῖς
599 2841 729 2876 κάθηται,
742 2842 756 2868 6
771 2840 800 2868 δὲ
817 2841 932 2877 προδοὺς

137 2884 241 2916 Ἰούδας
256 2885 286 2910 ὲν
302 2883 366 2920 ᾁὸου
382 2883 429 2910 νῦν
446 2883 513 2915 ἐστι,
534 2882 584 2917 τὴν
602 2882 785 2918 ἀπαραίτητον
801 2882 849 2909 καὶ
865 2882 932 2909 αἰώ-

138 2935 194 2954 νιον
207 2927 353 2954 ἀναμένων
366 2925 488 2953 κόλασιν.
497 2924 545 2952 Διά
556 2924 634 2952 τοῦτο
648 2924 784 2958 στέναξον,
798 2925 841 2952 διὰ
855 2920 933 2952 τοῦτο

980 2213 1129 2250 δάκρυα-ον·
1145 2211 1205 2239 ἐπεὶ
1220 2211 1267 2238 καὶ
1283 2209 1364 2241 αὐτὸς
1383 2209 1397 2236 6
1419 2207 1557 2250 Δεσπότης
1669 2206 1776 2242 Ἰησοῦς

981 2248 1099 2292 Χριστὸς
1119 2254 1180 2280 ίδὼν
1196 2253 1242 2280 τὸν
1260 2252 1361 2279 Ἰούδαν
1384 2249 1521 2286 ἐταράχθη
1543 2249 1603 2292 καὶᾲ
1615 2248 1773 2292 ἐδάκρυσενζ

982 2288 1068 2324 Ἰδὼν
1077 2296 1131 2332 γὰρ
1141 2295 1245 2326 αὐτὸν,
1256 2294 1348 2330 φησὶν,
1357 2292 1505 2327 ἐταράχθη
1518 2291 1566 2317 καὶ
1576 2290 1669 2317 εἶπεν
1679 2288 1729 2323 Εἷς
1739 2290 1776 2322 ἐξ

981 2339 1064 2374 ὑμῶν
1079 2331 1247 2372 παραδώσει
1270 2344 1318 2371 με.
1340 2335 1393 2362 Kal
1413 2334 1485 2365 τίνος
1508 2333 1602 2359 ἕνεκεν
1617 2331 1773 2368 ὲταράχθη;

987 2381 1101 2408 Ἐννοῶν
1117 2381 1158 2407 ὅτι
1179 2379 1248 2416 μετὰ
1274 2378 1324 2415 τὴν
1346 2374 1680 2416 τοσαύτηνγδιδασκαλίαν,
1706 2374 1775 2410 μετὰ

980 2423 1030 2454 τὰς
1047 2421 1180 2453 τοσαύτας
1203 2420 1388 2457 παραινέσεις,
1409 2419 1449 2449 είς
1468 2415 1524 2444 οἷον
1541 2416 1662 2452 κρημνὸν
1680 2416 1775 2442 ἑαυτὸν

981 2464 1058 2491 ὠθῶν
1072 2464 1122 2490 οὑκ
1141 2463 1282 2498 ᾐσθάνετο.
1305 2460 1420 2497 Θεωρῶν
1432 2459 1522 2486 τοίνυν
1544 2460 1558 2486 6
1575 2457 1713 2492 Δεσπότης
1727 2457 1773 2485 τοῦ

983 2505 1103 2542 μαθητοῦ
1120 2505 1170 2541 τὴν
1198 2503 1307 2539 μανίαν,
1330 2503 1377 2530 καὶ
1398 2500 1516 2528 ὲπελεῶν
1537 2500 1618 2527 αὐτὸν
1636 2499 1774 2542 ἐταράχθη

981 2541 1028 2575 καὶ
1048 2542 1190 2582 ἐδάκρυσε.
1208 2544 1294 2572 Τοῦτο
1309 2545 1363 2580 γὰρ
1382 2544 1437 2571 ἄνω
1457 2542 1503 2569 καὶ
1525 2542 1599 2569 κάτω
1615 2541 1736 2568 τιθέασιν
1749 2541 1774 2567 οι

980 2589 1182 2625 εὐαγγελισταὶ,
1202 2587 1246 2614 ἶνα
1265 2586 1452 2613 πιστώσωνται
1477 2585 1527 2620 τῆς
1550 2583 1705 2619 οἰκονομίας
1724 2582 1775 2617 τὴν

980 2623 1119 2667 ἀλήθειαν.
1137 2628 1291 2664 Ἔταράχθη
1316 2627 1405 2655 τοίνυν
1426 2627 1441 2652 6
1462 2626 1617 2662 Δεσπότης,
1643 2624 1709 2667 ίδὼνν
1725 2623 1774 2667 τοῦ

983 2665 1103 2709 μαθητοῦ
1115 2671 1163 2707 τὴν
1178 2670 1397 2707 ὑπερϐάλλουσαν
1409 2668 1615 2704 ἀγνωμοσύνην,
1633 2666 1680 2694 καὶ
1701 2665 1774 2709 διδα-

982 2707 1054 2741 σκων
1071 2714 1144 2750 ἡμᾶς
1163 2712 1285 2744 ἐκείνους
1311 2711 1428 2747 μάλιστα
1454 2710 1574 2747 θρηνεῖν,
1596 2709 1658 2740 τοὺς
1681 2707 1775 2740 κακῶς

981 2755 1136 2787 ποιοῦντας,
1150 2755 1179 2781 οὐ
1195 2754 1258 2786 τοὺς
1278 2753 1371 2786 κακῶς
1387 2753 1554 2788 πάσχοντας⁸
1571 2752 1595 2778 οί
1610 2751 1664 2786 γὰρ
1681 2749 1775 2781 κακῶς

981 2797 1029 2824 καὶ
1056 2796 1156 2827 ἀδίκως
1181 2795 1347 2830 πάσχοντες,
1374 2792 1446 2822 οὗτοι
1473 2794 1572 2830 μᾶλλον
1598 2790 1774 2827 μακαρισμοῦ

981 2839 1052 2872 ἄξιοί
1072 2839 1135 2865 εἱσι.
1157 2837 1203 2864 Διὸ
1219 2837 1266 2863 καὶ
1282 2837 1374 2872 ἔλεγεν
1394 2837 1409 2863 6
1431 2836 1564 2872 Χριστός·
1581 2833 1723 2868 Μακάριοι
1747 2833 1775 2859 οι

981 2880 1172 2915 δεδιωγμένοι
1187 2878 1291 2906 ἕνεκεν
1302 2879 1506 2912 δικαιοσύνης,
1523 2877 1568 2904 ὅτι
1582 2875 1680 2903 αὐτῶν
1690 2874 1775 2900 ἐστιν

983 2924 1002 2958 ἠ
1015 2923 1161 2956 ,βασιλεία
1181 2922 1241 2949 τῶν
1261 2921 1406 2956 οἰφανῶν.
1428 2919 1505 2953 Εἶδες
1528 2920 1610 2947 πόσον
1626 2918 1657 2944 τὸ
1680 2916 1776 2952 κέρδος
