1978 3131
112 134 154 162 585
601 128 644 156 DE
665 125 867 155 [’RODITIONE
887 124 984 156 JUDIE
1016 125 1132 154 IIOMIL.
1154 126 1185 153 ll.

112 188 245 228 patiuntur?
257 186 321 215 Vide
337 193 440 214 rursum
459 186 512 212 alio
537 185 562 212 in
586 184 646 212 loco
659 183 729 211 male
743 183 876 218 agentium

111 234 240 264 inevitabile
253 232 408 268 supplicium
428 241 435 258 :
458 231 519 258 audi
545 232 576 258 Β.
591 231 703 258 Paulum
728 230 876 257 dicentem:

115 283 155 309 Vos
164 285 249 313 autent,
264 281 365 315 fratres,
391 278 528 305 imitatores
541 278 603 313 facti
627 278 685 304 estis
709 276 880 304 Ecclesiarum

109 329 157 360 Dei,
171 335 220 361 qua:
233 331 288 353 sunt
302 325 328 352 in
338 324 430 351 Judaza
444 332 453 356 ;
467 325 586 360 quoniam
599 324 685 351 eadem
707 323 775 358 passi
787 323 843 350 estis
857 327 879 349 et

109 384 144 402 to:
156 383 169 401 a
182 373 284 409 propriis
311 371 490 398 contribulibus
501 392 509 403 ,
525 369 738 406 quemadmodum
758 374 781 396 et
801 369 851 402 ipsi
864 377 880 394 a

107 421 199 452 Judais,
212 419 286 454 quiet
302 417 437 445 Dominum
452 417 596 443 occiderunt
611 416 708 449 Jesunt,
724 421 747 442 et
761 416 878 450 proprius

107 476 157 495 suos
166 465 302 501 prophetas,
316 469 338 491 et
362 464 528 498 impedierunt
558 472 604 490 nos
619 463 686 498 loqui
710 462 824 498 gentibus
834 483 840 492 .
853 466 880 488 ut

108 513 173 541 salt-te
184 513 258 546 ﬁant,
271 515 299 537 ut
318 510 439 542 impleant
460 515 563 543 peccata
578 518 624 536 sua
638 517 647 535 :
668 508 780 543 pet-venit
797 513 880 534 autem

108 557 140 582 ira
151 555 192 581 Dei
201 561 273 588 super
283 553 341 579 illos
352 560 429 587 usque
437 553 462 578 in
471 553 546 586 ﬁnem
559 551 596 586 (Ι.
610 551 700 577 Thess.
710 550 738 577 2.
762 550 845 578 M—IS
859 549 879 585 ).

109 600 242 627 Viden‘cos
257 598 371 625 maxime
386 605 434 632 par
446 604 505 624 esse
516 597 606 631 lugere
620 600 647 623 et
666 595 730 623 ﬂetu
745 595 880 631 prosequi,

93 639 146 681 ‘qui
169 645 232 672 mala
259 644 435 680 perpetrant?
465 643 632 678 Quapropter
658 642 882 670 clementissimus

111 692 234 724 Dominus,
250 698 311 717 eum
335 690 438 717 videret
456 689 579 724 discipuli
605 689 716 721 facinus,
730 687 883 715 turbabatnr

106 742 127 765 et
147 736 235 769 ﬂebat,
254 735 513 763 commiscralionem
533 742 598 769 erga
627 734 785 768 discipulum
808 741 883 760 suam

105 781 247 813 ostendens,
265 780 488 816 benignitatisque
502 787 557 807 sum
580 779 788 814 magnitudinem
804 779 883 806 exhi-

107 829 169 859 bens,
184 826 250 862 quod
261 826 304 853 vel
326 833 411 861 usque
424 825 458 852 ad
473 825 557 860 ipsam
572 825 749 860 proditionem
763 824 883 859 discipuli

107 872 271 901 emendationi
286 872 441 907 prospicere
465 880 517 898 non
533 875 662 898 cessaret.
682 870 796 905 Propter
815 870 885 896 httnc

107 920 175 955 igitur
187 918 272 954 potius
287 917 385 945 acerbe
398 911 458 952 lnge
468 921 495 944 et
509 916 664 951 ingemisce,
677 916 738 951 quia
755 915 883 943 Dominus

106 967 166 994 illius
179 973 255 992 causa
272 970 387 992 maestus
408 964 467 991 fuit.
488 963 618 990 Turbatus
631 967 678 995 est,
689 962 788 997 inquit,
799 961 884 994 Jesus,

104 1011 200 1043 adixit,
216 1010 288 1038 Unus
303 1015 412 1037 uestrum
437 1009 519 1036 tradet
541 1017 581 1036 me
594 1009 603 1044 (
615 1009 694 1035 Jaan.
716 1009 760 1035 I5.
781 1008 811 1034 2t
830 1009 850 1041 ).
865 1007 886 1034 0

105 1063 214 1093 quantam
226 1057 437 1085 misericordiam
448 1057 454 1083 l
471 1060 598 1091 quantam
610 1055 713 1082 Domini
728 1054 884 1082 bonitatem!

105 1103 146 1138 Qui
168 1102 287 1138 proditur
313 1101 457 1137 proditoris
476 1101 560 1136 gratia
587 1100 671 1128 dolet.
694 1099 794 1127 Vidcns
815 1099 886 1127 enim

106 1157 157 1176 eum
171 1149 195 1175 in
208 1148 327 1182 nequitia
343 1148 530 1174 immorantem
540 1167 548 1179 ,
563 1146 688 1173 Turbatus
706 1150 743 1172 est
756 1151 779 1172 et
797 1145 861 1172 dixit
878 1166 885 1178 ,

106 1194 168 1222 Unus
180 1199 291 1222 vestrum
313 1194 394 1221 tradet
416 1202 464 1220 me.
488 1193 566 1226 Vide,
582 1197 706 1227 quautam
721 1192 802 1220 animi
823 1192 888 1219 tole-

105 1241 204 1268 rantiam
221 1240 228 1267 Σ
243 1245 372 1275 quautam
393 1238 604 1266 humanitatem!
622 1237 756 1273 qttomodo
785 1238 888 1273 ingrato

106 1287 189 1321 parcit,
203 1294 252 1314 nec
267 1286 326 1313 vult
338 1293 398 1313 eum
413 1284 644 1320 impudentissime
658 1291 753 1318 agere:
770 1283 816 1311 sed
829 1291 888 1310 om-

106 1340 148 1360 nes
160 1332 303 1367 discipulos
319 1332 345 1358 in
363 1331 484 1358 timorem
500 1335 527 1357 et
539 1330 699 1357 anxietatem
714 1329 822 1358 deducit
835 1350 842 1363 ,
861 1334 889 1356 ut

106 1378 139 1405 illi
162 1386 250 1405 ansam
266 1378 387 1412 prmbeat
407 1377 582 1411 resipisccndi
597 1377 631 1404 ab
647 1376 759 1404 insania.
776 1376 809 1403 At
829 1384 888 1403 cum

104 1425 182 1452 anima
196 1425 267 1452 omni
284 1424 397 1451 dimisso
418 1431 499 1451 sensu
523 1431 615 1451 semen
629 1423 734 1458 pietatis
754 1430 806 1450 non
820 1422 889 1450 acci-

104 1470 146 1505 pit,
163 1477 213 1497 non
227 1470 437 1497 admonitionem
449 1490 457 1502 .
473 1477 526 1496 non
541 1468 680 1496 consilium
695 1468 827 1501 admittit,
843 1467 890 1495 sed

106 1515 194 1543 affectu
207 1515 289 1542 animi
306 1514 479 1542 obtenebrata
496 1522 542 1550 per
556 1513 701 1549 praecipitia
713 1513 776 1541 abit.
793 1513 892 1548 Quam-

106 1561 188 1588 obrem
203 1569 289 1596 neque
309 1561 354 1588 hic
365 1568 397 1588 ex
412 1565 484 1588 tanta
499 1559 599 1587 Christi
613 1558 739 1594 patientia
755 1559 890 1594 quidpiam

105 1607 209 1634 lucratus
219 1611 271 1634 est.
289 1606 363 1634 Unus
378 1611 486 1633 uestrum
500 1606 580 1633 tradet
593 1614 642 1638 me,
657 1606 752 1640 inquit.
767 1605 821 1633 Cur
835 1610 892 1632 tur-

105 1653 172 1680 batus
193 1659 221 1681 et
241 1660 362 1681 maerore
383 1653 495 1680 allectus
507 1653 572 1680 est?
589 1652 625 1680 Ut
637 1660 714 1680 suum
726 1653 805 1680 simul
817 1659 892 1679 amo-

105 1707 154 1726 rem
167 1699 332 1730 ostenderet,
348 1706 450 1734 nosque
464 1698 589 1730 doceret,
606 1706 652 1725 eos
670 1698 785 1725 maxime
799 1698 893 1734 lugen-

106 1745 149 1772 dos
162 1746 283 1780 esse,qui
299 1749 393 1772 contra
408 1745 560 1779 proximum
575 1744 644 1771 mala
664 1737 826 1779 perpetrant.
847 1744 895 1772 Et-

106 1791 168 1819 enim
178 1792 214 1818 illi
224 1792 291 1819 iram
305 1796 399 1819 contra
409 1791 513 1826 seipsos
521 1791 646 1818 excitant.
660 1790 817 1825 Neutiquam
833 1798 893 1818 eum

106 1839 144 1873 qui
158 1839 224 1865 male
234 1843 347 1873 patitur,
362 1838 407 1865 sed
423 1845 485 1865 eum
505 1838 550 1872 qui
562 1838 630 1864 mala
642 1842 786 1872 perpetrat,
797 1838 895 1872 ubique

107 1884 191 1920 lugere
206 1893 254 1920 par
269 1890 322 1912 est.
336 1884 402 1912 Nam
417 1885 438 1911 si
454 1884 523 1911 male
536 1885 666 1918 patiamur
679 1905 686 1916 ,
707 1884 732 1911 id
754 1885 830 1912 nobis
851 1892 895 1912 re-

109 1938 180 1965 gnum
196 1932 330 1959 caelorum
347 1930 523 1966 adipiscitur;
546 1930 585 1957 sin
603 1931 672 1957 male
687 1931 801 1965 cuipiam
817 1930 897 1958 facia-

109 1984 173 2010 mus,
186 1976 211 2004 id
239 1977 266 2004 in
291 1984 372 2004 causa
391 1980 433 2003 est
444 1981 471 2003 ut
488 1976 513 2002 in
529 1976 676 2010 gehennam
690 1982 717 2003 et
739 1975 895 2010 supplicium

107 2023 245 2049 mittamur.
261 2022 329 2049 Nam
344 2021 426 2055 Beati,
452 2022 550 2057 inquit,
563 2022 606 2053 qui
620 2022 834 2056 persequutionem
849 2030 896 2055 pa-

108 2070 198 2097 tiuntur
213 2070 478 2106 propterjustitiam(
495 2069 587 2096 Matth.
603 2070 629 2097 5.
645 2069 679 2097 10
692 2071 714 2104 ).
726 2069 818 2096 Vidcn‘
831 2076 898 2104 quo-

108 2116 180 2143 modo
195 2117 267 2143 male
284 2117 339 2151 pati
350 2116 376 2143 in
389 2115 539 2143 mercedem
555 2120 583 2143 et
598 2115 736 2150 prtemium
751 2115 844 2142 alTerat
857 2123 899 2142 re—

107 2169 179 2196 gnum
194 2162 344 2189 cmlornm?
359 2161 427 2188 Audi
443 2161 579 2196 quomodo
590 2161 659 2188 mala
673 2166 828 2196 perpetrare
840 2168 897 2196 pte-

109 2215 163 2233 nam
177 2212 203 2234 et
215 2207 380 2242 supplicium
390 2207 502 2235 afferat:
518 2215 579 2234 cum
592 2206 664 2234 enim
675 2207 786 2234 dixisset
802 2207 900 2234 Paulus

109 2252 172 2286 quod
186 2252 272 2280 Jud.oi
289 2253 433 2280 Dominum
453 2252 624 2282 occidissent.
640 2257 666 2279 et
679 2252 822 2287 prophetas
837 2260 900 2287 per-

109 2298 207 2332 sequuti
222 2302 319 2325 essent
330 2319 338 2330 .
363 2298 461 2332 adjecit
474 2306 481 2324 :
504 2297 618 2331 Quorum
633 2298 692 2332 ﬁnis
712 2303 747 2324 est
763 2298 901 2324 secundant

110 2351 181 2378 opera
194 2353 283 2371 eorum
298 2344 340 2378 (2.
354 2343 414 2372 Cor.
429 2345 474 2372 Η.
486 2345 544 2380 i5).
559 2343 652 2371 Viden’
663 2345 798 2379 quomodo
809 2344 841 2377 ii,
855 2343 902 2379 qui

112 2391 346 2426 persequutionem
363 2391 508 2425 patiuntur,
523 2398 636 2425 regnum
654 2390 781 2417 cazloru'm
796 2390 902 2417 lucren-

116 2442 155 2464 tur
170 2446 176 2469 ;
192 2438 210 2464 ii
224 2445 292 2464 vero
309 2458 316 2470 ,
329 2437 373 2472 qui
388 2441 591 2472 persequuntur,
605 2437 670 2464 iram
692 2436 738 2463 Dei
752 2436 778 2463 in
791 2435 903 2462 hieredi—

113 2488 189 2509 tatem
200 2483 336 2518 accipiant
348 2483 360 2509 τ

146 2528 280 2555 Orandum
303 2537 350 2564 pro
366 2529 483 2556 inimicis.
499 2543 535 2549 —-
548 2528 610 2557 Iltec
632 2536 712 2563 porro
732 2535 784 2555 non
805 2533 905 2555 temere

112 2574 176 2607 apud
187 2575 330 2601 caritatem
338 2579 452 2602 vestram
466 2574 605 2609 agitaturus,
617 2574 662 2601 sed
676 2578 705 2601 ut
718 2574 851 2601 discamus
860 2574 907 2600 ad~

113 2626 202 2646 versus
216 2620 344 2647 inimicos
357 2625 462 2647 nostros
470 2628 521 2647 non
538 2620 632 2652 irasci;
649 2620 695 2647 sed
710 2620 796 2654 potius
810 2624 838 2646 ιιι
857 2620 906 2646 mi-

113 2666 254 2694 sericordia
277 2674 342 2701 erga
363 2666 423 2692 illos
443 2673 616 2698 moveamur,
643 2666 801 2700 illarumque
823 2665 906 2700 gratia

114 2721 254 2741 mterorcm
269 2717 300 2741 et
315 2713 449 2747 planctum
469 2719 644 2739 aSSumamus.
665 2712 703 2738 Illi
723 2712 820 2746 quippe
837 2711 907 2738 male

115 2760 257 2794 patiuntur,
266 2760 315 2795 qui
323 2760 382 2787 sine
388 2766 467 2786 causa
476 2759 552 2785 nobis
561 2758 746 2785 adversantur.
754 2758 781 2785 Si
791 2758 907 2784 animum

118 2812 234 2833 nostrum
251 2806 290 2833 ita
303 2812 502 2840 comparemus,
518 2808 547 2831 ut
557 2812 608 2831 non
622 2803 775 2836 irascamur,
791 2803 838 2830 sed
849 2803 908 2830 illo-

119 2861 171 2881 rum
184 2854 270 2890 grati“!
281 2853 432 2886 doleamus,
446 2852 524 2879 etiam
538 2851 682 2886 poterimus
692 2850 836 2878 secundum
852 2851 905 2878 Do-

278 2904 416 2935 PATaOL.
440 2904 497 2934 Gn.
521 2903 632 2935 XLIX.

1668 128 1720 155 585

934 182 999 210 mini
1012 189 1103 210 vocem
1118 191 1167 218 pro
1181 183 1233 210 illis
1245 190 1332 215 orare,
1347 183 1445 218 illoque
1459 184 1537 211 modo
1551 184 1659 212 multam
1674 194 1719 212 no-

932 227 973 255 bis
989 235 1067 263 opem
1081 228 1182 255 caelitus
1197 228 1348 256 conciliare.
1359 228 1419 256 Ideo
1429 234 1522 264 quarta
1534 230 1588 264 jam
1600 230 1643 257 die
1653 231 1724 266 apud

931 280 978 300 vos
992 281 1142 301 sermonem
1158 274 1244 301 habeo
1258 274 1292 302 de
1301 276 1421 303 oratione
1432 282 1480 309 pro
1494 276 1618 310 inimicis,
1633 282 1661 304 ut
1675 277 1708 304 ad
1716 293 1724 297 -

933 321 1086 348 monitionis
1099 320 1246 356 frequentia
1263 321 1364 349 firmior
1376 322 1411 348 sit
1423 322 1543 350 doctrina
1554 344 1561 357 ,
1579 328 1606 350 ut
1620 323 1726 350 radices

932 371 993 400 agat
1008 367 1033 393 in
1050 366 1144 395 animis
1169 368 1273 394 vestris.
1292 367 1406 402 Ideoque
1422 367 1571 402 frequenter
1590 369 1660 403 apud
1678 377 1725 396 vos

933 412 1103 440 sermonibus
1119 412 1258 442 instamus.
1275 418 1303 440 ut
1317 413 1363 440 ira:
1384 417 1516 441 tumorem
1532 414 1654 441 tollamus
1667 435 1674 447 ,
1697 419 1726 441 et

934 457 1064 485 fervorem
1076 457 1212 490 sedemus,
1222 463 1302 492 utque
1314 459 1371 493 puri
1383 459 1415 486 ad
1424 459 1570 486 orationem
1580 459 1722 486 accedatis.

933 503 1024 539 Neque
1039 504 1109 531 enirn
1123 503 1245 531 Christus
1259 505 1426 532 inimicorum
1441 509 1541 531 tantum
1556 505 1639 539 gratia
1652 505 1685 531 ad
1699 504 1726 531 id

938 549 1071 581 hortatur,
1087 550 1133 577 sed
1147 550 1227 577 etiam
1241 550 1326 577 nostri
1339 557 1419 577 causa
1433 550 1476 585 qui
1492 550 1543 578 illis
1565 555 1671 584 peccata
1688 558 1727 577 re.-

935 597 1076 623 mittimus.
1102 596 1181 623 Plura
1195 596 1265 622 enim
1281 596 1379 630 accipis
1390 616 1397 628 ,
1413 604 1491 631 quam
1507 596 1555 623 das
1580 604 1638 623 cmn
1659 596 1726 623 iram

936 647 1008 670 tuam
1019 642 1126 669 inimico
1139 642 1259 668 dimittis.
1270 642 1410 675 Quomodo
1420 642 1480 676 plus
1486 642 1705 677 accipio,inquies
1715 642 1728 667 ?

935 689 1051 716 Attende
1066 689 1217 724 diligenter.
1234 689 1262 716 Si
1277 689 1385 716 inimico
1399 694 1507 724 peccata
1520 688 1638 716 dimittas
1649 709 1656 720 ,
1678 689 1728 717 de—

937 734 996 761 licta
1024 739 1066 761 tua
1088 735 1114 762 in
1137 734 1273 762 Christum
1299 740 1451 769 perpetrata
1479 734 1648 761 ditnittuntur
1670 734 1726 762 tibi.

937 780 1000 807 Hrcc
1012 788 1092 815 porro
1102 782 1144 808 vix
1160 781 1256 808 dimitti
1271 786 1298 808 et
1308 781 1410 808 veniam
1426 780 1524 808 habere
1538 784 1659 815 possunt.
1684 780 1729 807 illa

937 835 1000 855 vero
1010 828 1114 855 veniam
1130 833 1156 855 et
1166 827 1289 855 solatium
1303 827 1416 854 multum
1428 827 1575 861 reperiunt.
1585 826 1655 853 Audi
1670 826 1730 853 lleli

938 874 1000 901 filiis
1016 874 1071 901 suis
1084 873 1216 902 dicentem
1232 895 1239 906 ,
1257 873 1286 901 Si
1301 881 1406 909 peccans
1416 873 1550 907 peccauerit
1563 872 1637 899 homo
1647 873 1673 899 in
1685 873 1732 899 ho-

938 921 1040 952 minem,
1056 920 1172 947 sacerdos
1182 920 1263 947 orabit
1283 928 1328 954 pro
1338 928 1382 950 eo;
1393 920 1415 946 si
1428 927 1486 945 vero
1499 919 1526 945 in
1540 919 1623 945 Deum
1640 926 1730 953 pecca-

938 967 1009 998 verit,
1026 967 1082 1001 quis
1101 975 1147 1001 pro
1161 967 1207 994 illo
1230 967 1310 993 arabit
1333 966 1370 1002 (1.
1382 966 1445 1001 Reg.
1457 966 1485 992 ‘2.
1497 965 1553 1000 25).
1568 966 1658 999 Itaque
1673 973 1730 992 tita—

938 1020 1019 1048 gnum
1031 1017 1072 1040 est
1085 1013 1182 1039 vulnus
1195 1012 1268 1045 illud,
1284 1019 1369 1046 neqtte
1383 1011 1459 1038 facile
1471 1011 1588 1038 oratione
1600 1010 1729 1041 solvitur;

939 1059 992 1085 imo
1014 1066 1047 1086 ne
1067 1058 1187 1085 oratione
1209 1057 1315 1092 quidem
1341 1057 1452 1084 solvitur
1467 1056 1518 1083 tale
1532 1056 1670 1087 delictum,
1685 1055 1731 1082 sed

939 1112 988 1139 per
1007 1104 1112 1132 veniam
1136 1110 1301 1138 peccatorum
1332 1103 1438 1130 inimico
1463 1109 1617 1130 concessam
1643 1101 1730 1128 statim

940 1151 1061 1178 solvitur.
1077 1150 1140 1178 Ideo
1157 1151 1199 1177 illa
1214 1149 1320 1184 quidem
1335 1150 1427 1176 decem
1448 1149 1528 1175 millia
1545 1148 1640 1175 talenta
1655 1155 1733 1173 voca-

939 1197 977 1224 vit
990 1197 1069 1228 Deus,
1085 1204 1180 1230 nempe
1194 1196 1288 1223 delicta
1302 1195 1331 1222 in
1344 1195 1500 1226 Dominum;
1517 1194 1574 1221 lucc
1586 1201 1649 1221 vero
1667 1201 1734 1220 cen-

940 1247 996 1270 tum
1009 1243 1133 1270 denarios
1145 1242 1250 1277 (Mattlt.
1273 1242 1316 1270 I9.
1332 1242 1377 1269 2'5.
1393 1240 1470 1277 ειμι),
1481 1249 1546 1276 quos
1556 1241 1578 1268 si
1591 1241 1734 1274 dimiseris,

941 1289 1105 1317 dimittentur
1120 1289 1166 1316 tibi
1184 1289 1275 1316 decem
1292 1288 1374 1315 millia
1388 1288 1494 1315 talenta.

976 1336 1003 1363 2.
1024 1336 1124 1362 Verum
1138 1335 1172 1362 de
1186 1335 1305 1362 oratione
1317 1334 1391 1361 satis.
1408 1333 1436 1361 Si
1452 1333 1535 1367 placet
1549 1337 1648 1365 autem,
1660 1340 1736 1368 rep"-

943 1384 990 1410 tito
1004 1382 1083 1418 paulo
1097 1382 1174 1409 altius
1187 1388 1319 1413 sermone,
1338 1380 1370 1407 ad
1386 1379 1563 1414 proditionem
1584 1378 1734 1408 redeamus,

942 1429 1131 1463 videamusque
1149 1426 1282 1463 quomodo
1299 1426 1424 1453 Dominus
1444 1431 1535 1452 noster
1549 1424 1667 1459 proditus
1690 1423 1734 1451 sit.

943 1475 979 1503 Ut
992 1479 1152 1502 verortotam
1170 1472 1311 1508 proditoris
1324 1471 1452 1499 insaniam
1467 1471 1626 1502 edisvamns,
1643 1469 1737 1496 simul-

943 1528 995 1555 que
1009 1521 1139 1555 ingratum
1154 1518 1273 1552 discipuli
1290 1518 1405 1544 animum
1419 1521 1446 1544 et
1460 1516 1564 1544 Domini
1576 1515 1737 1543 ineffabilem

943 1565 1112 1593 clementiam
1136 1571 1320 1599 agnoscamus,
1344 1563 1482 1590 audiamus
1503 1561 1636 1596 quotnodo
1654 1569 1736 1588 cvan-

944 1612 1037 1647 gelista
1058 1611 1135 1638 nobis
1149 1611 1205 1645 ejus
1218 1609 1320 1637 facinus
1334 1614 1449 1636 enarret.
1468 1608 1548 1640 Tunc,
1571 1608 1665 1642 inquit,
1678 1608 1739 1634 abiit

945 1667 1010 1685 unus
1031 1658 1061 1684 de
1076 1657 1218 1689 duodecim,
1238 1655 1321 1682 ludas
1333 1655 1413 1682 dictus
1434 1654 1577 1687 Istariotcs,
1596 1654 1629 1680 ad
1643 1653 1739 1689 princi-

946 1712 989 1738 pes
1003 1703 1172 1734 sacerdotum,
1185 1707 1207 1728 et
1221 1702 1284 1728 dixit
1305 1701 1359 1728 eis:
1373 1700 1442 1733 Quid
1456 1701 1529 1727 vultis
1552 1700 1613 1726 mihi
1627 1700 1696 1731 dare,
1718 1704 1741 1725 et

946 1758 991 1784 ego
1014 1749 1081 1776 vobis
1104 1748 1202 1775 tradant
1226 1755 1283 1774 eum
1303 1746 1408 1782 (Matth.
1426 1746 1471 1773 26.
1492 1746 1533 1773 Η.
1551 1744 1607 1780 15).
1630 1744 1742 1772 Videtur

947 1795 1052 1830 quidem
1068 1794 1094 1822 id
1108 1794 1179 1829 quod
1194 1794 1292 1821 dictum
1306 1800 1346 1820 est
1361 1793 1460 1820 clarum
1475 1800 1534 1820 esse
1548 1792 1667 1827 nihilque
1682 1799 1741 1819 am-

948 1841 1016 1876 plius
1037 1840 1219 1872 subindicare;
1245 1839 1292 1867 sed
1313 1839 1335 1866 si
1358 1840 1418 1874 quis
1441 1839 1562 1874 singula,
1589 1847 1647 1874 quae
1672 1839 1741 1866 dicta

949 1891 1011 1914 sunt
1021 1907 1028 1919 ,
1043 1886 1191 1917 examinet,
1212 1893 1334 1920 magnam
1348 1885 1466 1920 prmbent
1477 1884 1674 1919 contemplandi
1688 1893 1744 1911 ma-

950 1932 1219 1967 teriam,multamque
1227 1938 1352 1958 sensuum
1362 1929 1669 1964 profunditatem.Primo
1678 1934 1744 1956 tem-

951 1987 1000 2014 pus
1015 1978 1235 2006 considerandum
1258 1981 1310 2004 est.
1330 1976 1387 2004 Non
1405 1977 1476 2004 enim
1503 1975 1657 2010 simpliciter
1679 1975 1743 2003 illud

951 2026 1051 2052 indicat
1077 2024 1255 2059 evangelista;
1282 2031 1368 2058 neque
1379 2023 1450 2050 enim
1468 2022 1535 2049 dixit
1556 2022 1651 2054 solum,
1667 2021 1744 2053 abiit;

951 2072 996 2099 sed
1018 2071 1129 2106 adjecit,
1155 2071 1226 2098 Tum:
1239 2071 1309 2098 abiit.
1333 2070 1422 2102 Tunc,
1442 2068 1631 2104 quandonam?
1655 2068 1745 2102 Ecqua

951 2118 985 2145 de
997 2125 1076 2145 causa
1089 2122 1192 2151 tempus
1203 2116 1318 2144 indicat?
1327 2115 1385 2143 Non
1398 2116 1456 2142 sine
1464 2122 1542 2142 causa
1555 2113 1631 2140 nobis
1642 2118 1758 2148 tempus

952 2162 1083 2198 signiﬁcat
1094 2162 1255 2197 evangelista
1268 2169 1300 2189 ex
1314 2161 1412 2196 Spiritu
1432 2165 1523 2188 sancto
1534 2160 1645 2195 loquens
1661 2168 1668 2186 :
1684 2167 1745 2186 nam

952 2210 997 2244 qui
1019 2217 1053 2236 ex
1078 2208 1177 2244 Spiritu
1200 2208 1327 2243 loquitur.
1341 2207 1407 2235 nihil
1422 2207 1479 2234 sine
1498 2214 1576 2234 causa
1589 2207 1631 2234 vel
1646 2211 1748 2233 temere

954 2256 1080 2290 loquitur.
1104 2254 1172 2288 Quid
1186 2254 1263 2289 igitur
1276 2258 1318 2281 est
1329 2253 1404 2285 illud,
1436 2253 1513 2280 tunc?
1526 2253 1594 2280 Ante
1607 2251 1672 2279 illud
1681 2257 1747 2279 tetu-

955 2309 1019 2336 pus,
1042 2307 1104 2328 ante
1126 2299 1198 2328 illam
1220 2299 1312 2327 horam
1335 2298 1447 2326 accessit
1470 2298 1555 2332 puclla
1576 2298 1676 2324 habens
1690 2297 1746 2323 ala-

955 2347 1073 2374 bastrum
1089 2345 1216 2380 unguenti
1228 2366 1235 2377 ,
1263 2349 1290 2373 et
1312 2344 1402 2372 effudit
1416 2344 1503 2371 oleum
1518 2343 1582 2370 illud
1602 2350 1682 2378 super
1701 2350 1747 2368 ca-

956 2399 1004 2429 put
1029 2393 1143 2420 Domini.
1172 2393 1278 2419 Multam
1303 2391 1381 2419 ﬁdem
1406 2391 1522 2419 ostendit
1541 2391 1656 2424 mulier,
1677 2390 1748 2416 mul-

958 2446 1009 2467 tam
1025 2439 1191 2467 ministrandi
1202 2447 1303 2472 curam,
1317 2438 1507 2470 obedientiam,
1522 2437 1646 2472 pietatem
1662 2445 1668 2462 ε
1692 2444 1751 2463 nm-

958 2490 1012 2512 tata
1027 2489 1094 2512 esta
1117 2485 1226 2519 pristina
1250 2485 1320 2516 vita,
1338 2484 1483 2518 meliorque
1507 2490 1538 2510 ac
1560 2483 1750 2517 temperantior

958 2531 1050 2558 eﬂ‘ecta
1065 2530 1165 2558 esl.Et
1187 2537 1248 2557 cum
1276 2530 1401 2557 meretrix
1426 2529 1547 2564 resipuit,
1571 2536 1631 2555 emn
1659 2528 1751 2554 Domi—

961 2584 1022 2602 num
1050 2576 1171 2611 agnovit,
1202 2580 1265 2602 tunc
1283 2575 1426 2609 discipulus
1454 2575 1608 2609 magistrum
1623 2574 1749 2608 prodidit.

960 2621 1043 2654 Tunc,
1067 2621 1256 2655 quandonam?
1280 2628 1339 2647 cum
1366 2621 1491 2647 meretrix
1511 2620 1649 2650 accedens,
1665 2618 1751 2645 effuso

961 2674 1040 2700 super
1057 2666 1138 2700 pedes
1157 2665 1221 2693 Jesu
1245 2665 1369 2700 unguenti
1383 2665 1534 2696 alabastro,
1558 2664 1670 2699 propriis
1693 2663 1752 2689 illos

961 2711 1063 2746 capillis
1078 2712 1220 2744 abstersit,
1232 2711 1396 2745 multumque
1416 2711 1592 2737 ministerium
1612 2708 1750 2740 exhibuit,

962 2765 1009 2792 per
1021 2757 1171 2791 hujusmodi
1187 2756 1382 2784 confessionem
1397 2762 1491 2783 cuncta
1504 2755 1629 2791 prarteriti
1650 2758 1752 2787 tempo-

962 2805 1000 2832 ris
1019 2808 1126 2839 peccata
1147 2804 1249 2831 dolens.
1275 2803 1349 2830 Tunc
1377 2803 1479 2838 itaque,
1502 2809 1562 2829 cum
1586 2801 1656 2828 illam
1686 2799 1754 2826 vidit

965 2854 1066 2880 tantum
1080 2850 1195 2879 officium
1208 2850 1333 2885 magistro
1346 2844 1524 2880 exhibentem,
1534 2853 1596 2875 tunc
1610 2849 1652 2876 illc
1660 2848 1754 2875 adiui-

1535 2891 1573 2921 ἓξ
