1978 3131
244 149 299 178 με.

246 215 326 242 quam
343 206 516 242 proditionem
541 205 682 234 festinavit.
698 207 730 234 Et
753 206 796 233 illa
807 205 912 240 quidem
927 212 960 232 ex
980 203 1038 238 ipso

247 253 371 288 ncquilize
396 252 477 280 fundo
499 253 524 279 in
546 252 631 287 ipsum
651 252 744 279 (uelum
768 250 902 281 ascendit;
920 250 961 276 hic
975 257 1038 276 vero

246 305 304 335 post
319 301 457 326 innumera
482 299 608 326 miracula
626 304 653 326 et
674 299 759 333 signa,
781 302 842 333 post
864 301 963 324 tantam
987 296 1037 323 do-

245 346 378 377 ctrinam,
408 349 467 380 post
492 344 653 372 inelfabilem
666 344 737 370 illam
757 342 860 370 Domini
879 346 1039 376 attempera-

247 393 357 422 tiunem,
383 391 408 418 in
441 391 530 418 tartari
556 391 665 417 fundum
687 390 794 417 decidit.
811 389 924 416 Tantum
940 389 1038 416 malum

245 442 286 464 est
311 437 431 464 soeordia
449 441 477 464 et
491 441 614 472 corrupta
632 436 764 463 voluntas.
781 435 957 470 Quamobrem
972 435 1039 461 Pan-

246 483 289 510 lus
305 483 482 516 diccbatzoui
489 483 586 509 videtur
598 487 674 515 stare,
689 482 770 508 videat
785 490 816 508 ne
829 483 904 508 cadat
918 481 956 516 (l.
975 480 1035 508 Cor.

247 529 291 556 ω.
308 529 352 563 i2)
367 537 373 554 :
395 533 422 556 ct
449 528 578 564 propheta
595 528 725 555 clamabat
747 527 809 554 olim
825 537 830 554 :
857 527 982 562 Numqui
996 535 1040 553 ca-

246 576 294 606 dit,
309 583 359 601 non
381 574 514 609 resurget?
535 579 558 600 et
582 574 625 609 qui
650 574 737 600 avertit
759 582 801 605 se,
826 581 877 600 non
904 578 1040 600 revertetur

247 619 352 653 tierent.
366 620 392 647 8.
404 620 452 654 4)?
479 619 513 647 Ut
534 627 620 654 neque
649 619 672 646 is
693 619 736 651 qui
758 624 811 646 stat
833 618 964 649 confidat,
991 618 1038 645 sed

247 673 354 699 semper
367 665 493 692 certando
512 666 654 695 consistat;
671 673 719 692 nec
741 665 785 699 qui
801 665 918 697 decidit,
942 665 1039 698 despe-

247 717 298 739 ret.
309 712 392 739 Tanta
405 713 476 739 enim
490 712 530 738 vis
545 716 601 739 erat
613 711 740 746 magistri,
751 717 779 737 ut
792 711 871 738 etiam
885 711 1039 738 meretrices

247 762 274 784 et
290 757 442 791 publicanos
456 757 621 792 pertraheret
638 757 670 783 ad
684 757 817 792 propriam
827 757 1038 792 obsequentiam.

283 802 353 829 Deus
368 811 417 829 non
437 803 582 830 necessitate
600 803 722 837 pertrahi!
741 803 774 829 ad
793 803 886 829 bonum
903 802 1037 838 agendum.

247 864 283 869 —
305 848 373 882 Quid
394 856 477 883 ergo,
501 849 620 884 inquies,
643 850 687 884 qui
712 850 867 877 meretrices
891 850 1037 885 pertraxit,

247 895 406 930 discipulum
427 903 480 922 non
501 896 586 929 potuit
608 895 782 930 pertrahere?
802 896 886 923 Etiam
908 896 993 930 potuit
1013 899 1040 922 et

248 941 405 976 discipulum
420 941 592 976 pertrahere;
607 941 653 968 sed
672 942 755 968 noluit
776 942 862 976 ipsum
881 941 1039 968 necessitate

247 988 335 1014 facere
346 987 444 1014 bonum
457 1007 464 1019 ,
480 995 565 1022 neque
577 987 602 1014 vi
616 987 691 1014 illum
702 987 734 1014 ad
745 988 861 1022 scipsum
874 987 1038 1022 pertrahere.

247 1032 310 1060 Ideo
322 1033 483 1068 evangelista
498 1033 573 1060 nobis
586 1041 616 1060 ea
632 1039 743 1060 narrans
755 1054 762 1065 ,
777 1041 837 1068 quae
854 1033 887 1060 ad
907 1034 1039 1068 ingratum

247 1078 404 1112 discipulum
425 1078 598 1113 spectabant,
621 1078 708 1106 dixit:
732 1078 803 1106 Tum:
828 1079 908 1111 abiit,
932 1079 957 1106 id
978 1083 1038 1112 est,

248 1132 301 1151 non
315 1124 349 1151 ab
361 1124 418 1151 aliis
434 1129 542 1152 vocatus
554 1145 561 1157 ,
579 1133 665 1159 neque
683 1129 792 1152 coactus
806 1125 839 1152 ab
858 1126 910 1152 alio
923 1145 930 1157 ,
953 1133 1040 1160 neque

247 1170 300 1197 alio
312 1177 341 1197 se
359 1169 500 1202 hortante;
524 1170 571 1197 sed
592 1175 686 1205 suopte
706 1175 778 1197 motu
797 1171 830 1197 ad
850 1171 876 1198 id
895 1179 1040 1199 conversus

247 1221 307 1248 est,
321 1217 467 1243 ostendens
482 1224 511 1244 se
530 1223 578 1243 sua
592 1221 685 1251 sponte
702 1221 730 1244 et
749 1217 857 1252 proprio
877 1217 986 1245 arbitrio
1006 1217 1040 1244 ad

247 1262 366 1296 iniquum
391 1261 455 1289 illud
478 1261 581 1289 facinus
616 1270 791 1297 properasse,
817 1263 887 1289 nulla
917 1268 1041 1290 movente

247 1316 346 1341 causa;
369 1309 416 1336 sed
435 1317 450 1336 a
473 1309 589 1343 nequitia
608 1309 678 1336 intus
702 1309 862 1337 scaturiente
882 1309 916 1336 ad
937 1309 1039 1336 Domini

249 1355 418 1382 traditionem
443 1355 559 1389 seipsum
584 1355 695 1390 impulit.
712 1356 782 1382 Tunc
809 1356 895 1383 abiens
921 1365 984 1383 unus
1009 1356 1041 1383 de

247 1400 390 1427 duodecim.
404 1400 462 1428 Non
476 1408 585 1435 parvum
597 1402 697 1428 critnen
709 1401 773 1428 illttd
788 1407 830 1430 est
843 1401 914 1436 quod
926 1401 1038 1434 dicatttr,

250 1445 323 1473 Unus
331 1447 362 1473 de
372 1447 514 1473 duodecim.
530 1447 595 1480 Quia
609 1448 679 1474 enim
694 1452 770 1475 erant
779 1453 807 1475 et
818 1449 862 1475 alii
875 1449 1040 1484 septuaginta

249 1491 393 1526 discipuli,
409 1492 470 1519 ideo
484 1492 549 1519 dixit
561 1513 569 1525 ,
586 1492 658 1520 Unus
670 1493 701 1520 de
714 1495 865 1526 duodecim;
885 1495 910 1522 id
931 1500 973 1522 est
984 1516 991 1527 ,
1007 1503 1040 1523 ex

249 1537 356 1565 selectis
367 1558 375 1571 ,
389 1537 434 1572 qui
449 1538 566 1572 quotidie
579 1546 640 1566 cum
653 1539 698 1567 illo
712 1540 886 1567 versabantur
898 1562 905 1574 ,
921 1542 965 1576 qui
982 1549 1040 1568 ma-

250 1591 302 1618 gna
329 1584 425 1613 fiducia
447 1585 611 1614 fruebantur.
635 1587 669 1614 Ut
691 1587 768 1622 igitur
787 1588 874 1616 discas
895 1589 983 1624 ipsum
1007 1597 1041 1616 ex

250 1631 392 1666 praecipuis
405 1632 542 1668 discipulis
557 1633 639 1661 fuisse
649 1654 656 1667 ,
679 1634 735 1667 ait,
759 1634 829 1662 Unus
844 1635 875 1662 de
896 1635 1038 1662 duodecim.

248 1675 340 1711 Neque
355 1676 381 1704 id
397 1682 466 1705 tacet
482 1679 643 1713 evangelista
655 1700 663 1711 ,
677 1684 706 1706 ut
721 1684 746 1707 tu
762 1681 856 1708 credas
868 1701 876 1713 ,
891 1681 948 1708 lucc
959 1702 966 1713 ,
981 1689 1040 1716 qua:

249 1722 372 1750 videntur
385 1724 513 1759 probrosa
527 1732 586 1751 esse
598 1745 606 1757 ,
623 1726 727 1752 Domini
745 1734 806 1761 erga
820 1734 869 1754 nos
882 1727 1040 1755 sollicitudi-

250 1775 312 1795 nem
334 1769 497 1802 ostendere,
515 1770 586 1804 quod
609 1770 709 1798 scilicet
727 1772 886 1806 prodit0rem
907 1777 934 1800 et
955 1773 1041 1801 furem

249 1819 289 1842 tot
306 1815 384 1843 bonis
401 1815 541 1850 dignatus,
564 1821 590 1843 et
609 1825 692 1852 usque
710 1818 743 1844 ad
763 1818 882 1845 ultimam
902 1827 1040 1854 vesperam

248 1861 403 1889 cohortatus
417 1862 462 1890 sit.
480 1862 601 1890 Vidistin’
615 1864 781 1891 meretricem
793 1885 801 1897 ,
824 1872 883 1899 qua:
899 1865 1039 1900 abluerat,

249 1907 361 1935 salutem
378 1913 482 1935 nactam
498 1916 558 1936 esse
570 1930 578 1942 ,
593 1909 752 1944 discipulum
769 1918 832 1938 vero
846 1932 852 1942 ,
872 1912 933 1946 quia
952 1913 1041 1947 segnis

248 1952 355 1986 fuerat,
368 1953 520 1981 decidisse?
529 1954 568 1982 Ne
583 1955 660 1990 igitur
670 1955 704 1983 de
715 1960 740 1983 te
751 1955 877 1990 desperes
889 1977 896 1989 ,
910 1957 943 1984 ad
955 1965 1042 1985 mere-

249 1999 343 2026 tricem
355 1999 514 2034 respiciens;
529 2001 750 2036 nequeconlidas,
763 2002 795 2029 ad
806 2002 926 2037 discipuli
940 2003 1041 2031 facinus

198 2044 201 2048 '
248 2045 342 2072 oculos
360 2051 540 2074 convertens:
558 2047 636 2074 ambo
655 2048 727 2075 enim
747 2048 895 2082 perniciosa
914 2054 985 2077 sunt.
1000 2050 1040 2077 Ad

249 2091 352 2126 lapsum
367 2092 438 2119 enim
457 2092 581 2127 proclivis
603 2098 644 2120 est
661 2093 766 2121 animus
785 2099 895 2127 noster,
918 2095 1041 2123 volubilis

248 2137 390 2164 voluntas:
406 2139 580 2173 quamobrem
601 2139 717 2174 undique
734 2147 782 2166 nos
797 2141 947 2169 muniamus
961 2149 1041 2176 opor-

250 2187 298 2210 tet.
315 2183 385 2210 Tunc
401 2184 486 2212 abiens
500 2193 564 2212 unus
582 2185 614 2212 de
631 2185 780 2219 duodecim,
796 2185 879 2214 ludas
893 2187 1038 2215 lscariotcs.

251 2229 344 2258 Viden’
356 2238 389 2258 ex
402 2237 501 2266 quanto
517 2232 601 2260 choro
622 2233 741 2261 decidit?
759 2234 845 2262 viden‘
863 2241 960 2270 quanta
981 2243 1039 2263 sese

247 2275 388 2310 disciplina
404 2278 537 2312 privavit?
550 2278 636 2306 viden‘
648 2284 775 2314 quantum
791 2281 826 2308 sit
841 2281 939 2308 malum
952 2282 1040 2317 segni-

251 2321 324 2349 ties?
337 2320 434 2354 ludas,
451 2323 556 2358 inquit,
574 2323 708 2352 Iscariotes
719 2346 726 2358 ,
742 2326 803 2360 quia
817 2326 885 2354 alius
904 2332 961 2354 erat
980 2327 1042 2355 huic

247 2368 416 2402 cognominis
427 2389 435 2402 ,
451 2370 494 2404 qui
505 2370 643 2398 dicebatur
653 2371 755 2399 Jacobi.
769 2372 861 2400 Viden’
871 2375 1040 2409 evangelistm

251 2413 426 2448 sapientiam,
444 2415 488 2449 qui
504 2416 576 2443 illum
591 2424 642 2443 non
655 2424 669 2443 a
682 2417 799 2445 facinore
811 2439 818 2450 ,
834 2419 880 2446 sed
895 2427 908 2446 a
922 2420 981 2447 loco
995 2428 1043 2447 no-

251 2463 306 2485 tum
323 2459 398 2486 nobis
413 2459 493 2493 facit,
507 2462 551 2496 qui
565 2462 644 2489 alium
659 2471 711 2490 non
726 2472 741 2490 a
763 2465 821 2492 loco
833 2486 840 2497 ,
861 2465 908 2492 sed
924 2473 938 2492 a
960 2467 1042 2500 patris

243 2505 359 2532 nomine
375 2507 590 2540 cognoscendum
611 2509 687 2535 nobis
709 2510 820 2544 prarbet.
845 2512 923 2546 Atqui
945 2519 1040 2539 conse-

250 2557 365 2586 quenter
378 2552 489 2581 dixisset
502 2554 596 2582 Jndam
611 2556 772 2590 proditorem
785 2566 792 2589 ς
812 2563 992 2586 verumtamen
1014 2564 1042 2586 ut

251 2606 300 2625 nos
313 2598 422 2626 doceret
436 2599 552 2635 linguam
564 2609 672 2629 scrvare
692 2610 707 2629 a
724 2603 909 2631 criminatione
930 2612 1020 2639 puram
1032 2626 1040 2637 ,

250 2655 264 2672 ει
281 2645 424 2680 proditoris
439 2647 547 2674 nomine
565 2647 688 2675 abstinet.
704 2649 842 2677 Discamus
857 2651 936 2685 igitur
955 2651 1042 2678 inimi-

250 2698 343 2718 corum
365 2691 498 2719 neminem
518 2700 578 2720 cum
601 2694 722 2722 convicio
741 2702 899 2724 memorare.
920 2695 948 2723 Si
971 2697 1040 2723 enim

244 2737 344 2765 .bcatus
358 2737 401 2764 hic
415 2738 455 2765 vir
467 2738 630 2773 proditorem
644 2740 727 2768 noluit
738 2741 872 2769 criminari
885 2763 893 2775 ,
913 2751 972 2770 cum
993 2744 1042 2770 hoc

251 2781 370 2819 iniquum
385 2783 487 2811 facinus
499 2789 637 2812 enarraret
648 2806 655 2818 .
669 2786 716 2813 sed
731 2787 780 2814 hoc
791 2787 898 2822 quidem
913 2789 992 2815 tacuit
1005 2810 1012 2820 .
1026 2797 1040 2815 a

245 2831 308 2858 loco
323 2836 412 2860 autem
430 2832 502 2860 unde
521 2833 657 2868 prodierat
678 2839 769 2861 notum
790 2835 863 2862 illum
889 2835 970 2863 fecit:
989 2844 1039 2872 qua

247 2877 349 2906 erimus
363 2879 438 2907 venia
451 2878 522 2915 digni
536 2900 543 2914 ,
558 2887 617 2908 cum
633 2881 781 2916 proximum
794 2882 966 2912 criminamur
979 2906 984 2918 ,
1009 2892 1039 2912 ac

607 147 634 175 S.
655 147 794 176 JOANNIS
812 147 1052 176 CllRYSOSTOMI
1072 147 1232 177 ARCHIEP.
1252 149 1519 180 CONSTANTINOP.

1832 149 1883 177 ωδ

1095 209 1166 238 srrpe
1181 211 1232 230 non
1246 204 1332 231 solum
1347 205 1466 233 inimicos
1487 213 1548 232 cum
1568 206 1729 234 contumelia
1750 213 1883 233 memora-

1095 256 1155 275 mus
1166 270 1173 281 ,
1185 249 1231 276 sed
1241 250 1321 277 etiam
1335 258 1382 277 eos
1393 271 1401 283 ,
1414 251 1460 285 qui
1472 258 1534 285 erga
1548 258 1597 278 nos
1611 251 1679 279 bene
1693 251 1782 279 allecti
1795 252 1885 278 viden-

1096 299 1148 321 tur.
1163 294 1202 322 Ne
1214 315 1222 328 ,
1237 302 1328 329 quaeso
1339 316 1347 329 ,
1363 295 1389 323 id
1408 303 1527 331 agamus.
1552 296 1578 324 ld
1600 302 1627 324 et
1645 297 1744 324 Paulus
1768 297 1887 332 praecipit

1095 340 1186 368 dicens
1201 350 1206 366 :
1226 341 1314 368 Omnis
1329 350 1408 368 sermo
1430 342 1511 369 malus
1529 342 1561 369 de
1579 351 1622 370 ore
1638 347 1721 370 vestro
1736 351 1768 370 ne
1783 343 1886 377 prodeat

1096 385 1213 421 (Ephes.
1232 387 1249 414 4
1262 408 1269 419 ,
1293 387 1359 420 29).
1385 387 1448 415 ldeo
1467 388 1502 415 ab
1521 387 1670 423 hujusmodi
1692 388 1788 416 morbo
1810 388 1887 424 plane

1096 439 1178 466 purus
1193 433 1286 460 beatus
1299 433 1436 460 blattbtcus
1450 433 1555 461 dicebat
1569 443 1576 460 :
1593 433 1662 461 Tunc
1675 434 1764 461 abiens
1778 442 1844 460 unus
1858 434 1889 460 de

1097 478 1246 510 duodecim,
1260 479 1304 512 qui
1316 479 1445 506 dicebatur
1453 479 1536 506 Judas
1546 479 1680 507 Iscariotes
1692 500 1699 512 ,
1713 480 1748 506 ad
1761 480 1888 514 principes

1095 524 1254 550 sacerdotum
1267 524 1330 557 dixit
1343 545 1350 556 ,
1371 525 1439 557 Quid
1453 525 1529 551 vultis
1552 526 1614 551 mihi
1631 526 1702 557 dare,
1716 530 1739 552 ct
1758 533 1804 560 ego
1823 525 1892 551 vobis

1097 569 1195 595 trudam
1208 578 1265 596 eum
1277 570 1320 596 ?0
1332 570 1521 597 exsecrandum
1535 578 1625 597 vocem
1638 570 1673 597 lo
1685 571 1808 597 insanum
1822 570 1887 596 faci-

1096 622 1146 642 nus
1158 616 1164 642 !
1183 616 1247 642 Dum
1263 616 1318 643 hasc
1328 618 1416 652 cogito
1429 637 1436 649 ,
1450 622 1536 644 tremo
1548 638 1555 650 ,
1567 618 1668 644 dilecti.
1678 617 1819 651 Quomodo
1831 616 1889 644 talis

1097 669 1150 688 vox
1165 669 1197 689 ex
1213 670 1260 689 ore
1274 663 1393 689 exsiliit?
1412 663 1545 698 quomodo
1566 664 1683 698 linguam
1703 663 1807 690 movit?
1822 671 1890 697 quo-

1097 708 1177 735 modo
1189 708 1277 736 anima
1290 716 1306 735 a
1320 717 1432 744 corpore
1446 718 1498 736 non
1511 710 1661 737 abscessit?
1674 709 1810 744 quomodo
1822 709 1889 736 labia

1097 762 1150 782 non
1165 755 1383 790 obtorpuerunt?
1395 756 1529 791 quomodo
1545 764 1597 784 non
1611 761 1702 783 mente
1715 756 1851 784 excessit?

1131 802 1157 828 5.
1179 801 1247 834 Quid
1259 802 1332 829 vultis
1345 803 1407 829 mihi
1419 803 1490 835 dare,
1502 808 1524 829 et
1533 811 1578 838 ego
1586 803 1653 830 vobis
1665 803 1766 829 tradant
1778 811 1835 829 eum
1844 801 1891 829 2-

1096 846 1143 874 Dic
1155 847 1220 874 mihi
1233 868 1239 880 ,
1253 847 1321 875 Juda
1331 870 1338 882 ,
1363 848 1479 876 Ιιωςείιιε
1496 850 1622 883 magister
1642 853 1716 875 tanto
1731 854 1852 883 tempore
1866 853 1891 876 te

1096 893 1208 920 docuit?
1222 893 1293 921 itane
1307 894 1333 921 in
1347 894 1509 922 oblivionem
1531 894 1709 930 frequentium
1730 894 1891 921 admonitio-

1094 947 1158 967 num
1174 940 1269 968 venisti
1282 940 1294 966 ?
1306 948 1394 967 nonne
1408 940 1468 967 ideo
1485 941 1552 967 dixit
1562 961 1568 972 ,
1595 939 1683 967 Nolite
1703 940 1833 975 possidere
1844 948 1890 966 au-

1096 995 1171 1018 rum,
1187 995 1267 1021 neque
1277 992 1407 1022 argentum
1422 987 1431 1022 (
1446 987 1538 1014 Matth.
1551 987 1602 1020 ιο,
1617 987 1665 1022 9),
1682 991 1712 1014 ut
1722 986 1779 1021 jam
1802 986 1862 1014 inde
1876 995 1890 1012 a

1096 1033 1228 1068 principio
1243 1039 1316 1060 tuum
1331 1041 1392 1068 erga
1410 1033 1536 1068 pecunias
1551 1033 1667 1060 furorem
1682 1033 1892 1068 comprimeret?

1096 1088 1185 1108 nonne
1206 1080 1362 1107 hortabatur
1383 1081 1495 1108 dicens:
1521 1081 1551 1108 Si
1572 1081 1628 1116 quis
1651 1087 1674 1108 te
1695 1081 1846 1116 percusserit
1866 1082 1890 1106 in

1097 1128 1228 1154 maxillam
1240 1128 1368 1154 dexteram
1381 1148 1388 1160 ,
1398 1133 1465 1154 certe
1478 1128 1517 1154 illi
1526 1133 1549 1154 et
1563 1128 1640 1154 aliam
1655 1127 1768 1163 (Matth.
1783 1128 1800 1155 5
1811 1149 1820 1160 ,
1832 1127 1891 1162 39}?

1100 1172 1170 1206 Cur,
1185 1181 1276 1208 quaso
1288 1194 1295 1206 .
1317 1174 1471 1208 magistrum
1485 1174 1597 1208 prodis?
1611 1182 1644 1201 an
1658 1175 1718 1209 quia
1734 1178 1890 1209 potestatem

1098 1219 1145 1245 tibi
1159 1218 1233 1246 dedit
1246 1219 1374 1246 adversus
1387 1219 1517 1246 daemonia
1530 1240 1538 1251 ,
1553 1220 1588 1246 ita
1599 1225 1626 1246 ut
1640 1219 1749 1246 morbos
1764 1227 1871 1246 curares
1882 1239 1889 1249 .

1096 1266 1217 1301 leprosos
1230 1266 1374 1293 mundares
1386 1287 1393 1299 ,
1408 1271 1435 1293 et
1449 1266 1499 1292 alia
1515 1266 1597 1293 multa
1613 1266 1740 1293 miracula
1756 1271 1888 1301 perpetrm

1096 1320 1140 1339 res
1152 1312 1164 1339 τ
1178 1320 1226 1347 pro
1240 1312 1316 1339 hisne
1329 1312 1465 1339 beneficiis
1479 1312 1535 1339 hrec
1558 1312 1593 1339 illi
1612 1312 1722 1347 prmmia
1747 1312 1891 1343 rctribuis?

1095 1357 1118 1385 0
1131 1357 1248 1385 furorem
1261 1378 1268 1390 ,
1284 1359 1337 1385 imo
1350 1360 1436 1393 potius
1449 1379 1456 1391 ,
1470 1359 1607 1385 avaritiam
1620 1359 1626 1385 l
1651 1358 1708 1385 haec
1729 1358 1803 1385 enim
1826 1358 1890 1385 mala

1097 1404 1184 1431 omnia
1199 1404 1308 1431 avaritia
1321 1405 1442 1438 peperit,
1456 1404 1528 1431 radix
1544 1403 1587 1431 illa
1601 1405 1731 1431 malorum
1746 1425 1753 1435 ,
1768 1412 1829 1438 quze
1839 1405 1888 1430 ani-

1098 1456 1155 1476 mas
1169 1454 1274 1476 nostras
1287 1449 1443 1476 obtcncbrat
1455 1469 1462 1481 .
1475 1457 1577 1476 necnon
1592 1449 1662 1484 ipsas
1677 1450 1751 1484 leges
1767 1454 1869 1476 natura:
1880 1469 1887 1481 ,

1095 1503 1155 1530 qum
1169 1495 1195 1523 id
1210 1496 1307 1528 efﬁcit,
1324 1501 1352 1523 ut
1366 1500 1456 1523 mente
1467 1496 1625 1523 excedamus
1636 1517 1644 1530 ,
1659 1504 1746 1530 neque
1761 1497 1889 1531 permittit

1099 1546 1127 1568 ut
1141 1542 1183 1570 vel
1196 1541 1319 1569 amicitia:
1331 1562 1339 1575 ,
1362 1542 1404 1569 vel
1416 1539 1582 1577 cognationis
1594 1563 1601 1574 ,
1624 1543 1666 1569 vel
1679 1542 1790 1569 alterius
1805 1542 1891 1576 cujus-

1095 1588 1166 1622 piam
1188 1587 1360 1615 recordemur
1375 1597 1381 1614 :
1397 1587 1444 1614 sed
1460 1588 1543 1615 semel
1565 1595 1704 1615 excaecans
1714 1587 1807 1614 oculos
1819 1595 1891 1614 tuen-

1096 1633 1130 1660 tis
1145 1638 1261 1666 nostrzc,
1275 1641 1324 1660 nos
1340 1633 1367 1660 in
1381 1633 1498 1660 tenebris
1513 1634 1635 1660 incedere
1648 1632 1720 1660 facit.
1737 1633 1772 1660 Et
1790 1637 1820 1660 ut
1842 1633 1891 1659 hoc

1098 1679 1170 1707 clare
1196 1680 1304 1711 discas,
1325 1679 1385 1707 vide
1407 1685 1504 1714 quanta
1525 1684 1588 1706 tunc
1613 1679 1724 1714 ejecerit
1746 1687 1779 1706 ex
1802 1679 1889 1705 anima

1096 1726 1180 1754 Judze.
1194 1725 1371 1761 Subingressa
1392 1725 1485 1752 istlncc
1498 1725 1609 1752 avaritia
1622 1746 1630 1757 ,
1651 1724 1782 1759 colloquia
1798 1745 1805 1756 ,
1829 1731 1891 1751 con-

1096 1772 1263 1800 suetudinem
1276 1794 1284 1805 ,
1295 1773 1527 1803 communionem.
1542 1771 1688 1798 mirabilem
1705 1771 1775 1798 illam
1790 1770 1890 1796 doctri-

1097 1828 1176 1851 nam.
1190 1820 1278 1846 omnia
1291 1840 1299 1852 ,
1324 1819 1431 1854 inquam
1445 1839 1452 1850 ,
1475 1818 1518 1845 illa
1538 1818 1563 1845 in
1586 1817 1746 1844 oblivionem
1766 1816 1885 1844 adduxit.

1096 1865 1211 1893 Pulchre
1231 1864 1335 1892 diccbat
1356 1864 1462 1896 Paulus,
1484 1864 1570 1890 Radix
1585 1863 1696 1889 euntium
1712 1863 1838 1889 malorum
1856 1866 1891 1888 est

1095 1911 1203 1938 avaritia
1222 1911 1259 1946 (l.
1272 1909 1378 1942 Tim.6,
1390 1909 1448 1945 l0).
1468 1909 1534 1942 Quid
1547 1909 1620 1935 vultis
1638 1908 1699 1934 mihi
1718 1908 1790 1938 dare,
1803 1912 1825 1934 et
1847 1915 1892 1942 ego

1095 1958 1162 1984 vobis
1182 1958 1281 1984 tradam
1305 1957 1387 1984 eum?
1409 1956 1520 1989 Tradis,
1541 1954 1608 1983 Juda
1621 1975 1627 1986 ,
1650 1963 1711 1981 eum
1734 1955 1781 1990 qui
1803 1954 1890 1981 omnia

1097 2005 1215 2032 cantinet
1228 2004 1332 2031 verbo?
1346 2003 1438 2030 vendis
1460 2002 1754 2037 incomprehensibilem
1767 2022 1774 2032 ,
1789 2005 1817 2028 ct
1837 2001 1891 2036 opi-

1096 2051 1173 2078 ﬁcem
1188 2050 1246 2077 caxli
1263 2054 1290 2077 et
1304 2054 1383 2077 terra:
1394 2069 1402 2083 ,
1418 2053 1566 2076 creatorem
1589 2052 1691 2074 natura!
1705 2053 1805 2074 nostra:
1817 2066 1824 2078 ,
1847 2046 1892 2081 qui

1097 2098 1178 2124 verbo
1193 2101 1220 2123 ct
1233 2100 1299 2124 nutu
1319 2096 1406 2122 omnia
1428 2094 1588 2122 constituit?
1613 2094 1646 2121 Ut
1669 2094 1749 2128 igitur
1770 2092 1892 2120 ostendat

1096 2143 1166 2178 quod
1182 2143 1277 2170 lubens
1291 2142 1403 2169 traditus
1419 2141 1452 2168 sit
1465 2161 1472 2172 ,
1487 2140 1548 2167 audi
1563 2139 1626 2175 quid
1640 2139 1728 2166 faciat.
1751 2139 1814 2174 Ipso
1827 2146 1888 2173 pro-

1096 2188 1204 2215 ditionis
1218 2193 1338 2222 tempore
1350 2208 1357 2219 ,
1374 2185 1479 2222 quando
1495 2186 1650 2213 invaserunt
1671 2193 1733 2212 eum
1754 2193 1816 2212 cum
1837 2185 1879 2219 gla

1099 2234 1150 2261 diis
1165 2238 1191 2261 et
1207 2233 1283 2269 lignis
1295 2254 1302 2265 ,
1318 2232 1485 2268 lampadibus
1496 2236 1524 2259 et
1546 2231 1656 2258 laternis
1671 2231 1795 2257 instructi
1809 2252 1817 2263 ,
1830 2230 1892 2257 dicit

1096 2280 1135 2307 eis
1150 2289 1156 2307 :
1183 2279 1262 2312 Quem
1280 2279 1390 2314 quaeritis
1413 2278 1421 2313 (
1436 2277 1514 2304 Joan.
1529 2275 1564 2304 18
1576 2298 1583 2310 ,
1599 2277 1617 2304 ι
1632 2276 1660 2311 )?
1682 2276 1716 2303 Et
1735 2276 1893 2310 ignorabant

1099 2333 1159 2353 emn
1173 2346 1180 2358 ,
1202 2333 1280 2360 quem
1303 2325 1405 2359 capturi
1426 2329 1510 2352 erant.
1535 2323 1647 2351 Tantum
1670 2323 1765 2350 aberat
1784 2329 1814 2350 ut
1835 2331 1892 2350 eum

1097 2372 1211 2408 prodere
1233 2376 1342 2407 posset,
1357 2371 1402 2406 qui
1424 2379 1510 2405 neque
1529 2375 1690 2405 prmsentem
1716 2378 1779 2397 eum
1803 2370 1894 2397 videre

1097 2424 1220 2454 poterat,
1235 2426 1314 2454 quem
1329 2417 1472 2445 traditurus
1492 2421 1569 2449 erat,
1595 2417 1644 2444 etsi
1668 2421 1707 2444 tot
1727 2416 1894 2451 lampadihm

1097 2465 1292 2499 luminibusque
1306 2464 1461 2491 instructus.
1472 2463 1549 2496 Quod
1562 2463 1632 2490 enim
1645 2463 1702 2490 hare
1713 2463 1894 2490 subindicarct

1096 2519 1156 2538 cum
1184 2511 1251 2538 dixit
1272 2518 1320 2538 eos
1339 2514 1367 2537 et
1388 2508 1524 2544 lampades
1551 2513 1578 2536 et
1599 2509 1716 2535 laternas
1745 2508 1872 2535 habuisse
1885 2529 1893 2539 ,

1096 2565 1183 2588 neque
1197 2558 1235 2584 sic
1249 2565 1309 2584 eum
1324 2555 1457 2583 invenisse
1468 2575 1476 2588 ,
1496 2555 1522 2582 id
1537 2555 1623 2582 innuit
1636 2561 1698 2582 cum
1712 2555 1770 2586 ait,
1787 2552 1822 2580 Et
1843 2553 1894 2579 Ju-

1096 2604 1142 2630 das
1157 2603 1238 2630 stabat
1249 2611 1305 2629 cum
1318 2602 1369 2629 illis
1381 2622 1388 2634 ,
1405 2602 1426 2628 is
1441 2601 1485 2634 qui
1498 2601 1601 2628 dixerat
1613 2619 1620 2632 ,
1636 2598 1694 2634 Ego
1707 2599 1778 2626 vobis
1791 2598 1892 2625 tradam

1095 2659 1162 2678 eum.
1179 2651 1276 2677 Eorum
1289 2649 1386 2684 quippe
1397 2653 1513 2675 tuentem
1524 2647 1666 2674 excmeavit
1677 2666 1685 2678 ,
1701 2650 1730 2673 ut
1745 2646 1891 2680 potentiam

1096 2704 1170 2724 suam
1185 2695 1356 2727 ostenderet,
1369 2699 1396 2721 et
1411 2694 1448 2720 illi
1458 2693 1592 2720 discerent
1601 2700 1632 2720 ea
1646 2699 1676 2719 se
1689 2692 1801 2727 aggredi
1814 2713 1822 2723 ,
1833 2699 1891 2725 qua:

1097 2743 1153 2770 ﬁeri
1169 2750 1220 2770 non
1235 2746 1353 2777 possent.
1377 2740 1478 2768 Deinde
1494 2739 1584 2766 audita
1602 2739 1660 2773 ejus
1679 2746 1748 2766 voce
1769 2739 1891 2765 abierunt

1095 2789 1200 2824 supini,
1217 2793 1243 2816 et
1255 2787 1407 2815 ceciderunt
1421 2786 1447 2813 in
1463 2791 1571 2813 terram.
1587 2784 1683 2812 Vidisti
1703 2784 1841 2819 quomodo
1857 2791 1889 2810 ne

1095 2844 1187 2864 vocem
1198 2835 1303 2870 quidem
1319 2834 1387 2862 ferre
1403 2837 1563 2868 potuerunt,
1578 2831 1624 2858 scd
1637 2831 1764 2866 prolapsu
1781 2831 1891 2858 infirmi-

1097 2889 1177 2912 tatem
1198 2890 1273 2911 suant
1294 2879 1531 2913 demonstrarunt?
1557 2877 1623 2907 Vide
1648 2877 1756 2906 Domini
1774 2877 1887 2905 clemen-
