1978 3131
135 154 184 183 587

135 222 208 248 tiam.
223 219 290 254 Quia
307 228 342 249 ne
366 221 405 249 sic
419 220 524 256 quidem
548 221 691 256 proditoris
712 221 900 256 impudentiam
911 241 919 254 ,

134 275 219 302 neque
235 267 372 302 ingratum
385 267 535 295 Judteorum
552 268 668 295 animum
688 267 764 295 ﬂexit
778 288 785 300 ,
808 268 923 301 seipsum

135 313 215 340 tradit
227 333 234 344 ,
250 318 331 348 atque
346 314 409 340 dicit
423 322 429 340 :
446 313 555 346 Quando
568 313 671 340 ostendi
685 321 732 341 eos
748 314 792 340 illa
804 313 921 348 aggredi,

133 366 191 392 qua:
205 357 296 386 facere
311 367 366 386 non
387 364 515 394 possent,
539 359 608 386 volui
633 366 725 386 eorum
748 359 924 393 comprimere

132 403 273 430 furorem:
293 409 321 430 at
345 404 384 431 illi
408 404 521 436 nolunt,
543 404 590 431 sed
611 404 638 430 iu
660 404 776 438 nequitia
799 410 924 438 perseve-

133 453 191 475 rant
208 458 214 474 :
230 456 295 476 ecce
308 449 438 483 meipsum
452 449 537 475 trado.

168 494 229 520 Non
245 495 391 521 necessitate
406 495 496 521 bonum
515 503 667 528 operantur,
679 493 722 521 sed
737 493 873 522 voluntate.
889 509 925 514 ——-

132 540 194 567 Harc
206 540 270 566 dico
287 540 377 572 vobis,
395 547 429 567 ue
448 539 562 574 quipiam
578 539 711 567 Christum
734 543 867 571 accusent,
882 539 923 566 di-

131 591 247 620 camque
263 595 270 613 :
284 586 337 613 Cur
351 593 402 612 nou
418 587 528 612 inntavit
540 585 711 613 Judam?cur
721 593 772 612 uon
788 585 924 612 meliorem

131 633 205 659 illum
221 631 329 659 eﬁ'ecit?
344 633 378 658 At
389 632 523 666 quomodo
535 632 651 666 oportuit
662 631 755 658 Iudam
771 636 923 666 temperau-

131 683 182 705 tem
200 686 233 705 ac
248 679 359 712 probum
381 677 507 705 efﬁcere?
525 686 558 704 an
573 679 746 710 necessitate,
765 686 800 705 an
814 677 925 704 arbitrio

131 725 200 752 suo?
216 724 244 751 Si
261 724 419 751 necessitate
430 744 436 754 .
452 732 537 758 neque
551 724 590 751 sic
611 724 706 751 melior
727 723 829 750 futurus
849 727 923 754 erat;

130 777 210 797 nemo
222 770 322 804 quippe
340 769 498 797 necessitate
517 770 610 797 melior
623 769 754 797 et‘licitur:
771 770 791 796 si
809 777 873 796 vero
892 777 925 796 ex

131 815 245 843 arbitrio
258 820 285 843 et
301 816 446 850 voluntate,
459 816 549 843 omnia
563 815 665 843 induxit
678 823 719 848 ea,
732 823 790 850 quze
804 819 926 850 poterant

131 862 216 896 ipsum
231 861 264 888 ad
284 862 384 897 frugem
398 862 536 889 reducere.
551 861 627 895 Quod
642 861 665 888 si
683 861 727 888 ille
743 861 859 888 remedia
874 868 924 887 no-

131 908 179 934 luit
193 907 328 942 accipcre,
341 915 391 934 non
403 908 532 939 medicus,
545 907 590 934 sed
603 907 625 934 is
644 907 688 941 qui
707 907 866 934 medicinam
881 914 925 933 re-

132 953 220 988 spuit,
242 953 268 979 iu
292 953 368 987 culpa
383 957 432 980 est.
450 952 496 979 Vis
509 953 576 979 scire
591 957 688 987 quanta
703 951 795 978 fecerit
817 955 843 986 ut
865 959 925 985 eum

132 998 292 1026 reduceret?
307 998 388 1025 Multa
403 998 530 1025 miracula
544 1002 572 1025 ut
587 998 685 1025 faceret
700 997 789 1029 dedit,
805 997 927 1031 prtedixit

132 1044 168 1071 illi
192 1052 224 1072 ea
238 1065 245 1077 ,
262 1052 322 1079 qua:
341 1045 374 1071 ad
393 1044 570 1079 proditionem
585 1043 752 1078 spectabant,
775 1043 841 1070 nihil
855 1048 927 1070 retro

133 1091 242 1126 reliquit
253 1098 358 1123 eorum,
370 1098 430 1125 qum
442 1098 490 1125 pro
505 1090 634 1124 discipulo
648 1089 736 1117 facere
752 1097 798 1123 par
813 1095 879 1116 erat.
895 1089 927 1116 Et

132 1141 160 1162 ut
172 1135 263 1162 discas
276 1143 338 1162 eum
351 1156 357 1167 ,
378 1143 438 1163 cum
458 1135 554 1162 mutari
568 1139 671 1169 posset,
688 1135 805 1161 noluisse
815 1154 821 1166 ,
834 1133 880 1161 sed
895 1141 925 1162 el

132 1182 190 1215 ejus
203 1182 318 1216 segnitie
332 1186 416 1208 totum
436 1181 582 1215 prodiisse:
599 1188 657 1207 cum
674 1180 834 1214 prodidisset
854 1187 926 1211 eum,

134 1232 160 1254 et
174 1226 293 1254 furorem
316 1234 392 1254 suum
410 1227 442 1254 ad
459 1226 536 1253 ﬁnem
557 1226 727 1258 deduxisset,
744 1225 857 1260 Profecit
880 1225 925 1251 tri-

134 1273 203 1307 ginta
218 1277 350 1306 argenteos
363 1272 469 1304 dicens,
486 1271 592 1298 Peccavi
605 1271 705 1297 tradens
724 1271 871 1305 sanguinem
886 1270 928 1302 iu-

134 1322 199 1355 stum
214 1317 322 1352 (Matth.
338 1318 382 1343 27.
397 1318 440 1352 3).
455 1318 539 1344 Antea
558 1317 664 1343 dicebas
674 1337 681 1348 ,
697 1315 763 1349 Quid
778 1315 851 1341 vultis
866 1315 929 1341 mihi

134 1364 213 1394 dare,
231 1369 254 1390 et
276 1372 321 1398 ego
343 1364 410 1390 vobis
429 1364 526 1389 tradam
541 1363 618 1390 eum?
630 1362 696 1391 Cum
716 1366 927 1388 consummatum

136 1409 183 1435 tuit
195 1414 419 1445 peccattun,tttttc
430 1412 570 1442 peccatum
579 1408 693 1445 agnovit.
708 1407 774 1434 Ilinc
788 1406 929 1434 ediscimus

141 1465 189 1484 nos
202 1465 263 1484 cum
278 1459 395 1491 segniter
409 1458 519 1491 agimus,
532 1463 616 1490 neque
630 1454 735 1482 hortatu
746 1460 832 1487 neque
842 1452 929 1479 moni-

140 1505 173 1531 tis
186 1504 276 1538 juvari
289 1512 296 1536 ;
311 1512 370 1530 cum
387 1510 448 1530 vero
470 1502 619 1536 diligenter,
633 1509 647 1527 a
670 1499 745 1527 nobis
767 1499 830 1534 ipsis
853 1505 930 1533 posse

137 1557 291 1584 resurgere.
307 1548 405 1575 Tecum
422 1548 491 1575 enim
506 1551 597 1581 reputa
612 1554 672 1574 eum
683 1566 689 1577 ,
703 1553 762 1572 cum
781 1544 931 1571 hortaretur

137 1595 268 1621 Dominus
279 1615 285 1625 ,
300 1599 324 1621 et
342 1601 355 1620 a
377 1601 456 1627 pravo
476 1593 592 1619 facinore
609 1592 771 1623 deterreret,
788 1599 839 1617 non
857 1590 932 1616 audi-

136 1641 209 1667 visse
222 1647 274 1666 nec
288 1639 460 1666 admonitioni
481 1638 698 1672 obtemperasse;
712 1645 771 1663 cum
788 1643 851 1663 vero
871 1635 931 1662 nul-

138 1686 180 1712 lus
193 1685 353 1712 admoneret
364 1704 371 1715 ,
385 1691 416 1710 ex
433 1683 537 1718 propria
557 1682 718 1710 conscientia
734 1681 890 1712 surrexisse,
905 1684 932 1706 et

138 1731 248 1757 nemine
271 1730 383 1756 docente
403 1734 529 1756 mutatum
544 1735 604 1756 esse
616 1749 623 1760 ,
640 1732 823 1761 trecentosque
837 1733 932 1760 argen-

138 1782 197 1803 teos
213 1776 368 1810 projccisse.
382 1775 583 1807 Constituerunt,
600 1774 699 1809 inquit,
715 1774 753 1800 illi
769 1773 873 1808 triginta
890 1781 932 1798 ar-

138 1827 241 1858 genteos
259 1821 364 1857 (Matth.
379 1821 423 1847 26.
443 1820 496 1855 l5).
510 1820 627 1847 Pretium
645 1819 780 1854 sanguinis
801 1818 932 1852 deposue-

140 1873 203 1895 runt
217 1868 291 1894 nullo
301 1867 385 1901 pretio
396 1865 614 1893 :estimandi.Cur
622 1865 719 1899 accipis
728 1863 832 1898 triginta
839 1870 932 1897 argen-

141 1919 210 1945 teos,
218 1922 235 1939 (ι
244 1913 312 1940 Juda
320 1913 332 1939 ?
341 1912 428 1940 Gratis
439 1913 511 1938 venit
519 1910 637 1938 Christus
650 1918 698 1945 pro
707 1910 771 1937 orbe
780 1910 933 1943 sanguinem

139 1959 284 1990 etl‘usurns,
293 1967 340 1993 pro
348 1962 434 1992 quotu
445 1965 513 1984 nunc
525 1962 599 1991 pacta
606 1957 709 1984 statuis.
718 1956 785 1989 Quid
796 1955 935 1990 impuden-

141 2005 194 2031 tius
205 2004 256 2030 hac
264 2002 450 2030 conventione?
462 2003 519 2037 quis
530 1995 604 2034 vi’dit,
615 2001 674 2036 quis
682 2000 782 2028 audivit
794 1999 935 2034 umquam?

179 2051 205 2077 4.
227 2050 282 2077 Sed
297 2054 324 2076 ut
344 2049 476 2076 discamus
489 2049 558 2083 quod
573 2049 607 2075 sit
619 2047 760 2074 discrimen
773 2046 934 2081 proditorem

141 2097 214 2123 inter
226 2101 255 2122 et
269 2095 422 2129 discipulos,
438 2094 577 2121 audiamus
592 2102 598 2119 :
614 2093 702 2119 omnia
715 2092 812 2126 quippe
825 2091 936 2126 diligen-

141 2147 185 2169 ter
200 2142 278 2168 nobis
291 2145 399 2168 enarrat
413 2140 584 2174 evangelista.
599 2139 666 2166 Cum
689 2139 746 2165 lucc
764 2138 873 2169 ﬁerent,
896 2137 936 2164 in-

141 2188 219 2222 quit;
236 2194 298 2213 cum
313 2185 427 2220 proditio
445 2185 619 2220 procederet,
636 2191 696 2211 cum
719 2183 799 2210 Iudas
821 2183 936 2217 seipsum

143 2232 272 2267 perdidit,
289 2239 349 2258 cum
365 2231 451 2265 iniqua
471 2231 515 2257 illa
527 2234 601 2264 pacta
617 2229 692 2260 fecit,
713 2236 772 2255 cum
788 2231 936 2262 quazrerct,

145 2279 242 2313 inquit,
255 2277 492 2312 opportunitatem,
506 2281 535 2302 ut
547 2283 606 2303 eum
621 2275 737 2302 traderet
749 2283 756 2301 :
770 2275 840 2301 Tum:
856 2282 938 2300 acces-

141 2330 229 2352 serunt
244 2324 365 2357 discipuli
379 2324 433 2358 ejus
447 2323 573 2349 dicentes:
585 2321 632 2348 Ubi
641 2321 678 2348 vis
691 2329 806 2356 paremus
816 2320 859 2346 tibi
868 2327 938 2346 com-

143 2371 217 2397 edere
248 2369 351 2396 Pascha
372 2370 380 2404 (
396 2368 487 2395 Matth.
504 2368 549 2394 26.
578 2367 640 2401 l7)?
659 2366 754 2394 Vidisti
775 2365 938 2400 discipulos,

143 2415 234 2442 vidisti
249 2414 429 2448 discipulum?
444 2413 491 2440 Ille
508 2412 683 2447 proditionem
695 2432 701 2444 ,
717 2411 743 2437 hi
763 2409 938 2437 ministerium

145 2461 278 2488 curabant
292 2470 298 2487 :
315 2460 358 2487 ille
373 2464 446 2494 pacta
462 2459 543 2486 inibat
553 2463 580 2486 et
593 2457 720 2484 Dominici
733 2456 867 2491 sanguinis
880 2462 939 2490 pre-

147 2507 210 2533 tium
225 2506 348 2540 accipere
361 2505 511 2540 satagebat,
525 2504 552 2531 hi
574 2504 607 2530 ad
621 2503 775 2530 famulatum
790 2509 819 2528 se
838 2508 940 2535 przepa-

147 2556 217 2578 rant.
230 2551 264 2578 Et.
274 2550 319 2577 hic
332 2555 359 2577 et
374 2550 409 2576 illi
422 2549 515 2576 iisdem
530 2548 663 2575 miraculis
677 2547 836 2578 claruerant,
847 2545 939 2573 eadem

148 2596 269 2623 doctrina
286 2596 379 2622 imbuti
394 2600 469 2622 erant
484 2603 489 2625 :
505 2594 636 2621 undeuam
652 2601 715 2627 ergo
727 2591 889 2619 discrimen?
904 2591 940 2617 Ex

148 2643 294 2670 voluntate.
311 2642 374 2669 Hmc
395 2646 422 2668 et
441 2641 570 2667 malorum
590 2644 618 2666 et
638 2639 767 2666 bonorum
789 2644 867 2664 causa
890 2641 941 2663 est.

149 2689 265 2724 Vespera
292 2688 337 2715 illa
361 2692 420 2714 erat
437 2695 496 2714 cum
511 2685 630 2720 discipuli
656 2685 713 2711 hac
734 2684 862 2711 dicerent.
875 2682 942 2715 Quid

152 2734 217 2761 illud
232 2738 281 2765 est,
299 2732 348 2760 Ubi
359 2733 395 2759 vis
409 2740 526 2767 paremus
539 2731 581 2757 tibi
593 2730 719 2757 comedere
733 2729 833 2755 Pascha
845 2728 857 2755 ?
877 2727 944 2754 Iliue

152 2780 297 2807 ediscimus
309 2787 363 2806 non
378 2783 476 2805 statum
486 2777 646 2805 domicilium
662 2776 784 2803 habuisse
796 2774 942 2802 Christum.

152 2826 268 2853 Audiam
300 2825 346 2860 qui
373 2824 525 2858 splendidas
545 2827 699 2850 construant
723 2821 826 2852 domos,
840 2819 943 2854 ampla-

149 2879 201 2907 que
226 2876 302 2907 septa
315 2891 323 2905 ,
338 2870 409 2906 quod
425 2869 512 2898 Filius
524 2868 637 2897 hominis
652 2876 704 2895 non
726 2867 821 2895 haheat
834 2865 879 2893 ubi
894 2872 938 2892 ca-

652 157 694 185 DE
715 156 918 185 PRODI'I'IONE
937 156 1045 185 JUDE.
1067 156 1182 185 IIOMIL.
1205 158 1236 185 II.

1713 160 1765 188 588

979 215 1024 245 put
1051 219 1128 240 suum
1153 211 1284 239 reclinet:
1302 212 1360 240 ideo
1375 214 1466 241 dicunt
1487 215 1511 242 ei
1534 215 1655 250 discipuli
1682 225 1688 243 :
1717 217 1765 244 Ubi

976 258 1012 284 vis
1037 266 1152 292 paramus
1178 258 1221 284 tibi
1246 259 1373 286 comedere
1400 259 1521 287 Pascha?
1545 261 1620 294 Quod
1644 261 1765 289 Pascha?

976 303 1134 337 Judaicutn,
1163 304 1232 339 quod
1260 305 1284 330 in
1309 304 1423 340 Egypto
1454 306 1556 333 initiunt
1585 313 1734 342 sutnpserat
1757 317 1763 334 :

976 356 1037 375 nam
1060 349 1114 376 illic
1138 349 1213 377 initio
1237 350 1405 377 celebrarunt
1428 350 1602 387 illud.Ecqua
1627 353 1661 379 de
1685 361 1764 381 causa

976 394 1040 421 illud
1050 394 1169 422 Christus
1182 395 1317 422 celebrat?
1332 395 1364 423 Ut
1378 397 1465 423 omnia
1480 397 1570 432 legalia
1585 399 1712 433 implevit,
1727 401 1766 426 sic

976 443 1004 465 et
1024 439 1104 466 istud.
1118 440 1178 467 Ideo
1192 440 1286 468 Joanui
1305 441 1409 468 dicebat
1424 450 1430 468 :
1447 441 1492 469 Sic
1513 451 1558 469 nos
1572 443 1641 470 decet
1661 444 1766 475 implere

976 492 1074 511 onmem
1084 486 1210 519 justitiam
1223 486 1231 522 (
1246 485 1338 513 Matth.
1351 487 1377 515 5.
1393 487 1426 515 l5
1436 487 1457 522 ).
1471 488 1527 515 Non
1543 494 1661 516 nostrum
1676 490 1763 525 igitur,

976 530 1024 556 sed
1038 530 1175 558 Iudaicum
1191 532 1292 559 Pascha
1307 541 1401 568 parare
1415 534 1538 561 volebant
1552 535 1681 569 discipuli.
1698 536 1764 563 Nam

977 575 1039 602 illud
1054 576 1174 610 discipuli
1198 583 1341 612 pararunt,
1357 586 1478 606 nostrum
1502 588 1565 607 vero
1585 581 1685 608 Pascha
1708 583 1765 617 ipse

977 623 1143 656 prteparavit,
1159 623 1212 650 imo
1227 624 1283 658 ipse
1296 625 1396 652 Pascha
1412 633 1458 660 per
1472 627 1650 653 venerandam
1666 628 1766 662 passio-

977 675 1038 694 nem
1051 675 1125 695 suam
1139 669 1247 696 ell‘ectus
1261 675 1311 697 est.
1326 671 1379 697 Cur
1397 679 1460 706 ergo
1474 672 1506 698 ad
1521 673 1670 707 passionem
1685 681 1764 701 acce-

977 712 1036 739 dit?
1052 712 1085 740 Ut
1098 721 1146 741 nos
1160 714 1300 742 redimeret
1315 723 1330 742 a
1344 716 1485 743 maledicto
1500 717 1574 752 legis.
1588 718 1765 751 Quamobrem

978 758 1074 786 Paulus
1084 759 1213 787 clamabat
1226 769 1232 786 :
1249 760 1320 787 Misit
1339 761 1407 788 Deus
1420 762 1516 788 Filium
1531 771 1614 795 suum,
1629 765 1724 799 factum
1737 772 1767 791 ea:

977 804 1091 836 muliere,
1106 806 1201 839 factum
1213 806 1259 832 sub
1274 806 1336 840 lege,
1353 812 1380 833 ut
1393 815 1434 834 eos
1447 808 1489 842 qui
1503 808 1548 834 sub
1567 809 1619 842 lege
1636 814 1707 835 erant
1725 817 1765 835 re-

978 849 1081 876 dimeret
1094 849 1191 885 (Galat.
1205 851 1231 878 4.
1246 852 1271 878 4.
1287 852 1324 885 5).
1340 851 1377 879 Ne
1388 852 1446 886 quis
1459 861 1522 887 ergo
1534 853 1644 886 diceret,
1660 854 1720 881 ideo
1734 854 1766 880 il-

978 894 1030 921 lant
1044 895 1185 929 abrogasse
1198 916 1205 928 ,
1221 897 1281 931 quia
1297 897 1370 924 illam
1389 898 1498 931 implere
1518 905 1570 924 non
1587 903 1708 932 poterat,
1726 903 1767 925 ut-

979 945 1040 975 pote
1054 948 1172 975 gravem,
1189 948 1328 969 onerosam
1342 947 1369 970 et
1382 942 1533 974 difﬁcilem;
1549 943 1608 970 ideo
1621 951 1680 970 cttm
1695 944 1766 970 illam

979 990 1059 1013 totam
1084 987 1263 1021 itnplevisset,
1281 992 1342 1015 tunc
1363 988 1445 1022 ipsam
1460 988 1547 1015 solvit.
1564 989 1663 1016 Idcirco
1678 993 1704 1016 et
1719 989 1767 1016 Pa-

979 1032 1041 1058 scha
1057 1032 1119 1059 fecit
1133 1042 1139 1059 :
1155 1033 1218 1068 legis
1232 1034 1301 1061 enim
1326 1035 1478 1061 mandatum
1502 1035 1565 1069 ipsis
1582 1039 1640 1062 erat
1659 1035 1767 1062 Pascha:

979 1079 1143 1105 solemnitas.
1153 1079 1230 1106 Audi.
1242 1079 1337 1114 Ingrati
1349 1088 1410 1114 erga
1424 1080 1571 1108 beneﬁcum
1583 1086 1659 1108 erant
1671 1080 1765 1112 Judaei,

979 1124 1123 1158 statimque
1142 1125 1252 1152 beneﬁci
1266 1125 1497 1153 obliviscehanlur.
1514 1126 1594 1161 quue
1609 1131 1636 1153 ut
1646 1131 1768 1154 accurate

980 1169 1066 1196 discas
1080 1178 1087 1195 :
1104 1170 1203 1204 egressi
1219 1175 1281 1196 sunt
1294 1178 1326 1197 ex
1333 1169 1674 1205 1Egypto,marcltuhrum
1685 1175 1772 1198 trans-

978 1215 1085 1248 ierunt,
1103 1216 1192 1251 ipsum
1217 1215 1339 1242 viderunt
1365 1215 1476 1241 scissum
1489 1234 1496 1246 ,
1517 1221 1660 1248 rursusque
1681 1214 1769 1241 coale-

980 1267 1057 1287 scens
1079 1270 1084 1286 ε
1103 1268 1152 1287 nec
1177 1260 1259 1287 multo
1278 1261 1368 1295 elapso
1391 1265 1510 1294 tempore
1534 1259 1624 1286 dicunt
1647 1259 1767 1286 Aaroni:

981 1307 1035 1333 Fac
1049 1307 1119 1334 nobis
1134 1307 1204 1339 deos,
1220 1307 1261 1341 qui
1276 1307 1418 1341 praecedant
1430 1314 1475 1333 nos
1488 1306 1585 1340 (Exod.
1599 1305 1689 1337 52.1).
1701 1305 1769 1337 Quid

980 1352 1058 1383 dicis.
1078 1353 1179 1388 ingrate
1196 1352 1311 1379 Judtee?
1327 1357 1363 1378 tot
1377 1352 1470 1378 taliave
1485 1351 1609 1378 miracula
1626 1350 1728 1381 vidisti,
1744 1354 1771 1377 et

980 1399 1077 1426 ob'itns
1088 1406 1117 1426 es
1131 1399 1188 1431 Dei,
1197 1399 1242 1434 qui
1253 1403 1280 1426 te
1291 1399 1382 1431 nutrit,
1393 1406 1479 1432 neque
1490 1397 1601 1425 beneﬁci
1611 1397 1770 1424 mentionem

983 1444 1067 1471 facis?
1080 1443 1145 1477 Quia
1161 1444 1241 1479 igitur
1256 1443 1480 1471 obliviscebantur
1492 1442 1679 1469 beneﬁciorum
1694 1441 1752 1475 ejus
1762 1460 1771 1473 ,

982 1489 1152 1517 festivitatum
1164 1494 1320 1524 argumento
1328 1489 1397 1516 Deus
1405 1489 1534 1515 donorum
1543 1486 1773 1514 commemoratio.

983 1543 1043 1562 nem
1058 1535 1208 1567 adstrinxit,
1220 1540 1248 1561 ut
1263 1535 1344 1562 velint
1358 1534 1441 1560 nolint
1455 1537 1605 1560 manentem
1617 1532 1773 1559 memoriam

984 1582 1106 1609 habeant.
1124 1582 1157 1608 Et
1172 1582 1208 1608 illi
1222 1581 1327 1616 quidem
1348 1581 1386 1608 sic
1403 1590 1408 1606 :
1425 1579 1525 1615 quare?
1543 1579 1575 1606 Ut
1588 1587 1645 1605 cum
1664 1579 1773 1605 interro-

983 1629 1078 1663 gaverit
1093 1633 1115 1654 te
1128 1628 1198 1661 [ilius
1212 1631 1268 1653 tuas
1279 1647 1286 1658 ,
1298 1626 1365 1660 Quid
1380 1632 1422 1653 est
1443 1626 1510 1652 hoc?
1525 1625 1596 1652 dicas
1610 1633 1616 1650 :
1633 1623 1699 1657 Quia
1713 1624 1773 1658 agni

984 1674 1062 1708 hujus
1081 1673 1207 1708 sanguine
1225 1673 1363 1707 januarum
1382 1672 1470 1698 limina
1487 1674 1632 1701 unxerunt,
1648 1675 1775 1696 mortem-

984 1727 1036 1754 que
1068 1719 1233 1754 elTugerunt,
1261 1726 1339 1752 quam
1364 1722 1481 1744 vastator
1509 1716 1618 1751 angelus
1643 1715 1775 1750 [Egyptiis

985 1765 1108 1793 omnibus
1129 1764 1218 1790 intulit
1237 1771 1244 1789 :
1268 1767 1428 1797 propterque
1450 1762 1520 1789 hunc
1545 1761 1698 1795 sanguinem
1723 1767 1775 1786 non

985 1811 1070 1847 potuit
1090 1811 1191 1837 irruere
1205 1814 1232 1837 et
1251 1810 1353 1844 plagam
1377 1808 1505 1843 inﬂigere.
1520 1807 1558 1834 Illi
1581 1807 1669 1840 itaque
1684 1805 1756 1832 inviti
1768 1825 1775 1837 ,

986 1857 1030 1883 hic
1052 1864 1117 1883 vero
1136 1856 1230 1882 lubens
1252 1854 1373 1882 Christus
1397 1854 1557 1880 immolatur.
1574 1852 1684 1886 Quare?
1710 1851 1777 1884 Quia

987 1902 1050 1929 illud
1063 1907 1118 1929 erat
1127 1901 1208 1936 ﬁgura
1220 1900 1364 1935 spiritualis
1371 1899 1517 1926 Paschatis.
1530 1897 1562 1925 Ut
1574 1898 1599 1925 id
1609 1905 1670 1924 vero
1679 1897 1776 1927 discas,

987 1948 1047 1975 vide
1057 1952 1154 1983 quanta
1163 1947 1198 1974 sit
1212 1946 1436 1980 afﬁnitas.Agnus
1450 1949 1583 1978 etagnus;
1598 1942 1644 1969 sed
1656 1942 1699 1968 ille
1713 1942 1779 1968 irra-

989 1994 1103 2026 tionalis,
1119 1994 1161 2020 hic
1172 1993 1309 2022 rationalis
1321 2001 1328 2018 :
1343 1992 1399 2018 ovis
1412 1996 1438 2018 et
1451 1991 1517 2021 ovis,
1528 1989 1619 2016 utnhra
1629 1993 1656 2015 et
1665 1988 1777 2019 veritas;

988 2040 1035 2068 sed
1049 2040 1167 2075 apparuit
1183 2039 1228 2066 Sol
1240 2038 1348 2073 justitia:
1358 2058 1365 2071 ,
1379 2043 1406 2064 et
1419 2037 1512 2063 umbra
1525 2035 1637 2062 cessavit
1652 2043 1659 2060 :
1674 2034 1779 2060 lucente

989 2094 1103 2121 namque
1122 2086 1194 2118 sole,
1210 2085 1313 2119 fugatur
1335 2084 1438 2110 umbra.
1454 2082 1569 2116 Ideoque
1595 2088 1679 2115 agnus
1699 2080 1786 2106 etiam.

990 2133 1016 2160 in
1041 2139 1132 2161 mensa
1158 2132 1319 2167 mystica,ut
1333 2130 1460 2164 sanguine
1481 2128 1550 2155 illius
1571 2126 1779 2155 sanctiﬁeetnur.

990 2179 1167 2212 Quamobrem
1180 2177 1323 2204 accedente
1338 2175 1409 2206 sole,
1426 2175 1532 2201 lucerna
1552 2181 1604 2200 non
1618 2173 1686 2199 ultra
1701 2179 1781 2205 appa-

991 2229 1048 2252 reat
1060 2234 1065 2250 :
1078 2231 1138 2251 nam
1149 2231 1207 2257 qutr
1217 2227 1272 2248 tum
1288 2222 1354 2253 facta
1365 2225 1427 2249 sunt
1436 2220 1525 2254 ﬁguras
1536 2222 1612 2246 erant
1622 2219 1779 2244 futurorum.

1029 2270 1055 2297 5.
1069 2270 1161 2297 Contra
1172 2267 1286 2295 Iudaeos.
1307 2267 1368 2293 Vide
1382 2267 1408 2292 in
1424 2266 1542 2292 Homiliis
1564 2269 1652 2291 contra
1670 2263 1780 2294 eosdem,

994 2315 1025 2341 Τ.
1041 2315 1115 2341 1.-
1138 2314 1200 2340 “(EC
1223 2312 1323 2340 Judacis
1345 2312 1422 2344 dico,
1447 2319 1479 2338 ne
1501 2310 1603 2344 seipsos
1618 2309 1780 2342 decipientes

993 2365 1085 2396 putent
1105 2368 1134 2388 se
1149 2359 1248 2386 Pascha
1264 2359 1400 2385 celebrare
1414 2366 1421 2390 ;
1436 2357 1497 2391 quia
1511 2355 1657 2390 impudenti
1671 2354 1782 2381 consilio

993 2415 1084 2442 azyma
1098 2407 1219 2440 accipere
1235 2408 1394 2439 praevertunt
1404 2424 1411 2436 ,
1427 2407 1452 2429 et
1467 2402 1562 2429 festum
1578 2401 1724 2435 objiciunt,
1738 2399 1783 2433 qui

995 2459 1100 2486 semper
1122 2450 1297 2478 incircumcisi
1313 2453 1375 2476 sunt
1388 2448 1467 2475 corde
1477 2468 1484 2480 ,
1500 2451 1526 2474 et
1540 2446 1647 2473 auribus
1668 2445 1783 2480 graviter

993 2499 1111 2526 audiunt.
1122 2496 1271 2531 Quomodo,
1283 2503 1382 2530 quzeso,
1399 2494 1498 2521 Pascha
1511 2493 1639 2524 celebras,
1652 2499 1667 2517 o
1676 2490 1783 2518 Judate?

995 2544 1133 2577 Templum
1148 2542 1205 2568 solo
1220 2546 1350 2575 aequatum
1366 2544 1416 2572 est,
1431 2539 1514 2565 altare
1527 2538 1659 2564 sublatunt
1671 2558 1678 2569 ,
1692 2540 1782 2563 saneta

995 2594 1144 2616 sanctorum
1169 2587 1337 2617 conculcata,
1362 2592 1442 2611 omne
1464 2583 1622 2610 sacrilicium
1647 2581 1781 2609 solututn:

995 2643 1043 2662 cur
1057 2642 1120 2669 ergo
1137 2632 1301 2668 prmvaricari
1315 2631 1415 2658 audes?
1430 2630 1524 2657 Abiisti
1540 2628 1680 2664 aliquando
1696 2627 1783 2662 Baby-

996 2681 1084 2707 lonem
1095 2700 1102 2710 ,
1119 2679 1214 2706 audisti
1229 2685 1275 2705 eos
1290 2678 1334 2711 qui
1351 2678 1471 2711 captivos
1485 2675 1616 2702 duxerant
1631 2682 1677 2700 vos
1691 2673 1783 2700 dicen-

996 2730 1053 2759 tes,
1075 2725 1180 2751 Cantate
1194 2724 1263 2751 nobis
1285 2723 1408 2749 canticum
1431 2721 1533 2748 Domini
1554 2719 1648 2755 (Psat.
1662 2718 1722 2745 156.
1737 2719 1783 2751 5),

995 2776 1023 2799 et
1046 2779 1097 2798 non
1123 2770 1214 2797 tulisti.
1241 2769 1275 2796 Et
1298 2777 1345 2796 cur
1369 2772 1443 2795 extra
1466 2766 1659 2800 Jerosolymam
1682 2763 1784 2791 Pascha

995 2817 1131 2847 celebras.
1154 2816 1198 2850 qui
1217 2815 1317 2848 dixisti,
1340 2813 1470 2848 Quomodo
1489 2811 1644 2839 cantabimus
1658 2809 1782 2836 canticum

998 2863 1101 2892 Domini
1116 2863 1141 2891 in
1155 2867 1220 2889 terra
1234 2862 1315 2889 aliena
1329 2860 1409 2895 (Ibid.
1424 2867 1447 2886 υ.
1460 2859 1475 2886 5
1485 2859 1513 2894 )?
1528 2859 1559 2886 Et
1572 2857 1629 2885 ltmc
1643 2856 1780 2884 declarans
