1978 3131
214 139 268 167 389

214 197 306 225 beatus
320 196 400 223 David
418 195 522 223 dicebat
537 205 543 222 :
559 195 642 230 Super
661 197 753 230 ﬂumen
772 195 926 231 Babylonis,
954 196 1006 222 illic

212 242 323 269 sedimus
336 247 359 268 et
380 242 495 275 ﬂeuimus
510 250 518 268 :
531 242 556 268 in
569 242 687 268 salicibus
699 243 725 267 in
739 241 820 268 media
835 243 889 277 ejus
902 249 1006 276 suspen-

214 289 297 315 dintus
307 297 402 324 organa
413 293 499 315 nostra
508 287 675 323 (Psal.156.l
683 288 730 323 .2);
744 288 768 315 id
782 293 832 320 est,
842 289 1004 323 psalterium,

213 335 349 371 cytharam
360 355 368 366 .
392 335 475 371 lyram
491 343 497 361 :
516 335 557 362 his
571 336 642 362 enim
664 335 728 362 olim
751 335 908 367 utebantur,
924 339 951 362 et
965 335 1005 361 his

213 381 331 415 psalmos
344 381 485 407 canebant.
502 380 561 407 Illic
576 381 660 413 enim,
675 381 776 415 inquit,
791 381 1005 415 interrogaverunt

212 435 269 458 nos.
284 427 326 462 qui
339 427 451 462 captiuos
466 428 593 454 duxerunt
607 436 662 459 nos,
679 427 752 454 verba
764 427 909 454 cantionum
924 427 1002 462 (Ibid.

211 481 235 500 ιι.
251 473 295 509 5).
320 473 355 500 Ει
375 473 491 500 diximus
514 483 518 499 :
544 474 675 506 Quomodo
699 474 855 500 cantabimus
878 475 1004 501 canticum

213 519 317 546 Domini
329 521 355 547 in
370 525 437 546 terra
448 521 551 547 aliena?
564 520 640 554 Quid,
656 528 757 554 quaeso,
771 520 857 547 dicis?
871 520 1002 547 canticum

214 566 318 592 Domini
335 574 387 593 non
408 571 502 593 cantas
521 567 546 593 in
568 571 638 594 terra
654 567 755 597 aliena,
777 570 805 592 et
819 566 916 593 Pascha
932 566 1002 593 cele-

211 611 273 638 hras
288 611 314 638 in
335 617 404 638 terra
419 612 521 639 aliena?
534 611 625 638 Viden‘
639 611 820 646 stupiditatem
831 611 1003 638 inda-orum?

211 656 277 683 Cum
291 656 403 684 aderant
418 657 517 684 inimici
532 658 576 692 qui
596 661 739 691 cogerent,
756 664 789 683 ue
803 656 931 691 psalmum
945 657 1002 691 qui-

211 703 272 730 dem
295 704 407 731 recitare
422 703 546 731 volebant
567 704 592 730 in
614 708 686 730 terra
706 703 791 730 aliena
806 713 812 729 :
826 709 852 730 et
872 711 941 730 nunc
955 711 1001 730 sua

210 753 321 783 sponte,
337 750 441 776 nemine
454 754 566 784 cogente
577 769 584 781 ,
603 749 702 776 bellum
718 748 834 775 inferttut
849 749 911 776 Deo.
932 749 1001 782 Qua-

211 799 319 829 propter
343 794 436 821 hcatus
455 795 606 829 Stephanus
625 795 731 822 dicebat
750 795 822 821 illis:
843 794 892 821 Vos
906 803 1002 830 semper

211 839 323 875 Spiritui
340 846 428 867 sancto
446 841 560 867 resistitis
572 841 640 875 (Act.
653 841 678 866 7.
691 839 747 875 5i).
763 840 842 867 Vides
856 848 934 875 quant
949 841 1000 867 im—

211 893 275 919 pura
291 886 342 912 sint
360 894 451 921 azyma
462 907 469 918 ,
493 894 572 920 quain
588 886 704 921 ittiquum
718 885 869 913 Judteorum
885 885 1001 912 festum?

188 955 192 958 .
210 930 275 958 Erat
289 932 351 958 olim
367 932 468 959 Pascha
483 932 630 965 Judaicttm,
651 933 696 959 sed
711 933 826 959 solutum
843 936 893 959 est.
914 932 999 964 Tunc,

209 977 307 1012 inquit,
322 978 406 1010 lctus,
422 978 630 1004 manducantibus
644 978 696 1004 illis
709 982 735 1005 et
749 977 899 1005 bibentibus
910 999 917 1010 ,
932 978 999 1004 acci-

208 1025 279 1060 piens
294 1033 384 1059 panem
407 1025 434 1052 in
449 1029 555 1052 sanctas
575 1029 602 1051 ct
619 1025 792 1051 intemeratas
814 1031 908 1050 tuanus
926 1031 998 1056 suas,

207 1072 303 1107 gratias
316 1080 392 1106 agens
407 1072 481 1106 fregit
492 1092 498 1103 ,
515 1071 626 1106 discitque
647 1071 778 1105 discipulis
800 1070 850 1097 suis
866 1078 874 1096 :
890 1070 1000 1104 Accipite

208 1122 230 1144 et
246 1117 395 1143 manducate
409 1125 417 1143 :
430 1117 477 1142 ltoc
492 1121 527 1142 est
543 1124 632 1150 corpus
648 1123 729 1141 meum
749 1114 859 1149 (Matth.
873 1114 918 1141 26.
933 1114 967 1141 26
978 1116 997 1149 ),

209 1163 280 1197 quod
297 1170 344 1196 pro
364 1163 439 1189 vobis
460 1167 487 1189 ct
507 1162 596 1188 multis
619 1161 746 1196 frangitur
768 1161 794 1187 iu
816 1160 997 1187 remissionem

206 1213 388 1244 peccatorum.
413 1208 445 1234 Et
467 1208 569 1234 calicem
593 1215 697 1234 rursum
720 1207 863 1241 accipiens,
879 1206 947 1232 dedit
964 1207 999 1233 eis

206 1255 292 1282 dicens
307 1263 315 1282 :
331 1255 380 1281 llic
396 1260 430 1282 est
444 1255 547 1289 sanguis
567 1262 635 1280 meus
656 1254 698 1288 qni
713 1262 759 1288 pro
779 1253 847 1280 vobis
860 1252 999 1286 effunditur

205 1302 232 1327 in
242 1301 412 1328 remissionem
427 1305 585 1335 peccatorum
597 1299 676 1335 (Ibid.
687 1307 710 1326 υ.
720 1299 765 1325 27.
774 1298 831 1334 28).
847 1299 998 1332 Aderatque

204 1347 305 1380 Iudas,
328 1355 388 1374 cum
404 1347 460 1374 haec
480 1347 580 1375 diceret
596 1347 733 1373 Dominus.
755 1346 803 1373 llic
823 1351 863 1373 est
878 1346 996 1380 sanguis,

205 1401 223 1420 0
236 1393 304 1420 .luda
315 1414 322 1425 ,
345 1401 423 1428 quem
438 1392 579 1420 vendidisti
603 1393 708 1427 triginta
728 1392 860 1426 argenteis
877 1399 883 1417 :
899 1391 942 1418 hic
956 1397 997 1419 est

204 1440 325 1475 sanguis,
341 1447 389 1474 pro
406 1447 458 1473 quo
471 1447 556 1473 nuper
569 1439 736 1473 impudentia
749 1443 821 1476 pacta
837 1442 921 1468 inibas
935 1449 995 1468 cum

204 1484 332 1519 improbis
345 1484 496 1513 Pharistcis.
509 1483 531 1513 0
545 1490 670 1520 quantum
680 1486 776 1512 Christi
790 1486 992 1519 benignitatem!

204 1538 221 1558 ο
240 1531 372 1567 ingratum
392 1532 466 1559 Juda:
487 1532 623 1558 animum!
646 1532 773 1558 Dominus
795 1531 944 1564 nutriebat,
969 1535 996 1558 et

204 1586 299 1606 servus
312 1579 452 1606 vendebat.
478 1578 523 1605 llle
538 1585 651 1612 namque
666 1577 783 1604 vendidit
800 1584 861 1604 eum
880 1577 996 1610 acceptis

204 1625 311 1659 triginta
333 1624 487 1659 argenteis;
510 1622 632 1649 Christus
652 1629 715 1648 vero
739 1621 764 1648 in
786 1621 994 1655 redemptionem

204 1675 322 1697 nostram
345 1669 480 1704 proprium
505 1668 658 1703 sanguinem
684 1667 794 1699 effudit,
817 1672 844 1693 et
865 1666 993 1694 venditori

204 1716 327 1750 tradidit,
343 1715 474 1751 siquidem
489 1715 626 1743 voluisset.
643 1714 741 1742 Aderat
756 1714 826 1741 enim
839 1713 920 1740 ludas
932 1719 994 1740 ante

204 1762 391 1797 proditionem,
404 1767 429 1788 et
440 1769 523 1788 sacrae
537 1768 634 1788 mensa:
649 1761 779 1795 particeps
790 1764 856 1791 erat,
870 1759 993 1794 mystica-

204 1816 256 1843 que
270 1815 344 1835 cmua
362 1807 507 1834 fruebatur.
527 1806 755 1839 Quemadmodum
769 1806 839 1832 enim
854 1806 935 1839 pedes
949 1805 990 1831 di-

203 1853 366 1888 scipulorum
382 1853 445 1880 lavit
462 1853 599 1884 Dominus,
614 1852 653 1878 sic
665 1856 692 1878 et
703 1859 786 1878 sacrae
800 1858 900 1878 mensa:
912 1851 992 1884 parti-

203 1907 268 1933 ceps
283 1899 330 1925 fttit
340 1899 438 1930 ludas;
454 1903 482 1925 ut
494 1899 591 1925 rutilant
606 1898 715 1925 haberet
726 1897 933 1930 excusationem,
945 1897 992 1923 sed

202 1945 328 1980 judicium
344 1945 485 1978 acciperet.
509 1943 573 1970 Nam
593 1944 618 1970 in
634 1951 713 1977 prava
727 1943 856 1970 sententia
871 1950 993 1977 perseve-

203 1992 296 2023 rabat,
316 1985 343 2018 et
367 1999 509 2026 egressus.
531 1990 615 2017 osculi
638 1990 696 2016 loco
719 1989 895 2023 proditionem
920 1989 991 2020 fecit,

204 2037 345 2064 immemor
358 2036 556 2064 beneﬁciorum.
569 2038 607 2062 Ac
622 2040 681 2069 post
695 2035 870 2069 proditionem
882 2034 992 2068 projccit

203 2083 310 2118 triginta
324 2087 465 2118 argenteos
478 2082 570 2109 (licens
587 2094 593 2108 :
610 2081 714 2107 Peccavi
728 2081 830 2106 tradetis
844 2080 991 2114 sanguinem

202 2129 359 2155 innocentem
375 2127 481 2164 (Matth.
495 2127 540 2154 27.
554 2127 593 2162 '5).
608 2126 631 2153 Ο
645 2126 788 2153 czecitatem
802 2126 808 2152 l
830 2133 914 2152 creua:
929 2132 990 2159 par-

203 2173 287 2208 ticeps
309 2172 398 2205 fuisti,
419 2177 446 2199 et
467 2172 613 2199 beneﬁcum
638 2170 799 2206 prodidisti?
819 2170 855 2197 Et
865 2170 991 2197 Dominus

204 2218 311 2253 quidem
335 2218 406 2253 quod
433 2219 561 2252 scriptum
582 2222 640 2244 erat
664 2217 748 2244 libens
773 2216 898 2251 implebat
917 2225 933 2240 ἰ
948 2216 992 2243 Vw

203 2270 288 2290 autent
300 2265 339 2291 illi
352 2273 395 2298 per
407 2272 480 2299 quem
494 2263 641 2290 scandalum
656 2262 720 2289 venit
733 2261 840 2299 (Matth.
853 2266 897 2295 18.
910 2266 937 2297 7)
948 2268 954 2294 ε

240 2311 266 2338 6.
281 2310 342 2337 lltec
355 2311 438 2343 verba,
447 2310 501 2336 lloc
512 2315 551 2336 est
562 2316 658 2344 corpus
669 2316 756 2335 meum
771 2308 898 2342 proposita
909 2312 991 2333 trans-

204 2359 325 2392 formata.
349 2356 426 2383 Pacis
449 2356 560 2382 studium
577 2354 744 2382 necessarium
758 2355 793 2380 ad
812 2353 859 2380 rite
879 2361 990 2380 conrotu-

204 2401 349 2428 nicandum.
363 2415 396 2420 —-
415 2401 465 2427 Sed
482 2406 585 2434 tempus
603 2400 709 2426 detnum
729 2404 769 2426 est
783 2398 816 2425 ad
832 2398 990 2425 horrendam

205 2448 274 2475 hanc
289 2448 507 2481 tremendamque
525 2454 643 2473 mensam
660 2445 813 2473 accedendi.
828 2444 925 2471 Omnes
944 2445 990 2478 igi-

205 2500 247 2522 tur
263 2501 323 2521 cum
340 2501 404 2528 pura
419 2493 581 2520 conscientia
595 2492 761 2519 accedamus.
785 2490 877 2517 Nullus
891 2489 934 2516 hic
945 2489 992 2516 .Iu-

204 2541 253 2567 das
266 2544 325 2567 esto
335 2539 427 2566 dolose
438 2545 519 2573 agens
532 2538 558 2565 in
572 2538 720 2572 proximum
734 2544 822 2568 suum,
836 2543 913 2562 netno
923 2535 992 2562 adsit

205 2587 361 2623 improbus,
387 2593 466 2612 nemo
489 2592 620 2612 venettum
643 2584 756 2610 occultet
779 2583 805 2609 in
828 2581 909 2609 corde
931 2588 988 2608 suo.

205 2633 288 2660 Adest
308 2636 335 2659 et
357 2638 426 2658 nunc
447 2630 568 2658 Christus
591 2637 707 2656 mensam
730 2635 865 2656 exornans
882 2637 888 2654 :
904 2635 990 2661 neque

204 2679 275 2706 ettitn
297 2678 376 2705 homo
391 2682 432 2704 est
446 2678 468 2703 is
479 2697 486 2707 ,
509 2676 553 2710 qui
569 2675 630 2702 facit
649 2679 677 2702 ut
700 2675 832 2709 proposita
853 2681 950 2707 corptts
965 2677 991 2700 et

204 2725 312 2760 sanguis
324 2724 420 2751 Christi
440 2723 596 2750 efﬁciantur.
616 2721 739 2756 Figuram
762 2725 862 2747 tantum
879 2719 990 2753 impletis

205 2777 258 2800 stat
268 2771 405 2803 sacerdos,
419 2774 446 2797 et
457 2768 676 2803 supplicationem
692 2767 768 2794 ollert
783 2775 789 2792 ε
804 2766 888 2801 gratia
904 2770 991 2792 autetu

206 2824 231 2846 et
247 2819 327 2845 virtus
342 2817 386 2844 Dei
400 2821 440 2843 est
451 2837 459 2849 ,
481 2823 540 2850 qum
555 2814 642 2841 omnia
657 2814 747 2841 efficit.
774 2812 829 2840 Hoc
847 2817 881 2839 est
901 2820 990 2847 corpus

207 2873 288 2893 meum
303 2860 696 2898 (Matth.26.26),iuquit.lloc
717 2860 825 2888 verbum
855 2861 987 2894 propesita

574 135 601 163 S.
621 135 759 164 JOANNIS
774 134 1010 164 CHRYSOSTOME
1030 135 1187 164 ARClllEP.
1208 137 1472 166 CONSTANTINOP.

1793 148 1843 175 590

1060 195 1240 224 transformat.
1257 198 1289 224 Et
1302 199 1523 232 quemadmodum
1539 209 1587 228 vox
1603 202 1644 229 illa
1655 224 1662 234 ,
1677 203 1802 236 Crescite,
1822 211 1845 234 et

1059 242 1264 277 multiplicamini
1277 249 1299 271 et
1313 245 1404 280 replete
1417 250 1508 273 terram
1524 247 1598 283 (Gen.
1616 249 1639 276 l.
1651 249 1704 284 28)
1715 271 1722 282 ,
1737 252 1844 279 verbum

1058 291 1132 319 erat,
1147 292 1174 314 ct
1195 289 1290 316 factum
1306 295 1346 317 est
1367 298 1450 325 opus,
1465 293 1535 326 quod
1559 293 1680 321 humanae
1695 301 1798 323 natura!
1814 298 1844 325 :ul

1059 331 1202 360 liberorum
1215 336 1424 368 procreationem
1435 337 1486 363 vim
1500 337 1601 365 iuderet
1613 347 1619 365 ε
1634 340 1673 368 sic
1684 345 1711 367 et
1724 341 1783 368 lure
1795 350 1845 370 \‘ﬂl

1058 379 1158 412 prolata
1181 388 1288 415 semper
1302 382 1385 414 gratia
1405 388 1482 417 auget
1497 391 1543 410 eos
1554 404 1562 416 ,
1586 385 1629 418 qui
1645 385 1725 420 digt‘c
1739 391 1841 421 parttct

1058 428 1130 456 pant.
1155 425 1248 452 Nullus
1263 426 1352 460 itaque
1372 428 1510 454 simulatus
1523 429 1576 462 sit,
1593 430 1680 457 nullus
1696 432 1843 466 improbus,

1057 469 1144 496 nullus
1159 478 1240 504 rapax
1253 492 1260 504 ,
1278 472 1364 499 nullus
1382 473 1587 501 contumeliosus
1600 495 1607 506 ,
1629 476 1718 503 nullus
1734 478 1843 504 fratrum

1057 522 1128 546 osor,
1144 515 1231 542 nullus
1244 523 1351 549 avarus,
1368 517 1454 545 nullus
1469 519 1599 551 ebriosus,
1617 521 1704 548 nulltts
1718 522 1843 549 ambitio-

1055 568 1118 593 sus,
1133 562 1221 589 nullus
1235 564 1411 590 masculorum
1430 566 1593 598 concubitor,
1617 567 1705 594 nullus
1727 568 1841 600 invidus,

1056 606 1144 632 nullus
1158 606 1324 634 fornicationi
1338 608 1452 641 deditus,
1467 610 1553 636 nulltts
1566 610 1617 643 fur,
1634 613 1722 640 nullus
1735 613 1842 640 insidio-

1054 659 1100 678 sus
1110 672 1116 683 ,
1134 659 1166 678 ne
1174 652 1301 686 judicium
1316 654 1365 681 sibi
1381 660 1476 682 sumat.
1492 656 1593 699 Etenim
1610 662 1672 685 tunc
1685 659 1769 686 Judas
1784 667 1841 695 my-

1054 697 1147 724 sticam
1163 706 1265 725 ρωηειηι
1282 699 1387 734 indigne
1403 697 1568 736 participavit
1579 723 1586 735 .
1602 709 1629 731 et
1641 712 1768 739 egressus
1790 706 1841 733 Do—

1054 743 1154 769 tuinunt
1168 744 1284 778 prodidit
1297 753 1302 770 :
1319 745 1442 773 utdiscas
1454 747 1480 773 in
1493 755 1539 774 eos
1551 749 1667 777 maxime
1679 755 1707 777 et
1717 751 1842 786 frequen-

1055 789 1106 815 tius
1121 789 1253 816 diabolum
1276 790 1393 824 insilire,
1408 793 1452 827 qui
1466 794 1590 828 mysteria
1612 796 1718 831 indigne
1731 799 1840 831 partici-

1054 842 1127 869 pant,
1141 844 1241 871 eosque
1256 838 1326 872 ipsos
1340 838 1365 865 itt
1380 840 1465 873 majus
1477 848 1505 867 se
1519 842 1676 876 supplicium
1695 845 1839 878 conjicere.

1054 881 1115 908 llaec
1128 882 1188 909 dico
1203 890 1254 909 non
1270 889 1298 910 ut
1320 889 1443 917 terream,
1465 886 1512 912 sed
1533 891 1561 913 ut
1572 889 1705 916 cautiores
1718 890 1838 918 reddam.

1053 928 1281 960 Quemadmodum
1296 931 1364 956 enim
1387 939 1531 966 corporeus
1543 933 1636 966 cibus,
1651 942 1712 961 cum
1733 935 1760 962 in
1773 943 1839 963 ven-

1053 979 1118 1000 trcm
1143 975 1230 1008 pravis
1251 975 1404 1003 humoribus
1426 977 1529 1011 plenum
1552 979 1692 1012 inciderit,
1716 981 1837 1008 morbum

1052 1026 1130 1055 auget
1147 1030 1152 1046 :
1170 1022 1207 1048 sic
1222 1026 1248 1049 et
1262 1023 1405 1056 spiritualis
1417 1023 1492 1050 cibus
1505 1031 1564 1050 cum
1578 1025 1684 1059 indigne
1698 1027 1837 1060 participa-

1052 1071 1108 1098 tttr,
1133 1068 1279 1102 graviorem
1296 1070 1490 1097 damnationem
1506 1072 1622 1098 attrahit.
1645 1072 1729 1100 Nemo
1747 1073 1835 1108 igitur.

1050 1111 1161 1139 Ol)>UCl‘0
1173 1134 1180 1145 ,
1197 1121 1290 1147 pravas
1306 1114 1374 1141 intus
1395 1115 1566 1149 cogitationes
1588 1116 1681 1144 habeat
1694 1139 1702 1150 ,
1726 1118 1774 1145 sed
1791 1126 1837 1146 cor

1051 1163 1169 1184 nostrum
1187 1166 1363 1194 expurgemus
1379 1169 1384 1186 :
1400 1162 1497 1188 ctenim
1512 1163 1608 1196 templa
1622 1163 1666 1190 Dei
1687 1172 1781 1190 sumus
1792 1185 1798 1196 ,
1814 1166 1835 1191 si

1051 1210 1114 1236 pure
1126 1211 1242 1238 agamus.
1266 1204 1371 1232 Castalii
1395 1207 1535 1234 reddamus
1557 1209 1671 1235 animam
1695 1215 1834 1237 nostram:

1050 1255 1110 1273 nam
1126 1248 1165 1274 vel
1189 1257 1241 1275 uno
1263 1249 1306 1276 die
1329 1251 1353 1277 id
1376 1250 1431 1278 ﬁeri
1456 1257 1552 1286 potest.
1575 1253 1714 1286 Quomodo
1735 1260 1764 1282 et
1784 1263 1835 1289 qua

1050 1294 1172 1320 ratiOue?
1185 1294 1212 1320 Si
1224 1295 1356 1329 quidpiam
1370 1295 1493 1324 habueris
1507 1303 1597 1325 contra
1612 1299 1759 1332 inimicum,
1772 1301 1835 1328 tolle

1050 1339 1132 1371 iram,
1156 1340 1228 1366 solve
1250 1340 1412 1368 inimicitiam
1423 1362 1431 1373 ,
1455 1347 1481 1369 ut
1495 1343 1624 1370 medelam
1640 1345 1806 1372 remissionis
1819 1354 1834 1373 a

1049 1392 1138 1412 mensa
1155 1386 1275 1423 recipias.
1290 1387 1330 1417 Ad
1343 1389 1500 1419 sacriﬁcium
1519 1391 1624 1421 accedis
1635 1391 1797 1422 horrendum
1810 1401 1837 1424 et

1051 1439 1170 1460 Sanctum
1188 1442 1196 1460 :
1213 1436 1362 1462 immolatus
1381 1437 1452 1471 jacet
1475 1438 1604 1465 Christus.
1628 1439 1725 1466 Verum
1750 1441 1834 1476 cogita

1048 1487 1099 1512 qua
1112 1479 1145 1506 tle
1159 1487 1237 1506 causa
1251 1482 1355 1508 occisus
1367 1487 1410 1508 Sli-
1425 1483 1447 1509 0
1463 1484 1583 1518 qualibus
1599 1486 1734 1520 mysteriis
1750 1488 1836 1521 priva-

1048 1529 1089 1550 tus
1102 1533 1131 1551 es
1142 1546 1148 1555 ,
1164 1525 1255 1553 Juda?
1273 1526 1394 1555 Christus
1415 1529 1527 1556 libenter
1551 1538 1654 1564 passus,
1678 1537 1707 1558 ut
1724 1533 1834 1559 medium

1047 1570 1165 1604 parietem
1176 1572 1292 1599 maceria:
1304 1573 1313 1607 (
1322 1573 1416 1607 Epltes.
1428 1574 1453 1600 ‘2.
1467 1574 1517 1611 Η)
1533 1576 1656 1607 solveret.
1672 1582 1700 1604 et
1712 1577 1834 1613 jungerct

1046 1615 1148 1642 inferna
1163 1618 1285 1651 supernis
1296 1639 1303 1649 ,
1321 1624 1348 1645 ιη
1361 1624 1386 1646 tc
1402 1620 1534 1646 inimicum
1549 1625 1576 1648 et
1589 1621 1691 1649 hostem
1701 1644 1709 1654 ,
1725 1624 1834 1657 angelo-

1046 1668 1105 1688 rum
1120 1667 1272 1689 consortem
1287 1663 1395 1691 facerct.
1417 1664 1451 1691 Et
1463 1665 1583 1692 Christus
1596 1666 1702 1701 quidem
1718 1668 1833 1695 animam

1045 1715 1120 1735 suam
1146 1708 1253 1736 tradidit
1278 1717 1324 1743 pro
1347 1714 1396 1741 te;
1421 1715 1447 1737 ιιι
1469 1719 1532 1738 vero
1557 1712 1720 1739 inimicitiam
1744 1721 1833 1741 servas

1045 1754 1172 1781 adversus
1182 1756 1360 1782 conservum?
1374 1755 1456 1790 Ecqui
1467 1757 1565 1790 poteris
1575 1758 1702 1785 accedere
1715 1758 1749 1785 ad
1761 1767 1834 1785 men-

1044 1806 1100 1826 sam
1117 1800 1209 1834 pacis?
1231 1801 1358 1827 Dominus
1373 1805 1432 1828 tuus
1448 1809 1499 1829 non
1521 1803 1652 1830 recusavit
1666 1804 1756 1830 omnia
1781 1805 1833 1839 pati

1046 1850 1152 1879 propter
1173 1850 1213 1877 te,
1234 1851 1260 1873 tu
1275 1854 1336 1874 vero
1356 1854 1389 1874 ne
1411 1847 1478 1874 iram
1499 1848 1606 1882 quidem
1622 1850 1762 1877 remittere
1774 1851 1832 1877 vis?

1043 1891 1096 1918 Cur
1110 1899 1200 1926 qutrso
1210 1892 1222 1918 ?
1234 1892 1337 1920 Caritas
1350 1898 1390 1919 cst
1405 1893 1489 1926 radix,
1505 1894 1562 1920 fons
1576 1899 1603 1921 ct
1616 1900 1701 1922 mater
1714 1897 1830 1923 omnium

1044 1937 1184 1964 bonorum.
1202 1937 1343 1971 Maximos,
1359 1938 1461 1973 inquies
1473 1960 1480 1971 ,
1497 1939 1561 1965 mihi
1584 1940 1720 1967 molestias
1734 1941 1829 1973 intulit,

1043 1983 1180 2010 innumera
1203 1984 1317 2016 datnna,
1344 1984 1369 2010 in
1392 1985 1452 2011 vita:
1474 1985 1615 2013 discrimen
1640 1993 1684 2013 me
1706 1987 1829 2021 conjecit.

1045 2029 1142 2064 Ecquid
1157 2029 1206 2056 hoc
1219 2029 1279 2056 est?
1292 2029 1408 2057 nondum
1422 2035 1448 2057 te
1459 2031 1529 2057 cruci
1541 2030 1634 2064 afﬁxit,
1649 2037 1678 2059 ut
1689 2032 1829 2059 Dominum

1042 2076 1135 2102 Judwi.
1152 2076 1178 2102 Si
1194 2084 1245 2102 non
1265 2076 1399 2103 remiseris
1419 2077 1540 2110 proximo
1561 2081 1605 2104 tuo
1625 2078 1762 2112 injuriam,
1783 2086 1830 2105 nec

1043 2123 1121 2149 Pater
1141 2128 1200 2149 tuus
1221 2123 1334 2150 caelestis
1357 2124 1475 2150 retuittet
1496 2123 1541 2150 tibi
1565 2129 1672 2158 peccata
1695 2129 1749 2151 tua.
1775 2125 1829 2158 Qua

1043 2168 1203 2194 conscientia
1218 2168 1300 2199 dices,
1315 2167 1392 2194 Pot/3r
1406 2173 1499 2200 noster,
1512 2168 1555 2202 qui
1569 2177 1593 2195 es
1605 2169 1631 2194 in
1645 2169 1723 2201 ctelis,
1739 2170 1830 2195 sancti-

1043 2214 1131 2247 ﬁcetur
1152 2221 1241 2239 nomen
1255 2218 1334 2245 tuum,
1357 2218 1381 2240 cl
1396 2213 1513 2239 cauere?
1532 2213 1657 2240 Similiter
1671 2213 1792 2241 Christus
1804 2219 1830 2240 t-t

1042 2261 1196 2295 sanguinem
1209 2281 1216 2293 ,
1230 2269 1309 2295 quem
1331 2261 1367 2287 illi
1382 2260 1531 2287 ell‘udcrunt
1544 2281 1550 2292 ,
1566 2261 1591 2286 iit
1607 2261 1720 2288 salutem
1743 2261 1828 2287 ell'un-

1042 2307 1160 2334 dentittm
1172 2306 1255 2334 dedit.
1275 2306 1342 2340 Quid
1363 2307 1423 2333 huic
1437 2307 1474 2332 rei
1492 2313 1539 2340 par
1552 2305 1658 2333 eflicere
1671 2307 1781 2340 potest?
1801 2307 1828 2333 Si

1043 2360 1095 2380 non
1107 2353 1239 2380 dimiseris
1250 2353 1367 2385 inimico,
1380 2359 1432 2379 non
1444 2353 1516 2378 illutn
1528 2352 1630 2384 l'JZSlSIl,
1642 2352 1689 2379 sed
1702 2353 1828 2386 teipsum:

1043 2398 1116 2424 illutn
1131 2398 1236 2432 quidem
1250 2405 1321 2433 saepe
1334 2398 1359 2424 in
1375 2398 1498 2432 prarsenti
1515 2398 1566 2424 vita
1580 2397 1671 2424 ltesisti
1683 2417 1692 2430 ,
1706 2398 1754 2425 tibi
1770 2405 1830 2424 vero

1043 2443 1213 2477 supplicium,
1236 2443 1306 2478 quod
1330 2450 1472 2477 numquam
1496 2442 1664 2475 remittetur,
1687 2444 1785 2477 parasﬁ
1806 2444 1829 2469 in

1043 2490 1160 2518 futurum
1181 2490 1253 2517 illum
1274 2489 1354 2517 diem.
1377 2489 1514 2516 Neminem
1529 2490 1599 2516 enini
1619 2489 1654 2516 ita
1671 2489 1742 2516 Deus
1756 2496 1831 2515 aver-

1043 2542 1126 2568 satur,
1141 2541 1168 2563 ut
1183 2536 1337 2570 injuriarum
1354 2543 1498 2563 memorem
1514 2535 1648 2562 hominem
1658 2556 1666 2566 ,
1682 2540 1711 2562 ut
1727 2542 1773 2562 eor
1789 2539 1831 2561 tu-

1043 2590 1128 2613 mens.
1141 2587 1167 2609 et
1181 2582 1219 2609 ira
1233 2583 1365 2608 incensam
1379 2581 1505 2607 animam.
1522 2580 1588 2607 Audi
1601 2580 1672 2606 enim
1687 2579 1750 2614 quid
1764 2580 1832 2606 dicat

1044 2628 1170 2655 Dominus
1184 2637 1190 2654 :
1203 2628 1231 2653 Si
1242 2626 1317 2660 o/fers
1331 2635 1420 2653 munus
1434 2632 1504 2652 tuum
1517 2626 1550 2651 ad
1561 2625 1651 2655 altare.
1667 2630 1690 2651 et
1702 2624 1736 2651 ibi
1750 2633 1830 2651 recor-

1044 2675 1118 2700 datus
1132 2674 1209 2707 [urris
1224 2673 1283 2706 quia
1297 2674 1375 2707 frater
1389 2676 1445 2698 tuus
1460 2671 1530 2697 habet
1544 2670 1639 2705 aliquid
1652 2671 1786 2696 adversum
1799 2675 1831 2701 te,

1043 2720 1153 2753 relinque
1176 2718 1209 2744 ibi
1233 2726 1322 2744 manus
1344 2722 1414 2743 tuum
1435 2722 1493 2743 ante
1514 2716 1611 2747 altare.
1637 2721 1659 2743 et
1681 2716 1746 2742 vade
1765 2717 1835 2749 prius

1043 2765 1203 2792 reconciliare
1228 2764 1302 2799 fratri
1327 2768 1386 2794 tuo;
1409 2767 1432 2789 et
1454 2767 1512 2789 tunc
1533 2762 1632 2789 venirns
1656 2760 1722 2794 οπεν
1745 2770 1835 2787 munus

1045 2817 1113 2838 tuum
1131 2810 1235 2846 (Manli.
1248 2809 1273 2837 5.
1288 2809 1333 2836 25.
1344 2809 1402 2842 21).
1417 2808 1484 2841 Quid
1499 2808 1586 2834 dicis?
1601 2808 1671 2834 ibitte
1686 2808 1833 2841 relinquam

1044 2867 1150 2890 munus,
1164 2865 1209 2885 seu
1223 2855 1402 2884 sacriﬁcium?
1424 2855 1518 2888 Etiam,
1534 2854 1618 2888 mqttit
1630 2863 1635 2880 τ
1649 2861 1711 2881 nam
1726 2858 1832 2890 propter
