1978 3131
117 161 161 189 591
503 163 547 190 DE
567 163 782 192 C(EMETERIO
801 163 846 191 ΕΤ
867 163 911 191 DE
931 162 1054 191 CBUCE.
1069 175 1105 180 -—
1119 160 1285 190 MONITUM.

118 223 204 251 pacem
224 222 288 242 cum
315 216 395 242 fratre
413 219 458 241 tuo
477 215 528 241 hoc
547 214 705 242 sacriﬁcium
732 213 829 241 factum
850 219 899 242 est.

115 264 139 291 Si
153 263 231 297 igitur
245 267 358 297 propter
374 268 463 296 pacem
475 268 536 288 eum
551 261 673 296 proximo
685 265 732 288 tuo
742 261 900 289 sacriﬁcium

116 308 243 338 offertur,
266 311 295 334 tu
311 314 376 334 vero
396 313 487 342 pacem
503 314 557 333 non
578 311 651 334 recte
672 313 776 341 servas,
798 307 902 335 etiamsi

114 353 232 382 sacriﬁcii
255 354 391 388 particeps
402 353 450 385 sis,
472 352 573 380 inutilis
595 352 643 380 tibi
665 352 724 381 haec
737 353 903 388 participatio

113 400 223 427 efﬁcitur
235 399 297 427 sine
312 399 400 426 studio
412 398 549 426 servanda:
563 398 646 434 pacis.
666 398 732 426 lllud
749 406 811 434 ergo
830 399 903 434 prius

114 446 197 478 facito,
211 453 308 481 pacem
323 445 422 472 scilicet
433 453 512 478 cura,
529 450 639 481 propter
651 452 730 480 quam
743 445 901 472 sacriﬁcium

114 493 229 523 offertur,
253 496 283 519 et
304 496 367 518 tunc
380 495 454 518 recte
473 491 519 518 illo
539 490 647 518 frueris.
669 491 813 525 Propterea
832 491 903 518 enim

114 539 194 567 Filius
210 537 259 565 Dei
274 537 349 565 venit
371 537 397 564 in
420 536 568 569 mundutn,
590 541 619 564 ut
642 541 762 564 naturam
785 542 902 564 nostram

113 585 147 612 Pa
160 584 181 612 ri
190 583 391 615 reconciliaret,
406 583 629 617 quemadmodum
647 583 683 610 ait
699 583 794 610 Paulus
807 591 814 610 :
827 581 903 610 Nunc

111 637 194 658 autem
203 630 379 657 reconciliavit
391 629 438 656 sibi
452 629 537 656 omnia
564 628 658 663 (Catos.
674 630 698 655 ί.
710 628 769 664 2‘2),
783 637 828 663 per
841 637 902 655 mt-

111 685 162 703 cem
173 675 332 709 interﬁciens
345 675 503 702 inimicitiam
512 675 538 701 in
548 675 680 709 semetipsa
691 674 798 710 (Ephes.
806 674 835 702 2.
846 674 902 710 16).

113 722 172 750 Ideo
181 729 234 748 non
250 721 312 756 ipse
324 722 397 748 solus
409 720 481 748 venit
500 725 529 748 ut
546 727 638 755 pacem
654 721 744 752 iniret,
757 720 803 748 sed
816 724 842 748 et
854 729 904 749 nos

113 774 214 803 quoque
228 766 326 794 beatos
341 767 479 801 prazdicat,
500 766 523 793 si
545 767 616 801 paria
638 765 782 798 faciamus,
802 773 904 800 nosque

113 819 164 840 sua:
175 812 370 847 appellatiOnis
391 817 530 840 consortes
547 811 638 839 efﬁcit.
662 811 728 840 Nam
740 811 812 838 Beati
833 812 904 846 paci-

113 858 160 891 ﬁci,
172 857 297 891 quoniam
311 857 359 891 ﬁlii
372 856 420 884 Dei
433 856 587 884 vocabuntur
600 856 707 891 (Matth.
721 857 748 884 5.
761 856 806 892 9).
828 857 904 891 Quod

113 903 198 937 itaque
211 902 340 930 Christus
353 903 436 930 Filius
450 903 497 931 Dei
513 903 584 936 fecit,
598 903 711 939 idipsum
726 908 754 931 et
767 909 793 931 tu
809 911 904 932 secun-

113 948 170 976 dum
194 949 345 975 humanam
361 948 512 976 facultatem
527 949 617 982 facito,
639 949 766 984 pacisque
779 949 906 977 concilia-

113 999 150 1021 tor
162 998 191 1022 et
204 994 252 1021 tibi
266 995 322 1028 sis,
338 999 366 1022 et
381 995 505 1030 proximo
520 999 575 1022 tuo.
593 995 655 1023 Ideo
669 995 752 1023 ﬁlium
768 996 814 1023 Dei
828 1001 906 1024 voeat

112 1040 247 1077 paciﬁcum
267 1049 274 1067 :
292 1048 353 1069 eam
365 1041 400 1068 ob
412 1049 469 1068 rem
487 1041 511 1068 in
525 1045 647 1076 tempore
666 1041 791 1069 sacriﬁcii
802 1042 905 1070 nullum

112 1087 187 1114 alium
201 1091 341 1115 memorat
350 1087 461 1122 iustitiae
472 1087 589 1119 modum,
601 1087 652 1115 nisi
663 1088 905 1116 reconciliationem

111 1142 167 1162 cum
189 1133 294 1168 fratre,
315 1134 460 1162 ostendens
482 1135 619 1162 caritatem
640 1134 759 1162 omnium
779 1135 905 1162 virtutum

112 1181 251 1208 maximam
274 1188 348 1209 esse.
368 1180 497 1209 Volebam
518 1189 592 1214 sane,
613 1181 713 1214 dilecti,
735 1182 905 1216 prolixiorem

112 1227 207 1254 habere
230 1234 387 1255 sermonem
408 1236 416 1254 :
438 1235 529 1254 verum
552 1227 684 1255 sufﬁciunt
704 1235 735 1255 ea
757 1236 816 1263 quae
836 1228 905 1255 dicta

110 1278 168 1300 sunt
181 1273 224 1307 iis,
238 1273 287 1308 qui
300 1281 395 1301 semen
409 1273 514 1308 pietatis
537 1281 597 1300 cum
612 1274 758 1301 attentione
779 1278 807 1301 et
829 1274 906 1301 intel-

110 1319 214 1354 ligentia
237 1320 402 1354 suscipiunt,
423 1319 522 1355 quique
545 1320 622 1347 dictis
643 1320 760 1347 animum
780 1320 906 1348 adhibere

111 1365 208 1392 volunt.
232 1365 349 1397 ﬂorum,
372 1373 474 1400 quxso,
488 1365 629 1393 verborum
652 1373 759 1401 semper
780 1367 906 1394 recorde-

112 1419 178 1444 mur,
203 1411 395 1446 tremendique
416 1412 565 1447 amplexus,
589 1419 668 1447 quem
690 1416 783 1440 mutuo
801 1412 905 1440 damus.

113 1457 158 1485 llic
169 1458 243 1485 enim
256 1458 400 1493 amplexus
412 1458 515 1485 animas
526 1458 632 1493 colligat
642 1463 756 1491 nostras,
769 1462 796 1486 et
812 1466 906 1486 omnes

113 1511 191 1531 unum
212 1511 314 1538 corpus
340 1511 372 1530 ac
395 1504 514 1531 membra
533 1503 632 1531 Christi
655 1504 736 1531 efficit
758 1505 905 1540 :quoniam

112 1549 186 1576 unius
198 1549 324 1584 corporis
339 1549 481 1584 participes
493 1556 585 1576 sumus
595 1557 697 1577 omnes.
714 1549 801 1578 Unum
817 1551 906 1585 itaque

113 1594 256 1622 secundum
280 1594 322 1622 rei
347 1595 486 1622 veritatem
511 1601 610 1629 corpus
632 1594 780 1622 efﬁciamur
800 1603 905 1629 omnes,

114 1649 163 1668 non
175 1648 292 1676 corpora
308 1641 515 1669 commiscentes
524 1661 532 1674 ,
552 1641 600 1669 sed
611 1641 715 1669 animas
729 1647 822 1669 muttto
839 1643 907 1669 cari-

114 1687 171 1714 tatis
185 1687 294 1715 vinculo
306 1687 475 1722 colligantes.
496 1687 525 1715 Si
546 1687 618 1714 enim
640 1687 676 1714 ita
699 1687 835 1722 faciamus,
857 1686 907 1716 hac

114 1732 160 1760 frui
174 1739 268 1760 mensa
292 1740 354 1760 cuin
369 1732 464 1760 ﬁducia
483 1737 510 1760 et
532 1740 546 1759 a
559 1733 660 1760 victore
673 1733 778 1761 Christo
797 1733 903 1761 tandem

1693 162 1745 191 392

955 215 1105 242 conciliatae
1119 216 1190 250 pacis
1204 216 1370 250 receptacula
1387 216 1442 244 ﬁeri
1463 218 1619 252 poterimus.
1642 218 1745 248 Etenim

954 261 977 287 si
991 265 1118 287 sexcenta
1136 261 1205 288 bona
1220 268 1301 296 opera
1324 269 1406 296 penes
1420 271 1468 290 nos
1491 263 1652 297 habeamus,
1668 271 1694 292 et
1707 265 1747 292 itt-

953 306 1085 341 juriarum
1098 314 1230 334 memores
1247 307 1346 340 simus,
1360 308 1447 335 omnia
1462 307 1558 336 frustra
1573 315 1600 337 et
1614 310 1745 338 incassum

957 352 1069 386 egimus,
1087 352 1206 386 nihilque
1219 352 1280 380 inde
1300 353 1332 380 ad
1347 353 1458 381 salutem
1473 355 1570 382 lucrari
1590 357 1746 390 poterimus.

955 397 1123 425 Ascensurus
1141 398 1212 425 enim
1234 399 1267 426 ad
1292 399 1398 426 Patrem
1421 400 1551 433 Christus,
1575 401 1634 429 loco
1655 403 1746 438 gloria:

956 447 1133 477 temporancaz
1147 448 1173 471 et
1186 451 1341 479 magnarum
1355 453 1448 479 opum,
1467 445 1535 472 hanc
1548 446 1684 481 discipulis
1700 449 1746 474 lu:-

956 488 1095 516 reditatem
1119 489 1242 524 relinquit
1263 489 1354 517 dicens
1377 498 1383 516 :
1400 489 1494 517 Pacem
1514 499 1595 518 meum
1614 491 1646 518 do
1669 493 1747 525 vobis,

956 542 1044 569 pacem
1059 543 1139 561 meant
1153 535 1267 570 relinquo
1280 535 1348 562 vobis
1365 535 1452 571 (Joan.
1469 537 1512 563 Η.
1527 535 1589 572 27).
1604 537 1668 570 Quae
1682 538 1749 565 divi-

957 580 1010 612 tite,
1022 585 1119 614 quanta
1133 581 1304 614 pecuniarum
1317 582 1392 616 copia
1408 582 1548 616 pretiosior
1559 582 1639 610 fuerit
1649 583 1749 611 Christi

956 633 1036 661 pace,
1057 634 1116 661 qua:
1130 634 1209 654 omne
1224 628 1333 654 verbum
1344 649 1350 659 ,
1366 635 1472 655 omnem
1493 633 1609 656 mentem
1623 630 1750 664 superat?
1761 636 1768 642 ’

956 672 1012 699 Hoc
1027 673 1115 708 itaque
1134 680 1194 699 cutn
1209 673 1289 700 sciret
1304 673 1446 700 Malachias
1462 674 1590 709 propheta
1602 696 1608 706 ,
1628 681 1654 702 et
1668 683 1748 710 grave

957 723 984 745 et
995 719 1188 745 atrocissimtnn
1201 726 1260 746 esse
1273 719 1398 746 delictum
1408 740 1415 751 ,
1433 728 1465 746 ex
1481 727 1594 754 persona
1608 721 1654 748 Dei
1674 721 1749 748 dicc-

957 764 1002 791 bat
1022 773 1028 790 :
1051 763 1151 798 Popute
1171 773 1258 796 meus,
1281 764 1412 799 loquimini
1433 766 1561 792 ceritatem
1580 767 1751 802 unusquisque

957 817 1013 836 cum
1027 810 1143 844 proximo
1155 819 1210 842 suo,
1225 815 1247 836 et
1260 811 1430 846 unusquisque
1442 812 1565 838 malitiam
1578 813 1604 839 in
1617 813 1692 840 corde
1704 822 1752 840 suo

957 860 1044 882 contra
1066 856 1207 890 proximum
1220 864 1297 884 suum
1305 865 1355 885 non
1367 862 1456 892 cogitet
1471 857 1572 892 injuria:
1591 866 1686 885 memor
1703 867 1712 885 :
1726 863 1750 886 et

952 902 1126 936 juramentum
1139 902 1249 929 mendax
1263 911 1294 929 ne
1313 902 1428 938 diligite,
1443 907 1466 929 et
1480 911 1530 931 non
1545 905 1685 931 moriemini
1705 905 1751 931 do-

957 955 1014 974 mus
1040 943 1143 978 Israel,
1170 943 1235 972 dicit
1262 944 1389 972 Dominus
1419 945 1504 980 (Zach
1524 968 1531 975 .
1561 948 1586 975 8.
1618 947 1663 975 16-
1693 951 1750 982 Π).

958 992 998 1020 Ac
1012 992 1034 1020 si
1049 992 1169 1026 diceret,
1191 992 1212 1019 si
1232 994 1317 1021 futttri
1331 994 1398 1020 estis
1416 994 1575 1026 mendaces,
1595 994 1749 1028 injuriarurn

959 1044 1102 1070 memores,
1119 1037 1227 1072 perjuri.
1243 1037 1429 1065 oinVIsoentes
1443 1038 1566 1065 mandata
1581 1047 1649 1072 mea,
1664 1045 1750 1067 morte

959 1084 1119 1111 moriemini.
1143 1083 1205 1110 Ha-c
1221 1083 1301 1118 igitur
1319 1084 1407 1111 omnia
1423 1085 1538 1112 scientes
1549 1106 1556 1118 ,
1572 1085 1679 1118 dilecti,
1694 1094 1752 1113 om-

959 1137 1019 1157 nem
1035 1130 1168 1157 solvamus
1180 1129 1262 1162 iram,
1277 1138 1367 1165 pacem
1387 1137 1479 1158 mutuo
1493 1139 1628 1159 servemus
1638 1152 1645 1165 ,
1659 1133 1751 1160 avulsa

960 1176 1084 1210 nequitia:
1099 1176 1188 1203 radice
1210 1181 1373 1211 purgatoque
1394 1177 1576 1209 conscientia;
1599 1185 1659 1204 eum
1675 1186 1751 1205 man~

959 1222 1099 1249 suetudine
1119 1226 1146 1250 et
1161 1222 1290 1250 modestia
1311 1231 1457 1258 magnaque
1479 1224 1576 1258 pietate
1593 1224 1625 1251 ad
1640 1224 1753 1252 horren-

960 1268 1054 1295 dorum
1078 1272 1106 1294 et
1131 1268 1288 1295 terribilium
1313 1269 1499 1304 mysteriorum
1525 1270 1753 1304 participationem

959 1313 1118 1340 accedamus
1128 1333 1136 1346 ,
1153 1321 1206 1340 non
1222 1313 1388 1349 impellenles
1398 1334 1406 1346 ,
1421 1321 1473 1341 non
1487 1315 1603 1342 calcibus
1622 1315 1737 1350 impeten
1747 1331 1754 1335 -

960 1363 1010 1391 tes,
1035 1366 1086 1385 non
1108 1366 1168 1385 cum
1189 1361 1299 1394 strepitu
1314 1363 1342 1387 et
1363 1361 1479 1387 clamore
1493 1359 1690 1393 vociferantes,
1706 1361 1754 1388 sed

959 1412 1019 1432 cum
1032 1406 1128 1431 timore
1146 1409 1175 1432 et
1188 1409 1304 1432 tremore
1317 1413 1421 1439 magno,
1438 1413 1497 1433 cum
1513 1407 1716 1440 compnnctione
1728 1411 1755 1434 et

961 1451 1087 1487 lacrymis
1100 1459 1107 1478 :
1123 1455 1152 1477 ut
1166 1451 1295 1486 benignus
1309 1452 1353 1479 ille
1367 1452 1503 1485 Dominus,
1520 1453 1657 1487 pacificum
1673 1454 1754 1480 animi

959 1501 1067 1529 statum,
1084 1504 1135 1523 non
1148 1497 1298 1523 simulatam
1312 1497 1463 1529 caritatem,
1488 1502 1513 1525 et
1531 1497 1643 1524 fraterni
1655 1499 1755 1526 amoris

960 1543 1122 1570 consortium
1134 1550 1248 1577 superne
1259 1543 1414 1577 respiciens,
1426 1547 1453 1570 et
1465 1543 1506 1570 his
1516 1543 1595 1570 bonis
1606 1548 1633 1570 et
1643 1544 1756 1578 promis-

960 1588 997 1616 sis
1010 1595 1058 1615 nos
1072 1595 1164 1615 omnes
1183 1588 1306 1623 dignetur
1316 1609 1323 1619 ,
1338 1589 1421 1624 gratia
1433 1592 1461 1615 ct
1474 1588 1635 1624 benignitate
1651 1589 1754 1617 Domini

960 1634 1044 1661 nostri
1064 1633 1126 1661 Jesu
1139 1633 1256 1666 Christi,
1272 1635 1378 1668 quicum
1394 1634 1475 1667 Patri,
1489 1638 1516 1662 et
1529 1642 1579 1661 una
1593 1640 1684 1662 sancto
1695 1635 1756 1670 Spi-

959 1678 1022 1706 ritui
1033 1699 1045 1711 ,γ
1058 1678 1140 1714 gloria
1151 1699 1159 1712 ,
1175 1678 1315 1714 imperium
1325 1699 1333 1713 ,
1349 1679 1452 1713 honor,
1467 1687 1538 1707 nunc
1551 1684 1578 1707 et
1590 1687 1706 1715 semper,
1727 1684 1756 1708 et

959 1724 988 1752 in
1001 1725 1100 1752 szccula
1112 1724 1284 1752 saeculorum.
1298 1725 1395 1752 Amen.

129 1947 1742 1965 Μ

815 2073 1057 2104 ADMONlTlO.

123 2206 189 2224 anno
214 2198 267 2226 586
289 2198 386 2233 festum
405 2204 503 2227 sanctae
525 2199 672 2233 Domninm,
698 2201 750 2228 sive
778 2200 879 2227 decima
904 2205 1000 2236 quarta
1022 2201 1077 2228 dies
1091 2200 1199 2236 Aprilis,
1213 2201 1350 2227 undecimo
1369 2204 1427 2235 post
1449 2199 1624 2232 Parasceven,
1645 2203 1669 2225 et
1686 2206 1756 2225 anno

123 2245 172 2274 587
188 2248 331 2274 undecimo
351 2252 411 2274 ante
433 2248 596 2275 Parasceven
618 2249 660 2275 die
679 2248 838 2275 occurrebat.
855 2247 1022 2275 Probabilius
1038 2257 1098 2284 ergo
1113 2249 1243 2284 referatur
1256 2248 1284 2274 in
1306 2256 1405 2274 annum
1423 2248 1485 2280 592,
1505 2255 1555 2282 quo
1570 2246 1673 2273 Pascha
1691 2246 1757 2273 cele-

124 2294 249 2323 brabatur
269 2297 395 2323 vicesima
418 2301 509 2323 octava
543 2297 643 2329 Martii,
671 2301 695 2323 et
720 2297 821 2323 decima
852 2301 950 2332 quarta
979 2296 1078 2331 Aprilis
1100 2296 1250 2322 occurrebat
1277 2296 1416 2322 octodecim
1439 2294 1528 2321 diebus
1558 2298 1614 2328 post
1638 2298 1758 2320 sanctam

124 2342 300 2371 Parasccven.
323 2343 381 2371 Imo
402 2343 495 2378 viginti
517 2343 586 2376 dies,
605 2342 626 2370 si
643 2343 798 2370 vicesimam
814 2348 919 2370 sextam
941 2342 1030 2369 Martii
1045 2350 1098 2378 qua
1116 2342 1288 2373 Parasceves,
1309 2346 1336 2368 et
1355 2341 1487 2368 decimam
1505 2344 1630 2375 quartam
1647 2339 1758 2374 Aprilis,

126 2397 176 2423 qua
197 2389 226 2417 S.
247 2390 391 2417 Domninze
410 2390 509 2417 festum
535 2389 733 2421 celebrabatur,
756 2396 947 2417 connumeres.

159 2437 207 2465 His
233 2438 390 2473 adjicimus,
414 2445 464 2464 nos
484 2445 516 2463 ex
538 2437 724 2465 admonitione
737 2437 808 2464 circa
823 2437 970 2464 tumultum
985 2436 1014 2463 in
1032 2435 1186 2463 accedendo
1201 2434 1235 2461 ad
1251 2441 1354 2462 sacram
1370 2432 1589 2461 communionem
1615 2440 1668 2460 non
1690 2433 1760 2459 mul-

129 2487 183 2510 tum
207 2484 325 2516 moveri,
351 2488 380 2510 ut
401 2492 460 2511 eam
483 2484 524 2511 vel
541 2485 567 2510 in
584 2491 685 2510 annum
701 2483 764 2514 586,
779 2483 823 2510 vel
849 2484 877 2510 in
892 2490 994 2510 annum
1006 2482 1057 2509 587
1079 2481 1265 2516 conjiciamus.
1281 2480 1374 2515 Neque
1391 2480 1464 2507 enim
1477 2479 1504 2506 itt
1522 2479 1641 2506 homiliis
1655 2483 1760 2506 tantum

127 2531 159 2558 de
179 2531 271 2558 Natali
293 2536 322 2558 et
341 2532 374 2558 de
395 2530 565 2566 Ephiphania
590 2531 739 2558 admonitio
763 2530 919 2565 huiusmodi
945 2530 1074 2561 occurrit.
1095 2529 1143 2556 sed
1163 2528 1244 2555 etiam
1266 2527 1294 2554 in
1314 2527 1424 2554 homilia
1446 2527 1608 2562 praecedenti
1632 2526 1669 2553 De
1684 2527 1761 2554 Judw

128 2577 285 2611 proditione,
314 2577 392 2611 cujus
413 2584 515 2603 annuat
537 2576 674 2611 assignare
693 2583 748 2603 non
769 2575 917 2610 potuimus.
935 2574 1005 2608 Quid
1029 2574 1101 2601 enim
1124 2572 1288 2600 incommodi
1303 2573 1424 2606 accedat,
1445 2572 1467 2600 si
1491 2580 1624 2607 ponamus
1640 2571 1759 2608 Chryso—

130 2628 247 2650 stomum
267 2623 363 2650 ntultis
386 2623 523 2658 variisque
545 2624 634 2655 annis,
651 2623 714 2658 quia
730 2631 779 2658 par
795 2623 927 2650 tumultus
944 2631 958 2649 a
983 2623 1082 2657 populo
1097 2622 1294 2653 concitabatur,
1316 2621 1410 2648 eadem
1430 2620 1468 2648 uti
1488 2621 1676 2648 adhortatione
1692 2628 1761 2655 opus

130 2669 281 2697 habuisse?
300 2669 405 2697 Meliori
429 2670 511 2705 igitur
531 2670 636 2697 calculo
657 2669 685 2697 in
705 2677 807 2696 annum
833 2669 885 2696 592
909 2669 1060 2696 referamus
1078 2678 1086 2696 :
1103 2669 1153 2695 etsi
1178 2676 1232 2695 non
1255 2667 1344 2694 omnis
1365 2675 1476 2702 prorsus
1492 2667 1601 2694 tollatur
1619 2667 1759 2694 dubitandi

131 2724 209 2744 causa
227 2726 233 2744 :
250 2725 315 2744 nam
333 2723 364 2744 ut
379 2716 498 2744 diximus
520 2716 622 2744 Μοῖιίιο
646 2717 673 2743 in
698 2716 822 2743 homilias
843 2720 934 2742 contra
957 2715 1072 2747 Judwoa,
1097 2715 1208 2742 Tabulae
1224 2715 1380 2749 paschales,
1400 2721 1461 2748 qute
1483 2718 1547 2740 sunt
1562 2712 1760 2748 posterioribus

131 2762 233 2789 saeculis
250 2762 434 2796 concinnatae,
449 2769 512 2789 cum
532 2762 669 2789 veteribus
690 2761 802 2789 calculis
821 2769 877 2789 non
896 2761 1063 2789 concordare
1085 2760 1164 2789 facile
1186 2765 1311 2796 possunt,
1326 2761 1414 2795 iisque
1435 2768 1490 2787 non
1505 2760 1617 2788 omnino
1635 2759 1701 2787 ﬁdes
1715 2762 1759 2786 est

134 2810 267 2838 habenda.

167 2856 259 2886 Jacobi
280 2856 401 2886 Gretseri
427 2857 683 2893 interpretationem
707 2855 841 2888 Latinam,
864 2855 968 2892 aliquot
989 2855 1016 2884 in
1037 2855 1104 2884 locis
1125 2855 1292 2892 castigatam,
1314 2853 1458 2884 edidimus.
