1978 3131
200 132 254 162 395

555 133 584 160 S.
604 132 748 162 JOA‘NNIS
767 133 1012 164 CIIRYSOS'IOMI
1031 134 1193 164 ARCIIIEP.
1214 133 1488 164 CONSTANTINOP.

1787 134 1844 161 394

240 323 1839 336 _——__—_____.___._—__________

684 470 722 499 IN
749 469 852 502 COEM
858 471 992 502 ETERII
1023 471 1360 503 APPELLATIONEM

443 643 482 664 ΕΤ
505 644 535 665 IN
559 644 683 666 CRUCEM
705 645 815 667 DOMINI
837 645 875 667 ΕΤ
896 646 948 668 DEI
969 647 1006 668 ET
1027 647 1217 670 SALVATORIS
1241 649 1352 671 NOSTRI
1373 649 1446 671 JESU
1468 649 1599 672 CHRISTI.

241 917 265 942 I.
285 915 338 943 Cur
351 920 420 942 extra
433 915 555 941 ciuitatem
568 915 654 941 concio
666 914 814 947 haberetur;
828 915 994 942 tamam-ium

205 961 270 987 aude
282 960 386 987 dictant.
402 976 437 980 —
446 961 522 994 Smpe
532 960 601 994 apud
612 960 730 987 animum
741 968 829 987 meum
840 961 975 996 disquisivi
984 981 992 994 ,

205 1008 279 1040 cujus
293 1007 375 1041 gratia
391 1008 506 1041 majores
528 1007 628 1038 nostri,
645 1007 743 1034 relictis
758 1007 875 1039 tedihus,
885 1015 951 1042 quas
966 1007 992 1034 in

205 1053 313 1079 urbibus
334 1052 444 1083 habent.
457 1052 514 1086 lege
529 1053 578 1078 lata
592 1052 748 1084 statuerint,
765 1056 793 1079 ut
805 1057 879 1079 extra
898 1052 992 1079 civita-

205 1104 256 1126 tem
273 1099 359 1130 hodie,
375 1104 401 1125 et
414 1099 521 1134 quidem
541 1099 566 1125 in
583 1098 634 1125 hoc
646 1099 706 1126 loco
723 1099 748 1125 in
761 1098 917 1125 concionem
930 1105 993 1125 con-

205 1145 355 1173 veniremus
369 1154 375 1171 :
392 1153 477 1180 neque
490 1145 560 1171 enim
583 1145 641 1172 sine
653 1152 743 1176 causa,
758 1152 844 1178 neque
857 1149 959 1171 temere
968 1144 993 1171 id

204 1191 297 1219 fecisse
308 1191 439 1218 videmur.
455 1191 582 1224 Quocirca
594 1195 621 1218 et
633 1198 739 1217 causam
756 1190 886 1224 indagavi,
898 1195 992 1217 etcum

205 1237 250 1266 Dei
268 1238 351 1273 gratia
375 1238 461 1265 inveni
479 1238 578 1271 justam
598 1245 667 1269 esse,
683 1241 709 1264 et
735 1237 831 1263 rationi
852 1241 994 1263 consenta-

203 1291 279 1312 ueam
293 1305 300 1316 ,
315 1284 492 1318 praesentique
511 1283 579 1310 festo
600 1287 805 1317 competentem.
829 1283 893 1316 Quae
915 1282 994 1317 igitur

203 1337 280 1357 causa
302 1330 362 1357 est?
383 1330 475 1356 Crucis
498 1330 653 1356 memoriam
677 1330 788 1363 agimus.
806 1330 839 1355 At
853 1329 993 1356 crucilixus

203 1382 277 1402 extra
293 1376 426 1403 civitatum
441 1376 514 1402 cruci
529 1375 623 1402 aftixus
636 1380 694 1402 est:
712 1380 850 1410 propterea
863 1380 939 1402 extra
955 1375 993 1402 ci-

203 1423 310 1448 vitatem
337 1429 386 1449 nos
403 1421 561 1448 eduxerunt.
583 1420 648 1447 Nam
669 1427 800 1455 pastorem
811 1441 818 1453 ,
833 1420 933 1454 inquit,
948 1428 991 1447 se-

202 1473 317 1502 quuntur
327 1475 400 1494 oves.
415 1467 464 1495 Ubi
475 1475 537 1494 vero
551 1474 597 1494 rex
609 1487 617 1499 ,
632 1467 665 1493 ibi
679 1469 707 1493 et
720 1467 834 1498 milites;
850 1471 877 1493 ct
891 1466 933 1493 ubi
949 1474 994 1493 ca-

202 1514 294 1546 daver,
311 1514 345 1540 ibi
361 1519 387 1540 et
399 1513 493 1548 aquila:
508 1512 623 1548 (Matth.
637 1513 682 1540 24.
710 1512 766 1548 28).
785 1512 836 1539 Sed
851 1517 925 1539 extra
948 1512 988 1539 ci-

204 1559 311 1586 vitatem
340 1559 407 1586 hanc
429 1559 534 1594 quidem
558 1559 593 1586 ob
614 1566 720 1586 causam
747 1559 957 1594 (congregamur
970 1559 990 1594 ).

201 1606 334 1632 (Izuterum
357 1604 424 1632 hanc
446 1613 506 1632 esse
522 1612 648 1637 causam,
671 1605 754 1632 satius
778 1604 897 1632 fortassis
912 1604 992 1632 fuerit

202 1651 387 1678 demonstrare
410 1650 484 1685 prius
507 1658 540 1678 ex
559 1650 655 1677 divinis
680 1650 824 1685 Scripturis
839 1659 845 1676 :
862 1658 895 1677 ne
921 1651 992 1678 enim

202 1697 359 1725 existimetis
375 1697 442 1724 hanc
460 1704 519 1724 esse
533 1697 714 1730 conjecturam
730 1702 863 1727 nostram.
881 1697 1004 1724 Paulum.

203 1744 278 1771 vobis
300 1749 393 1771 testem
407 1744 450 1770 do.
467 1743 534 1776 Quid
553 1744 631 1778 igitur
651 1743 696 1771 ille
719 1743 755 1769 ait
777 1744 810 1770 de
833 1743 992 1770 sacrificiis?

204 1791 317 1822 Quorum
331 1790 397 1817 enim
420 1790 568 1816 animalium
587 1789 694 1824 infertur
711 1789 813 1823 sanguis
827 1797 872 1824 pro
887 1790 992 1823 peccatis

202 1837 227 1863 in
249 1841 335 1863 sancta
356 1843 400 1870 per
421 1835 586 1869 Ponti/item,
609 1836 698 1861 Iterum
722 1843 829 1870 corpora
850 1841 993 1862 cremantur

202 1887 272 1909 extra
284 1887 366 1908 castra
382 1881 391 1918 (
407 1881 482 1908 Hebr.
499 1882 542 1908 13.
559 1882 585 1908 II
602 1882 621 1915 ).
638 1881 749 1915 l‘roptcr
769 1881 839 1916 quod
855 1886 880 1908 et
895 1881 971 1908 Jcsus
983 1903 989 1914 ,

202 1933 230 1955 nt
243 1928 421 1966 sanetilicarct
436 1936 482 1962 per
494 1936 570 1954 suum
592 1927 746 1961 sanguinem
765 1928 905 1962 populum,
917 1933 992 1956 extra

203 1979 304 2008 portam
319 1981 412 2008 passus
425 1978 474 2000 est.
496 1973 630 2000 Exeamus
644 1974 723 2008 igitur
742 1974 774 2000 ad
788 1982 848 2000 cum
862 1980 935 2000 extra
949 1982 994 2001 ca-

201 2027 272 2054 stra,
287 2020 474 2054 improperium
489 2020 545 2053 ejus
561 2025 705 2053 portantes.
723 2020 808 2053 Dixit,
821 2021 900 2054 jussit
922 2021 991 2047 Pau-

201 2066 262 2099 lus;
276 2065 516 2099 obtemperavimus
527 2085 534 2097 ,
548 2065 689 2092 exivimus.
711 2065 791 2092 Extra
807 2066 885 2100 igitur
897 2066 946 2092 hac
959 2066 993 2094 de

202 2120 280 2140 causa
294 2119 495 2145 congregantur.
513 2112 546 2137 At
561 2111 636 2145 cujus
648 2111 732 2145 gratia
749 2111 774 2138 in
790 2110 840 2138 hoc
854 2113 991 2146 martyrio,

202 2166 254 2184 non
278 2158 303 2184 in
325 2158 398 2184 alio?
412 2157 515 2184 Etenim
535 2156 624 2183 divino
639 2164 748 2184 munere
768 2165 933 2192 quocumque
959 2164 992 2183 ex

203 2205 284 2231 latere
303 2203 366 2230 urbs
388 2208 476 2229 nostra
498 2207 650 2229 sanctorum
672 2203 789 2237 reliquiis
802 2202 992 2229 circummuni-

203 2254 253 2275 tur.
269 2249 350 2283 Cujus
373 2248 450 2283 igitur
462 2247 545 2283 gratia
563 2247 621 2281 hic,
638 2256 690 2274 non
709 2248 734 2274 in
748 2248 800 2274 alio
815 2249 940 2282 martyrio
952 2247 989 2282 (α)

203 2302 249 2321 nus
270 2295 414 2322 convenire
435 2295 574 2321 voluerunt
597 2294 711 2328 majores
734 2294 841 2321 nostri?
860 2294 925 2328 Quia
948 2294 992 2321 hic

203 2346 365 2367 mortuorum
381 2340 521 2367 multitudo
541 2341 589 2366 sita
604 2345 653 2367 est.
672 2339 736 2367 Cum
751 2340 829 2375 igitur
842 2339 922 2367 hodie
938 2339 992 2366 Do-

202 2386 288 2412 minus
305 2385 338 2413 ad
352 2390 470 2412 mortuos
483 2385 650 2413 descenderit
659 2405 666 2416 .
677 2393 708 2413 ea
723 2385 757 2412 de
768 2393 847 2412 causa
862 2385 904 2412 hic
916 2386 992 2413 colli-

201 2433 297 2466 gimur,
307 2431 342 2458 oh
355 2431 380 2458 id
395 2431 452 2465 ipse
463 2432 541 2458 etiam
558 2431 631 2458 locus
644 2431 827 2458 ctemeterium
840 2431 991 2458 nominatus

201 2481 242 2504 est
253 2485 260 2503 :
273 2481 301 2504 ut
313 2476 409 2509 discas,
423 2482 551 2510 mortuos,
568 2482 594 2504 et
606 2485 653 2504 eos
665 2478 708 2512 qui
725 2477 768 2504 hic
781 2478 835 2510 siti,
850 2485 902 2505 non
917 2486 989 2505 mor-

201 2528 278 2556 tuos,
294 2523 341 2550 Sed
365 2530 458 2550 somno
479 2524 632 2558 consopitos
647 2531 706 2550 esse
726 2527 753 2550 et
776 2523 903 2551 dormire.
923 2523 989 2550 Nam

201 2575 262 2596 ante
276 2569 372 2596 Christi
389 2569 528 2596 adventura
551 2577 622 2596 mors
644 2577 740 2596 nomen
757 2570 851 2596 mortis
865 2569 988 2597 habebat.

203 2615 366 2649 Quacumque
376 2635 382 2646 ,
399 2614 482 2648 inquit
495 2635 502 2647 ,
518 2615 558 2642 die
580 2615 736 2642 comederitis
757 2615 788 2642 de
811 2616 894 2650 ligno,
910 2619 989 2643 morte

202 2660 342 2687 moriemini
355 2660 364 2696 (
376 2660 440 2688 Gen.
456 2660 483 2688 2.
500 2661 533 2688 Π
547 2661 566 2695 ).
580 2661 612 2687 Εῑ
627 2661 721 2688 iterum
735 2670 741 2688 :
756 2661 846 2688 Anima
861 2669 917 2696 qua:
929 2669 988 2696 pec-

232 2727 266 2758 ζα)
284 2726 434 2759 martyrium,
449 2728 471 2752 id
483 2732 529 2756 est,
543 2726 645 2752 ecclesia
656 2731 785 2759 martyrum
794 2728 892 2759 nomine
903 2734 988 2752 consc-

197 2757 271 2790 crata,
281 2757 320 2782 vel
332 2757 356 2782 in
364 2765 410 2790 qua
422 2763 553 2790 martyrum
564 2757 732 2790 ossadeposita
741 2763 805 2783 sunt.
815 2762 863 2782 Vox
873 2758 988 2789 frequens

198 2789 261 2819 apud
275 2789 405 2820 scriptores
417 2789 600 2814 ecdeSiasticos.
615 2789 671 2813 \‘ide
682 2795 738 2820 quae
748 2789 853 2814 diximus
866 2790 888 2812 in
902 2789 986 2813 tuitio-

199 2826 230 2843 ne
242 2823 264 2844 s.
277 2820 393 2845 Athanasii
412 2821 436 2844 in
446 2820 604 2846 Onomastico.
626 2820 683 2845 vide
702 2821 776 2845 etiam
792 2820 935 2845 Glosstrium
947 2824 984 2844 Gr.

198 2851 276 2882 fastigii
288 2851 317 2877 ad
330 2858 413 2876 vocem
424 2857 527 2882 μιτὺμον.

1047 919 1105 947 cat,
1117 914 1173 950 ipsa
1187 915 1307 943 morietur
1329 915 1339 950 (
1349 915 1442 944 Emit.
1458 916 1500 943 I8.
1511 916 1577 952 ‘20).
1602 917 1635 945 Et
1649 917 1731 946 David
1744 927 1751 945 :
1769 919 1842 947 Mors

1049 965 1207 994 peccatorum
1221 961 1289 987 mala
1303 960 1395 997 (Paul.
1408 962 1451 989 55.
1466 962 1499 988 22
1511 963 1520 998 )
1537 970 1543 989 :
1560 971 1667 997 rursus,
1686 964 1802 992 Pretiosa
1815 966 1842 992 in

1047 1011 1180 1040 cottrpectu
1192 1005 1292 1032 Domini
1306 1015 1372 1033 more
1386 1012 1529 1034 sanctorum
1541 1009 1595 1043 ejus
1607 1009 1691 1046 (Paul.
1703 1011 1766 1038 II5.
1781 1010 1840 1046 I5).

1045 1051 1078 1078 Et
1091 1051 1152 1084 Job,
1168 1051 1237 1079 Mors
1251 1053 1303 1079 uiro
1317 1053 1412 1088 requies
1423 1053 1484 1088 (Job
1511 1054 1536 1081 5.
1552 1054 1598 1082 25.
1614 1060 1638 1082 ει
1649 1056 1692 1082 17.
1707 1056 1766 1092 I6).
1783 1057 1840 1084 Ne-

1045 1104 1097 1131 que
1108 1097 1193 1124 solum
1214 1104 1295 1129 mors,
1307 1098 1353 1124 sed
1368 1103 1395 1124 et
1405 1098 1523 1126 infernus
1536 1100 1690 1129 vocabatur.
1701 1102 1770 1129 Audi
1785 1103 1839 1129 Da-

1045 1142 1131 1169 videm
1159 1142 1291 1171 dicentem
1316 1152 1322 1170 :
1342 1142 1518 1171 Verumtamen
1544 1145 1612 1172 Deus
1634 1152 1703 1173 eruet
1725 1148 1841 1176 animum

1045 1195 1126 1214 nteant
1138 1188 1169 1215 de
1183 1197 1258 1214 manu
1271 1189 1356 1224 inferi,
1370 1197 1428 1216 cum
1441 1190 1564 1224 acceperit
1578 1199 1617 1218 me
1632 1191 1717 1226 (Psal.
1726 1193 1770 1220 48.
1779 1192 1839 1229 16);

1044 1238 1071 1260 et
1087 1233 1186 1267 Iacob,
1203 1233 1334 1261 Deducetis
1346 1239 1496 1262 senectutem
1516 1244 1595 1262 meam
1612 1245 1670 1264 cum
1683 1246 1792 1265 maerore
1805 1239 1840 1265 ad

1045 1281 1172 1315 infernum
1185 1279 1267 1315 (Gen.
1280 1281 1324 1307 4‘3.
1339 1281 1403 1316 58).
1419 1281 1482 1308 [late
1496 1283 1602 1309 nomina
1616 1283 1731 1311 habebat
1750 1285 1839 1312 obitus

1045 1330 1136 1353 noster
1157 1327 1285 1354 anteactis
1307 1328 1469 1362 temporibus
1485 1333 1532 1355 :at
1556 1334 1694 1364 postquam
1714 1329 1839 1358 Christus

1045 1373 1126 1405 venit,
1145 1377 1172 1400 et
1187 1381 1235 1407 pro
1257 1374 1346 1400 mundi
1362 1374 1414 1401 vita
1435 1379 1546 1402 mortem
1571 1376 1669 1409 subiit,
1685 1384 1759 1404 mors
1783 1385 1837 1404 non

1044 1418 1159 1452 amplius
1175 1425 1283 1445 vocatur
1297 1426 1385 1453 mors,
1399 1420 1446 1447 sed
1459 1427 1569 1447 somnus
1581 1425 1608 1448 et
1619 1421 1756 1449 dormitio.
1773 1423 1840 1451 Dor-

1045 1464 1182 1492 mitionem
1198 1465 1326 1499 appellari
1340 1470 1470 1493 testantur
1484 1467 1528 1493 illa
1544 1467 1647 1494 Domini
1662 1468 1743 1495 verba
1760 1476 1767 1494 :
1785 1468 1838 1495 La-

1043 1518 1118 1536 zarus
1132 1511 1228 1538 amicus
1240 1516 1323 1538 noster
1334 1511 1426 1538 dormit
1436 1512 1446 1549 (
1456 1512 1535 1539 .Iorm.
1557 1515 1599 1541 II.
1614 1514 1644 1541 II
1658 1514 1677 1548 ).
1693 1514 1751 1541 Non
1766 1515 1837 1542 enim

1045 1555 1120 1588 dixit,
1135 1556 1253 1584 MOrtuus
1267 1561 1316 1588 est.
1333 1559 1452 1592 quamvis
1468 1566 1559 1586 revera
1575 1564 1694 1587 mortuus
1708 1566 1792 1588 essut.
1803 1561 1838 1589 Ut

1044 1609 1109 1628 vero
1124 1602 1254 1637 intelligas
1268 1611 1363 1630 nomen
1377 1604 1544 1632 dormitionis
1559 1607 1728 1640 peregrinum
1744 1606 1835 1640 fuisse,

1044 1647 1182 1675 considera
1195 1648 1328 1683 quomodo
1343 1648 1394 1676 hoc
1412 1650 1503 1676 audito
1524 1651 1630 1678 nomine
1644 1651 1766 1686 discipuli
1782 1657 1838 1678 tur-

1043 1694 1151 1727 bentur,
1164 1700 1190 1721 et
1202 1695 1292 1722 dicant
1304 1704 1310 1721 :
1323 1694 1441 1728 Domine,
1452 1697 1474 1723 si
1487 1697 1588 1728 dormit,
1600 1698 1683 1725 salvus
1695 1699 1743 1725 erit
1756 1699 1835 1734 (Ibid.

1043 1748 1067 1765 υ.
1082 1739 1136 1775 12).
1152 1740 1225 1767 Adeo
1240 1748 1291 1767 non
1308 1741 1505 1772 intellexerant,
1520 1743 1581 1776 quid
1594 1743 1643 1769 sibi
1657 1744 1758 1770 dictum
1773 1745 1835 1772 illud

1043 1785 1166 1812 voluerit.
1184 1785 1279 1813 lterum
1294 1786 1409 1813 Paulus:
1425 1786 1494 1822 Ergo
1502 1793 1524 1814 et
1539 1789 1582 1822 qui
1596 1789 1762 1821 dormierunt,
1778 1798 1837 1823 per-

1043 1832 1126 1858 ierunt
1147 1831 1192 1867 (I.
1208 1831 1267 1859 Cor.
1289 1833 1333 1860 I5.
1359 1833 1481 1867 I8)?ad
1506 1834 1634 1869 quosdam
1656 1835 1704 1862 ait.
1736 1836 1835 1863 Rursus

1043 1878 1104 1904 alibi
1119 1877 1152 1904 de
1164 1878 1297 1905 defunctis
1309 1879 1420 1913 loquens
1431 1900 1437 1910 .
1456 1879 1527 1913 Nos,
1543 1881 1640 1915 inquit,
1657 1882 1701 1915 qui
1714 1882 1833 1914 vivimus,

1046 1932 1095 1950 non
1111 1926 1288 1958 prceveniemus
1302 1934 1343 1952 eos
1356 1927 1398 1960 qui
1411 1926 1564 1953 dormierunt
1579 1927 1616 1961 (I.
1634 1927 1723 1954 Thess.
1735 1928 1762 1954 ι.
1780 1929 1834 1963 14).

1045 1971 1079 1998 Et
1100 1971 1161 1998 alibi
1179 1981 1185 1998 :
1202 1972 1284 2007 Surge
1295 1992 1303 2005 ,
1317 1973 1360 2006 qui
1383 1972 1478 1999 dormi:
1492 1972 1608 2008 (Ephes.
1630 1973 1656 2000 5.
1672 1974 1706 2001 Η
1754 1974 1787 2001 Ει
1807 1979 1837 2001 ut.

1046 2017 1198 2045 ostenderet
1218 2026 1247 2045 se
1270 2018 1303 2045 de
1318 2019 1430 2045 mortuis
1452 2019 1502 2046 hoc
1523 2019 1622 2052 dicere,
1640 2019 1777 2046 additzEt
1790 2029 1835 2047 es.

1045 2071 1120 2099 surge
1133 2072 1148 2090 a
1160 2065 1274 2091 mortuis.
1292 2064 1358 2092 Vide
1368 2065 1501 2099 quomodo
1516 2065 1612 2100 ubique
1627 2073 1699 2093 mors
1712 2066 1834 2094 nomine-

1046 2113 1088 2134 tur
1099 2116 1209 2136 somnus
1223 2118 1229 2135 :
1243 2117 1294 2144 qua
1308 2109 1341 2136 de
1360 2117 1439 2136 causa
1452 2116 1479 2137 et
1493 2110 1568 2138 locus
1585 2112 1747 2143 cmmeterii,
1759 2113 1833 2147 quasi

1044 2155 1128 2188 dicas,
1144 2155 1302 2187 dormitorii,
1319 2163 1414 2183 nomen
1431 2156 1541 2184 invenit.
1557 2157 1626 2184 Utile
1638 2158 1709 2184 enim
1723 2157 1775 2185 hoc
1787 2166 1835 2185 no-

1044 2209 1104 2228 men
1123 2206 1164 2227 est
1174 2223 1180 2232 ,
1195 2207 1222 2228 et
1234 2201 1407 2236 philosophiae
1421 2203 1510 2228 multa:
1524 2202 1642 2236 plenum.
1658 2203 1771 2235 Quando
1785 2204 1835 2238 igi-

1044 2251 1086 2274 tur
1109 2247 1160 2274 lmc
1183 2251 1316 2274 mortuum
1338 2247 1429 2280 ducis,
1445 2255 1479 2275 ne
1494 2248 1550 2282 ipse
1576 2252 1602 2275 te
1619 2248 1756 2276 concidas.
1775 2249 1833 2276 Non

1043 2294 1113 2320 enim
1130 2293 1215 2327 ipsum
1229 2293 1262 2320 ad
1277 2298 1387 2320 mortem
1397 2314 1404 2325 ,
1417 2294 1466 2321 sed
1483 2294 1516 2321 ad
1530 2301 1653 2321 somnum
1668 2294 1763 2322 ducis:
1780 2295 1835 2322 suf-

1044 2340 1097 2367 ﬁcit
1118 2340 1163 2367 tibi
1180 2348 1274 2367 nomen
1290 2340 1340 2367 hoc
1353 2339 1386 2367 ad
1405 2340 1563 2368 calamitatis
1584 2341 1706 2368 solatium
1722 2346 1750 2368 et
1763 2342 1833 2368 leva-

1043 2393 1114 2412 men.
1123 2386 1198 2412 Disee
1208 2394 1260 2421 quo
1271 2387 1365 2418 ducas;
1378 2386 1403 2413 in
1415 2387 1613 2417 cmmeterium:
1627 2390 1654 2413 et
1664 2386 1772 2420 quando
1782 2387 1817 2413 du
1825 2403 1833 2407 -

1042 2432 1100 2463 eis;
1126 2437 1184 2466 post
1207 2431 1614 2467 mortcm‘Christi,postquam
1639 2433 1716 2459 nervi
1741 2433 1834 2459 mortis

1042 2478 1123 2505 excisi
1139 2482 1200 2505 sunt
1215 2487 1222 2504 τ
1238 2478 1273 2504 ita
1288 2483 1359 2505 utet
1379 2485 1394 2504 a
1412 2478 1489 2511 loco,
1504 2482 1531 2505 et
1549 2485 1563 2505 a
1580 2483 1699 2513 tempore
1721 2479 1832 2505 multum

1042 2524 1232 2551 consolationis
1245 2524 1382 2559 percipere
1397 2524 1513 2558 possitis.
1534 2524 1646 2551 Maxime
1661 2524 1694 2551 ad
1709 2525 1834 2552 mulieres
1864 2520 1876 2561 ί

1041 2571 1127 2597 oratio
1142 2570 1199 2597 hmo
1210 2570 1285 2597 nobis
1301 2570 1456 2602 instituitur,
1469 2578 1529 2597 cum
1544 2577 1626 2597 sexus
1638 2569 1681 2597 hic
1695 2571 1833 2598 all'ectibus

1043 2617 1125 2650 magis
1140 2616 1174 2642 sit
1186 2616 1328 2649 obnoxius,
1344 2621 1371 2642 et
1382 2616 1414 2642 ad
1431 2617 1590 2643 anxietatem
1602 2617 1833 2650 deSperationem-

1041 2670 1092 2696 quc
1110 2669 1235 2696 perquam
1249 2662 1382 2696 proclivis.
1396 2661 1448 2689 Sed
1471 2662 1594 2689 idoneum
1611 2662 1694 2689 habes
1707 2662 1829 2696 pharma-

1040 2715 1099 2733 cum
1121 2707 1230 2734 nitnrori
1252 2706 1394 2741 leniendo,
1408 2714 1504 2734 nomen
1525 2706 1585 2734 loci.
1600 2707 1747 2741 Propterea
1769 2715 1832 2742 ergo

1043 2753 1084 2779 hic
1097 2759 1300 2787 congregamur.

1074 2799 1100 2825 2.
1114 2798 1141 2824 Μ
1144 2803 1221 2825 artem
1233 2805 1282 2833 quo
1293 2802 1365 2831 pacto
1375 2796 1488 2825 Christus
1499 2798 1625 2825 devicerit.
1642 2797 1764 2831 Inferna:
1776 2798 1830 2824 the-

1040 2852 1128 2872 saurus
1142 2844 1244 2872 dicitur.
1255 2859 1290 2864 —
1303 2844 1387 2872 Hodie
1410 2844 1480 2872 enim
1502 2844 1590 2872 omnia
1610 2842 1758 2871 inferorum
1774 2843 1829 2871 loca
