1978 3131
120 145 165 172 395

118 199 203 228 circuit
217 199 346 226 Dominus
359 204 458 231 noster,
473 196 551 224 hodie
561 201 649 231 portas
662 203 746 223 terens
755 195 900 231 confregit:

117 246 188 274 hodie
201 250 290 272 vectes
303 245 406 271 ferreos
416 243 538 271 contrivit
548 241 631 278 (Paul.
644 242 702 271 106.
715 242 763 274 16;
778 241 841 268 Ιεαὶ.
854 241 898 269 45.

115 293 149 328 2).
161 292 222 318 Vide
231 290 295 318 dicti
308 290 516 317 accurationem.
527 289 583 316 Non
595 288 672 321 dixit,
686 288 797 322 Aperuit
812 291 902 322 portas

115 337 267 370 a:reas.sed,
277 337 409 373 Confugit
421 341 505 371 portas
519 343 614 367 (areas;
627 341 655 362 ut
670 334 768 361 inutilis
777 333 901 368 deinceps

114 392 198 412 rarccr
207 384 259 410 fiat.
268 383 329 410 NOII
341 383 449 410 abstulit
459 386 560 414 vectes,
574 381 620 408 sed
634 381 769 413 contrivit,
778 385 806 407 ut
813 384 904 407 custo-

113 432 151 459 dia
161 431 284 464 deinceps
295 430 402 456 infirma
415 428 557 455 reddatur:
570 427 613 454 ubi
626 425 808 460 nequejanua.
817 433 902 460 neque

116 477 205 509 vectis;
219 480 245 503 et
258 476 323 503 licet
338 475 397 510 quis
409 475 558 506 intret,non
575 477 688 500 tenetur.
698 471 810 504 Quando
824 471 903 505 igitur

113 523 226 550 Christus
244 520 396 555 confregit,
408 520 467 555 quis
482 519 549 546 alius
561 526 685 553 reparare
697 517 815 552 poterit?
826 516 902 550 Quod

114 568 177 595 enim
190 567 260 594 Deus
272 571 394 598 evertet,
411 564 512 599 inquit,
529 564 588 599 quis
601 563 634 591 de
647 567 743 590 cmtero
758 561 879 589 restituet
891 561 902 587 ἲ

114 614 193 649 Reges
203 620 265 640 cum
281 612 385 639 vinctos
396 611 529 638 dimittere
540 609 646 641 volunt,
663 608 751 635 missis
764 607 883 642 epistolis
894 627 900 639 ,

114 668 162 688 non
176 663 209 686 tta
229 663 314 694 agunt
324 679 331 690 ,
345 657 392 685 sed
408 663 461 685 tam
482 656 564 688 fores,
577 663 655 691 quam
680 654 804 682 custodes
818 653 901 681 relin-

114 710 190 741 quunt
200 726 207 737 ,
221 710 251 732 ut
269 704 431 736 ostendant,
445 710 478 730 eo
494 702 583 730 denuo
606 700 808 736 ingrediendum
822 706 881 727 esse
893 719 901 732 ,

114 753 150 780 vel
165 751 226 783 illis,
240 750 349 784 quijatn
362 749 437 776 liberi
449 748 586 779 abierunt,
599 747 640 774 vel
658 747 716 773 loco
726 752 818 772 eorum
831 744 901 771 aliis.

114 797 165 827 Non
187 798 222 823 ita
243 796 386 828 Christus,
401 794 448 821 sed
468 793 653 820 demonstrare
673 791 765 819 volens
788 795 902 818 mortem

112 846 160 880 jam
171 843 202 870 ad
217 843 298 869 linem
319 846 472 875 metamque
487 838 656 874 pervenisse,
672 845 756 865 :ereas
769 836 826 871 ejus
839 843 903 871 por-

115 895 150 918 tas
162 889 292 923 coniregit
305 896 313 914 :
325 894 409 914 a-reas
424 894 488 913 vero
502 884 658 917 nominavit,
674 892 725 910 non
740 882 810 918 quod
821 886 904 917 porta:

115 937 160 964 illa:
173 944 205 963 ex
226 943 281 962 tere
296 934 351 961 sint
371 931 535 964 fabrefactm,
550 930 597 959 sed
611 934 639 958 ut
654 930 801 958 declararet
815 929 903 956 immi—

115 986 161 1010 tem
175 981 245 1008 illam
261 984 290 1007 et
304 978 495 1007 inexorabilem
516 977 610 1004 mortis
620 977 816 1003 necessitatem.
833 975 865 1001 Et
877 979 905 1001 ιιι

115 1028 250 1061 intelligas,
265 1031 320 1052 tam
336 1032 373 1052 tes
386 1031 464 1059 quam
475 1023 574 1050 ferrum
587 1022 738 1057 significare
751 1020 820 1048 idem
834 1019 904 1056 quod

115 1073 219 1110 rigidutn
233 1077 262 1100 et
284 1071 444 1102 inﬂexibile,
459 1069 518 1097 audi
534 1068 597 1104 quid
612 1068 645 1095 ad
660 1067 801 1103 quemdam
816 1067 904 1101 impu-

115 1122 214 1149 dentem
239 1119 311 1146 Deus
335 1118 406 1144 dicat
422 1125 428 1144 :
444 1115 544 1143 Nervus
567 1115 678 1149 ferreus,
695 1114 777 1140 cert-ix
799 1118 860 1145 tua,
882 1117 905 1138 et

114 1168 178 1202 {rans
201 1171 246 1192 tua
268 1172 337 1192 terea
353 1164 361 1199 (
376 1162 439 1190 lsai.
455 1161 499 1189 48.
516 1160 562 1196 4).
581 1160 637 1188 Hoc
659 1159 744 1192 dixit,
758 1166 810 1185 non
835 1157 906 1193 quod

115 1220 205 1240 aream
218 1211 336 1238 frontem
351 1209 492 1240 habuerit;
507 1207 554 1234 sed
570 1207 630 1242 quia
642 1204 835 1240 implacabilem
848 1204 906 1231 vul-

115 1265 165 1288 tum
178 1264 205 1286 et
225 1257 409 1292 impudentem
427 1260 454 1282 et
478 1254 607 1282 immitem
621 1253 722 1280 habuit.
737 1251 782 1279 Vis
803 1251 906 1279 discere

115 1304 242 1341 quomodo
259 1304 342 1331 fueris
359 1300 550 1336 implacabilis,
566 1298 737 1331 inﬂexibilis,
758 1301 786 1325 et
805 1296 907 1332 ipsissi-

115 1359 171 1379 mus
191 1350 324 1378 adamas?
338 1349 423 1375 Tanto
437 1351 556 1381 tempore
570 1353 649 1373 netno
666 1351 792 1379 umquam
807 1343 831 1370 ei
847 1350 907 1377 per-

115 1397 222 1425 suadere
236 1395 339 1431 potuit,
353 1398 381 1421 ut
397 1399 557 1429 quemquatn
572 1399 604 1419 ex
618 1391 671 1418 illis
681 1411 688 1423 ,
707 1397 774 1425 quos
788 1389 907 1423 captivos

116 1444 227 1475 tenebat,
239 1442 404 1472 dimitteret;
418 1438 592 1474 quoadusque
606 1436 763 1471 angelorum
779 1434 908 1462 Dominus

117 1497 148 1517 eo
159 1487 327 1517 descendens
337 1507 344 1519 ,
356 1493 416 1513 eum
430 1485 456 1512 vi
470 1492 516 1511 sua
529 1483 627 1518 coegit.
639 1483 705 1510 Nam
718 1481 832 1517 primum
846 1480 907 1515 qui-

115 1537 170 1564 dem
183 1534 301 1569 alligavit
315 1532 421 1563 fortem,
430 1536 456 1558 et
468 1535 530 1558 tunc
540 1537 601 1558 vasa
613 1529 671 1564 ejus
684 1528 811 1563 diripuit:
825 1533 909 1563 quare

116 1586 141 1610 et
151 1580 269 1615 adiungit
284 1587 291 1606 :
308 1578 451 1605 Thesauro;
462 1576 629 1604 tenebricosos
640 1595 648 1607 ,
669 1573 802 1601 invisibiles
823 1572 906 1608 (lsat'.

116 1628 157 1655 45.
172 1627 209 1662 ὅ).
227 1625 306 1653 Licet
319 1625 419 1651 dictum
434 1623 485 1649 hoc
499 1621 612 1656 simplex
634 1621 669 1648 sit
681 1640 688 1652 ,
703 1624 730 1647 at
749 1619 845 1653 duplex
868 1622 910 1646 est

116 1681 218 1705 sensus;
230 1677 294 1700 sunt
307 1671 377 1698 enim
391 1670 447 1696 loca
457 1669 633 1700 tenebricosa,
645 1667 691 1694 sed
701 1666 784 1694 videri
798 1668 910 1701 possunt

116 1720 219 1747 candela
238 1723 266 1745 et
281 1717 382 1744 lumine
396 1716 489 1748 illato;
506 1715 550 1741 ille
568 1722 631 1740 vero
646 1712 742 1740 inferni
758 1712 832 1739 locus
846 1711 910 1738 cali-

116 1767 296 1802 ginosissimus
316 1769 385 1797 erat,
401 1767 428 1791 et
443 1765 570 1798 ingratus,
583 1769 669 1797 neque
692 1767 817 1795 umquam
843 1758 910 1786 lueis

117 1819 231 1841 naturam
251 1813 322 1840 intra
337 1819 367 1839 se
387 1814 524 1845 receperat
540 1818 546 1836 :
569 1812 708 1844 propterea
728 1806 910 1834 tenebricosos

118 1864 142 1887 et
154 1859 299 1887 invisibiles
318 1865 365 1885 eos
377 1857 453 1884 dixit.
468 1856 536 1883 Vere
553 1855 624 1882 enim
640 1853 800 1881 tenebricosi
812 1856 908 1884 erant,

100 1922 101 1925 η
117 1905 197 1933 donec
209 1903 348 1932 descendit
361 1902 406 1930 Sol
419 1902 529 1937 justitim
539 1921 546 1931 .
562 1907 661 1935 eosque
672 1898 823 1932 illustravit,
837 1902 866 1925 et
877 1905 910 1925 ex

118 1953 216 1980 inferno
229 1952 327 1979 cat-lum
344 1950 415 1977 fecit.
428 1949 493 1976 Nam
508 1948 552 1975 ubi
564 1947 702 1979 Christus,
715 1946 750 1973 ibi
763 1949 790 1972 et
804 1945 909 1972 caelum.

120 1999 266 2026 Thesauros
288 2003 378 2024 autem
402 1995 584 2023 tenebricosos
607 1993 727 2020 nominat
752 1991 908 2019 infernum:

119 2046 220 2078 merito,
236 2044 301 2079 quia
317 2042 407 2069 multa:
425 2041 524 2068 divitia:
539 2039 617 2067 isthic
630 2043 706 2065 erant
717 2038 849 2072 reposito.
865 2037 911 2064 Et-
925 2072 933 2077 Γ

119 2091 185 2118 enim
201 2095 254 2117 tota
271 2089 410 2116 hominum
426 2094 519 2114 natura
532 2107 539 2119 ,
554 2094 613 2121 qua:
636 2092 701 2124 git/5,1
719 2084 840 2120 quzedam
864 2083 910 2110 Dei

120 2143 171 2169 est,
184 2146 198 2164 a
212 2137 321 2164 diabolo
331 2157 338 2167 ,
353 2135 397 2170 qui
410 2135 525 2170 primttm
537 2132 673 2160 hominem
688 2132 714 2158 in
728 2130 847 2158 fraudem
861 2130 910 2157 im-

122 2184 196 2218 pulit,
208 2184 334 2218 spoliata,
349 2181 482 2215 mortique
499 2179 618 2212 subjecta
633 2182 683 2205 est.
698 2177 773 2211 Quod
786 2184 850 2204 vero
864 2175 912 2203 ho-

122 2229 216 2255 minum
232 2232 357 2254 naturam
381 2226 451 2253 Detts
465 2225 615 2252 divitiarum
637 2223 696 2250 loco
718 2222 859 2254 habuerit,
873 2226 911 2249 te-

122 2279 204 2302 statur
221 2274 263 2301 his
287 2274 376 2300 verbis
401 2272 497 2299 Paulus
512 2280 519 2298 :
537 2271 610 2297 Dives
626 2271 652 2296 in
673 2277 758 2296 omnes
770 2290 777 2301 ,
793 2273 815 2296 et
837 2277 912 2304 super

123 2327 202 2346 omnes
214 2340 221 2352 ,
241 2319 285 2354 qui
298 2318 414 2344 invocant
437 2325 493 2343 eum
511 2315 598 2351 (llam.
610 2316 652 2342 10.
666 2314 721 2349 iii).
735 2313 912 2348 Quemadmo-

123 2365 180 2392 dum
194 2366 273 2400 igitur
287 2372 334 2391 rex
345 2385 352 2395 ,
372 2363 567 2398 comprehenso
580 2362 647 2389 duce
660 2361 792 2388 latronum
804 2365 831 2388 et
844 2368 912 2395 prte-

123 2411 234 2442 donum,
249 2411 296 2446 qui
310 2411 431 2437 civitates
446 2408 594 2443 percurrit,
610 2412 638 2435 et
654 2407 771 2442 undique
784 2407 869 2441 rapit,
886 2410 913 2433 ct

125 2461 193 2483 Intra
213 2457 304 2487 subit,
320 2460 349 2482 ut
361 2456 396 2482 ibi
411 2459 523 2489 reponat
536 2452 641 2480 divitias
655 2457 743 2487 raptas
753 2473 760 2485 ,
778 2452 911 2479 latronum

125 2503 212 2529 ducem
227 2503 310 2537 ligat,
327 2501 510 2535 supplicioque
525 2500 634 2526 meritas
653 2506 745 2534 poenas
761 2499 911 2533 persolutu-

125 2554 178 2574 rum
192 2548 286 2580 tradit,
303 2546 455 2574 thesaurum
470 2553 534 2572 vero
553 2545 610 2580 ejus
624 2545 650 2572 in
672 2545 774 2579 regium
789 2544 912 2571 atrarium

126 2594 253 2621 convertit
266 2602 273 2620 :
286 2593 326 2620 sic
338 2596 366 2619 et
379 2591 499 2619 Christus
514 2591 585 2623 fecit,
600 2591 745 2626 principem
762 2590 835 2617 illum
848 2598 914 2624 pne-

127 2641 219 2667 ιΙοηυῐιι
241 2644 269 2668 et
293 2639 409 2667 careeris
432 2638 586 2670 custodetn,
610 2637 762 2669 diabolum,
787 2636 865 2663 simul
887 2641 914 2663 et

128 2691 245 2719 mortem,
261 2693 322 2714 cum
336 2693 385 2721 per
398 2689 511 2712 tuortem
526 2691 601 2711 suam
614 2684 753 2716 vinxissct,
766 2690 860 2709 omnes
874 2681 915 2708 di-

128 2737 198 2764 vitias
209 2759 217 2770 ,
232 2737 378 2764 humanum
393 2735 498 2769 inquam
522 2741 605 2768 genus
618 2732 752 2760 transtulit
772 2732 799 2757 in
821 2731 913 2758 :eraria

128 2791 205 2818 regia.
220 2784 275 2812 iloc
293 2789 322 2811 et
345 2782 443 2810 Paulus
457 2781 564 2812 indicat,
581 2788 642 2807 cum
657 2780 694 2807 ait
710 2789 715 2805 :
732 2778 846 2806 Redemit
869 2786 915 2804 nos

130 2831 157 2856 de
167 2835 284 2865 potestate
297 2829 464 2858 tenebrarum,
476 2832 499 2853 ct
515 2826 638 2853 transtulit
649 2826 674 2852 in
685 2831 789 2859 regnum
803 2822 916 2849 dilectio-

131 2878 164 2905 nis
175 2879 227 2913 ejus
243 2875 364 2914 (Colon.
380 2875 408 2902 1.
421 2872 485 2909 15)-
500 2873 583 2902 Porro
597 2871 668 2909 quod
687 2870 861 2900 admiratione
875 2869 915 2897 di-

615 143 657 170 DE
677 142 896 173 COEMETERIO
913 142 957 170 ET
975 141 1019 168 DE
1038 137 1160 166 CRUCE.

1691 141 1742 169 596

954 196 1109 231 gnissimum
1123 199 1184 228 est,
1204 195 1262 230 ipse
1282 194 1335 223 Rex
1351 196 1467 224 advenit.
1484 197 1563 232 Atqui
1587 195 1676 224 nullus
1699 204 1742 224 rev

954 249 1078 276 umquam
1097 241 1148 268 hoc
1162 241 1316 277 dignaretur
1336 241 1435 274 facere,
1451 242 1498 269 sed
1513 242 1627 270 ministri
1642 243 1743 270 vinctos

953 288 1089 315 dimittunt
1104 296 1110 314 :
1127 295 1205 315 secus
1219 288 1278 320 hic;
1295 288 1407 323 ipsemet
1417 289 1473 316 Rex
1493 289 1526 316 ad
1545 290 1647 317 vinctos
1662 291 1744 318 venit.

953 335 1010 361 Non
1030 335 1135 362 erubuit
1157 342 1291 362 carcerem
1302 355 1309 366 ,
1325 342 1412 370 neque
1436 335 1558 363 detentos
1573 337 1598 363 in
1613 344 1720 364 carcere
1737 346 1744 365 :

953 381 986 408 dc
999 389 1030 408 eo
1043 381 1113 408 enim
1128 389 1206 415 quem
1222 381 1346 413 ﬁnxerat,
1359 381 1519 410 erubescere
1534 391 1586 410 non
1600 384 1704 418 potuit;
1718 389 1746 411 et

953 427 1085 462 confregit
1107 427 1178 454 fores
1188 448 1194 458 .
1209 433 1236 454 et
1251 433 1340 455 vectes
1355 429 1497 460 contrivit,
1521 431 1684 464 superastitit
1706 431 1744 457 in-

954 472 1029 499 ferno
1041 494 1048 504 ,
1063 478 1089 500 ct
1101 473 1234 501 desertam
1249 473 1313 501 fecit
1328 478 1409 501 totam
1426 475 1495 502 illius
1509 476 1654 503 custodiam
1665 497 1673 510 ,
1688 485 1747 504 caro

953 518 1077 552 cerisque
1098 518 1208 545 custode
1223 519 1248 545 in
1263 519 1367 546 vincula
1381 519 1513 553 conjecto,
1529 520 1561 546 ad
1579 528 1626 547 nos
1645 529 1747 549 remca~

953 563 1001 589 vit.
1017 563 1156 598 Tyrannus
1178 564 1298 598 captivus
1323 564 1490 598 ducebatur,
1517 565 1593 592 fortis
1618 567 1745 595 vinctus:

955 610 1010 643 ipsa
1025 617 1098 637 mors
1120 610 1231 645 abiectis
1245 611 1327 639 armis
1339 632 1346 644 ,
1361 611 1431 639 nuda
1446 612 1478 640 ad
1501 612 1581 648 Regis
1597 613 1677 648 pedes
1699 621 1744 641 eu-
1757 610 1760 648 ς

954 657 1046 684 currit.
1760 649 1763 671 '-

992 701 1046 729 Per
1059 711 1115 736 qua
1128 703 1220 730 vicerat
1235 703 1351 731 diabolus
1369 705 1494 736 vincitur;
1515 705 1618 732 victoria
1639 705 1693 732 sine
1712 705 1749 732 la-

955 747 1014 775 bore
1035 753 1131 775 nostra.
1145 749 1286 776 -—Vidisti
1310 750 1456 777 mirandam
1480 751 1638 778 victoriam?
1660 752 1748 779 vidisti
1775 758 1778 797 ι

955 794 1042 821 crucis
1057 794 1184 828 praeclara
1199 795 1336 822 facinora?
1351 796 1439 823 Dicam
1461 796 1506 824 tibi
1522 797 1646 832 quiddam
1662 797 1750 826 adhuc

955 839 1123 868 mirabilius?
1137 841 1211 869 disce
1223 842 1330 870 modum
1347 843 1475 876 victoriae,
1489 847 1516 870 et
1531 847 1593 871 tunc
1607 844 1691 879 magis
1703 844 1750 871 ob-

957 891 1104 921 stupesces.
1119 887 1170 915 Per
1182 896 1242 923 qua:
1256 889 1326 916 cnim
1339 889 1460 916 diabolus
1474 890 1583 922 vicerat,
1598 897 1646 924 per
1656 890 1748 917 eadem

956 933 1077 960 Christus
1090 935 1213 961 eumdem
1225 934 1332 968 devicit,
1347 941 1374 962 et
1384 936 1499 970 acceptis
1512 936 1607 970 quibus
1620 944 1683 963 usus
1696 936 1752 963 fue-

958 983 1000 1005 rat
1014 980 1106 1013 armis,
1123 988 1183 1007 eum
1199 980 1341 1008 debellavit
1355 990 1361 1008 :
1375 985 1402 1008 et
1413 982 1556 1016 quomodo,
1573 982 1644 1009 audi.
1661 982 1747 1017 Virgo,

957 1023 1056 1058 lignum
1071 1029 1098 1052 et
1111 1033 1184 1052 mors
1197 1026 1280 1053 cladis
1295 1031 1393 1054 nostra:
1404 1027 1512 1054 fuerunt
1527 1028 1657 1063 symbola.
1673 1028 1751 1063 Virgo
1772 1049 1785 1067 ,λ

1788 752 1790 767 l

1788 770 1790 782 λ

959 1070 1090 1097 erat'Eva
1105 1079 1111 1097 :
1128 1071 1240 1098 necdum
1258 1071 1329 1099 enim
1345 1073 1431 1099 virum
1451 1078 1628 1108 cognoverat;
1652 1074 1750 1108 lignum
1771 1064 1788 1100 ξῖ

957 1123 1015 1144 erat
1029 1117 1119 1150 arbor,
1133 1125 1204 1145 tnors
1218 1118 1315 1146 mulcta
1330 1119 1434 1146 Adami.
1447 1120 1480 1146 At
1492 1127 1554 1147 ecce
1565 1120 1660 1148 iterum
1672 1120 1752 1154 Virgo

958 1167 985 1189 et
999 1163 1099 1198 lignum
1113 1169 1140 1191 et
1153 1171 1235 1196 mors,
1250 1165 1293 1191 illa
1304 1164 1388 1191 cladis
1397 1165 1528 1200 symbola,
1540 1165 1623 1200 ipsius
1635 1165 1752 1192 victorize

958 1209 1078 1244 symbola
1095 1209 1161 1236 facta
1177 1213 1249 1236 sunt.
1264 1212 1331 1237 Nam
1355 1210 1414 1237 loco
1434 1210 1497 1238 Eva:
1516 1211 1557 1238 est
1573 1210 1670 1242 Maria;
1693 1211 1753 1238 Ιοευ

959 1253 1022 1288 ligni
1036 1254 1153 1281 scicntia:
1166 1255 1228 1282 boni
1242 1260 1267 1282 et
1282 1255 1344 1282 mali
1358 1255 1456 1290 lignum
1470 1256 1572 1288 crucis;
1584 1256 1643 1283 loco
1658 1257 1753 1284 mortis

959 1300 1055 1327 Adami
1077 1307 1149 1328 mors
1168 1300 1276 1328 Christi.
1292 1301 1371 1329 Vides
1385 1309 1445 1329 eum
1456 1323 1463 1334 ,
1481 1309 1529 1336 per
1542 1310 1601 1337 qum
1613 1302 1690 1333 vicit,
1708 1310 1754 1337 per

959 1347 1051 1373 eadem
1066 1351 1093 1374 et
1106 1347 1203 1374 victum
1217 1348 1299 1374 esse?
1313 1346 1389 1375 Circa
1405 1348 1528 1375 arborem
1543 1349 1685 1382 prostravit
1698 1349 1755 1376 dia-
1772 1351 1773 1354 ‘

960 1391 1038 1419 bolus
1061 1392 1210 1425 Adamum,
1232 1393 1300 1420 circa
1323 1393 1446 1421 arborem
1471 1393 1613 1421 debellavit
1635 1394 1755 1421 Christus

960 1438 1104 1466 diabolum.
1119 1439 1151 1466 Et
1166 1439 1229 1466 illud
1243 1440 1350 1474 quidem
1366 1440 1465 1474 lignutn
1488 1441 1610 1468 mittebat
1629 1441 1662 1468 ad
1684 1441 1754 1469 infe—

961 1491 1005 1511 ros
1019 1492 1024 1510 :
1040 1489 1068 1511 at
1083 1484 1134 1511 hoc
1148 1485 1227 1511 etiam
1244 1485 1314 1517 illos,
1327 1486 1371 1520 qui
1384 1486 1438 1520 jam
1450 1493 1482 1513 eo
1493 1486 1694 1520 descenderant,
1711 1495 1755 1514 re-

960 1531 1082 1558 vocabat.
1110 1531 1208 1559 lterum
1239 1531 1371 1566 lignorum
1398 1532 1511 1559 alterum
1539 1532 1674 1560 hominem
1700 1533 1754 1568 jam

960 1582 1067 1613 captum
1088 1578 1241 1613 nudumque
1266 1578 1429 1606 occultavit:
1444 1583 1471 1605 at
1491 1579 1541 1606 ltoc
1562 1579 1689 1606 victorem
1706 1587 1755 1605 nu-

961 1624 1025 1651 dutn
1048 1623 1074 1650 in
1094 1623 1148 1651 alto
1165 1624 1288 1652 oumibus
1307 1624 1436 1651 ostendit.
1452 1624 1486 1651 Et
1507 1624 1548 1651 illa
1563 1624 1668 1659 quidem
1684 1632 1756 1651 mors

962 1679 1025 1704 eos,
1041 1671 1086 1706 qui
1103 1674 1163 1705 post
1177 1670 1261 1705 ipsam
1278 1670 1332 1697 nati
1348 1674 1427 1704 sunt,
1448 1670 1650 1699 condemnavit:
1665 1675 1692 1696 at
1707 1671 1756 1697 ista

962 1724 1035 1744 tnors
1045 1717 1125 1744 etiam
1138 1717 1197 1743 illos
1209 1716 1253 1751 qui
1268 1716 1322 1743 nati
1336 1715 1441 1743 fuerant
1454 1720 1516 1743 ante
1529 1716 1623 1750 ipsam,
1639 1717 1756 1744 resusci-

962 1763 1037 1790 tavit.
1051 1762 1114 1795 Qui:
1128 1763 1242 1797 loquetur
1256 1762 1379 1798 potentia:
1391 1761 1496 1789 Domini
1512 1761 1596 1798 (Paul.
1610 1762 1670 1790 105.
1682 1761 1723 1798 2)?
1733 1764 1755 1790 Δ

962 1813 1048 1836 morte
1064 1808 1226 1836 immortales
1241 1808 1303 1836 facti
1315 1814 1428 1836 sumus:
1445 1808 1501 1835 [13:0
1514 1812 1576 1835 sunt
1588 1808 1674 1835 crucis
1687 1816 1753 1843 pra:-

963 1855 1035 1882 clara
1051 1854 1178 1881 facinora.

998 1900 1153 1928 Intellexisti
1167 1899 1324 1927 victoriam?
1338 1899 1491 1928 intellexisti
1503 1899 1610 1927 modum
1622 1900 1757 1927 victoriae?

963 1945 1036 1974 disce
1049 1953 1129 1978 nunc,
1144 1946 1278 1980 quomodo
1293 1950 1321 1974 et
1334 1946 1391 1973 sine
1404 1946 1495 1973 labore
1510 1951 1538 1974 et
1552 1946 1650 1974 sudore
1664 1951 1756 1974 nostro

962 1993 1074 2020 victoria
1082 1992 1140 2020 inec
1151 1992 1229 2020 fuerit
1241 1997 1325 2027 parta.
1336 1992 1391 2020 Nos
1401 2000 1474 2019 arma
1486 2000 1538 2019 non
1549 1993 1757 2025 cruentavimus,

963 2047 1016 2066 non
1037 2039 1158 2066 stetimus
1173 2039 1198 2065 in
1214 2037 1288 2071 acie,
1303 2045 1355 2065 non
1369 2039 1519 2072 accepimus
1532 2039 1639 2065 vulnera
1649 2058 1657 2069 ν
1671 2046 1758 2072 neque

963 2086 1078 2113 vidimus
1091 2085 1200 2117 bellum,
1213 2089 1240 2112 et
1252 2088 1339 2111 tamen
1353 2084 1490 2111 victoriam
1504 2084 1667 2110 obtinuimus
1680 2092 1686 2110 :
1698 2091 1757 2110 cer-

964 2136 1052 2159 tanten
1063 2130 1168 2158 Domini
1179 2130 1239 2162 l'uit,
1251 2137 1349 2157 corona
1361 2135 1461 2157 nostra.
1475 2128 1541 2156 Cum
1553 2137 1616 2163 ergo
1629 2134 1655 2156 et
1666 2133 1756 2156 nostra

963 2179 998 2205 sit
1013 2177 1134 2209 victoria,
1150 2177 1248 2203 tnilites
1261 2176 1406 2208 imitemur,
1419 2175 1540 2210 laetisque
1553 2175 1661 2202 vocibus
1675 2175 1758 2202 victo-

964 2223 1011 2251 ria:
1033 2222 1125 2249 laudes
1147 2227 1174 2249 ct
1188 2222 1306 2248 carmina
1330 2221 1407 2248 hodie
1427 2221 1599 2248 decantettttts
1616 2229 1622 2247 :
1638 2221 1758 2248 dicamus

965 2269 1105 2296 Dominum
1125 2268 1264 2295 laudantes
1279 2275 1286 2294 :
1303 2267 1428 2302 Absorpta
1450 2272 1485 2293 est
1507 2275 1574 2294 mors
1594 2267 1620 2293 in
1643 2267 1755 2293 victoria.

967 2315 1014 2343 Ubi
1034 2320 1069 2342 est
1079 2335 1087 2346 ,
1100 2323 1177 2347 mors,
1198 2313 1303 2340 victoria
1315 2314 1372 2339 tua?
1386 2313 1427 2339 ubi
1441 2313 1557 2339 stimulus
1570 2317 1628 2339 tuus
1638 2334 1645 2345 ,
1661 2313 1759 2349 inferne

965 2361 1050 2397 (Osee
1071 2360 1115 2388 15.
1131 2361 1180 2390 M',
1198 2359 1223 2385 1.
1240 2357 1298 2386 Cor.
1311 2359 1354 2386 15.
1367 2359 1411 2386 54.
1424 2357 1493 2394 55)?
1508 2357 1569 2385 llaec
1586 2358 1674 2385 omnia
1690 2365 1758 2393 prte-

965 2408 1036 2434 clare
1052 2406 1118 2433 facta
1134 2413 1198 2432 crux
1214 2405 1291 2431 nobis
1305 2405 1407 2438 peperit
1423 2413 1429 2431 :
1446 2412 1510 2430 crux
1524 2407 1652 2438 tropmum
1665 2409 1758 2431 contra

965 2454 1102 2480 diemones
1116 2456 1245 2482 erectum,
1261 2451 1363 2485 gladius
1375 2455 1468 2476 contra
1486 2455 1641 2484 peccatum,
1656 2449 1759 2484 gladius

965 2508 1018 2534 quo
1031 2503 1181 2533 serpetttem
1197 2497 1316 2525 confodit
1332 2497 1454 2524 Christus
1466 2505 1472 2522 ε
1485 2504 1548 2523 crux
1565 2497 1650 2523 Patris
1664 2496 1759 2523 volun-

967 2551 1025 2577 tas,
1047 2545 1178 2579 Unigeniti
1192 2544 1286 2579 gloria,
1307 2544 1421 2578 Spiritus
1436 2543 1588 2576 exsultatio,
1602 2542 1759 2577 angelorum

965 2593 1056 2623 decus,
1079 2591 1205 2618 Ecclesia:
1219 2591 1358 2622 securitas,
1371 2589 1494 2623 gloriatio
1509 2589 1592 2620 Pauli,
1606 2592 1759 2615 sanctorum

967 2646 1073 2668 murus,
1091 2637 1170 2664 totius
1191 2637 1263 2663 orbis
1279 2637 1377 2662 lumen.
1391 2634 1619 2668 Quemadmodum
1642 2634 1713 2661 enim
1737 2634 1762 2660 si

966 2685 1025 2719 quis
1048 2683 1182 2710 lucernam
1205 2682 1230 2708 itt
1251 2681 1331 2708 dotno
1345 2681 1468 2716 quapiam
1484 2680 1600 2707 tenebris
1613 2679 1698 2706 obsita
1714 2686 1757 2705 ac-

967 2730 1062 2757 cendat
1077 2734 1104 2756 et
1118 2729 1143 2755 itt
1158 2729 1239 2755 altutn
1252 2731 1359 2758 statuat,
1376 2726 1500 2754 tenebras
1515 2726 1658 2760 derepente
1674 2725 1760 2759 fugat:
1792 2743 1794 2750 ν

967 2776 1006 2803 sic
1019 2775 1135 2802 tettehris
1150 2782 1198 2809 per
1212 2774 1366 2801 universum
1382 2774 1474 2800 orbem
1488 2772 1587 2807 sparsis
1600 2791 1607 2804 ,
1623 2770 1760 2801 Christus,

969 2826 1102 2855 tamquam
1117 2818 1266 2855 lampadem
1285 2819 1427 2854 quamdam
1439 2839 1446 2852 ,
1461 2825 1566 2846 crucem
1582 2815 1721 2849 accendit,
1735 2821 1762 2842 ct
1798 2828 1799 2831 η

971 2868 996 2896 in
1011 2868 1093 2895 altum
1113 2866 1214 2899 erexit,
1237 2873 1396 2901 omnemque
1418 2865 1557 2900 caliginem
1581 2863 1661 2890 totius
1684 2866 1761 2890 terra
