1978 3131
248 131 301 159 397

249 188 397 223 dissipavit.
413 189 447 217 Et
460 192 683 225 quemadmodum
699 195 800 231 lampas
810 205 889 233 supra
902 200 928 226 in
939 201 1039 228 vertice

248 232 337 260 lmuen
355 234 451 269 habet,
466 236 504 263 sic
519 241 547 264 et
559 245 623 265 crux
641 238 732 267 habuit
745 248 824 275 supra
839 232 865 269 in
879 245 978 272 vertice
987 245 1039 272 So-

247 278 299 305 lent
312 279 421 312 justitiae
435 281 615 316 eﬂ'ulgeutcm.
635 285 709 312 lhmc
727 294 788 314 cum
808 288 909 316 videret
924 291 1037 318 nutudus

246 323 329 350 clavis
342 326 461 358 aitixum,
483 327 629 361 cohorruit,
651 336 720 358 mota
741 339 782 359 est
803 338 890 366 terra,
913 335 1039 371 disrupta:

247 375 338 402 petrat.
353 370 406 398 Sed
422 371 481 399 licet
496 373 623 408 disrupta:
637 377 688 403 sint
705 384 787 412 petra:
797 400 805 412 ,
825 380 935 409 durities
950 387 1037 410 tamen

244 414 396 443 ludit-orum
419 427 471 445 non
494 425 534 447 est
555 421 673 457 disrupta
690 432 696 450 :
712 425 798 452 velum
819 429 909 462 templi
925 429 1037 457 scissum

247 466 298 491 est,
314 467 341 489 et
355 470 407 490 non
422 469 463 491 est
475 466 557 493 scissa
572 467 690 503 improba
703 470 808 498 illorum
822 475 994 508 conspiratio.

288 507 374 534 Veliam
387 511 473 544 templi
485 519 530 537 cur
541 513 655 540 scissum.
670 530 705 534 —
717 516 804 548 Quare
814 519 925 546 scissum
937 525 978 547 est
993 529 1038 548 ve-

245 551 320 579 lum?
334 553 399 587 Quia
414 557 540 590 templum
557 566 609 586 non
625 561 709 594 potuit
723 562 813 590 videre
829 563 970 592 Dominum
981 574 1037 594 cru-

207 587 211 593 ’
245 597 365 631 cilixum,
380 605 406 627 et
422 609 468 635 per
480 610 521 635 ea,
538 612 597 637 qure.
609 605 668 632 velo
683 614 732 634 suo
746 609 917 642 acciderunt,
933 616 1034 639 tantum

244 651 297 670 non
313 645 504 675 exhortationis
520 650 598 676 modo
613 651 660 678 ista
678 653 796 686 protulit.
810 655 846 681 De
861 661 959 683 cmtero
971 665 1034 684 sau-

243 694 285 715 cta
298 696 450 718 sanctorqu
465 695 620 728 conculcet,
641 698 760 733 quisquis
773 700 852 727 volet.
874 701 941 735 Quid
964 703 1034 730 enim

244 734 301 761 istis
312 743 378 770 opus
391 737 483 770 haben,
498 740 541 766 tali
551 742 683 770 sacriﬁcio
694 749 767 771 extra
779 745 869 773 oblato
878 752 904 774 et
916 749 1034 781 peracto?

243 781 305 814 quid
320 782 382 809 mihi
398 784 506 817 prodest
521 790 728 816 testamentum?
742 791 838 818 frustra
859 798 885 820 et
902 794 1033 823 incassum

243 831 317 854 tanto
331 833 450 863 tempore
466 831 530 858 istos
543 833 631 860 docui.
643 835 708 868 Qua)
721 845 753 863 ex
768 837 824 872 lege
834 839 866 865 ad
881 848 923 867 me
937 842 1035 869 utilitas

242 872 330 898 redit?
345 873 399 901 lloc
415 880 442 902 et
462 877 589 912 propheta
604 880 735 908 clamabat
753 882 864 910 dicens:
881 885 965 918 Quare
978 888 1032 922 fre-

241 925 356 946 muerunt
368 927 460 955 gentes,
476 928 498 949 et
513 926 600 959 populi
613 927 726 954 meditati
736 934 793 956 sunt
806 931 892 958 inania
906 932 990 968 (Paul.
1004 934 1031 962 2.

242 964 289 998 1)?
303 966 449 995 Audierant
465 977 471 995 :
486 969 625 1005 Tamquam
648 974 700 1000 ovis
719 975 753 1001 ad
775 977 924 1004 occizionem
943 979 1033 1007 ductus

240 1016 286 1040 est.
297 1017 321 1037 et
333 1017 458 1048 tamquam
468 1024 548 1051 agnus
561 1026 645 1046 coram
656 1021 770 1048 tondente
779 1031 805 1049 se
817 1025 939 1052 obmutuit
954 1026 1031 1060 (Isai.

239 1056 283 1083 55.
301 1058 329 1092 7)
345 1067 350 1084 :
367 1065 392 1086 et
405 1069 465 1088 Clllll
481 1062 548 1090 hanc
565 1066 730 1100 prophetiam
744 1075 816 1097 tanto
830 1076 951 1107 tempore
963 1082 1030 1100 con-

239 1102 410 1137 sidera~seut,
424 1114 554 1141 prarscnte
566 1111 619 1144 jam
631 1119 673 1144 eo,
685 1115 754 1148 quod
768 1116 920 1150 pru'diclltltl
933 1119 1028 1152 fuerat,

239 1154 291 1174 non
306 1150 484 1180 crediderunt.
498 1154 602 1189 Cernis,
618 1159 751 1192 quomodo
766 1161 882 1189 meditati
897 1169 957 1191 sunt
970 1165 1037 1202 iua-‘

238 1194 298 1221 uia?
312 1195 454 1230 Propterea
474 1201 585 1229 scissum
601 1210 640 1230 est
654 1205 796 1240 templum,
818 1208 971 1242 signiﬁcans
984 1219 1029 1238 so-
1051 1210 1053 1215 ’

236 1239 374 1269 litudiuem
396 1249 423 1270 et
445 1247 619 1274 vastationem
640 1250 750 1284 posthac
771 1239 797 1279 iu
820 1239 976 1289 perpetuum
991 1257 1030 1284 fu-

236 1290 332 1313 turam.

271 1332 298 1358 5.
316 1333 354 1358 Ad
366 1334 570 1364 Commtmionem
582 1348 631 1373 quo
644 1348 717 1375 parto
728 1345 846 1371 eundum.
857 1361 893 1366 ——
902 1347 968 1375 Cum
981 1349 1029 1383 igi-

235 1381 278 1403 tur
299 1385 376 1411 eum,
400 1381 445 1415 qui
468 1383 493 1409 iu
518 1391 596 1412 cruce
617 1387 710 1414 afﬁxus
725 1394 780 1421 est,
798 1399 846 1418 nos
867 1393 956 1420 itidem
977 1395 1027 1421 sub

234 1429 374 1458 vesperam
390 1427 471 1454 visuri
494 1429 593 1462 simus,
617 1437 749 1469 tamquam
771 1444 867 1471 agnum
884 1445 1025 1468 mactatum

233 1473 261 1496 et
275 1470 451 1506 immolatum,
467 1483 562 1504 moneo
572 1499 579 1510 ,
595 1484 693 1507 etcum
708 1486 835 1516 tremore,
855 1488 1026 1515 veneratione

233 1518 261 1541 et
275 1518 422 1545 reverentia
434 1521 515 1548 multa
527 1524 694 1553 accedamus.
707 1528 746 1554 An
761 1531 878 1564 nescitis,
891 1534 1025 1566 quomodo

232 1563 318 1596 angeli
333 1564 483 1594 adstiterint
494 1570 618 1603 sepulcro
631 1579 727 1608 corpus
741 1582 792 1602 non
808 1563 924 1611 habenti,
936 1581 1025 1614 sepul-

233 1615 281 1635 cro
296 1612 400 1638 vacuo?
412 1617 527 1642 attamen
542 1624 601 1643 eum
616 1620 700 1647 semel
715 1625 798 1649 totum
809 1631 905 1658 corpus
920 1625 1023 1654 Domini

234 1656 387 1689 recepisset,
402 1659 513 1686 multum
530 1661 638 1691 honoris
653 1665 702 1699 ipsi
717 1667 795 1694 etiam
812 1656 871 1697 loco
885 1671 1021 1699 exhibent.

232 1701 325 1736 Angeli
338 1723 345 1734 .
359 1704 404 1738 qui
423 1710 542 1735 naturam
563 1716 680 1738 nostram
695 1715 850 1743 excellentia
874 1725 922 1745 sua
946 1719 1023 1755 lange

232 1754 370 1781 superant,
397 1755 467 1778 tanta
492 1757 639 1782 reverentia
662 1762 689 1785 et
709 1760 879 1788 observantia
899 1754 1022 1798 sepulcro

231 1793 360 1822 assistunt
375 1804 381 1822 :
396 1804 444 1824 nos
456 1806 507 1826 non
521 1800 553 1827 ad
567 1803 718 1836 sepulcrum
734 1806 821 1838 inane,
832 1809 878 1835 sed
891 1810 923 1837 ad
937 1811 1021 1845 ipsam

232 1845 350 1866 mensam
361 1861 368 1874 ,
386 1842 410 1869 in
425 1851 475 1877 qua
488 1846 578 1880 Agnus
593 1849 695 1882 positus
707 1855 761 1883 est,
776 1853 871 1881 adituri
882 1875 889 1886 .
903 1842 963 1883 cum
979 1862 1021 1884 tu-

231 1885 316 1912 multu
331 1891 356 1913 et
373 1889 523 1918 turbatione
535 1894 706 1923 accedimus?
719 1898 750 1924 Et
766 1908 825 1933 qua:
838 1902 913 1929 nobis
928 1903 962 1931 de
977 1912 1019 1931 re—

231 1930 302 1966 liquo
323 1935 398 1961 venia
421 1939 550 1970 speranda
565 1941 635 1967 erit?
649 1942 704 1969 Non
724 1944 783 1971 dico
799 1945 855 1974 haic
866 1948 1022 1983 simpliciter

230 1982 257 2004 et
270 1977 380 2013 temere,
393 1983 439 2009 sed
454 1991 514 2011 cum
526 1985 616 2014 videre
626 1988 725 2016 soleam
739 1990 788 2018 hac
802 2000 909 2027 vespera
924 1996 1022 2024 multos

230 2025 429 2057 tumultuantes.
446 2029 602 2064 clamantes,
613 2039 672 2061 sese
685 2040 777 2064 mutuo
788 2039 934 2073 trudentes,
948 2042 1021 2068 exsi-

229 2069 326 2098 lientes
337 2093 344 2103 ,
360 2074 477 2102 convicia
496 2075 622 2110 iacientes
633 2100 640 2112 ,
657 2082 793 2117 magisque
818 2093 921 2118 [uenam
942 2095 1020 2122 quam

229 2116 341 2144 salutem
355 2119 404 2146 sibi
418 2129 603 2156 comparantes
613 2147 620 2159 ,
634 2134 666 2154 ea
677 2128 710 2155 de
724 2136 803 2156 causa
820 2130 888 2159 hanc
900 2133 1022 2160 admoni-

232 2165 330 2191 tionem
344 2165 462 2194 instituo.

266 2209 396 2240 lnvocatio
422 2214 534 2249 Spiritus
551 2224 641 2247 sancti.
657 2236 692 2241 —
706 2223 780 2255 Quod
809 2224 872 2252 facis
887 2246 895 2258 ,
921 2226 1020 2254 homo?

231 2256 338 2288 quando
353 2260 478 2288 sacerdos
492 2267 544 2290 stat
555 2270 618 2292 ante
631 2274 733 2295 sacram
749 2277 866 2298 mensam
877 2293 884 2303 ,
899 2273 1020 2300 manibus

231 2303 257 2330 in
269 2303 363 2331 uelum
375 2307 500 2341 extensis,
515 2310 641 2340 invocans
651 2313 777 2348 Spiritum
789 2321 918 2351 sanetum,
933 2324 961 2346 ut
975 2320 1021 2347 ad-

623 136 652 165 S.
671 137 811 168 JOANNIS
823 140 1066 172 CHRYSOSTOMI
1081 143 1242 172 ARCHIEP.
1263 146 1529 178 CONSTANTINOP.

1834 155 1888 184 398

1093 202 1201 236 veniat,
1215 207 1246 230 ut
1258 205 1393 239 proposita
1414 205 1483 233 dona
1506 207 1659 244 contingat,
1683 217 1777 246 magna
1792 214 1887 248 quies,

1093 255 1216 283 magnum
1241 250 1516 287 silentiumzquando
1539 254 1654 289 Spiritus
1676 257 1788 291 gratiam
1811 265 1888 287 suam

1093 295 1201 327 tribuit,
1225 297 1331 331 quando
1352 298 1506 332 descendit,
1532 302 1637 336 quando
1659 305 1792 338 proposita
1817 305 1888 332 dona

1091 341 1222 376 contingit
1233 363 1240 374 ,
1253 343 1359 377 quando
1374 352 1449 371 ovem
1472 351 1613 374 mactatam
1632 352 1659 376 et
1672 355 1887 378 consummatam

1091 388 1189 419 cernis.
1206 394 1267 416 tunc
1282 391 1422 418 tumultum
1435 413 1443 425 ,
1459 397 1522 420 tunc
1541 394 1631 422 turbas
1641 416 1648 428 ,
1665 400 1727 424 tunc
1737 399 1890 425 contentio-

1092 440 1152 460 nem
1166 433 1266 461 excitas
1276 439 1303 462 et
1315 437 1433 463 convicia
1446 437 1532 472 jacis?
1543 439 1680 472 Quomodo
1693 442 1825 470 sacriﬁcio
1835 443 1888 472 hoc

1092 478 1190 512 perfrui
1204 484 1289 514 potes,
1303 489 1363 508 eum
1380 487 1453 509 tanto
1468 486 1581 511 tumultu
1595 491 1621 512 et
1634 488 1746 521 strepitu
1761 488 1795 516 ad
1811 497 1889 516 men-

1090 531 1146 551 sam
1162 524 1229 553 hanc
1239 527 1369 555 accedas?
1382 528 1439 556 Non
1453 530 1550 558 sufﬁcit
1567 531 1643 559 nobis
1663 534 1779 567 peccatis
1793 541 1888 562 conta-

1090 571 1204 599 minatos
1217 573 1356 606 accedere,
1372 576 1419 602 sed
1432 576 1517 610 ipsum
1533 578 1611 605 etiam
1625 587 1749 608 accessus
1762 589 1887 609 momen-

1090 620 1145 643 tum
1163 625 1213 644 non
1230 618 1341 646 sinimus
1354 628 1368 647 a
1381 627 1490 655 peccato
1503 623 1616 651 liberum
1637 627 1782 659 prasterire.
1796 627 1887 661 Quan-

1088 661 1123 688 do
1136 663 1206 689 euim
1217 663 1365 698 jurgamur,
1379 667 1486 700 quando
1502 670 1702 703 tumultuamur,
1717 673 1824 707 quando
1835 682 1886 702 nos

1089 713 1181 735 mutuo
1197 710 1361 744 mordemus,
1378 714 1513 747 quomodo
1525 723 1540 741 a
1556 717 1670 750 peccatis
1684 718 1816 747 immunes
1831 721 1886 748 eri-

1088 755 1164 780 mus?
1179 755 1226 782 Dic
1240 757 1314 789 mihi,
1329 759 1390 792 quid
1407 761 1553 794 properas?
1566 763 1641 796 cujus
1656 765 1739 798 gratia
1756 766 1865 793 festinas
1877 789 1884 798 ,

1087 807 1148 826 cum
1171 808 1247 828 ovem
1269 802 1323 836 jam
1346 805 1461 832 occisam
1476 807 1591 840 aspicis?
1604 816 1664 835 nam
1681 810 1703 836 si
1723 815 1778 837 tota
1804 817 1884 840 nocte

1087 846 1246 873 sacrificium
1261 847 1311 875 hoc
1325 849 1419 876 intueri
1435 850 1557 883 deberes,
1572 861 1606 880 an
1621 856 1803 888 spectaculum
1819 857 1879 889 hoc,

1087 891 1154 918 cedo
1166 913 1173 923 ,
1198 895 1346 921 satietatem
1366 895 1495 924 allerrct?
1508 898 1575 925 Toto
1587 899 1631 927 die
1644 901 1776 934 patienter
1785 910 1882 938 exspe-

1086 938 1163 965 ctasti
1175 959 1182 970 ,
1197 939 1293 967 bonam
1310 943 1394 969 noctis
1411 948 1511 977 partem
1527 947 1694 974 transmisisti
1705 969 1712 980 ,
1726 953 1883 984 tantumque

1087 983 1207 1011 laborum
1229 985 1302 1012 brevi
1321 989 1447 1021 temporis
1468 995 1564 1024 puncto
1581 992 1697 1026 prodigis
1719 998 1747 1020 et
1770 994 1880 1028 perdis‘.t

1085 1028 1187 1062 Cogita,
1203 1031 1330 1064 quidnam
1343 1033 1377 1059 sit
1389 1033 1450 1060 illud
1462 1035 1530 1068 quod
1543 1037 1705 1070 propositum
1717 1043 1770 1071 est,
1785 1045 1810 1066 et
1822 1048 1880 1074 qua:

1085 1074 1119 1099 sit
1131 1073 1188 1107 ejus
1203 1082 1282 1102 causa
1299 1085 1305 1102 :
1320 1077 1424 1104 occisus
1438 1084 1478 1106 est
1493 1086 1601 1115 propter
1616 1087 1641 1108 te
1651 1103 1657 1113 ,
1678 1087 1706 1109 et
1730 1088 1757 1110 tu
1778 1084 1880 1113 deseris

1085 1118 1158 1146 illum
1172 1120 1256 1154 ipsum
1267 1122 1431 1150 immolatum
1441 1125 1582 1159 aspiciens.
1594 1126 1642 1154 Ubi
1654 1129 1772 1162 cadaver,
1786 1130 1877 1164 inquit,

1083 1165 1118 1191 ibi
1130 1171 1153 1192 et
1167 1168 1258 1200 aquilw
1269 1168 1373 1204 (Matth.
1389 1170 1433 1198 24.
1448 1171 1505 1206 28).
1520 1172 1572 1199 Nos
1591 1178 1680 1200 autem
1696 1184 1749 1202 non
1763 1182 1792 1203 ut
1807 1179 1879 1212 aquia-

1084 1211 1126 1244 lic,
1143 1212 1189 1239 sed
1206 1218 1233 1239 ut
1247 1221 1328 1242 canes
1340 1216 1491 1243 accedimus
1508 1227 1514 1244 :
1533 1224 1602 1245 tanta
1619 1226 1708 1247 nostra
1730 1227 1773 1248 est
1794 1222 1877 1257 impu-

1083 1257 1184 1285 dentia.
1200 1259 1290 1294 Cogita
1304 1262 1366 1296 quid
1381 1263 1486 1290 tandem
1506 1264 1569 1291 illud
1591 1266 1642 1298 sit,
1667 1267 1739 1301 quod
1764 1269 1876 1295 cllusum

1083 1309 1123 1332 est
1137 1314 1143 1332 :
1159 1307 1265 1341 sanguis
1279 1313 1329 1340 est,
1345 1310 1453 1344 sanguis
1467 1311 1510 1345 qui
1525 1311 1732 1347 chirographum
1755 1321 1876 1348 peccato-

1082 1358 1140 1378 rum
1154 1351 1270 1379 delevit:
1286 1355 1409 1389 sanguis,
1425 1356 1470 1390 qui
1493 1357 1607 1384 animam
1631 1363 1702 1385 tuam
1728 1360 1874 1392 mundavit,

1081 1398 1124 1431 qui
1151 1399 1280 1426 maculam
1304 1401 1386 1433 eluit,
1413 1403 1457 1436 qui
1486 1404 1649 1438 principatus
1675 1410 1702 1431 et
1730 1412 1873 1439 potestates

1081 1443 1261 1478 triumphavit.
1271 1445 1425 1479 Exspatiata:
1435 1449 1510 1481 enim,
1522 1450 1613 1485 inquit,
1627 1451 1787 1485 principatus
1797 1458 1821 1478 et
1833 1461 1875 1487 pa-

1080 1495 1178 1518 testates
1190 1493 1302 1519 traduxit
1312 1494 1466 1527 conﬁdenter
1477 1495 1550 1522 trium
1554 1496 1634 1530 pimus
1647 1498 1671 1523 in
1683 1506 1759 1524 cruce
1767 1498 1875 1534 (Colon.

1079 1535 1106 1562 2.
1129 1536 1195 1572 15).
1217 1537 1295 1564 Multa
1318 1539 1437 1566 victoria:
1459 1541 1578 1576 symbola
1603 1541 1695 1569 habuit
1722 1549 1875 1578 tropreum:

1079 1582 1163 1616 spolia
1186 1590 1302 1617 superne
1327 1585 1360 1612 de
1384 1593 1463 1613 cruce
1491 1587 1616 1621 pendent.
1641 1588 1874 1621 Quemadmodum
1920 1615 1923 1617 .

1078 1628 1148 1655 enim
1165 1631 1347 1664 magnanimus
1363 1633 1457 1667 aliquis
1471 1641 1529 1663 rex.
1544 1635 1666 1662 confecto
1679 1636 1795 1664 feliciter
1809 1638 1875 1664 difﬁ-

1078 1674 1180 1701 cillimo
1195 1675 1273 1710 bello,
1290 1676 1460 1706 thoracemet
1475 1679 1597 1715 clypequ
1610 1686 1635 1708 et
1646 1689 1722 1708 arma
1733 1683 1838 1717 tyranni
1849 1689 1874 1710 et

1076 1719 1189 1747 militum
1201 1729 1267 1756 quos
1280 1722 1388 1755 devicit,
1402 1731 1483 1759 super
1492 1726 1625 1753 excelsum
1638 1731 1770 1760 tropa‘um
1785 1730 1871 1762 ponit:

1076 1765 1115 1792 sic
1129 1771 1156 1793 et
1169 1765 1300 1800 Christus,
1317 1769 1392 1796 ﬁnito
1407 1770 1486 1803 bello,
1500 1772 1569 1806 quod
1585 1780 1650 1799 eum‘
1661 1773 1770 1800 diabolo
1782 1782 1871 1809 gesse-

1075 1816 1133 1842 rat,
1147 1820 1221 1840 arma
1242 1814 1300 1848 ejus
1315 1816 1458 1848 universa,
1480 1822 1593 1844 mortem
1609 1822 1635 1844 et
1656 1819 1869 1846 maledictionem
1900 1832 1903 1843 ι

1076 1856 1109 1883 ab
1124 1859 1228 1886 excelsa
1243 1867 1322 1888 cruce
1334 1862 1482 1895 suspendit,
1497 1868 1629 1898 tamquam
1641 1864 1674 1890 de
1689 1869 1795 1899 Iropmo
1808 1873 1871 1900 quo-
1894 1883 1895 1888 η

1075 1903 1198 1931 dam:ut
1213 1912 1307 1933 omnes
1331 1911 1459 1941 tropmtlm
1484 1908 1547 1935 illud
1572 1909 1803 1944 conspicareutur,
1825 1919 1869 1938 su-

1076 1957 1166 1983 perna:
1181 1950 1312 1984 Virtutes,
1329 1961 1388 1987 qua:
1404 1954 1429 1980 in
1444 1954 1533 1985 carlis,
1551 1954 1691 1988 homines,
1708 1957 1752 1991 qui
1770 1956 1869 1984 inferne

1076 2001 1175 2022 terram
1192 1997 1326 2030 incolunt;
1342 1999 1444 2034 ipsique
1458 2001 1519 2027 mali
1537 2001 1674 2029 dzcnioues
1687 2023 1693 2033 ,
1708 2003 1753 2038 qui
1775 2003 1866 2031 devicti

1076 2047 1147 2069 sunt.
1163 2044 1228 2070 Cum
1246 2044 1325 2078 igitur
1341 2050 1414 2072 tanto
1430 2055 1539 2074 munere
1554 2048 1640 2075 affecti
1659 2050 1744 2075 simus
1755 2071 1762 2081 ,
1776 2050 1867 2084 dignos

1076 2089 1254 2124 nosmetipsos
1270 2098 1318 2124 pro
1333 2092 1432 2119 viribus
1448 2093 1619 2121 ostendamus
1633 2095 1710 2121 boris
1728 2096 1779 2123 illis
1789 2116 1796 2128 ,
1811 2104 1866 2130 qua:

1076 2135 1152 2162 nobis
1165 2140 1227 2162 sunt
1242 2145 1368 2165 concessa
1380 2160 1386 2171 ,
1402 2144 1430 2166 ut
1444 2144 1470 2166 et
1485 2140 1609 2167 cmlorum
1623 2149 1734 2176 regnum
1747 2151 1866 2177 assequa-

1075 2187 1145 2213 mur,
1160 2183 1243 2216 gratia
1255 2189 1283 2210 et
1297 2183 1459 2212 humanitate
1472 2186 1575 2213 Domini
1589 2187 1671 2214 nostri
1685 2188 1748 2214 Jesu
1759 2188 1864 2221 Christi,

1076 2235 1123 2262 per
1138 2236 1215 2262 quem
1231 2235 1330 2257 etcum
1350 2239 1404 2266 quo
1417 2232 1487 2259 Patri
1504 2234 1580 2260 simul
1597 2239 1622 2261 et
1635 2234 1747 2268 Spiritui
1761 2240 1863 2266 sancto,

1074 2275 1177 2310 gloria,
1205 2276 1310 2311 honor,
1346 2279 1483 2313 potentia,
1511 2280 1536 2307 in
1567 2281 1664 2308 srccula
1696 2281 1864 2308 saeculorum.

1074 2323 1170 2350 Amen.
