1978 3131
145 145 191 172 597

150 199 302 235 Ἐκκλησίας
319 200 336 234 ἡ
348 199 490 234 ἀσφάλεια,
505 199 535 225 τὸ
551 198 681 234 καύχημα
693 198 809 228 Παύλου,
823 196 853 223 τὺ
864 196 919 223 τῶν

143 243 221 276 ἁγίων
258 243 363 276 τεῖχος,
391 241 419 267 τὸ
442 241 499 275 φῶς
529 241 578 276 τῆς
610 241 772 275 οἰκουμένης
799 239 918 273 ἁπάσης.

144 284 267 314 Καθάπερ
285 284 341 318 γὰρ
361 283 447 317 σκότῳ
456 283 637 317 κατεχομένου
651 283 724 308 οἴκου
737 281 866 316 λαμπάδα
879 289 920 312 τις

142 325 238 359 livida;
255 325 302 351 καὶ
325 324 407 360 ὀρθὴν
427 324 580 359 ἀναστήσας
599 323 744 350 ἀπελαύνει
760 323 789 349 τὸ
807 323 900 353 σκότος
911 330 919 337 ·

141 368 205 395 οὓτω
218 367 266 401 τῆς
281 366 442 401 οἰκουμένης
458 365 509 391 ὑπὸ
522 365 602 399 ζόφου
618 365 818 400 κατεχομένης,
835 363 921 390 καθά-

143 418 190 444 περ
205 408 331 442 λαμπάδα
353 407 412 434 τινὰ
446 407 491 433 τὸν
516 407 631 440 σταυρὸν
645 406 750 441 ἀνάψας
774 406 820 432 καλ¹
843 405 921 440 ὀρθὸν

141 452 288 484 ἀναστήσας
304 450 318 476 ὁ
341 449 473 484 Χριστὸς,
499 449 548 483 τῆς
574 448 626 483 γῆς
650 449 758 475 ἅπαντα
776 448 820 474 τὸν
842 447 921 481 ζόφον

141 493 221 518 ἔλυσε,
235 491 291 517 Καὶ
305 491 429 525 καθάπερ
444 491 460 525 ἡ
475 490 585 525 λαμπὰς
598 491 643 516 ἐπὶ
654 491 686 525 τῇ
701 489 804 524 κεφαλῇ
822 489 878 516 ἄνω
892 489 922 515 τὸ

140 534 192 568 φῶς
207 533 273 567 ἔχει,
288 533 358 559 οὕτω
373 533 420 559 καὶ
431 533 444 558 ὸ
461 532 576 567 σταυρὸς
589 532 644 558 ἀνω
657 532 685 558 ὲν
699 533 732 567 τῇ
750 530 854 566 κεφαλῇ
878 530 922 557 τὸν

139 577 208 610 ἣλιον
219 576 267 609 τῆς
278 574 450 609 δικαιοσύνης
461 571 533 608 εἶχεν
547 573 732 607 ὲκλάμποντα.
745 573 844 599 Τοῦτον
861 571 922 598 ίδὼν

139 616 343 652 προσηλωμένον
370 617 385 642 ὸ
413 616 514 651 κόσμος
539 615 664 650 ἔφριξεν,
686 614 817 650 ἐκλονήθη
837 615 853 649 ή
874 615 920 649 γῆ,

137 658 316 694 διερῤἀγησαν
331 658 359 683 αἱ
377 657 485 692 πέτραι.
508 656 575 682 Ἀλλ’
593 658 618 683 εί
634 656 681 683 καὶ
697 657 878 692 διερρἁγησαν
894 656 922 682 αἱ

138 701 247 735 πέτραι,
269 701 286 734 ἡ
305 699 466 734 ἀναισθησία
491 699 544 725 τῶν
568 699 700 725 Ἰουδαίων
719 699 748 725 οὐ
770 698 900 734 διερράγη
914 707 921 713 ·

137 742 244 778 ἐσχίσθη
261 742 293 768 τὸ
310 742 507 776 καταπέτασμα
518 762 525 773 ,
551 742 598 768 καὶ
618 741 667 768 οὐκ
686 741 760 777 [401]
776 741 887 776 ἐσχίσθη
905 741 921 776 ἡ

137 784 240 818 πονηρά
257 783 403 818 συμφωνία
420 783 540 810 ἐκείνων.

170 825 218 852 Διὰ
230 825 257 851 τί
272 825 384 859 ἐσχίσθη
397 824 426 851 τὸ
441 824 653 859 καταπέτασμα;
671 824 734 850 Ὅτι
745 823 795 850 οὐκ
808 823 922 857 ἠδύνατο

137 867 178 894 τὸν
196 867 338 901 Δεσπότην
359 867 424 901 όρᾷν
441 866 641 902 σταυρούμενον
663 867 676 892 ὁ
695 866 758 897 ναός
770 874 776 880 ’
796 865 829 891 δι’
845 861 881 891 ὧν
895 865 922 890 δὲ

137 910 173 941 εἰς
186 908 217 935 τὸ
232 908 318 934 αὑτοῦ
335 908 534 942 καταπέτασμα
550 909 645 942 γέγονε
655 928 662 938 ,
687 906 826 942 μονονουχὶ
846 905 923 932 τοῦτο

136 951 297 988 προτρέπων
319 950 410 985 φησίν·
432 950 460 975 'O
479 949 636 984 βουλόμενος
651 949 770 975 πατείτω
792 948 825 974 τὰ
840 947 923 981 ’Ἅγια

136 993 186 1019 τῶν
200 992 288 1026 ἁγίων
303 992 405 1020 λοιπόν.
421 992 453 1018 Τί
466 992 520 1027 γάρ
538 1000 582 1026 μοι
596 991 625 1017 τὸ
640 991 734 1025 ὄφελος
746 990 858 1021 τούτων,
871 989 923 1022 ἔξω

136 1033 260 1069 τοιαύτης
279 1034 376 1065 θυσίας
396 1033 633 1068 προσενεχθείσης
660 1033 686 1058 τί
711 1041 755 1067 μοι
777 1032 807 1058 τὺ
829 1031 923 1065 ὕφελος

135 1076 182 1110 τῆς
195 1075 347 1110 διαθήκης;
368 1075 395 1101 τί
412 1083 455 1110 μοι
466 1075 496 1101 τὸ
510 1075 604 1109 ὄφελος
619 1073 666 1101 τοῦ
683 1074 782 1109 νόμους
800 1073 861 1107 εἱκῆ
878 1073 925 1099 καὶ

137 1118 223 1153 μάτην
246 1117 361 1148 τούτους
389 1117 534 1143 ἐπαίδευσα
563 1116 689 1142 τοσοῦτον
717 1115 823 1150 χρόνον.
841 1114 926 1140 Τοῦτο

135 1159 178 1186 καὶ
203 1159 218 1184 ὁ
245 1158 394 1194 προφήτης
417 1158 496 1189 ἐϐόα,
525 1157 627 1191 λέγων·
665 1157 750 1184 Ἰνατί
773 1155 926 1190 ἐφρύαξαν

135 1201 204 1233 ἔθνη
215 1220 223 1232 ,
237 1199 292 1226 καὶ
309 1199 377 1226 λαοὶ
390 1199 578 1234 ἐμελέτησαν
591 1198 664 1225 κενά
679 1206 688 1229 ;
706 1199 852 1224 Ἤκουσαν·
880 1198 926 1229 Ὠς

135 1242 286 1275 πρόϐατον
302 1241 351 1267 ἐπὶ
362 1240 485 1275 σφαγὴν
502 1240 580 1274 ἤχθη
591 1260 598 1272 ,
611 1239 659 1266 καὶ
671 1240 710 1272 ὡς
724 1239 818 1274 ἀμνὸς
839 1240 925 1266 ἐναν-

134 1283 198 1309 τίον
209 1283 265 1309 τοῦ
290 1283 439 1316 κείροντος
457 1282 550 1309 αὑτὸν
569 1281 703 1316 ἄφωνος
726 1282 773 1308 καὶ
796 1281 928 1316 μελετῶν-

134 1333 178 1356 τες
192 1325 223 1350 ὲν
240 1324 364 1358 τοσούτῳ
377 1323 463 1360 χρόνῳ
478 1323 527 1356 τὴν
542 1323 719 1358 προφητείαν,
734 1322 780 1348 τοῦ
796 1323 927 1357 πράγμα-

134 1374 178 1397 τος
193 1365 420 1400 παραγενομένου
437 1365 603 1400 ἠπίστησαν.
621 1362 697 1396 Εἶδες
719 1364 777 1395 πῶς
797 1364 928 1398 ἐμελέτη-

135 1416 184 1434 σαν
213 1407 300 1438 nevi;
327 1405 378 1432 Διὰ
400 1406 479 1432 τοῦτο
508 1406 698 1441 περιεσχίσατο
728 1407 742 1431 ὁ
769 1405 849 1436 ναὸς,
878 1405 927 1440 τὴν

135 1449 275 1483 ἐρήμωσιν
298 1445 441 1483 προδηλῶν
469 1447 518 1482 τὴν
535 1448 604 1483 μετὰ
627 1446 714 1473 ταῦτα.
737 1446 868 1481 ἐσομένην
891 1445 928 1472 δι-

135 1498 250 1522 ηνεκως.

265 1528 314 1559 οὗν
329 1531 374 1558 τὸν
389 1532 418 1558 ἐν
432 1530 470 1566 τῷ
488 1530 597 1566 σταυρῷ
610 1529 822 1566 προσηλωμένον
839 1529 908 1564 μέλ-

135 1572 215 1608 λομεν
231 1574 279 1600 καὶ
295 1574 377 1608 ἡμεῖς
396 1573 466 1600 κατὰ
480 1573 529 1606 τὴν
546 1573 664 1607 ἑσπέραν
679 1572 780 1607 ταύτην
795 1572 871 1605 ἰδεῖν,
890 1572 928 1603 ὡς

136 1616 219 1650 ἀμνὸν
230 1615 406 1650 ἐσφαγμένον
421 1615 467 1641 καὶ
480 1614 638 1648 τεθυμένον,
655 1614 724 1648 μετὰ
736 1614 836 1649 φρίκης
846 1622 929 1649 προσ-

136 1655 230 1690 ίωμεν,
251 1655 417 1691 παρακαλῶ,
437 1656 483 1682 καὶ
496 1655 587 1686 αἰδοῦς
602 1655 702 1690 πολλῆς
713 1655 760 1681 καὶ
775 1655 926 1686 εὐλαϐείας.

135 1698 191 1723 Οὺκ
203 1697 306 1731 ἔγνωτε
329 1698 392 1729 τοὺς
410 1697 542 1730 ἀγγέλους
552 1717 559 1729 ,
575 1697 634 1728 πῶς
650 1698 876 1732 παρειστήκεισαν
889 1697 928 1732 τῷ

134 1739 210 1773 τάφῳ
240 1739 293 1765 οὐκ
323 1738 410 1773 ἔχοντι
437 1738 532 1773 σῶμα,
562 1739 638 1773 τάφῳ
667 1737 754 1773 κενῷ;
784 1738 840 1765 ἀλλ’
854 1739 929 1773 ὅμως

135 1780 228 1815 ἐπειδὴ
243 1781 315 1812 ὅλως
334 1780 441 1812 ἐδέξατο
459 1780 490 1806 τὸ
507 1779 586 1815 σῶμα
597 1779 627 1805 τὸ
639 1778 813 1811 Δεσποτικὺν,
829 1779 928 1814 πολλὴν

134 1821 307 1856 ἀπονέμουσι
323 1821 370 1847 καὶ
380 1821 419 1856 τῷ
431 1821 506 1856 τόπῳ
518 1822 567 1855 τὴν
579 1821 670 1855 τιμήν.
685 1821 715 1847 Οἱ
727 1821 836 1855 ἄγγελοι
847 1821 930 1856 ὑπερ-

136 1862 275 1895 ϐαίνοντες
290 1863 342 1896 τὴν
353 1863 490 1898 ἡμετέραν
503 1863 583 1896 φύσιν
600 1861 668 1897 μετὰ
687 1863 819 1898 τοσαύτης
839 1863 930 1894 αἰδοῦς

135 1904 182 1930 καὶ
195 1904 346 1936 εὐλαϐείας
363 1905 592 1940 παρειστήκεισαν
603 1904 642 1939 τῷ
657 1904 749 1940 τάφῳ·
763 1905 841 1940 ἡμεῖς
854 1905 883 1932 δὲ
898 1906 928 1931 οὺ

135 1946 212 1980 τάφῳ
231 1946 379 1980 μέλλοντες
401 1945 584 1981 παρίστασθαι
607 1945 694 1981 κενῷ,
722 1946 780 1972 ἀλλ’
805 1947 873 1981 αὐτῇ
895 1947 928 1982 τῇ

135 1988 261 2024 τραπέζῃ
286 1989 322 2022 τῇ
340 1987 386 2014 τὸν
405 1987 491 2023 ἀμνὸν
510 1987 628 2022 ἐχούσῃ,
651 1987 718 2022 μετά
743 1987 856 2022 θορύϐου
883 1989 930 2014 καὶ

134 2031 258 2065 ταραχῆς
272 2030 425 2064 πρόσιμεν;
439 2029 494 2055 Καὶ
503 2029 544 2060 τίς
558 2029 623 2064 ἡμῖν
634 2028 708 2056 ἔσται
720 2029 866 2064 συγγνώμη
877 2029 930 2056 λοι-

136 2072 202 2103 πόν;
221 2072 281 2106 Οὐχ
297 2071 391 2102 ἁπλῶς
406 2071 491 2097 ταῦτα
512 2070 584 2104 λέγω
597 2090 604 2102 ,
619 2070 676 2097 ἀλλ’
700 2071 792 2107 ἐπειδὴ
817 2071 931 2103 πολλοὺς

135 2113 190 2147 δρῶ
202 2114 276 2139 κατὰ
288 2112 338 2147 τὴν
350 2112 468 2147 ἑσπέραν
480 2112 581 2147 ταύτην
594 2112 773 2148 θορυϐοῦντας
783 2133 789 2145 ,
800 2113 929 2147 βοῶντας,

136 2154 333 2189 ἐπικειμένους
356 2153 496 2188 ἀλλήλοις,
521 2152 680 2188 πηδῶντας,
701 2153 929 2188 λοιδορουμένους,

135 2195 183 2222 καὶ
209 2195 314 2230 μᾶλλον
330 2196 435 2227 ἑαυτοῖς
461 2195 569 2222 κόλασιν
588 2195 605 2230 ἢ
620 2196 755 2232 σωτηρίαν
768 2196 930 2231 προξενοῦν-

135 2244 184 2268 τας
194 2246 200 2251 -
215 2237 314 2263 τούτου
332 2236 475 2272 χάριν“τὴν
492 2237 561 2271 ὑπὲρ
571 2237 674 2263 τούτων
685 2237 814 2273 ποιοῦμαι
832 2238 931 2273 παραί-

136 2286 220 2306 νεσιν.
238 2278 274 2306 Τί
302 2280 411 2312 ποιεῖς,
431 2278 573 2315 ἇνθρωπες
601 2279 665 2306 ὅταν
690 2279 791 2314 ἑστήκῃ
807 2280 860 2314 πρὸ
880 2280 930 2314 τῆς

648 146 690 173 DE
711 142 926 175 (IOEMETEBlO
946 141 989 169 ET
1005 141 1049 168 DE
1065 139 1186 169 CRUCE.

1706 145 1760 172 598

971 195 1109 232 τραπέζης
1123 196 1137 221 ὁ
1158 196 1249 231 ἱερεὺς
1259 216 1265 227 ,
1280 196 1329 229 τάς
1344 199 1436 233 χεῖρας
1449 197 1595 224 ἀνατείνων
1610 200 1650 231 εἰς
1659 200 1703 226 τὸν
1714 203 1759 229 οὐ-

974 238 1069 273 ρανὸν,
1091 237 1181 264 καλῶν
1194 238 1224 264 το
1248 238 1360 273 Πνεῦμα
1374 239 1404 265 τὸ
1423 239 1499 273 ἅγιον
1512 260 1520 272 ,
1539 240 1586 267 τοῦ
1607 244 1756 276 παραγενέ-

971 280 1034 306 σθαι
1054 280 1100 306 καὶ
1114 280 1232 312 ἅψασθαι
1250 280 1304 306 τῶν
1325 281 1525 316 προκειμένων,
1549 282 1632 316 πολλὴ
1650 284 1759 319 ἡσυχία,

972 322 1055 357 πολλὴ
1067 322 1141 357 σιγή·
1151 322 1213 348 ὅταν
1223 322 1286 357 διδῷ
1296 321 1344 357 τὴν
1357 323 1436 358 χάριν
1449 324 1478 349 τὸ
1487 323 1608 359 Πνεῦμα,
1621 326 1685 352 ὅταν
1697 335 1756 353 κατ⁸

971 364 1115 399 έ).οῃ,ὅταν
1128 363 1291 398 ἃψηταιτῶν
1303 364 1500 398 προκειμένων,
1512 365 1576 391 ὅταν
1587 366 1643 401 ἴδῃς
1655 368 1685 393 τὺ
1696 368 1760 404 πρό-

972 406 1052 432 ϐατον
1061 406 1276 440 ἐσφαγιασμένον
1284 406 1331 432 καὶ
1342 406 1396 440 ἀπη
1402 406 1554 441 ρτισμένον,
1563 407 1623 433 τότε
1635 408 1759 444 θόρυϐον,

971 448 1031 474 τότε
1043 447 1172 482 ταραχὴν,
1189 448 1249 474 τότε
1260 447 1435 481 φιλονεικίαν,
1451 449 1510 474 τότε
1525 448 1657 484 λοιδορίαν
1669 452 1761 478 ἐπεισ-

972 490 1065 524 άγειςς
1082 489 1198 520 καὶπῶς
1212 489 1313 524 δυνήσῃ
1322 489 1371 523 τῆς
1383 489 1478 520 θυσίας
1488 490 1639 517 ἀπολαῦσαι
1647 492 1759 528 ταύτης.

975 533 1043 568 μετά
1053 532 1186 567 τοσαύτης
1200 533 1323 568 ταραχῆς
1335 534 1366 568 τῇ
1386 533 1507 568 τραπέζῃ
1526 535 1644 568 προσιὼν
1656 536 1742 573 ταύτῃ
1753 546 1759 567 ;

972 575 1029 601 Οὐκ
1047 575 1126 610 ἀρκεῖ
1147 575 1212 609 ἡμῖν
1228 575 1268 600 ὅτι
1295 575 1363 609 μετὰ
1384 575 1590 610 ἁμαρτημάτων
1611 579 1760 612 προσερχόα

974 616 1052 651 μεθα.
1068 616 1135 642 ἀλλὰ
1147 617 1193 642 καὶ
1210 616 1289 642 αὐτὸν
1301 616 1346 642 τὸν
1363 616 1456 651 καιρὸν
1469 617 1518 650 τῆς
1532 617 1662 650 προσόδου
1683 619 1762 649 ἐκτὸς

972 657 1097 692 γενέσθαι
1124 657 1367 692 πλημμελημάτων
1397 659 1446 684 οὐκ
1476 658 1648 692 ἁνεχόμεθας
1678 660 1761 686 ὐταν

972 699 1026 734 γὰρ
1041 699 1237 734 φιλονεικὼμεν
1249 720 1255 731 ,
1272 699 1333 725 ὃταν
1348 699 1537 734 θορυὸώμεθα,
1554 700 1617 726 ὅταν
1630 700 1761 735 ἀλλήλους

971 741 1123 776 δάκνωμεν,
1138 741 1195 772 πῶς
1209 740 1260 772 ἔξω
1272 741 1477 775 ἁμαρτημάτων
1489 741 1606 775 ἐσόμεθα
1619 750 1626 773 ;
1638 742 1669 768 Τί
1683 743 1761 769 σπεύ-

972 783 1047 814 δεις,
1063 783 1123 809 εἱπέ
1147 791 1209 817 μοι;
1228 783 1298 813 τίνος
1326 783 1418 808 ἕνεκεν
1444 783 1540 818 ἐπείγῃ
1567 784 1598 810 τὸ
1626 784 1761 819 πρόϐατον

973 824 1042 859 ὀρῶν
1058 824 1294 859 ὲσφαγιασμένον;
1320 825 1344 849 εἰ
1360 824 1414 859 γὰρ
1438 825 1480 851 διὰ
1499 825 1588 858 πάσης
1603 826 1651 860 τῆς
1665 826 1762 858 νυκτὸς

974 863 1008 900 ἦν
1032 866 1100 900 πρὸς
1123 867 1171 901 τὴν
1199 867 1293 892 θυσίαν
1316 867 1400 900 αὐτὴν
1415 867 1498 902 ὀρᾷν,
1517 865 1573 902 εἶχε
1593 867 1686 902 κόρον,
1702 868 1761 894 εἰπέ

978 915 1031 942 μοι,
1050 907 1080 933 τὸ
1096 909 1212 942 πρᾶγμα
1224 917 1230 941 ;
1244 907 1318 944 [402]
1334 908 1416 943 Ὅλην
1429 909 1478 943 τὴν
1490 909 1595 944 ἡμέραν
1612 909 1762 944 ἐκαρτέρη-

977 957 1043 980 σας,
1060 949 1090 975 τὸ
1117 949 1196 976 πλέον
1218 949 1266 984 τῆς
1288 949 1385 981 νυκτὸς
1400 950 1543 984 διήγαγες,
1569 951 1614 976 καὶ
1637 951 1762 977 τοσοῦτον

975 990 1097 1025 κάματον
1112 991 1139 1016 ὲν
1153 991 1266 1026 βραχείᾳ
1278 991 1373 1026 καιροῦ
1390 992 1458 1026 ῥοπῇ
1471 991 1601 1026 προδίδως
1614 992 1661 1018 καὶ
1678 992 1762 1018 ἀπολ-

976 1031 1065 1064 λύεις;
1085 1033 1224 1065 Ἐννόησον
1241 1033 1267 1059 τί
1295 1033 1360 1059 ποτέ
1376 1033 1433 1058 ἐστι
1450 1033 1478 1058 τὸ
1503 1034 1682 1069 προκείμενον
1696 1054 1700 1064 ,
1716 1035 1763 1060 καὶ

976 1074 1056 1100 πόθεν
1073 1074 1151 1100 ἔλαϐε
1166 1075 1215 1109 τὴν
1228 1074 1333 1101 αἰτίαν·
1354 1075 1460 1109 ἐσφάγη
1484 1074 1526 1100 διὰ
1546 1075 1594 1106 σὲ,
1613 1076 1659 1101 καὶ
1673 1077 1704 1102 σὺ
1719 1076 1763 1109 ὲγ-

976 1115 1191 1150 καταλιμπόινεις
1205 1115 1284 1142 αὑτὸν
1299 1115 1513 1151 ὲσφαγιασμένον
1529 1116 1609 1151 ὀρῶν.
1624 1116 1716 1142 Ὅπου
1729 1117 1762 1143 τὸ

976 1156 1088 1191 πτῶμα,
1106 1157 1198 1192 φησὶν,
1218 1157 1281 1184 ἐκεῖ
1294 1158 1342 1184 καὶ
1365 1159 1391 1183 οἱ
1406 1158 1495 1184 ἀετοί.
1519 1158 1613 1192 Ἡμεῖς
1626 1158 1653 1183 δὲ
1666 1158 1714 1193 οὐχ
1726 1158 1764 1190 ὡς

976 1199 1066 1230 ἀετοὶ,
1083 1198 1140 1224 ἀλλ’
1157 1199 1194 1230 ὡς
1212 1198 1291 1230 κύνες
1305 1198 1512 1233 προσερχόμεθα
1524 1207 1531 1213 ·
1552 1199 1670 1233 τοσαύτη
1684 1199 1764 1234 ἡμῶν

976 1241 992 1274 ἡ
1009 1241 1193 1275 ἀναισχυντία.
1216 1241 1353 1274 Ἐννόησον
1367 1241 1392 1266 τί
1405 1240 1469 1266 ποτέ
1486 1239 1582 1266 ἔστιτὸ
1597 1241 1745 1275 κεχυμένον
1756 1249 1762 1254 ·

976 1279 1045 1316 αἷμά
1064 1280 1234 1317 ἐστιν,αἷμα
1254 1282 1267 1308 ὃ
1294 1282 1324 1307 τὺ
1347 1281 1528 1316 χειρόγραφον
1544 1281 1597 1307 τῶν
1623 1281 1765 1317 ἁμαρτιῶν

976 1323 1135 1359 ἀπήλειψεν·
1153 1321 1221 1358 αἷμα
1242 1323 1256 1349 ὃ
1270 1324 1318 1357 τὴν
1346 1323 1434 1358 ψυχήν
1461 1332 1507 1349 σου
1522 1322 1668 1358 ἐκάθηρεν,
1690 1323 1704 1349 ὃ
1716 1323 1765 1357 τὴν

976 1364 1071 1399 κηλῖδα
1094 1365 1247 1391 ἁπέπλυνεν
1261 1384 1267 1395 ,
1292 1365 1306 1391 δ
1325 1365 1373 1396 τὰς
1393 1364 1480 1400 ἀρχὰς
1498 1365 1545 1391 καὶ
1563 1364 1613 1396 τὰς
1640 1364 1763 1396 ἐξουσίας

976 1406 1184 1441 ἐθριάμϐευσεν.
1220 1406 1476 1440 Ἆπεκδυσάμενος
1505 1406 1575 1441 γὰρ,
1602 1406 1688 1441 φησὶ,
1713 1406 1766 1439 τὰς

976 1448 1071 1482 ἀρχὰς
1085 1448 1134 1474 καὶ
1153 1447 1205 1481 τὰς
1220 1447 1363 1480 ἐξουσίας
1380 1447 1585 1482 ἐδειγμάτισεν
1602 1448 1637 1474 ἐν
1659 1449 1767 1482 παρῤη-

976 1489 1030 1522 atq.
1047 1490 1246 1524 θριαμϐεύσας
1259 1490 1293 1516 ἐν
1311 1489 1350 1522 τῷ
1367 1489 1496 1523 σταυρῷ.
1512 1489 1618 1522 Πολλὰ,
1636 1490 1720 1524 φησὶ,
1736 1490 1766 1516 τὸ

976 1531 1105 1566 τρόπαιον
1127 1530 1184 1566 ἔχει
1208 1531 1256 1564 τῆς
1275 1531 1354 1565 νίκης
1379 1531 1414 1557 τὰ
1437 1530 1575 1565 σύμϐολαο
1595 1531 1628 1557 τὰ
1659 1532 1766 1566 λάφυρα

977 1573 1112 1607 κρέμαται
1126 1573 1181 1599 ἄνω
1196 1572 1238 1607 ἐφ’
1251 1573 1353 1607 ὑψηλοῦ
1365 1573 1410 1599 ἐπὶ
1421 1572 1468 1599 τοῦ
1486 1572 1612 1608 σταυροῦ.
1632 1573 1765 1608 Καθάπερ

976 1615 1029 1648 γὰρ
1045 1614 1171 1649 βασιλεὺς
1183 1616 1304 1648 γενναῖος
1314 1614 1431 1649 πόλεμον
1441 1615 1554 1649 νικήσας
1565 1614 1765 1649 χαλεπώτατον,

977 1655 1023 1682 τὸν
1037 1655 1148 1691 θώρακα
1166 1656 1211 1682 καὶ
1230 1656 1277 1691 τὴν
1291 1655 1392 1682 ἀσπίδα
1407 1656 1454 1682 καὶ
1466 1656 1499 1682 τὰ
1517 1655 1585 1681 ὅπλα
1601 1655 1647 1682 τοῦ
1664 1656 1766 1691 τυράνο

978 1706 1023 1724 νου
1039 1698 1086 1724 καὶ
1101 1698 1154 1724 τῶν
1167 1697 1339 1732 στρατιωτῶν
1354 1697 1407 1723 τῶν
1422 1697 1591 1732 ἡττηθέντων
1605 1697 1646 1730 ἐφ’
1663 1697 1764 1732 ὑψηλοῦ

978 1738 1025 1765 τοῦ
1037 1738 1167 1774 τροπαίου
1182 1739 1287 1773 τίθησιν
1298 1747 1304 1753 ·
1324 1738 1393 1764 οὕτω
1407 1739 1453 1764 καὶ
1470 1739 1484 1764 ὁ
1497 1739 1613 1774 Χριστὸς
1626 1738 1672 1764 τὸν
1692 1739 1767 1764 πόλε-

980 1789 1029 1816 μον
1048 1782 1161 1816 νικήσας
1176 1781 1221 1806 τὸν
1241 1781 1309 1816 πρὸς
1335 1780 1379 1806 τὸν
1392 1780 1511 1806 διάϐολον
1521 1802 1528 1812 ,
1543 1780 1577 1806 τὰ
1600 1780 1669 1807 ὅπλα
1683 1780 1765 1806 αὑτοῦ

979 1823 1084 1854 πάντα,
1106 1822 1152 1849 τὸν
1175 1822 1301 1854 θάνατον,
1329 1822 1378 1856 τὴν
1401 1822 1523 1857 κατάραν
1545 1822 1698 1857 ἐκρέμασεν
1724 1822 1764 1855 ἐφ’

980 1864 1082 1899 ὑψηλοῦ
1099 1864 1145 1890 τοῦ
1170 1863 1284 1898 σταυροῦ
1296 1883 1303 1895 ,
1327 1863 1451 1898 καθάπερ
1470 1863 1516 1889 ἐπὶ
1537 1863 1667 1898 τροπαίου
1685 1863 1765 1896 τινὸς,

979 1905 1023 1932 ἵνα
1041 1906 1141 1936 πάντες
1159 1905 1189 1931 τὸ
1203 1906 1333 1940 τρόπαιον
1350 1905 1493 1939 βλέπωσιν,
1513 1905 1541 1930 αἱ
1562 1905 1618 1931 ἄνω
1629 1905 1765 1940 δυνάμεις,

980 1948 1008 1974 αἱ
1023 1949 1051 1973 ὲν
1068 1948 1124 1978 τοῖς
1142 1947 1266 1982 οὐρανοῖς
1277 1967 1285 1980 ,
1299 1947 1323 1972 οί
1342 1947 1416 1973 κάτω
1434 1946 1586 1981 ἄνθρωποι,
1603 1947 1628 1972 οἱ
1647 1947 1693 1972 ἐπὶ
1718 1947 1766 1981 τῆς

980 1989 1053 2024 γῆς,
1081 1989 1158 2015 αὐτοὶ
1187 1989 1211 2014 οἰ
1242 1988 1355 2023 πονηροὶ
1387 1987 1511 2022 δαίμονες
1537 1988 1560 2013 οἱ
1593 1987 1765 2022 ἡττηθέντες.

987 2030 1095 2065 Ἐπειδὴ
1111 2029 1157 2057 οὖν
1171 2030 1304 2065 τοσαύτης
1315 2029 1507 2064 ἀπελαύσαμεν
1520 2028 1622 2064 δωρεᾶς
1631 2050 1639 2062 ,
1654 2030 1766 2061 ἑαυτοὺς

981 2072 1051 2099 κατά
1065 2072 1178 2107 δύναμιν
1195 2073 1286 2105 ἀξίους
1312 2071 1488 2105 ἐπιδείξωμεν
1504 2070 1557 2096 τῶν
1584 2071 1766 2106 ὑπηργμένων

981 2115 1045 2150 ἡμῖν
1057 2114 1175 2148 ἀγαθῶν,
1193 2113 1236 2140 ἵνα
1249 2113 1296 2139 καὶ
1307 2112 1355 2147 τῆς
1367 2112 1504 2147 βασιλείας
1519 2111 1572 2137 τῶν
1583 2111 1704 2146 οὐρανῶν
1717 2111 1766 2138 τύ-

981 2163 1091 2191 χωμεν,
1111 2155 1202 2190 χάριτι
1218 2154 1264 2181 καὶ
1281 2153 1471 2189 φιλανθρωπίᾳ
1495 2152 1542 2179 τοῦ
1563 2152 1665 2187 Κυρίου
1687 2153 1766 2188 ἡμῶν

988 2196 1074 2232 Ἰησοῦ
1090 2196 1219 2232 Χριστοῦ,
1236 2196 1269 2222 δι’
1284 2193 1314 2222 οῦ
1329 2195 1376 2221 καὶ
1389 2194 1447 2230 μεθ’
1462 2191 1492 2221 οῦ
1507 2193 1546 2228 τῷ
1561 2194 1648 2229 Πατρὶ
1660 2193 1718 2229 ἅμα
1729 2193 1768 2229 τῷ

981 2239 1051 2274 ἁγίῳ
1063 2238 1199 2273 Πνεύματι
1217 2238 1290 2269 δόξα,
1304 2237 1369 2273 τιμὴ
1380 2258 1387 2270 ,
1406 2236 1521 2272 κράτος,
1535 2237 1575 2268 εἰς
1593 2237 1655 2268 τοὺς
1667 2236 1767 2268 αἰῶνας

982 2281 1035 2307 τῶν
1049 2280 1162 2307 αἰώνων.
1181 2280 1209 2306 ’Δ
1214 2280 1276 2314 μήν.

738 2508 998 2525 .____=—-.qn..
1008 2511 1174 2523 ..ο-ρ·-
