1978 3131
124 165 176 193 599
511 161 556 189 DE
579 161 694 190 CRUCE
718 160 761 189 ET
784 161 946 190 LATRONE
966 161 1082 190 HOMIL.
1103 163 1124 190 Ι.
1144 179 1178 184 —-
1197 161 1366 192 MONI’I‘UM.
1705 167 1759 196 mo

135 243 1720 266 Mr

856 327 1057 358 MONITUM.

156 434 363 463 Adverteudum
385 439 475 461 autem
497 437 549 465 est,
576 433 638 460 licet
653 433 680 460 itt
705 434 856 468 posteriore
870 435 952 467 dicat,
970 434 1033 468 Quw
1055 436 1110 462 lteri
1133 437 1233 470 monui,
1251 439 1401 466 earumdem
1421 445 1444 468 et
1463 450 1531 469 nunc
1544 446 1758 481 contmoncfacio,

122 491 176 510 non
203 481 312 518 excludi
341 487 432 508 tamen
450 488 542 515 parem
566 481 785 516 praecedentibus
801 482 898 510 diebus
920 483 1040 510 habitam
1055 485 1279 513 admonitionem.
1294 487 1362 514 Nam
1387 488 1415 515 in
1430 489 1535 517 duabus
1550 491 1584 518 de
1602 492 1760 521 Proditione

120 525 198 554 Judaa
211 527 399 557 concionibus,
412 534 482 561 quae,
500 526 538 553 uti
554 531 658 553 certum
673 526 789 559 videtur,
805 527 887 555 hasce
902 528 969 555 duas
981 529 1014 556 de
1026 528 1114 556 Cruce
1126 535 1154 557 et
1172 530 1288 558 Latrone
1307 540 1362 559 uno
1376 538 1480 561 tantum
1494 535 1537 563 die
1551 538 1759 572 praecesserunt,

122 573 161 600 sic
177 574 298 609 inquitur
311 573 388 610 [403]
399 573 630 609 Chrysostomus:
645 574 707 600 Ideo
718 579 815 609 quarta
830 574 888 608 jam
902 576 945 602 die
968 576 1039 610 apud
1052 584 1096 603 vos
1111 585 1257 605 sermonem
1277 579 1358 606 habeo
1375 580 1406 607 de
1425 580 1553 609 Oratione
1568 591 1616 616 pro
1636 585 1758 613 inimicis.

122 620 169 647 ila:
185 629 267 656 porro
279 621 340 648 duae
359 620 506 648 conciones
518 621 612 648 eadem
627 626 784 649 recurrente
802 621 880 650 Feria
896 623 988 657 quinta
1005 623 1031 649 in
1044 623 1128 651 Coma
1143 624 1259 658 Domini,
1278 626 1326 653 sed
1340 626 1456 655 diversis
1469 629 1557 662 annis,
1572 630 1670 658 habitze
1684 636 1759 665 sunt,

121 671 152 692 ut
180 666 302 694 diximus
315 666 344 692 in
358 665 461 693 Monito
481 665 581 693 ibidem
597 675 603 693 :
620 666 647 693 in
667 671 782 703 utraque
797 674 872 700 vero,
892 673 988 702 quarta
1001 668 1055 703 jam
1071 669 1224 697 adhortatio
1239 671 1271 698 ad
1287 672 1419 699 orandum
1435 681 1484 708 pro
1497 674 1624 708 iuitnicis,
1641 676 1667 704 in
1685 677 1761 706 hisce

120 718 218 741 autem
242 714 350 741 duabus
368 713 465 749 quinta
492 714 705 748 numerabatur;
730 714 784 742 nisi
815 714 929 742 fortasse
953 716 1014 750 quis
1037 716 1135 744 dixerit
1156 718 1346 753 posteriorem,
1373 721 1400 747 in
1424 729 1476 755 qua
1502 722 1632 752 hesterna
1655 730 1760 755 tantum

119 761 279 788 adhortatio
302 765 480 793 memoratur,
508 766 635 788 neutratn
658 769 690 788 ex
711 760 827 793 duabus,
842 768 903 796 quae
917 767 1075 797 supersunt,
1089 763 1124 790 de
1137 763 1293 791 Proditione
1308 765 1384 795 Judte
1399 767 1537 795 homiliam
1554 771 1629 805 sequi
1646 772 1758 806 debere,

120 807 175 835 sed
190 807 217 834 in
240 807 323 834 alium
344 815 445 835 annum
465 815 525 835 esse
540 808 736 843 conjiciendam
759 818 874 838 :verum
891 810 916 838 id
935 816 984 845 pro
1008 814 1082 837 certo
1101 813 1221 838 statuere
1238 819 1293 839 non
1317 813 1415 841 ausim.
1435 814 1473 841 De
1491 819 1613 851 tempore
1633 821 1662 845 et
1676 825 1758 852 anno,

120 861 179 888 quo
197 853 298 880 habitae
320 859 385 881 sunt
404 854 446 881 lue
471 854 532 881 dum
554 855 709 886 conciones.
733 856 795 884 vide
818 856 846 883 in
869 856 972 884 Monito
993 856 1025 884 ad
1051 855 1180 884 Homilias
1201 857 1234 884 de
1250 857 1406 887 Proditionc
1420 860 1507 888 Judaa.

158 899 263 927 Prioris
279 895 398 926 homiliae
417 899 669 935 interpretationem
684 901 808 929 Latinam
822 903 1029 935 adornavimus;
1045 903 1200 937 posterioris
1215 912 1280 932 vero
1298 912 1315 931 a
1332 904 1459 934 Gretseno
1475 907 1575 936 editam
1592 909 1754 947 versionem,

120 946 172 974 sed
195 947 378 980 emendatam,
403 946 510 975 damus.

890 1099 1084 1106 ———_

114 1143 257 1165 HOMILIA
280 1144 312 1165 IN
334 1144 464 1166 ειιυεεὶί
487 1145 527 1165 ΕΤ
548 1145 579 1166 ΙΝ
615 1146 785 1168 ιΑΤιιοΝΕΜ

809 1148 817 1167 Ξ
841 1147 913 1168 ιτεω

967 1147 983 1168 Ε
1006 1147 1149 1168 SECUNDO
1170 1147 1296 1168 οηιιιετι
1317 1147 1480 1175 ADVENTU,
1503 1148 1544 1168 ΕΤ
1578 1147 1664 1174 QUOD
1683 1147 1764 1169 πιε-

617 1196 764 1222 QUENTER
786 1197 1002 1219 SITORANDUM
1025 1196 1084 1218 ΡΙιο
1108 1197 1242 1219 lNlMlCIS
1266 1190 1287 1218 ι.

767 1270 904 1277 .-

350 1291 463 1311 ιιοιηιιλ
479 1290 486 1309 Ι

150 1322 255 1355 Quanta
269 1324 342 1351 nobis
355 1324 420 1351 bona
434 1303 499 1352 ενοιξὲ
515 1324 607 1358 a/I'erat
618 1333 628 1358 ;
643 1325 724 1360 quivis
739 1326 810 1353 locus
823 1335 914 1362 preca-

106 1369 179 1396 tioni
197 1375 282 1404 aptus.
293 1385 329 1390 —
343 1369 427 1397 Hodie
442 1371 570 1398 Dominus
587 1375 679 1398 noster
691 1371 769 1399 Jesus
791 1371 914 1399 Christus

108 1415 139 1442 in
153 1423 244 1448 cruce,
258 1420 287 1444 et
302 1424 351 1443 nos
362 1417 458 1444 festum
471 1417 584 1451 agimus,
597 1421 626 1444 ut
636 1416 724 1444 diseas
735 1424 842 1444 crucem
854 1424 914 1445 esse

111 1461 215 1488 festum
240 1466 268 1488 et
291 1462 475 1490 celebritatem
500 1463 677 1497 spiritualem.
698 1463 818 1491 Antehac
842 1464 913 1491 enim

108 1515 182 1534 crux
201 1515 299 1535 nomen
313 1513 372 1535 erat
390 1508 585 1542 damnationis,
599 1516 670 1536 nunc
684 1517 748 1537 vero
769 1517 812 1537 res
827 1510 913 1537 hono-

111 1554 209 1581 rabilis
221 1554 314 1582 eﬂ'ecta
328 1559 370 1582 est
383 1563 389 1581 :
406 1555 480 1590 pritts
495 1555 647 1591 symbolum
665 1555 913 1590 condemuationis,

111 1608 188 1627 nunc
196 1605 383 1634 argumentum
398 1602 500 1629 salutis.
515 1602 577 1629 Haec
585 1602 657 1629 enim
670 1603 748 1629 nobis
762 1602 914 1630 innumera-

111 1646 207 1673 bilium
229 1646 360 1674 bonorttm
382 1655 460 1674 causa
483 1647 577 1675 etiecta
591 1653 633 1676 est
650 1656 656 1674 :
673 1647 731 1675 hate
751 1655 801 1675 nos
817 1648 852 1675 ab
872 1656 914 1675 er-

112 1699 178 1719 rore
192 1692 326 1724 liberavit,
350 1692 408 1720 haec
431 1693 456 1720 in
480 1694 600 1721 tenebris
621 1694 723 1728 positos
742 1693 912 1726 illuminavit,

112 1739 175 1767 haec
185 1739 241 1774 jam
256 1740 495 1773 debellatos,cum
521 1741 575 1768 Deo
598 1741 789 1774 reconciliavit,
812 1741 914 1768 abalie-

111 1791 194 1812 nalos
218 1785 382 1813 domeSIicos
405 1786 507 1820 effecit,
535 1787 628 1821 procul
652 1787 752 1821 positos
777 1787 915 1822 proximos

111 1833 255 1860 constituit
270 1842 277 1859 :
294 1833 352 1860 lucc
368 1833 512 1860 inimicitia:
525 1833 680 1866 destructio,
697 1834 769 1869 pacis
783 1838 912 1867 tutamen,

109 1882 305 1906 sexcentorum
329 1879 459 1906 bonorum
481 1879 634 1906 thesaurus.
649 1879 761 1914 Propter
777 1887 837 1907 eam
859 1887 913 1906 non

111 1925 184 1952 ultra
199 1924 227 1951 in
242 1923 357 1951 desertis
371 1932 515 1960 vagamur;
535 1932 627 1952 veram
644 1925 742 1960 quippe
754 1926 824 1953 viam
837 1926 914 1957 novi-

111 1977 173 1997 mus
190 1979 198 1995 :
216 1977 271 1996 non
293 1970 408 2004 amplius
428 1975 502 1998 extra
521 1971 620 2005 regiam
643 1971 781 2005 degiums;
804 1971 913 2005 januam

110 2015 185 2042 enim
203 2015 354 2043 invenimus
372 2024 377 2041 :
393 2024 445 2043 non
469 2016 595 2043 timemus
618 2007 699 2051 ignita
724 2016 822 2043 diaboli
844 2016 911 2049 tela,

111 2061 216 2089 fontem
232 2062 365 2097 siquidem
388 2062 515 2090 vidimus.
530 2063 580 2090 Per
600 2070 707 2090 crucem
730 2071 784 2090 non
798 2063 913 2098 amplius

111 2107 139 2133 in
155 2107 289 2135 viduitate
300 2115 412 2140 sumus;
428 2115 556 2142 sponsum
576 2109 648 2135 enim
669 2109 821 2146 recepimus
838 2118 844 2135 :
859 2117 912 2136 non

112 2154 243 2181 timemus
256 2155 364 2189 lupum;
379 2154 479 2181 bonum
494 2155 593 2189 quippe
608 2158 741 2188 pastorem
760 2155 890 2182 habemus
905 2164 912 2182 :

112 2208 176 2227 nam
187 2221 196 2232 ,
215 2200 272 2236 Ego
285 2208 352 2232 sum,
369 2201 465 2235 inquit,
482 2206 568 2235 pastor
587 2201 667 2227 bonus
681 2199 770 2236 (Joan.
793 2201 837 2228 10.
854 2202 911 2235 Μ).

112 2245 166 2272 Per
180 2245 252 2273 hanc
270 2252 410 2281 tyrannum
431 2254 485 2273 non
507 2246 750 2280 perhorrescimus;
763 2246 829 2281 Regi
841 2247 912 2275 enim

112 2292 267 2319 assi-lemus
283 2301 289 2319 :
303 2297 331 2320 et
345 2293 406 2320 ideo
420 2292 517 2320 festum
531 2293 644 2328 agimus,
656 2293 743 2320 crucis
757 2294 913 2320 memoriam

112 2340 296 2367 celebrantes.
318 2339 357 2366 ita
372 2344 399 2366 et
411 2340 509 2367 Paulus
527 2339 607 2374 jussit
626 2346 672 2373 per
690 2347 796 2367 crucem
818 2339 913 2366 festum

113 2392 196 2420 agere
212 2395 219 2412 :
236 2385 342 2412 Festum
359 2394 474 2420 agamus,
490 2385 592 2419 inquit,
615 2393 665 2412 non
676 2385 712 2423 Vin
735 2385 856 2420 fermento
872 2392 914 2412 ve-

115 2432 173 2463 leri,
184 2433 232 2459 ut!
239 2432 267 2458 in
277 2433 373 2467 azymis
384 2432 536 2459 sinceritatis
549 2437 572 2459 et
586 2433 697 2459 ueritatis
708 2432 730 2467 (i
738 2452 745 2458 .
757 2432 816 2459 Cor.
829 2433 855 2459 5.
873 2432 912 2466 8).

116 2478 223 2505 Deinde
242 2485 352 2506 causam
373 2477 518 2513 adjiciens,
541 2479 577 2505 ita
597 2478 704 2514 pergit:
727 2479 793 2512 Quia
814 2477 915 2504 Pascha

115 2529 233 2550 nostrum
249 2532 296 2559 pro
312 2524 383 2550 nobis
395 2525 539 2551 immolatus
551 2529 587 2552 est
601 2524 727 2551 Christus.
745 2524 838 2551 Viden‘
849 2532 915 2559 quo-

116 2569 200 2597 modo
213 2577 263 2604 per
275 2577 384 2597 crucetn
407 2569 502 2597 festum
524 2577 603 2604 agere
624 2570 776 2603 praecipiat?
790 2570 816 2596 in
835 2577 915 2596 cruce

117 2624 234 2651 namque
256 2616 410 2644 immolatus
422 2621 463 2644 est
477 2616 609 2644 Christus.
623 2615 673 2643 Ubi
695 2623 809 2650 namque
829 2616 912 2642 sacri-

118 2661 220 2693 licium,
237 2661 273 2688 ibi
289 2666 458 2695 peccatorum
472 2662 592 2693 abolitio,
609 2662 643 2689 ibi
660 2662 843 2689 reconciliatio
854 2669 915 2689 cum

119 2708 247 2741 Domino,
270 2707 305 2735 ibi
327 2707 422 2735 festum
443 2712 471 2734 et
494 2708 593 2735 laetitia.
612 2707 712 2734 Pascha
734 2712 847 2734 nostrum
870 2715 916 2742 pro

118 2754 191 2781 nobis
203 2755 351 2781 immolatus
365 2759 401 2782 est
416 2754 539 2781 Christus.
555 2754 615 2787 Ubi,
634 2753 915 2789 quzeso,immolatus?

121 2800 148 2828 In
164 2801 274 2829 excelso
298 2801 427 2836 patibulo.
449 2801 552 2828 Novum
574 2801 657 2828 altare
680 2800 760 2835 hujus
780 2799 913 2832 sacrificii,

154 2869 163 2885 ι
183 2868 277 2901 Adiecit
292 2868 375 2898 Savil.,
387 2867 468 2894 habita
478 2872 514 2894 eu
525 2869 552 2894 in
562 2871 643 2895 sancta
653 2872 676 2895 et
688 2875 775 2901 magna
791 2868 830 2894 die
842 2873 915 2894 Para-

124 2905 210 2925 suam.

289 2943 425 2972 l’srnOL.
449 2942 507 2972 Gn.
530 2942 555 2971 Χ
564 2941 595 2970 Li
604 2943 640 2972 Χ.

906 1259 986 1286 eteae

968 1326 1030 1361 quia
1055 1326 1142 1361 ipsum
1170 1324 1329 1353 sacriﬁcium
1351 1332 1449 1353 novum
1471 1325 1685 1361 stupendumque
1708 1330 1759 1354 est.

968 1371 1041 1399 Idem
1054 1371 1153 1407 quippe
1168 1376 1195 1398 et
1206 1371 1366 1399 sacrificium
1382 1376 1408 1399 et
1418 1371 1545 1399 sacerdos
1563 1377 1620 1399 erat
1635 1381 1642 1399 :
1657 1372 1760 1400 sacrifi-

967 1417 1038 1445 cium
1059 1417 1206 1445 secundum
1228 1425 1355 1451 carnem,
1370 1418 1496 1446 sacerdos
1515 1418 1660 1446 secundum
1680 1419 1762 1454 spiri-

969 1468 1024 1490 tum
1040 1473 1047 1490 :
1064 1463 1134 1491 idem
1147 1468 1173 1491 et
1188 1463 1328 1497 offerebat,
1342 1468 1370 1491 et
1384 1464 1531 1492 secundum
1544 1472 1651 1492 carnem
1665 1465 1762 1493 offere-

967 1509 1054 1537 batur.
1071 1509 1139 1536 Audi
1149 1510 1283 1544 quomodo
1297 1510 1354 1537 haec
1366 1510 1445 1537 ambo
1455 1510 1553 1538 Paulus
1564 1510 1739 1538 declaraverit
1753 1519 1760 1538 :

970 1553 1059 1581 Omnis
1073 1554 1210 1590 Pontifex,
1225 1555 1324 1590 inquit,
1339 1564 1370 1582 ea:
1384 1556 1526 1583 hominibus
1540 1561 1699 1591 assumptus,
1715 1563 1762 1590 pro

968 1601 1111 1628 hominibus
1136 1602 1317 1634 constituitur;
1341 1602 1408 1629 unde
1434 1610 1533 1629 necesse
1558 1607 1595 1629 est
1618 1607 1646 1629 ut
1672 1603 1762 1629 habeat

967 1649 1115 1683 quidpiam,
1134 1649 1201 1682 quod
1221 1648 1322 1681 offerat.
1349 1648 1416 1675 Ecce
1435 1649 1489 1683 ipse
1507 1647 1580 1681 offert
1601 1649 1762 1683 semetipsum

968 1694 1061 1730 (Hebr.
1076 1695 1102 1722 5.
1121 1695 1132 1721 i
1147 1703 1155 1727 ,-
1169 1699 1193 1720 el
1205 1694 1232 1722 8.
1244 1694 1282 1729 5).
1296 1694 1365 1721 Alibi
1381 1702 1445 1721 vero
1455 1694 1519 1721 dicit
1535 1703 1542 1721 :
1559 1694 1672 1721 Christus
1685 1693 1762 1721 semel

967 1740 1067 1768 oblatus
1079 1740 1112 1767 ad
1133 1740 1269 1767 multorum
1288 1740 1427 1775 auferenda
1441 1745 1560 1775 peccata,
1573 1741 1705 1776 apparebit
1717 1748 1762 1767 ιε-

966 1787 1135 1821 spectantibus
1160 1795 1187 1814 se
1208 1787 1235 1814 in
1259 1785 1374 1813 salutem
1388 1784 1482 1820 (Hebr.
1502 1786 1529 1813 9.
1543 1786 1600 1823 28).
1615 1786 1685 1815 Ecce
1717 1787 1761 1814 hic

967 1833 1072 1861 oblatus
1095 1838 1146 1866 est,
1175 1834 1229 1860 illic
1251 1840 1317 1861 vero
1340 1833 1514 1868 semetipsum
1537 1833 1641 1860 obtulit.
1667 1832 1761 1860 Vidcn'

967 1879 1103 1914 quomodo
1113 1884 1140 1906 et
1152 1879 1315 1907 sacrificium
1327 1884 1355 1907 et
1367 1879 1493 1907 sacerdos
1501 1878 1586 1906 iactus
1600 1879 1643 1911 sit,
1655 1884 1682 1906 et
1695 1886 1758 1908 crux

967 1926 1051 1953 altare
1065 1926 1164 1953 fuerit?
1179 1926 1213 1953 Et
1230 1934 1287 1958 cur,
1303 1926 1421 1961 inquies,
1436 1933 1489 1952 non
1513 1925 1539 1952 in
1560 1926 1658 1959 templo
1673 1925 1758 1952 hostia

966 1971 1086 2004 oﬂ'ertur,
1101 1971 1148 1998 sed
1162 1977 1237 1998 extra
1253 1971 1345 1998 urbem
1368 1975 1396 1998 et
1407 1970 1524 1998 moenia?
1537 1970 1572 1997 Ut
1601 1967 1763 2003 impleretur
1783 1967 1784 1970 “

968 2017 1043 2047 illud.
1052 2017 1114 2044 Cum
1121 2017 1215 2051 iniquis
1222 2021 1352 2051 reputatus
1362 2022 1398 2043 est
1407 2015 1432 2051 (I
1435 2016 1482 2043 sai.
1492 2016 1536 2043 55.
1546 2015 1602 2048 12).
1611 2015 1760 2042 Cttrautem

966 2063 993 2090 in
1008 2062 1114 2090 sublimi
1127 2062 1246 2097 patibulo
1257 2062 1404 2096 jugulatur,
1421 2069 1473 2088 non
1487 2060 1630 2088 subtecto?
1643 2060 1678 2088 Ut
1690 2061 1761 2087 aeris

967 2114 1089 2136 naturam
1104 2113 1245 2144 purgaret;
1269 2108 1330 2135 ideo
1344 2108 1369 2135 iit
1389 2107 1514 2140 sublimi,
1531 2115 1584 2136 non
1603 2107 1760 2134 imminente

966 2159 1047 2186 tecto,
1068 2154 1115 2182 sed
1135 2154 1292 2181 imminente
1309 2153 1386 2181 etclo.
1407 2154 1461 2180 Aer
1473 2153 1571 2188 quippe
1587 2153 1759 2187 purgabatur,

966 2209 1026 2228 cuin
1036 2201 1093 2228 ovis
1108 2201 1134 2227 in
1147 2201 1252 2227 sublimi
1267 2200 1469 2227 immolaretur:
1487 2199 1648 2234 purgabatur
1660 2199 1722 2226 item
1733 2203 1761 2226 et

966 2251 1037 2274 terra
1048 2256 1053 2272 :
1069 2246 1166 2273 ﬂuebat
1177 2247 1248 2274 enim
1259 2254 1275 2273 c
1284 2246 1366 2273 latere
1376 2245 1483 2280 sanguis
1491 2245 1518 2272 in
1526 2246 1621 2279 ipsam.
1633 2244 1695 2271 Ideo
1706 2252 1761 2272 non

967 2295 1016 2321 sub
1031 2299 1111 2326 tecto,
1129 2294 1188 2321 ideo
1203 2300 1254 2320 non
1278 2293 1304 2319 in
1321 2292 1420 2327 templo
1429 2291 1554 2323 Judaico;
1567 2299 1599 2318 ne
1610 2291 1659 2318 sibi
1675 2290 1760 2318 Judaei

968 2341 1081 2367 hostiam
1108 2342 1318 2374 sequestrarent,
1344 2345 1410 2365 neve
1424 2342 1530 2372 putares
1551 2344 1599 2372 pro
1615 2336 1658 2363 illa
1681 2341 1761 2371 gente

968 2391 1068 2414 tantum
1085 2386 1153 2412 hanc
1167 2385 1268 2412 offerri.
1290 2385 1391 2412 Idcirco
1402 2389 1477 2411 extra
1496 2383 1588 2411 urbem
1602 2387 1630 2410 ct
1644 2383 1758 2414 mtenia,

968 2439 996 2461 ut
1010 2434 1098 2460 discas
1119 2433 1269 2459 universale
1290 2431 1450 2459 sacrificium
1475 2437 1546 2462 eSse,
1563 2430 1622 2464 quia
1637 2436 1685 2463 pro
1699 2428 1760 2455 uui-

967 2489 1044 2508 versa
1059 2485 1128 2507 terra
1150 2484 1207 2507 erat
1221 2479 1338 2506 oblatio:
1360 2483 1387 2505 ut
1409 2478 1526 2504 disceres
1545 2477 1609 2502 item
1626 2475 1760 2510 purgatio—

967 2535 1040 2558 nem,
1070 2533 1247 2556 communem,
1279 2532 1332 2552 non
1356 2524 1516 2559 peculiarem
1539 2529 1609 2554 esse,
1632 2521 1761 2556 quemado

968 2574 1075 2601 modum
1098 2572 1167 2606 apud
1191 2571 1307 2599 Judzcos.
1335 2570 1435 2597 Judwis
1455 2569 1527 2595 enim
1552 2567 1612 2595 ideo
1633 2567 1760 2602 prmcepit

968 2619 1038 2646 Deus
1063 2622 1091 2645 ut
1107 2618 1257 2644 universam
1278 2620 1377 2643 terram
1396 2614 1592 2649 relinquerent,
1609 2617 1636 2640 et
1657 2620 1711 2639 uno
1733 2612 1759 2638 in

968 2664 1028 2691 loco
1043 2655 1143 2690 hostias
1156 2667 1182 2689 et
1203 2669 1295 2697 preces
1308 2661 1444 2693 offerrent,
1461 2660 1522 2695 quia
1546 2663 1599 2687 tota
1615 2663 1685 2686 terra
1708 2658 1759 2684 im-

968 2717 1036 2743 pura
1051 2712 1119 2740 erat,
1137 2707 1220 2740 fumo,
1238 2707 1331 2734 nidore
1346 2706 1508 2741 reliquisque
1521 2705 1644 2732 omnibus
1655 2703 1760 2739 gentili-

969 2755 1065 2783 tiormn
1076 2753 1266 2781 sacrificiorum
1275 2751 1482 2787 inquinamentis
1488 2758 1548 2778 eam
1555 2749 1757 2785 occupantibus.

968 2801 1050 2828 Nobis
1060 2808 1134 2833 vero,
1150 2800 1212 2835 quia
1232 2799 1353 2827 Christus
1365 2797 1472 2826 tandem
1485 2797 1596 2824 veniens
1614 2801 1698 2823 totum
1713 2803 1760 2823 or-

968 2848 1028 2875 bem
1044 2846 1182 2882 purgavit,
1195 2845 1283 2881 quivis
1294 2845 1369 2872 locus
1387 2843 1482 2871 orandi
1497 2843 1572 2870 locus
1585 2842 1696 2870 effectus
1707 2845 1760 2870 est.

968 2893 1032 2922 Ideo
1044 2893 1141 2921 Paulus
1163 2891 1329 2920 confidenter
1350 2889 1522 2923 hortabatur,
1537 2893 1592 2964 υὲὄ
1585 2888 1684 2924 ubique
1703 2888 1760 2918 stos
