1978 3131
207 153 256 182 ιοι

207 214 305 241 timore
326 219 421 248 preces
441 215 646 244 emtltercntttr,
672 211 713 239 his
729 211 836 239 verbis:
862 210 923 239 Volo
938 212 1004 238 uiros

207 267 281 286 orare
302 259 327 286 in
346 258 416 285 omni
435 259 506 289 loco.
520 258 630 285 levantes
652 263 752 285 sanctas
773 266 863 285 manus
885 259 923 293 (1.
935 257 1003 284 Tim.

207 303 236 331 2.
251 303 291 338 8).
307 304 401 331 Vioen‘
411 304 546 338 quomodo
561 309 689 339 purgatus
699 304 734 330 sit
746 304 836 331 orbis?
852 303 902 331 Per
918 304 1004 331 locum

163 367 165 369 ι
207 350 280 377 enint
305 349 368 378 licet
390 349 489 384 ubique
511 349 600 377 lcvare
619 354 725 377 sanctas
746 356 840 376 manus
856 358 863 376 :
879 349 1004 384 quoniatn

209 397 297 424 omnis
312 401 381 424 terra
402 401 493 424 sancta
506 396 600 424 eﬁ‘ccta
614 401 672 430 est,
687 401 714 424 et
727 397 827 424 sanctis
847 396 900 424 illis
915 397 1005 432 templi

208 442 382 470 interioribus
396 443 525 470 sanctior.
540 442 596 470 lllic
604 442 676 469 enim
688 441 852 470 offerebatur
867 442 926 470 ovis
936 443 1006 470 irra-

207 489 355 521 tionabilis,
373 489 415 516 ltic
433 496 498 516 vero
512 487 679 523 spiritualis:
694 492 795 522 quanto
814 492 904 515 autem
920 489 1006 523 majus

207 539 250 562 est
261 535 432 568 sacriﬁcium,
449 539 525 562 tanto
538 535 642 562 auctior
653 533 826 562 santillcatio.
839 534 1007 570 Quapropter

210 587 277 606 crux
291 585 332 607 est
344 580 499 607 celebritas.

243 625 270 654 2.
283 625 329 654 Vis
336 626 441 655 discere
448 625 521 653 aliud
531 626 591 661 ejus
603 625 707 661 insigne
719 625 805 660 opus?
819 625 975 654 Paradisum
990 634 1005 654 a

208 671 350 706 quinquies
371 671 446 699 ntille
468 676 497 699 et
520 670 636 705 amplius
657 670 736 698 annis
759 671 880 698 clausum
894 691 902 703 ,
927 671 1006 699 hodie

209 719 288 746 nobis
300 719 417 754 aperuit.
439 718 495 746 Hoc
514 719 613 754 quippe
627 718 687 752 die,
702 718 753 746 hac
773 720 830 754 ipsa
844 719 909 746 ltora
925 719 1006 746 latro-

209 774 271 794 nem
294 774 327 794 eo
349 765 497 793 introduxit
517 765 605 798 Deos,
629 764 683 792 duo
710 765 838 799 przeclara
860 765 1005 800 designans

208 819 308 846 opera;
323 820 416 844 unum,
427 811 498 846 quod
512 811 664 846 paradisum
675 811 824 845 aperuerit,
837 810 920 844 aliud,
931 811 1004 846 quod

209 859 340 885 latronem
361 857 556 885 introduxerit.
576 856 663 884 Hodie
675 861 817 891 antequam
830 857 943 892 patriam
958 864 1006 883 no-

214 905 255 932 bis
269 904 404 938 reddidit,
421 904 501 932 hodie
515 904 541 930 in
553 903 664 938 patriam
675 903 810 930 civitatem
826 909 875 929 nos
887 902 1004 936 reduxit,

208 956 235 977 ct
252 951 388 978 communi
412 950 550 978 hominum
572 953 674 976 natura:
696 949 806 976 domum
827 948 901 976 dedit
922 956 1005 975 :nam

210 997 304 1028 Hodie,
320 997 418 1032 inquit,
432 1005 528 1023 mecum
542 996 591 1023 eris
606 996 632 1022 in
646 996 767 1031 paradiso
782 995 859 1030 (Luc.
880 995 926 1023 25.
947 995 1004 1030 45).

208 1043 278 1076 Quid
289 1043 376 1070 dicis?
393 1042 542 1070 Cruciﬁxus
557 1049 587 1069 es
607 1046 634 1069 et
657 1041 739 1069 clavis
759 1041 855 1068 afﬁxus
867 1061 875 1074 ,
888 1046 915 1068 ct
929 1049 1007 1076 para-

210 1091 300 1116 disum
314 1089 468 1124 polliceris?
482 1089 580 1121 Etiam,
597 1088 692 1123 inquit,
708 1093 737 1115 ut
749 1088 773 1115 itt
788 1095 867 1115 cruce
880 1088 1005 1114 virtutem

208 1144 296 1163 meam
321 1136 436 1163 ediscas.
462 1135 531 1169 Quia
554 1135 626 1162 enint
648 1142 693 1162 res
710 1139 769 1161 erat
788 1134 883 1166 tristis,
905 1141 939 1161 ne
959 1141 1007 1160 tta-

209 1187 276 1208 tura:
301 1182 390 1210 crucis
413 1180 578 1213 attenderes,
592 1179 639 1207 sed
652 1180 773 1207 cruciﬁxi
801 1179 926 1207 virtutem
949 1178 1006 1205 edi-

211 1227 342 1259 \(lel’es,il|
356 1233 435 1253 cruce
450 1226 501 1253 hoc
516 1229 653 1261 perpetrat
668 1225 845 1258 miraculum,
860 1224 932 1260 quod
946 1224 1006 1259 ejus

209 1272 324 1300 maxime
346 1272 472 1300 virtutem
495 1271 672 1299 demonstrat.
693 1270 753 1298 Non
773 1271 845 1298 enim
870 1275 1006 1298 mortuum

207 1326 268 1345 cum
283 1318 436 1352 suscitaret,
452 1326 506 1346 non
519 1325 581 1345 cum
598 1325 672 1345 mare
684 1325 716 1345 ac
730 1321 824 1345 ventos
843 1317 1004 1353 increparet,

210 1374 261 1392 non
281 1373 342 1393 cum
365 1365 504 1393 daemonas
528 1365 650 1400 fugaret,
675 1364 724 1392 sed
747 1363 900 1396 cruciﬁxus,
925 1364 1006 1392 clavis

209 1410 370 1444 perforatus,
385 1410 565 1444 contumeliis,
581 1410 678 1445 sputis,
693 1409 841 1442 conviciis,
855 1409 1007 1445 opprobriis

209 1461 348 1489 oneratus,
364 1456 514 1491 improbum
530 1455 642 1484 latronis
655 1456 774 1483 animum
789 1460 894 1483 mutare
910 1457 1005 1491 potuit,

210 1509 238 1529 ιιι
250 1503 385 1538 utrimque
400 1503 536 1535 virtutem,
548 1502 606 1538 ejus
616 1502 708 1530 videas
721 1509 730 1530 :
743 1507 894 1530 creaturam
909 1503 1007 1538 quippe

211 1554 293 1576 totam
314 1550 475 1582 commovit,
492 1553 582 1583 petras
603 1548 692 1582 scidit,
709 1553 784 1583 petra
806 1548 940 1576 duriorem
966 1549 1007 1577 la-

211 1596 296 1622 tronis
309 1596 425 1623 anintam
443 1596 552 1622 attraxit
565 1599 592 1622 et
605 1594 766 1623 honoravit:
779 1602 841 1622 nam
857 1595 905 1628 ait,
923 1595 1008 1623 Hodie

210 1649 306 1668 mecum
319 1642 370 1669 erit
389 1642 415 1668 in
429 1641 560 1676 paradiso.
584 1641 664 1676 Atqui
686 1640 833 1668 Cherubini
854 1642 1005 1676 paradisum

210 1687 354 1714 servabant
365 1696 373 1719 ;
385 1694 477 1714 verum
488 1686 529 1714 hic
539 1686 751 1714 Cherubinorum
762 1687 843 1714 etiam
858 1687 1004 1715 Dominus:

210 1738 251 1759 νει
275 1732 416 1760 ﬂammeus
439 1733 543 1768 gladius
569 1732 603 1760 ibi
631 1732 763 1766 volvitur;
787 1740 882 1761 verum
903 1734 960 1768 ipse
979 1738 1007 1762 et

211 1780 325 1806 ﬂamma:
348 1783 375 1806 ct
397 1779 539 1814 gehenntc,
558 1783 587 1806 et
603 1778 664 1806 vita:
683 1783 712 1807 et
731 1780 826 1807 mortis
846 1784 1005 1814 potestatem

211 1825 302 1852 habet.
318 1825 396 1860 Atqui
417 1833 462 1852 rex
479 1825 570 1852 nullus
582 1832 708 1860 umquam
734 1825 851 1859 patiatur
874 1826 1006 1854 latronem

211 1871 359 1905 hominem,
375 1872 417 1899 vel
433 1871 515 1899 alium
528 1872 681 1907 quempiam
693 1880 725 1900 ex
739 1872 846 1900 famulis
859 1880 951 1901 secum
965 1881 1007 1901 se-

208 1919 318 1946 dentem
335 1919 506 1947 introducere
522 1920 547 1947 in
571 1920 677 1948 urbem.
700 1920 798 1948 Verum
817 1920 942 1948 Christus
957 1922 1008 1949 hoc

210 1964 283 1997 t‘t-cit,
300 1964 380 1999 inque
389 1971 494 1992 sacram
509 1966 622 2000 patriam
637 1965 801 2001 ingrediens,
815 1974 906 1994 secum
921 1966 1006 1994 furem

211 2009 366 2043 introducit,
387 2018 439 2037 rion
463 2011 616 2045 paradisum
639 2011 821 2045 conculcans,
848 2020 936 2046 ncqtte
959 2021 1006 2047 pc-

210 2056 288 2081 dibus
315 2055 427 2083 latronis
453 2056 621 2091 deturpans,
650 2057 704 2084 imo
731 2058 818 2092 potius
842 2057 977 2085 honorans
998 2066 1006 2085 :

212 2101 299 2127 honor
323 2101 421 2136 quippe
434 2102 549 2136 paradisi
561 2107 602 2129 est
621 2102 700 2131 talem
724 2103 824 2130 habere
843 2103 1001 2137 dominum,

209 2147 254 2180 qui
272 2148 356 2181 possit
368 2148 411 2175 vel
427 2149 512 2175 furem
527 2149 683 2183 voluptatis,
697 2158 756 2184 qua:
769 2153 811 2177 est
825 2151 850 2177 in
866 2151 1006 2185 paradiso,

209 2195 319 2227 dignum
334 2193 433 2222 facere.
450 2195 556 2222 Etenim
567 2203 628 2222 cum
643 2196 798 2230 publicanos
809 2202 836 2224 et
850 2198 1008 2225 meretrices

211 2240 397 2268 introducebat
413 2242 438 2268 itt
453 2249 565 2275 regnum
578 2242 705 2269 caelorum
715 2264 723 2275 ,
738 2250 792 2270 non
806 2242 944 2276 dedecori,
959 2243 1007 2271 sed

210 2286 306 2314 honori
321 2286 348 2314 id
359 2292 428 2320 erat,
445 2288 589 2316 ostendens
605 2288 758 2323 hujusmodi
781 2296 842 2317 esse
865 2290 1006 2317 Dominum

210 2332 286 2365 regni
311 2332 458 2364 caalorum,
487 2334 531 2368 qui
557 2334 714 2362 meretrices
739 2339 766 2362 et
791 2335 948 2370 publicanos
970 2336 1007 2363 ita

210 2378 372 2412 spectabiles
386 2379 497 2411 faceret,
515 2385 544 2407 ut
557 2379 630 2415 digni
644 2380 801 2408 viderentur
817 2381 881 2408 tanti
899 2381 1008 2409 honoris

209 2429 235 2449 i-t
252 2424 381 2450 muneris.
396 2424 628 2458 Quemadmodum
642 2426 714 2454 enim
729 2426 862 2454 medicum
878 2431 941 2454 tunc
952 2435 1008 2454 nta-

210 2470 281 2496 xime
303 2470 442 2503 miramur,
457 2478 518 2498 cum
541 2472 664 2499 videmus
677 2479 739 2499 eum
765 2472 888 2500 homines
902 2473 1008 2500 incura-

209 2515 309 2542 bilibus
323 2516 425 2543 morbis
440 2516 594 2545 laborantes
606 2519 640 2546 ab
656 2518 816 2553 atgritudine
838 2518 965 2552 liberare,
980 2523 1008 2546 et

209 2562 318 2589 sanitati
340 2562 505 2590 restituere:
531 2564 566 2591 ita
586 2568 614 2591 et
634 2563 770 2592 Christum
792 2565 882 2592 mirari
905 2566 1007 2598 justum

209 2612 261 2639 est,
276 2615 337 2635 cum
351 2608 510 2636 insanabilia
523 2616 599 2638 curat
612 2611 723 2638 vulnera
733 2632 741 2644 ,
756 2618 818 2638 euttt
834 2611 1005 2645 publicanum

208 2659 235 2679 ct
250 2654 421 2682 meretricem
442 2655 469 2682 itt
484 2660 585 2683 tantam
611 2657 751 2684 sanitatem
772 2657 885 2689 reducit,
899 2662 927 2684 ut
941 2659 1007 2686 caelo

208 2700 281 2734 digiti
298 2700 449 2728 videantur.
467 2702 569 2737 Ecquid
585 2707 688 2730 tantum
708 2702 771 2731 fecit
784 2703 863 2736 latro,
879 2704 984 2739 inquies
997 2726 1005 2737 ,

209 2750 238 2771 ut
252 2751 312 2780 post
324 2753 432 2775 crucem
447 2748 602 2782 paradisum
616 2749 651 2776 sit
664 2749 798 2784 adeptus?
815 2749 894 2777 Visne
909 2755 938 2778 ut
953 2751 1006 2777 vir-

209 2797 292 2819 tutem
307 2794 366 2827 cjus
382 2793 499 2822 breviter
511 2794 718 2823 demonstrem?
733 2796 800 2824 Cum
816 2797 912 2824 Petrus
926 2805 1007 2832 nega-

208 2839 254 2865 bat
270 2840 348 2872 infra,
373 2844 437 2868 tunc
452 2841 497 2868 ille
509 2848 590 2876 supra
610 2842 799 2870 conﬁtebatur.
820 2843 878 2870 Non
898 2843 1005 2871 Petrum

210 2892 335 2914 tncnsans
351 2887 408 2915 hac
423 2887 495 2921 dico,
508 2887 595 2922 absit;
610 2889 657 2917 sed
675 2889 787 2917 latronis
801 2889 1005 2925 magnanimita-

581 155 608 182 S.
624 154 762 184 JOANNIS
777 156 1013 187 CIlRYSOS’I‘OMl
1033 159 1192 188 ARCIIIEP.
1208 159 1475 189 CONSTANTINOP.

1799 157 1852 186 ἆῦί

1060 217 1113 240 tem
1137 213 1266 242 exhibere
1290 215 1393 243 volens.
1421 212 1573 251 Discipulos
1596 215 1735 244 vilisSImat
1758 216 1856 252 puellas

1060 259 1147 286 minas
1160 266 1215 286 non
1226 260 1296 293 tulit,
1313 260 1382 288 latro
1394 265 1484 289 autem
1498 260 1593 288 videns
1609 261 1737 297 populum
1750 266 1836 288 totout
1848 284 1855 292 ,

1057 303 1276 332 circumstantcm
1286 325 1294 338 ,
1307 305 1480 338 clamantem,
1495 306 1676 341 blaspltcmias
1695 311 1723 334 et
1743 306 1857 333 dicteria

1056 350 1231 385 jaculautem,
1248 359 1301 379 non
1317 353 1431 380 attendit
1446 353 1512 386 illis,
1529 361 1583 381 non
1597 354 1724 389 cogitavit
1736 361 1854 389 present

1058 400 1113 423 tem
1135 397 1253 424 cruciﬁxi
1278 398 1417 430 vilitatem,
1437 399 1484 426 sed
1501 399 1562 426 ﬁdei
1585 399 1670 427 oculis
1690 399 1749 427 haec
1767 400 1856 426 omnia

1058 447 1278 476 pmtercurrens,
1290 444 1380 471 missis
1390 444 1441 471 illis
1451 445 1547 472 vilibus
1557 445 1766 480 impedimentis,
1775 453 1858 481 agno-

1058 488 1097 515 vit
1107 489 1232 516 catlorum
1255 489 1411 523 Dominum,
1425 496 1453 518 et
1470 491 1503 518 ad
1520 492 1606 526 ipsum
1620 492 1710 520 animo
1730 500 1856 527 procuro-

1059 533 1126 562 hens
1136 534 1260 562 dicebat:
1277 535 1404 563 Memento
1423 537 1487 569 mei,
1504 537 1622 571 Domine,
1642 547 1699 565 cum
1716 539 1814 566 veneris
1830 539 1857 566 in

1059 588 1165 614 regnum
1175 585 1244 608 tuam
1256 581 1332 618 (Luc.
1343 582 1390 610 23.
1401 583 1458 619 42).
1468 583 1506 611 Ne
1514 583 1644 611 latronem
1660 584 1741 617 hunc,
1752 592 1856 620 qua‘SO.

1059 631 1306 661 pratercurramus,
1331 636 1417 664 neque
1437 637 1486 657 nos
1509 630 1606 665 pudeat
1628 636 1691 658 eum
1716 631 1858 658 doctorem

1057 673 1195 708 accipere,
1209 674 1435 709 quem.Dominus
1450 681 1542 704 noster
1554 684 1608 704 non
1620 677 1727 704 erubuit
1739 677 1857 712 primunt

1059 715 1186 744 inducere
1200 718 1228 744 in
1240 717 1393 753 paradisum
1409 727 1416 745 :
1433 727 1467 746 ne
1485 720 1678 748 erubescamus
1699 721 1858 755 magistrum

1057 763 1181 798 accipere
1204 771 1281 797 eum,
1295 766 1338 800 qui
1359 770 1421 793 ante
1441 767 1592 793 universam
1615 770 1736 794 naturam
1760 766 1859 801 dignus

1058 811 1182 844 apparuit
1199 811 1410 839 conversationis
1434 812 1503 847 ejus,
1517 819 1577 847 qua:
1597 812 1622 840 in
1637 813 1710 840 ccli:
1729 815 1771 840 est
1786 821 1794 840 :
1810 813 1857 840 scd

1057 856 1160 891 singula
1175 862 1298 885 accurate
1311 859 1487 892 excutiamus,
1501 864 1531 886 ιιι
1556 860 1644 899 crucis
1663 860 1792 887 virtutem
1813 859 1855 886 di-

1056 909 1174 930 scamus.
1198 902 1256 930 Non
1276 903 1342 931 dixit
1362 904 1636 940 ei,quemadmodunt
1656 905 1737 933 Petro
1756 914 1764 932 :
1793 904 1858 933 Veni

1058 953 1169 983 postme,
1179 953 1203 976 et
1209 949 1303 984 faciant
1312 954 1335 976 te
1343 950 1493 986 piscatorem
1499 951 1628 977 hominum
1637 951 1745 986 (Matth.
1754 952 1781 978 4.
1791 951 1837 986 19)
1849 960 1856 978 :

1057 1002 1111 1022 non
1131 994 1199 1022 dixit
1219 995 1256 1029 ei,
1278 1001 1308 1023 ut
1327 1001 1354 1024 et
1375 996 1428 1023 illis
1451 996 1603 1028 duodecim,
1627 997 1755 1024 Sedebilt's
1779 1005 1857 1032 super

1058 1039 1162 1067 (ἄτοποι
1183 1040 1317 1068 duodecim
1340 1041 1485 1077 judicantes
1509 1042 1643 1069 duodecim
1668 1042 1749 1069 tribus
1774 1041 1857 1068 Israel
1886 1043 1906 1068 .'

1058 1083 1169 1120 (Matth.
1183 1083 1403 1119 19.28):imone
1414 1085 1497 1113 verbo
1521 1087 1629 1122 quidem
1651 1087 1739 1122 ipsum
1765 1087 1859 1122 digna-

1058 1135 1101 1157 tus
1124 1135 1165 1158 est
1181 1139 1188 1158 :
1204 1139 1258 1159 non
1287 1132 1448 1160 miraculum
1468 1133 1584 1160 ostendit
1605 1153 1612 1165 ,
1641 1140 1693 1160 non
1715 1139 1856 1160 ntortuum

1058 1177 1104 1205 ille
1117 1178 1274 1206 suscitatum
1292 1178 1369 1211 vidit,
1385 1186 1438 1206 non
1456 1179 1548 1214 pulsos
1561 1179 1706 1210 dmntonas,
1722 1187 1776 1206 non
1794 1179 1858 1207 obe-

1058 1223 1136 1252 diens
1149 1231 1224 1252 mare
1239 1224 1324 1252 vidit:
1341 1232 1395 1252 non
1411 1225 1485 1252 illuni
1501 1224 1534 1252 de
1547 1232 1630 1260 regno
1642 1225 1772 1252 cmlorum
1788 1226 1855 1252 allo—

1057 1274 1157 1305 quutus
1169 1274 1222 1304 est,
1238 1278 1291 1298 non
1306 1270 1340 1298 de
1352 1270 1492 1306 geltenna;
1507 1276 1535 1298 et
1549 1275 1636 1298 tamen
1657 1271 1701 1299 ille
1717 1275 1783 1298 ante
1797 1279 1857 1298 ont-

1058 1323 1108 1344 nes
1127 1316 1214 1351 ipsum
1239 1315 1379 1344 confessus
1400 1320 1453 1351 est,
1468 1316 1546 1352 idque
1570 1317 1644 1344 socio
1664 1317 1834 1344 conviciante
1848 1326 1858 1345 ι

1057 1362 1258 1391 conviciabatur
1276 1363 1348 1391 enim
1361 1363 1386 1391 ei
1399 1363 1468 1391 latro
1486 1364 1564 1391 alter.
1579 1364 1686 1391 Etenim
1706 1364 1778 1391 alius
1793 1371 1857 1399 quo-

1057 1415 1111 1444 que
1125 1408 1193 1436 latro
1207 1408 1353 1436 cruciﬁxus
1365 1416 1427 1436 cum
1440 1416 1474 1437 eo
1487 1413 1555 1441 erat,
1569 1415 1597 1436 ut
1608 1409 1769 1444 impleretur
1780 1409 1854 1441 illud,

1059 1453 1132 1481 Inter
1151 1454 1254 1489 iniquos
1274 1459 1403 1490 "putatus
1425 1460 1462 1483 est
1481 1454 1556 1490 (Isai.
1578 1456 1625 1484 53.
1647 1455 1702 1490 12).
1726 1455 1857 1482 Volebam

1058 1501 1130 1528 enim
1149 1501 1262 1536 gloriam
1277 1503 1336 1536 ejus
1354 1501 1499 1529 obscurare
1519 1501 1615 1535 Judaei,
1631 1506 1659 1529 et
1678 1501 1857 1536 undcquaque

1058 1547 1108 1580 iis,
1133 1555 1194 1583 qua:
1223 1548 1386 1583 agebantur,
1414 1549 1595 1581 insultabant;
1622 1556 1718 1576 verum
1741 1549 1858 1584 undique

1058 1595 1158 1622 veritas
1188 1593 1330 1630 fulgebat.
1362 1599 1390 1622 et
1424 1602 1473 1630 per
1503 1595 1560 1630 ipsa
1587 1594 1780 1629 impedimenta
1811 1602 1857 1621 au-

1057 1640 1179 1676 gebatur.
1211 1640 1417 1669 Conviciabatur
1443 1648 1508 1676 ergo
1535 1641 1560 1668 ei
1603 1641 1672 1668 latro
1698 1641 1780 1668 alter.
1814 1641 1858 1667 γλ.

1058 1686 1270 1718 den’latronem,
1288 1692 1316 1714 et
1338 1686 1489 1714 latronem?
1509 1686 1588 1714 ambo
1609 1686 1636 1713 in
1659 1694 1755 1718 cruce,
1779 1687 1857 1713 ambo

1058 1740 1092 1761 ex
1106 1733 1159 1761 vita
1178 1732 1348 1768 praedatoria,
1364 1733 1443 1760 ambo
1453 1740 1468 1760 a
1484 1733 1618 1768 nequitia;
1634 1732 1681 1760 sed
1706 1740 1760 1759 non
1778 1732 1858 1759 ambo

1059 1778 1214 1806 iniisdem:
1229 1778 1298 1806 alius
1319 1779 1391 1806 enim
1406 1786 1518 1814 regnum
1537 1778 1664 1806 caelorum
1683 1778 1710 1804 in
1724 1777 1858 1805 heredita-

1059 1828 1113 1852 tem
1128 1824 1249 1859 accepit,
1265 1824 1333 1852 alius
1347 1824 1373 1851 in
1387 1824 1538 1859 gehennam
1558 1823 1657 1851 missus
1678 1828 1733 1851 est.
1755 1823 1857 1851 Eodem

1059 1870 1140 1898 modo
1153 1875 1180 1898 et
1190 1869 1316 1898 hesterna
1331 1870 1374 1898 die
1392 1870 1513 1905 discipuli
1531 1869 1725 1904 etdiscipulus,
1739 1869 1823 1897 ludas
1832 1875 1858 1896 et

1060 1916 1201 1949 undecim;
1216 1916 1264 1944 sed
1283 1916 1321 1944 illi
1337 1916 1445 1952 quidem
1465 1916 1600 1947 dicebant,
1618 1916 1668 1943 Ubi
1688 1917 1726 1944 vis
1740 1925 1857 1951 paremus

1061 1963 1106 1989 tibi
1120 1961 1250 1989 comedere
1262 1961 1364 1989 Pascha
1377 1962 1390 1989 ?
1405 1962 1448 1989 ltic
1461 1970 1525 1990 vero
1539 1962 1718 1997 proditionem
1735 1963 1856 1997 parabat,

1061 2013 1089 2037 et
1110 2008 1215 2036 dicebat
1234 2018 1241 2035 :
1259 2008 1327 2042 Quid
1347 2009 1424 2036 sultis
1445 2009 1508 2036 mihi
1516 2009 1596 2042 dare,
1609 2014 1633 2036 et
1647 2017 1693 2045 ego
1718 2010 1789 2036 vobis
1803 2014 1855 2036 tm-

1060 2055 1120 2082 dam
1131 2054 1303 2089 eum(MattIt.
1314 2054 1407 2082 26.17.
1418 2059 1441 2082 et
1450 2055 1507 2091 15)?
1519 2055 1557 2082 illi
1570 2055 1678 2091 quidem
1691 2056 1725 2083 ad
1737 2057 1856 2084 ministe-

1060 2102 1129 2128 rium
1144 2100 1315 2136 divinamque
1336 2101 1527 2137 mystagogiam
1546 2108 1607 2129 sese
1621 2102 1804 2136 apparabant,
1818 2103 1858 2129 hic

1060 2153 1126 2174 vero
1139 2146 1172 2173 ad
1190 2139 1361 2181 prodendum
1385 2146 1537 2174 festinabat.
1558 2146 1596 2174 ita
1613 2152 1641 2174 et
1656 2155 1729 2175 nunc
1751 2147 1819 2175 latro
1833 2155 1857 2175 et

1061 2193 1141 2226 latro,
1161 2192 1209 2220 sed
1222 2193 1268 2220 ille
1289 2193 1396 2228 quidem
1420 2193 1601 2226 conviciator,
1617 2193 1662 2222 hic
1680 2193 1778 2221 adorat
1794 2204 1800 2221 :
1817 2195 1858 2221 ille

1061 2239 1242 2275 blasphemat,
1257 2239 1301 2267 hic
1313 2239 1457 2273 benedicit,
1475 2245 1502 2268 et
1516 2239 1751 2275 blasphemantem
1773 2241 1855 2267 incre-

1061 2292 1105 2322 pat
1116 2287 1158 2315 his
1167 2287 1268 2321 verbis,
1284 2287 1374 2322 Neque
1381 2292 1408 2314 tu
1421 2287 1492 2315 times
1506 2287 1588 2314 Deum
1597 2287 1610 2314 ἲ
1623 2295 1683 2315 nam
1697 2287 1778 2323 digna
1788 2289 1859 2323 farm

1060 2334 1195 2367 recipimus
1208 2333 1284 2369 (Luc.
1300 2333 1346 2361 25.
1362 2334 1407 2361 40.
1424 2333 1480 2369 41).

1096 2382 1123 2409 3.
1146 2380 1242 2408 Vidisti
1265 2380 1389 2408 ﬁduciam
1413 2381 1546 2409 latronis?
1566 2380 1655 2408 vidisti
1683 2380 1809 2409 ﬁduciam
1834 2383 1859 2407 iu

1059 2427 1157 2455 cruce?
1165 2427 1254 2455 vidisti
1266 2427 1460 2462 philosophiam
1472 2428 1498 2455 in
1509 2427 1650 2463 supplicio,
1658 2432 1685 2455 ct
1696 2428 1823 2462 pietatem
1834 2427 1859 2453 in

1060 2474 1201 2502 cruciatu?
1213 2474 1289 2508 Quod
1301 2474 1375 2502 enim
1390 2474 1441 2502 sibi
1456 2481 1586 2509 praesens,
1595 2481 1649 2501 non
1662 2478 1756 2502 mente
1770 2481 1860 2502 eroes.

1061 2520 1127 2547 serit
1139 2519 1222 2547 clavis
1236 2519 1356 2548 confixus
1366 2540 1374 2552 ,
1391 2520 1450 2555 quis
1464 2527 1517 2547 non
1531 2520 1656 2554 stupent?
1671 2519 1718 2547 Ille
1732 2527 1798 2547 vero
1809 2528 1858 2546 non

1061 2565 1141 2593 modo
1153 2569 1244 2594 mente
1257 2565 1411 2599 constabat,
1425 2565 1474 2593 sed
1487 2565 1611 2596 omnibus
1622 2565 1679 2593 suis
1692 2565 1796 2593 relictis
1805 2585 1812 2596 .
1828 2565 1860 2592 de

1060 2611 1174 2640 aliorum
1189 2612 1271 2640 rebus
1281 2613 1400 2644 curabat.
1415 2612 1510 2640 doctor
1523 2612 1550 2640 in
1563 2619 1644 2640 cruce
1658 2611 1757 2643 factus,
1773 2613 1858 2639 ittcrec

1060 2665 1181 2694 pansque
1194 2658 1236 2687 his
1248 2659 1337 2686 verbis
1354 2667 1361 2685 :
1379 2657 1468 2694 Neque
1481 2663 1507 2685 tu
1518 2658 1590 2685 times
1601 2657 1705 2685 Deum?
1720 2658 1760 2684 Nc
1773 2662 1858 2684 atten-

1060 2704 1120 2737 das,
1136 2705 1239 2740 inquit,
1255 2704 1288 2732 ad
1303 2704 1415 2732 inferius
1427 2704 1479 2732 hoc
1491 2703 1623 2731 tribunal:
1638 2708 1681 2730 est
1694 2703 1768 2730 aliud
1779 2703 1856 2738 iudex

1061 2751 1211 2785 invisibilis,
1231 2755 1272 2778 est
1294 2751 1474 2785 incorruptum
1495 2750 1620 2777 tribunal.
1636 2749 1675 2777 Ne
1697 2754 1725 2778 te
1744 2754 1856 2781 moveat,

1061 2797 1131 2832 quod
1145 2797 1212 2825 infra
1226 2797 1420 2825 condemnatus
1433 2797 1468 2824 sit
1486 2804 1566 2824 :ttam
1586 2803 1703 2831 superna
1726 2803 1780 2823 non
1798 2800 1856 2823 sunt

1062 2843 1224 2878 hujusmodi.
1237 2843 1265 2870 In
1276 2843 1327 2870 hoc
1338 2843 1436 2878 quippe
1447 2848 1554 2870 terreno
1565 2841 1693 2870 tribunali
1703 2841 1768 2877 justi
1779 2849 1862 2877 quan-

1063 2888 1151 2925 doque
1170 2889 1344 2922 damnantur,
1358 2895 1385 2917 et
1398 2889 1486 2924 injusti
1502 2896 1608 2924 poenam
1622 2888 1768 2924 cll'ugiunt;
1784 2887 1858 2914 noxi.

1906 1702 1922 1730 ἲ
