  <div class='ocr_page' id='page_1' title='image "/cluster/home/n/w/nwhite01/storage/ocr_20150623/49-50/njp.32101077772620/400.png"; bbox 0 0 1978 3131; ppageno 0'>
   <div class='ocr_carea' id='block_1_1' title="bbox 158 148 1238 180">
    <p class='ocr_par' dir='ltr' id='par_1_1' title="bbox 158 148 1238 180">
     <span class='ocr_line' id='line_1_1' title="bbox 158 148 1238 180; baseline -0.001 -1"><span class='ocrx_word' id='word_1_1' title='bbox 158 151 203 180; x_wconf 60' lang='grc' dir='ltr'>ἐπὶ</span> <span class='ocrx_word' id='word_1_2' title='bbox 630 148 675 178; x_wconf 78' lang='lat' dir='ltr'>DE</span> <span class='ocrx_word' id='word_1_3' title='bbox 694 149 807 179; x_wconf 80' lang='lat' dir='ltr'>CR‘UCE</span> <span class='ocrx_word' id='word_1_4' title='bbox 827 150 870 179; x_wconf 85' lang='lat' dir='ltr'><strong>ET</strong></span> <span class='ocrx_word' id='word_1_5' title='bbox 891 148 1063 177; x_wconf 79' lang='lat' dir='ltr'>LATRONE.</span> <span class='ocrx_word' id='word_1_6' title='bbox 1084 149 1199 178; x_wconf 81' lang='lat' dir='ltr'>HOMIL.</span> <span class='ocrx_word' id='word_1_7' title='bbox 1219 152 1238 178; x_wconf 85' lang='grc'>1.</span> 
     </span>
    </p>
   </div>
   <div class='ocr_carea' id='block_1_2' title="bbox 158 211 935 250">
    <p class='ocr_par' dir='ltr' id='par_1_2' title="bbox 158 211 935 250">
     <span class='ocr_line' id='line_1_2' title="bbox 158 211 935 250; baseline -0.001 -11"><span class='ocrx_word' id='word_1_8' title='bbox 158 215 212 250; x_wconf 64' lang='grc' dir='ltr'>ᾑνει</span> <span class='ocrx_word' id='word_1_9' title='bbox 234 212 323 240; x_wconf 70' lang='grc' dir='ltr'>λοιπὸν</span> <span class='ocrx_word' id='word_1_10' title='bbox 349 212 434 243; x_wconf 76' lang='grc' dir='ltr'>ἀδεῶς</span> <span class='ocrx_word' id='word_1_11' title='bbox 455 211 654 247; x_wconf 77' lang='grc' dir='ltr'>προσεύχεσθαι</span> <span class='ocrx_word' id='word_1_12' title='bbox 672 213 822 248; x_wconf 78' lang='grc' dir='ltr'>πανταχοῦ,</span> <span class='ocrx_word' id='word_1_13' title='bbox 849 212 935 247; x_wconf 84' lang='grc' dir='ltr'>λέγων</span> 
     </span>
    </p>
   </div>
   <div class='ocr_carea' id='block_1_3' title="bbox 157 254 938 288">
    <p class='ocr_par' dir='ltr' id='par_1_3' title="bbox 157 254 938 288">
     <span class='ocr_line' id='line_1_3' title="bbox 157 254 938 288; baseline -0.001 -7"><span class='ocrx_word' id='word_1_14' title='bbox 157 255 233 281; x_wconf 79' lang='grc' dir='ltr'>οὕτω·</span> <span class='ocrx_word' id='word_1_15' title='bbox 264 255 413 288; x_wconf 71' lang='grc' dir='ltr'>Βούλομαι</span> <span class='ocrx_word' id='word_1_16' title='bbox 429 255 652 288; x_wconf 75' lang='grc' dir='ltr'>προσεύχεσθαι</span> <span class='ocrx_word' id='word_1_17' title='bbox 673 255 743 287; x_wconf 87' lang='grc' dir='ltr'>τοὺς</span> <span class='ocrx_word' id='word_1_18' title='bbox 764 255 876 288; x_wconf 77' lang='grc' dir='ltr'>ἄνδρας</span> <span class='ocrx_word' id='word_1_19' title='bbox 904 254 938 280; x_wconf 87' lang='grc' dir='ltr'>ὲν</span> 
     </span>
    </p>
   </div>
   <div class='ocr_carea' id='block_1_4' title="bbox 158 295 938 330">
    <p class='ocr_par' dir='ltr' id='par_1_4' title="bbox 158 295 938 330">
     <span class='ocr_line' id='line_1_4' title="bbox 158 295 938 330; baseline -0.001 -7"><span class='ocrx_word' id='word_1_20' title='bbox 158 296 240 323; x_wconf 72' lang='grc' dir='ltr'>παντὶ</span> <span class='ocrx_word' id='word_1_21' title='bbox 255 296 336 328; x_wconf 74' lang='grc' dir='ltr'>τόπῳ</span> <span class='ocrx_word' id='word_1_22' title='bbox 362 296 540 329; x_wconf 83' lang='grc' dir='ltr'>ἐπαίροντας</span> <span class='ocrx_word' id='word_1_23' title='bbox 554 297 641 329; x_wconf 81' lang='grc' dir='ltr'>ὁσίας</span> <span class='ocrx_word' id='word_1_24' title='bbox 663 296 772 330; x_wconf 84' lang='grc' dir='ltr'>χεῖρας.</span> <span class='ocrx_word' id='word_1_25' title='bbox 787 295 863 328; x_wconf 81' lang='grc' dir='ltr'>Εἶδες</span> <span class='ocrx_word' id='word_1_26' title='bbox 880 295 938 327; x_wconf 86' lang='grc' dir='ltr'>πῶς</span> 
     </span>
    </p>
   </div>
   <div class='ocr_carea' id='block_1_5' title="bbox 157 337 937 374">
    <p class='ocr_par' dir='ltr' id='par_1_5' title="bbox 157 337 937 374">
     <span class='ocr_line' id='line_1_5' title="bbox 157 337 937 374; baseline 0 -9"><span class='ocrx_word' id='word_1_27' title='bbox 157 338 289 373; x_wconf 74' lang='grc' dir='ltr'>ἐκαθάρθη</span> <span class='ocrx_word' id='word_1_28' title='bbox 301 338 318 372; x_wconf 75' lang='grc' dir='ltr'><strong>ἡ</strong></span> <span class='ocrx_word' id='word_1_29' title='bbox 333 337 498 373; x_wconf 77' lang='grc' dir='ltr'>οἰκουμένης</span> <span class='ocrx_word' id='word_1_30' title='bbox 513 338 562 365; x_wconf 78' lang='grc' dir='ltr'>Διὰ</span> <span class='ocrx_word' id='word_1_31' title='bbox 572 338 627 374; x_wconf 70' lang='grc' dir='ltr'>γὰρ</span> <span class='ocrx_word' id='word_1_32' title='bbox 641 339 687 365; x_wconf 84' lang='grc' dir='ltr'>τοῦ</span> <span class='ocrx_word' id='word_1_33' title='bbox 700 339 783 365; x_wconf 83' lang='grc' dir='ltr'>τόπου</span> <span class='ocrx_word' id='word_1_34' title='bbox 800 338 937 373; x_wconf 85' lang='grc' dir='ltr'>πανταχοῦ</span> 
     </span>
    </p>
   </div>
   <div class='ocr_carea' id='block_1_6' title="bbox 157 379 937 415">
    <p class='ocr_par' dir='ltr' id='par_1_6' title="bbox 157 379 937 415">
     <span class='ocr_line' id='line_1_6' title="bbox 157 379 937 415; baseline 0.003 -10"><span class='ocrx_word' id='word_1_35' title='bbox 157 382 274 415; x_wconf 73' lang='grc' dir='ltr'>ἐπαίρειν</span> <span class='ocrx_word' id='word_1_36' title='bbox 293 380 388 414; x_wconf 83' lang='grc' dir='ltr'>χεῖρας</span> <span class='ocrx_word' id='word_1_37' title='bbox 403 379 478 410; x_wconf 78' lang='grc' dir='ltr'>ὁσίας</span> <span class='ocrx_word' id='word_1_38' title='bbox 492 379 641 415; x_wconf 78' lang='grc' dir='ltr'>δυνάμεθα,</span> <span class='ocrx_word' id='word_1_39' title='bbox 654 380 748 415; x_wconf 74' lang='grc' dir='ltr'>ἐπειδὴ</span> <span class='ocrx_word' id='word_1_40' title='bbox 763 381 838 407; x_wconf 85' lang='grc' dir='ltr'>πᾶσα</span> <span class='ocrx_word' id='word_1_41' title='bbox 860 381 877 415; x_wconf 84' lang='grc' dir='ltr'><strong>ἠ</strong></span> <span class='ocrx_word' id='word_1_42' title='bbox 901 380 937 415; x_wconf 88' lang='grc' dir='ltr'>γῆ</span> 
     </span>
    </p>
   </div>
   <div class='ocr_carea' id='block_1_7' title="bbox 155 421 939 457">
    <p class='ocr_par' dir='ltr' id='par_1_7' title="bbox 155 421 939 457">
     <span class='ocr_line' id='line_1_7' title="bbox 155 421 939 457; baseline 0.003 -10"><span class='ocrx_word' id='word_1_43' title='bbox 155 422 216 455; x_wconf 83' lang='grc' dir='ltr'>ἁγία</span> <span class='ocrx_word' id='word_1_44' title='bbox 234 421 346 455; x_wconf 78' lang='grc' dir='ltr'>γέγονεν</span> <span class='ocrx_word' id='word_1_45' title='bbox 366 422 503 457; x_wconf 78' lang='grc' dir='ltr'>ἁγιωτέρα</span> <span class='ocrx_word' id='word_1_46' title='bbox 515 422 570 449; x_wconf 82' lang='grc' dir='ltr'>τῶν</span> <span class='ocrx_word' id='word_1_47' title='bbox 586 423 672 456; x_wconf 83' lang='grc' dir='ltr'>ἁγίων</span> <span class='ocrx_word' id='word_1_48' title='bbox 694 422 748 449; x_wconf 89' lang='grc' dir='ltr'>τῶν</span> <span class='ocrx_word' id='word_1_49' title='bbox 757 422 840 449; x_wconf 80' lang='grc' dir='ltr'>ἔνδον.</span> <span class='ocrx_word' id='word_1_50' title='bbox 865 423 939 449; x_wconf 85' lang='grc' dir='ltr'>Ἐκεῖ</span> 
     </span>
    </p>
   </div>
   <div class='ocr_carea' id='block_1_8' title="bbox 157 463 938 499">
    <p class='ocr_par' dir='ltr' id='par_1_8' title="bbox 157 463 938 499">
     <span class='ocr_line' id='line_1_8' title="bbox 157 463 938 499; baseline 0.003 -10"><span class='ocrx_word' id='word_1_51' title='bbox 157 464 202 499; x_wconf 80' lang='grc' dir='ltr'>μὲν</span> <span class='ocrx_word' id='word_1_52' title='bbox 220 464 274 498; x_wconf 79' lang='grc' dir='ltr'>γὰρ</span> <span class='ocrx_word' id='word_1_53' title='bbox 295 463 468 498; x_wconf 77' lang='grc' dir='ltr'>προσηνέχθη</span> <span class='ocrx_word' id='word_1_54' title='bbox 494 464 630 499; x_wconf 76' lang='grc' dir='ltr'>πρόϐατον</span> <span class='ocrx_word' id='word_1_55' title='bbox 649 464 755 498; x_wconf 79' lang='grc' dir='ltr'>ἄλογον,</span> <span class='ocrx_word' id='word_1_56' title='bbox 771 464 889 491; x_wconf 80' lang='grc' dir='ltr'>ἐνταῦθα</span> <span class='ocrx_word' id='word_1_57' title='bbox 910 464 938 491; x_wconf 84' lang='grc' dir='ltr'>δὲ</span> 
     </span>
    </p>
   </div>
   <div class='ocr_carea' id='block_1_9' title="bbox 154 505 939 542">
    <p class='ocr_par' dir='ltr' id='par_1_9' title="bbox 154 505 939 542">
     <span class='ocr_line' id='line_1_9' title="bbox 154 505 939 542; baseline 0.001 -11"><span class='ocrx_word' id='word_1_58' title='bbox 154 505 342 540; x_wconf 82' lang='grc' dir='ltr'>πνευματικόν·</span> <span class='ocrx_word' id='word_1_59' title='bbox 351 505 405 540; x_wconf 83' lang='grc' dir='ltr'>ὅσῳ</span> <span class='ocrx_word' id='word_1_60' title='bbox 419 505 448 532; x_wconf 79' lang='grc' dir='ltr'>δὲ</span> <span class='ocrx_word' id='word_1_61' title='bbox 465 505 565 540; x_wconf 82' lang='grc' dir='ltr'>μείζων</span> <span class='ocrx_word' id='word_1_62' title='bbox 578 506 595 541; x_wconf 89' lang='grc' dir='ltr'>ἡ</span> <span class='ocrx_word' id='word_1_63' title='bbox 609 505 699 538; x_wconf 81' lang='grc' dir='ltr'>θυσία,</span> <span class='ocrx_word' id='word_1_64' title='bbox 712 505 832 542; x_wconf 85' lang='grc' dir='ltr'>τοσούτῳ</span> <span class='ocrx_word' id='word_1_65' title='bbox 840 505 939 533; x_wconf 86' lang='grc' dir='ltr'>πλείων</span> 
     </span>
    </p>
   </div>
   <div class='ocr_carea' id='block_1_10' title="bbox 154 546 800 583">
    <p class='ocr_par' dir='ltr' id='par_1_10' title="bbox 154 546 800 583">
     <span class='ocr_line' id='line_1_10' title="bbox 154 546 800 583; baseline 0.002 -10"><span class='ocrx_word' id='word_1_66' title='bbox 154 547 219 573; x_wconf 74' lang='grc' dir='ltr'>καὶὸ</span> <span class='ocrx_word' id='word_1_67' title='bbox 233 546 380 582; x_wconf 84' lang='grc' dir='ltr'>ἁγιασμός.</span> <span class='ocrx_word' id='word_1_68' title='bbox 398 547 447 573; x_wconf 78' lang='grc' dir='ltr'>Διὰ</span> <span class='ocrx_word' id='word_1_69' title='bbox 464 546 543 574; x_wconf 87' lang='grc' dir='ltr'>τοῦτο</span> <span class='ocrx_word' id='word_1_70' title='bbox 555 547 636 583; x_wconf 77' lang='grc' dir='ltr'>ἑορτὴ</span> <span class='ocrx_word' id='word_1_71' title='bbox 645 548 659 574; x_wconf 98' lang='lat'>6</span> <span class='ocrx_word' id='word_1_72' title='bbox 674 548 800 583; x_wconf 73' lang='grc' dir='ltr'>σταυρός.</span> 
     </span>
    </p>
   </div>
   <div class='ocr_carea' id='block_1_11' title="bbox 187 620 940 658">
    <p class='ocr_par' dir='ltr' id='par_1_11' title="bbox 187 620 940 658">
     <span class='ocr_line' id='line_1_11' title="bbox 187 620 940 658; baseline 0.004 -11"><span class='ocrx_word' id='word_1_73' title='bbox 187 621 218 655; x_wconf 84' lang='grc' dir='ltr'>β’.</span> <span class='ocrx_word' id='word_1_74' title='bbox 227 621 319 648; x_wconf 79' lang='grc' dir='ltr'>Βούλει</span> <span class='ocrx_word' id='word_1_75' title='bbox 330 620 425 656; x_wconf 78' lang='grc' dir='ltr'>μαθεῖν</span> <span class='ocrx_word' id='word_1_76' title='bbox 433 620 515 648; x_wconf 89' lang='grc' dir='ltr'>αὐτοῦ</span> <span class='ocrx_word' id='word_1_77' title='bbox 526 621 573 648; x_wconf 77' lang='grc' dir='ltr'>καὶ</span> <span class='ocrx_word' id='word_1_78' title='bbox 585 621 677 658; x_wconf 78' lang='grc' dir='ltr'>ἕτερον</span> <span class='ocrx_word' id='word_1_79' title='bbox 692 621 874 658; x_wconf 75' lang='grc' dir='ltr'>κατόρθωμας</span> <span class='ocrx_word' id='word_1_80' title='bbox 887 622 940 650; x_wconf 88' lang='grc' dir='ltr'>Τδν</span> 
     </span>
    </p>
   </div>
   <div class='ocr_carea' id='block_1_12' title="bbox 153 663 940 700">
    <p class='ocr_par' dir='ltr' id='par_1_12' title="bbox 153 663 940 700">
     <span class='ocr_line' id='line_1_12' title="bbox 153 663 940 700; baseline 0.003 -11"><span class='ocrx_word' id='word_1_81' title='bbox 153 663 314 699; x_wconf 75' lang='grc' dir='ltr'>παράδεισον</span> <span class='ocrx_word' id='word_1_82' title='bbox 332 663 538 698; x_wconf 80' lang='grc' dir='ltr'>πεντακισχίλια</span> <span class='ocrx_word' id='word_1_83' title='bbox 552 663 600 698; x_wconf 81' lang='grc' dir='ltr'>ἔτη</span> <span class='ocrx_word' id='word_1_84' title='bbox 615 664 662 690; x_wconf 77' lang='grc' dir='ltr'>καὶ</span> <span class='ocrx_word' id='word_1_85' title='bbox 679 663 765 691; x_wconf 81' lang='grc' dir='ltr'>πλείω</span> <span class='ocrx_word' id='word_1_86' title='bbox 779 664 940 700; x_wconf 72' lang='grc' dir='ltr'>κεκλεισμέο</span> 
     </span>
    </p>
   </div>
   <div class='ocr_carea' id='block_1_13' title="bbox 153 700 938 742">
    <p class='ocr_par' dir='ltr' id='par_1_13' title="bbox 153 700 938 742">
     <span class='ocr_line' id='line_1_13' title="bbox 153 700 938 742; baseline 0.003 -11"><span class='ocrx_word' id='word_1_87' title='bbox 153 713 194 731; x_wconf 87' lang='grc' dir='ltr'>νον</span> <span class='ocrx_word' id='word_1_88' title='bbox 209 705 329 740; x_wconf 76' lang='grc' dir='ltr'>σήμερον</span> <span class='ocrx_word' id='word_1_89' title='bbox 340 705 405 740; x_wconf 76' lang='grc' dir='ltr'>ἡμῖν</span> <span class='ocrx_word' id='word_1_90' title='bbox 417 705 545 741; x_wconf 80' lang='grc' dir='ltr'>ὴνέῳξεν.</span> <span class='ocrx_word' id='word_1_91' title='bbox 565 706 609 732; x_wconf 88' lang='grc' dir='ltr'>Ἐν</span> <span class='ocrx_word' id='word_1_92' title='bbox 624 700 709 741; x_wconf 86' lang='grc' dir='ltr'>ταύτῃ</span> <span class='ocrx_word' id='word_1_93' title='bbox 720 706 774 742; x_wconf 84' lang='grc' dir='ltr'>γὰρ</span> <span class='ocrx_word' id='word_1_94' title='bbox 786 707 819 741; x_wconf 86' lang='grc' dir='ltr'>τῇ</span> <span class='ocrx_word' id='word_1_95' title='bbox 836 706 938 742; x_wconf 81' lang='grc' dir='ltr'>ἡμέρᾳ,</span> 
     </span>
    </p>
   </div>
   <div class='ocr_carea' id='block_1_14' title="bbox 151 743 940 783">
    <p class='ocr_par' dir='ltr' id='par_1_14' title="bbox 151 743 940 783">
     <span class='ocr_line' id='line_1_14' title="bbox 151 743 940 783; baseline 0.004 -11"><span class='ocrx_word' id='word_1_96' title='bbox 151 743 179 773; x_wconf 76' lang='grc' dir='ltr'>ὲν</span> <span class='ocrx_word' id='word_1_97' title='bbox 191 746 278 782; x_wconf 84' lang='grc' dir='ltr'>ταύτῃ</span> <span class='ocrx_word' id='word_1_98' title='bbox 297 748 331 782; x_wconf 85' lang='grc' dir='ltr'>τῇ</span> <span class='ocrx_word' id='word_1_99' title='bbox 347 746 417 783; x_wconf 83' lang='grc' dir='ltr'>ὥρᾳ,</span> <span class='ocrx_word' id='word_1_100' title='bbox 438 746 484 773; x_wconf 82' lang='grc' dir='ltr'>τὸν</span> <span class='ocrx_word' id='word_1_101' title='bbox 499 747 601 783; x_wconf 77' lang='grc' dir='ltr'>λῃστὴν</span> <span class='ocrx_word' id='word_1_102' title='bbox 614 748 762 783; x_wconf 83' lang='grc' dir='ltr'>εἰσήγαγεν</span> <span class='ocrx_word' id='word_1_103' title='bbox 772 748 786 774; x_wconf 91' lang='lat'>6</span> <span class='ocrx_word' id='word_1_104' title='bbox 805 748 881 781; x_wconf 85' lang='grc' dir='ltr'>Θεὸς,</span> <span class='ocrx_word' id='word_1_105' title='bbox 893 748 940 775; x_wconf 90' lang='grc' dir='ltr'>δύο</span> 
     </span>
    </p>
   </div>
   <div class='ocr_carea' id='block_1_15' title="bbox 152 787 940 825">
    <p class='ocr_par' dir='ltr' id='par_1_15' title="bbox 152 787 940 825">
     <span class='ocr_line' id='line_1_15' title="bbox 152 787 940 825; baseline 0.001 -11"><span class='ocrx_word' id='word_1_106' title='bbox 152 787 349 823; x_wconf 79' lang='grc' dir='ltr'>κατορθώματα</span> <span class='ocrx_word' id='word_1_107' title='bbox 373 788 571 824; x_wconf 80' lang='grc' dir='ltr'>ἐργασάμενος·</span> <span class='ocrx_word' id='word_1_108' title='bbox 595 789 625 815; x_wconf 75' lang='grc' dir='ltr'>ἓν</span> <span class='ocrx_word' id='word_1_109' title='bbox 645 789 705 825; x_wconf 80' lang='grc' dir='ltr'>μὲν,</span> <span class='ocrx_word' id='word_1_110' title='bbox 719 790 761 817; x_wconf 81' lang='grc' dir='ltr'>ὃτι</span> <span class='ocrx_word' id='word_1_111' title='bbox 778 790 940 824; x_wconf 83' lang='grc' dir='ltr'>παράδεισον</span> 
     </span>
    </p>
   </div>
   <div class='ocr_carea' id='block_1_16' title="bbox 150 829 940 868">
    <p class='ocr_par' dir='ltr' id='par_1_16' title="bbox 150 829 940 868">
     <span class='ocr_line' id='line_1_16' title="bbox 150 829 940 868; baseline 0.004 -13"><span class='ocrx_word' id='word_1_112' title='bbox 150 829 278 864; x_wconf 73' lang='grc' dir='ltr'>ἡνέῳξεν,</span> <span class='ocrx_word' id='word_1_113' title='bbox 300 830 395 866; x_wconf 74' lang='grc' dir='ltr'>ἕτερον</span> <span class='ocrx_word' id='word_1_114' title='bbox 416 830 457 863; x_wconf 75' lang='grc' dir='ltr'>δὲ,</span> <span class='ocrx_word' id='word_1_115' title='bbox 482 831 524 857; x_wconf 80' lang='grc' dir='ltr'>ὅτι</span> <span class='ocrx_word' id='word_1_116' title='bbox 541 831 642 866; x_wconf 82' lang='grc' dir='ltr'>λῃστὴν</span> <span class='ocrx_word' id='word_1_117' title='bbox 661 832 800 866; x_wconf 78' lang='grc' dir='ltr'>εἰσήγαγε.</span> <span class='ocrx_word' id='word_1_118' title='bbox 816 832 940 868; x_wconf 88' lang='grc' dir='ltr'>Σήμερον</span> 
     </span>
    </p>
   </div>
   <div class='ocr_carea' id='block_1_17' title="bbox 150 869 940 909">
    <p class='ocr_par' dir='ltr' id='par_1_17' title="bbox 150 869 940 909">
     <span class='ocr_line' id='line_1_17' title="bbox 150 869 940 909; baseline 0.003 -11"><span class='ocrx_word' id='word_1_119' title='bbox 150 869 288 898; x_wconf 72' lang='grc' dir='ltr'>ἀπέδωκεν</span> <span class='ocrx_word' id='word_1_120' title='bbox 302 873 368 907; x_wconf 85' lang='grc' dir='ltr'>ἡμῖν</span> <span class='ocrx_word' id='word_1_121' title='bbox 388 871 438 908; x_wconf 85' lang='grc' dir='ltr'>τὴν</span> <span class='ocrx_word' id='word_1_122' title='bbox 455 872 570 908; x_wconf 81' lang='grc' dir='ltr'>ἀρχαίαν</span> <span class='ocrx_word' id='word_1_123' title='bbox 581 872 706 909; x_wconf 79' lang='grc' dir='ltr'>πατρίδα,</span> <span class='ocrx_word' id='word_1_124' title='bbox 719 874 840 909; x_wconf 85' lang='grc' dir='ltr'>σήμερον</span> <span class='ocrx_word' id='word_1_125' title='bbox 856 874 940 900; x_wconf 80' lang='grc' dir='ltr'>ἐπαν-</span> 
     </span>
    </p>
   </div>
   <div class='ocr_carea' id='block_1_18' title="bbox 151 913 941 950">
    <p class='ocr_par' dir='ltr' id='par_1_18' title="bbox 151 913 941 950">
     <span class='ocr_line' id='line_1_18' title="bbox 151 913 941 950; baseline 0 -10"><span class='ocrx_word' id='word_1_126' title='bbox 151 913 252 949; x_wconf 76' lang='grc' dir='ltr'>ήγαγεν</span> <span class='ocrx_word' id='word_1_127' title='bbox 283 914 360 949; x_wconf 77' lang='grc' dir='ltr'>ἡμᾶς</span> <span class='ocrx_word' id='word_1_128' title='bbox 372 914 420 941; x_wconf 75' lang='grc' dir='ltr'>ἐπὶ</span> <span class='ocrx_word' id='word_1_129' title='bbox 437 913 486 950; x_wconf 78' lang='grc' dir='ltr'>τὴν</span> <span class='ocrx_word' id='word_1_130' title='bbox 507 913 637 950; x_wconf 81' lang='grc' dir='ltr'>πατρῴαν</span> <span class='ocrx_word' id='word_1_131' title='bbox 662 915 750 947; x_wconf 85' lang='grc' dir='ltr'>πόλιν,</span> <span class='ocrx_word' id='word_1_132' title='bbox 766 915 811 941; x_wconf 78' lang='grc' dir='ltr'>καὶ</span> <span class='ocrx_word' id='word_1_133' title='bbox 828 914 877 950; x_wconf 86' lang='grc' dir='ltr'>τὴν</span> <span class='ocrx_word' id='word_1_134' title='bbox 902 915 941 941; x_wconf 78' lang='grc' dir='ltr'>οἱ-</span> 
     </span>
    </p>
   </div>
   <div class='ocr_carea' id='block_1_19' title="bbox 150 955 941 992">
    <p class='ocr_par' dir='ltr' id='par_1_19' title="bbox 150 955 941 992">
     <span class='ocr_line' id='line_1_19' title="bbox 150 955 941 992; baseline 0 -10"><span class='ocrx_word' id='word_1_135' title='bbox 150 956 210 982; x_wconf 79' lang='grc' dir='ltr'>κίαν</span> <span class='ocrx_word' id='word_1_136' title='bbox 223 957 372 992; x_wconf 85' lang='grc' dir='ltr'>ἐχαρίσατο</span> <span class='ocrx_word' id='word_1_137' title='bbox 386 958 419 992; x_wconf 85' lang='grc' dir='ltr'>τῇ</span> <span class='ocrx_word' id='word_1_138' title='bbox 433 958 510 992; x_wconf 86' lang='grc' dir='ltr'>κοινῇ</span> <span class='ocrx_word' id='word_1_139' title='bbox 524 957 578 983; x_wconf 84' lang='grc' dir='ltr'>τῶν</span> <span class='ocrx_word' id='word_1_140' title='bbox 605 955 756 992; x_wconf 86' lang='grc' dir='ltr'>ἀνθρώπων</span> <span class='ocrx_word' id='word_1_141' title='bbox 771 957 861 991; x_wconf 76' lang='grc' dir='ltr'>φύσει’</span> <span class='ocrx_word' id='word_1_142' title='bbox 882 956 941 989; x_wconf 75' lang='grc' dir='ltr'>Σή-</span> 
     </span>
    </p>
   </div>
   <div class='ocr_carea' id='block_1_20' title="bbox 147 995 939 1034">
    <p class='ocr_par' dir='ltr' id='par_1_20' title="bbox 147 995 939 1034">
     <span class='ocr_line' id='line_1_20' title="bbox 147 995 939 1034; baseline -0.001 -9"><span class='ocrx_word' id='word_1_143' title='bbox 147 1007 238 1032; x_wconf 79' lang='grc' dir='ltr'>μερον</span> <span class='ocrx_word' id='word_1_144' title='bbox 251 995 319 1034; x_wconf 75' lang='grc' dir='ltr'>γὰρ.</span> <span class='ocrx_word' id='word_1_145' title='bbox 334 999 426 1033; x_wconf 82' lang='grc' dir='ltr'>φησὶν,</span> <span class='ocrx_word' id='word_1_146' title='bbox 434 998 497 1032; x_wconf 78' lang='grc' dir='ltr'>μετ’</span> <span class='ocrx_word' id='word_1_147' title='bbox 507 998 580 1033; x_wconf 83' lang='grc' dir='ltr'>ἐμοῦ</span> <span class='ocrx_word' id='word_1_148' title='bbox 589 998 646 1032; x_wconf 80' lang='grc' dir='ltr'>ἔσῃ</span> <span class='ocrx_word' id='word_1_149' title='bbox 659 999 693 1025; x_wconf 85' lang='grc' dir='ltr'>ἐν</span> <span class='ocrx_word' id='word_1_150' title='bbox 702 997 743 1031; x_wconf 84' lang='grc' dir='ltr'>τῷ</span> <span class='ocrx_word' id='word_1_151' title='bbox 759 998 939 1031; x_wconf 83' lang='grc' dir='ltr'>παραδείσῳ.</span> 
     </span>
    </p>
   </div>
   <div class='ocr_carea' id='block_1_21' title="bbox 149 1039 942 1077">
    <p class='ocr_par' dir='ltr' id='par_1_21' title="bbox 149 1039 942 1077">
     <span class='ocr_line' id='line_1_21' title="bbox 149 1039 942 1077; baseline 0 -11"><span class='ocrx_word' id='word_1_152' title='bbox 149 1041 181 1066; x_wconf 89' lang='grc' dir='ltr'>Τί</span> <span class='ocrx_word' id='word_1_153' title='bbox 192 1040 282 1075; x_wconf 82' lang='grc' dir='ltr'>λέγεις</span> <span class='ocrx_word' id='word_1_154' title='bbox 293 1049 300 1073; x_wconf 90' lang='grc'>;</span> <span class='ocrx_word' id='word_1_155' title='bbox 311 1039 484 1077; x_wconf 80' lang='grc' dir='ltr'>ὲσταύρωσαι</span> <span class='ocrx_word' id='word_1_156' title='bbox 498 1041 546 1067; x_wconf 80' lang='grc' dir='ltr'>καὶ</span> <span class='ocrx_word' id='word_1_157' title='bbox 559 1041 745 1077; x_wconf 84' lang='grc' dir='ltr'>προσήλωσαι,</span> <span class='ocrx_word' id='word_1_158' title='bbox 755 1040 802 1066; x_wconf 78' lang='grc' dir='ltr'>καὶ</span> <span class='ocrx_word' id='word_1_159' title='bbox 816 1040 942 1075; x_wconf 77' lang='grc' dir='ltr'>παράδει-</span> 
     </span>
    </p>
   </div>
   <div class='ocr_carea' id='block_1_22' title="bbox 150 1080 941 1119">
    <p class='ocr_par' dir='ltr' id='par_1_22' title="bbox 150 1080 941 1119">
     <span class='ocr_line' id='line_1_22' title="bbox 150 1080 941 1119; baseline 0 -10"><span class='ocrx_word' id='word_1_160' title='bbox 150 1091 194 1109; x_wconf 81' lang='grc' dir='ltr'>σον</span> <span class='ocrx_word' id='word_1_161' title='bbox 207 1083 387 1119; x_wconf 74' lang='grc' dir='ltr'>ἐπαγγέλλῃς</span> <span class='ocrx_word' id='word_1_162' title='bbox 412 1082 476 1114; x_wconf 57' lang='grc' dir='ltr'>Ναί,</span> <span class='ocrx_word' id='word_1_163' title='bbox 493 1083 587 1118; x_wconf 83' lang='grc' dir='ltr'>φησὶν,</span> <span class='ocrx_word' id='word_1_164' title='bbox 609 1083 652 1109; x_wconf 86' lang='grc' dir='ltr'>ἵνα</span> <span class='ocrx_word' id='word_1_165' title='bbox 669 1082 698 1109; x_wconf 81' lang='grc' dir='ltr'>ὲν</span> <span class='ocrx_word' id='word_1_166' title='bbox 709 1082 747 1117; x_wconf 80' lang='grc' dir='ltr'>τῷ</span> <span class='ocrx_word' id='word_1_167' title='bbox 764 1080 874 1118; x_wconf 83' lang='grc' dir='ltr'>σταυρῷ</span> <span class='ocrx_word' id='word_1_168' title='bbox 892 1082 941 1118; x_wconf 84' lang='grc' dir='ltr'>τὴν</span> 
     </span>
    </p>
   </div>
   <div class='ocr_carea' id='block_1_23' title="bbox 149 1123 942 1160">
    <p class='ocr_par' dir='ltr' id='par_1_23' title="bbox 149 1123 942 1160">
     <span class='ocr_line' id='line_1_23' title="bbox 149 1123 942 1160; baseline 0.001 -10"><span class='ocrx_word' id='word_1_169' title='bbox 149 1124 261 1160; x_wconf 74' lang='grc' dir='ltr'>δύναμιν</span> <span class='ocrx_word' id='word_1_170' title='bbox 278 1124 329 1160; x_wconf 89' lang='grc' dir='ltr'>τὴν</span> <span class='ocrx_word' id='word_1_171' title='bbox 344 1124 412 1160; x_wconf 74' lang='grc' dir='ltr'>ἐμὴν</span> <span class='ocrx_word' id='word_1_172' title='bbox 433 1124 605 1160; x_wconf 83' lang='grc' dir='ltr'>καταμάθῃς.</span> <span class='ocrx_word' id='word_1_173' title='bbox 629 1124 737 1160; x_wconf 85' lang='grc' dir='ltr'>Ἐπειδὴ</span> <span class='ocrx_word' id='word_1_174' title='bbox 754 1124 808 1159; x_wconf 85' lang='grc' dir='ltr'>γὰρ</span> <span class='ocrx_word' id='word_1_175' title='bbox 826 1123 856 1151; x_wconf 75' lang='grc' dir='ltr'>τὸ</span> <span class='ocrx_word' id='word_1_176' title='bbox 870 1125 942 1160; x_wconf 83' lang='grc' dir='ltr'>πρᾶ-</span> 
     </span>
    </p>
   </div>
   <div class='ocr_carea' id='block_1_24' title="bbox 149 1163 942 1202">
    <p class='ocr_par' dir='ltr' id='par_1_24' title="bbox 149 1163 942 1202">
     <span class='ocr_line' id='line_1_24' title="bbox 149 1163 942 1202; baseline 0 -10"><span class='ocrx_word' id='word_1_177' title='bbox 149 1175 207 1201; x_wconf 81' lang='grc' dir='ltr'>γμα</span> <span class='ocrx_word' id='word_1_178' title='bbox 224 1167 391 1202; x_wconf 84' lang='grc' dir='ltr'>σκυθρωπὸν</span> <span class='ocrx_word' id='word_1_179' title='bbox 414 1163 458 1202; x_wconf 82' lang='grc' dir='ltr'>ἦν,</span> <span class='ocrx_word' id='word_1_180' title='bbox 477 1166 521 1193; x_wconf 81' lang='grc' dir='ltr'>ἵνα</span> <span class='ocrx_word' id='word_1_181' title='bbox 538 1165 575 1202; x_wconf 85' lang='grc' dir='ltr'>μὴ</span> <span class='ocrx_word' id='word_1_182' title='bbox 596 1167 629 1202; x_wconf 87' lang='grc' dir='ltr'>τῇ</span> <span class='ocrx_word' id='word_1_183' title='bbox 647 1164 727 1200; x_wconf 89' lang='grc' dir='ltr'>φύσει</span> <span class='ocrx_word' id='word_1_184' title='bbox 748 1166 795 1193; x_wconf 85' lang='grc' dir='ltr'>τοῦ</span> <span class='ocrx_word' id='word_1_185' title='bbox 823 1165 942 1201; x_wconf 91' lang='grc' dir='ltr'>σταυροῦ</span> 
     </span>
    </p>
   </div>
   <div class='ocr_carea' id='block_1_25' title="bbox 149 1206 940 1245">
    <p class='ocr_par' dir='ltr' id='par_1_25' title="bbox 149 1206 940 1245">
     <span class='ocr_line' id='line_1_25' title="bbox 149 1206 940 1245; baseline 0 -11"><span class='ocrx_word' id='word_1_186' title='bbox 149 1209 282 1245; x_wconf 82' lang='grc' dir='ltr'>πρόσχῃς,</span> <span class='ocrx_word' id='word_1_187' title='bbox 300 1208 370 1236; x_wconf 73' lang='grc' dir='ltr'>ἀλλὰ</span> <span class='ocrx_word' id='word_1_188' title='bbox 377 1209 427 1244; x_wconf 87' lang='grc' dir='ltr'>τὴν</span> <span class='ocrx_word' id='word_1_189' title='bbox 440 1206 555 1244; x_wconf 89' lang='grc' dir='ltr'>δύναμιν</span> <span class='ocrx_word' id='word_1_190' title='bbox 570 1209 617 1235; x_wconf 83' lang='grc' dir='ltr'>τοῦ</span> <span class='ocrx_word' id='word_1_191' title='bbox 627 1207 829 1244; x_wconf 84' lang='grc' dir='ltr'>σταυρουμένου</span> <span class='ocrx_word' id='word_1_192' title='bbox 842 1207 940 1244; x_wconf 85' lang='grc' dir='ltr'>μάθῃς,</span> 
     </span>
    </p>
   </div>
   <div class='ocr_carea' id='block_1_26' title="bbox 148 1248 944 1286">
    <p class='ocr_par' dir='ltr' id='par_1_26' title="bbox 148 1248 944 1286">
     <span class='ocr_line' id='line_1_26' title="bbox 148 1248 944 1286; baseline 0 -10"><span class='ocrx_word' id='word_1_193' title='bbox 148 1251 178 1276; x_wconf 76' lang='grc' dir='ltr'>ἐν</span> <span class='ocrx_word' id='word_1_194' title='bbox 190 1250 301 1286; x_wconf 79' lang='grc' dir='ltr'>σταυρῷ</span> <span class='ocrx_word' id='word_1_195' title='bbox 317 1250 347 1277; x_wconf 80' lang='grc' dir='ltr'>τὸ</span> <span class='ocrx_word' id='word_1_196' title='bbox 362 1250 453 1286; x_wconf 84' lang='grc' dir='ltr'>θαῦμα</span> <span class='ocrx_word' id='word_1_197' title='bbox 466 1248 613 1285; x_wconf 73' lang='grc' dir='ltr'>ἐργάζεται</span> <span class='ocrx_word' id='word_1_198' title='bbox 629 1249 719 1281; x_wconf 82' lang='grc' dir='ltr'>τοῦτο,</span> <span class='ocrx_word' id='word_1_199' title='bbox 733 1249 748 1276; x_wconf 85' lang='grc' dir='ltr'><strong>ὃ</strong></span> <span class='ocrx_word' id='word_1_200' title='bbox 765 1249 881 1285; x_wconf 84' lang='grc' dir='ltr'>μάλιστα</span> <span class='ocrx_word' id='word_1_201' title='bbox 890 1249 944 1277; x_wconf 87' lang='grc' dir='ltr'>δεί-</span> 
     </span>
    </p>
   </div>
   <div class='ocr_carea' id='block_1_27' title="bbox 149 1290 941 1328">
    <p class='ocr_par' dir='ltr' id='par_1_27' title="bbox 149 1290 941 1328">
     <span class='ocr_line' id='line_1_27' title="bbox 149 1290 941 1328; baseline -0.001 -10"><span class='ocrx_word' id='word_1_202' title='bbox 149 1299 243 1318; x_wconf 83' lang='grc' dir='ltr'>κνυσιν</span> <span class='ocrx_word' id='word_1_203' title='bbox 265 1292 352 1319; x_wconf 79' lang='grc' dir='ltr'>αὐτοῦ</span> <span class='ocrx_word' id='word_1_204' title='bbox 368 1291 417 1328; x_wconf 85' lang='grc' dir='ltr'>τὴν</span> <span class='ocrx_word' id='word_1_205' title='bbox 441 1291 528 1327; x_wconf 75' lang='grc' dir='ltr'>ἰσχύν.</span> <span class='ocrx_word' id='word_1_206' title='bbox 543 1292 580 1319; x_wconf 86' lang='grc' dir='ltr'>Οὐ</span> <span class='ocrx_word' id='word_1_207' title='bbox 592 1291 647 1327; x_wconf 87' lang='grc' dir='ltr'>γὰρ</span> <span class='ocrx_word' id='word_1_208' title='bbox 657 1290 753 1327; x_wconf 79' lang='grc' dir='ltr'>νεκρὸν</span> <span class='ocrx_word' id='word_1_209' title='bbox 774 1291 941 1327; x_wconf 83' lang='grc' dir='ltr'>ἀναστήσας,</span> 
     </span>
    </p>
   </div>
   <div class='ocr_carea' id='block_1_28' title="bbox 149 1333 941 1371">
    <p class='ocr_par' dir='ltr' id='par_1_28' title="bbox 149 1333 941 1371">
     <span class='ocr_line' id='line_1_28' title="bbox 149 1333 941 1371; baseline 0.003 -12"><span class='ocrx_word' id='word_1_210' title='bbox 149 1333 179 1360; x_wconf 85' lang='grc' dir='ltr'>οὺ</span> <span class='ocrx_word' id='word_1_211' title='bbox 196 1333 318 1371; x_wconf 78' lang='grc' dir='ltr'>θαλάττῃ</span> <span class='ocrx_word' id='word_1_212' title='bbox 337 1335 385 1362; x_wconf 71' lang='grc' dir='ltr'>καὶ</span> <span class='ocrx_word' id='word_1_213' title='bbox 401 1334 555 1371; x_wconf 81' lang='grc' dir='ltr'>πνεύμασιν</span> <span class='ocrx_word' id='word_1_214' title='bbox 572 1333 750 1370; x_wconf 74' lang='grc' dir='ltr'>ἐπιτιμήσας,</span> <span class='ocrx_word' id='word_1_215' title='bbox 768 1334 797 1362; x_wconf 82' lang='grc' dir='ltr'>οὐ</span> <span class='ocrx_word' id='word_1_216' title='bbox 812 1333 941 1371; x_wconf 84' lang='grc' dir='ltr'>δαίμονας</span> 
     </span>
    </p>
   </div>
   <div class='ocr_carea' id='block_1_29' title="bbox 150 1374 943 1413">
    <p class='ocr_par' dir='ltr' id='par_1_29' title="bbox 150 1374 943 1413">
     <span class='ocr_line' id='line_1_29' title="bbox 150 1374 943 1413; baseline 0.001 -11"><span class='ocrx_word' id='word_1_217' title='bbox 150 1374 299 1409; x_wconf 70' lang='grc' dir='ltr'>ἀπελάσας,</span> <span class='ocrx_word' id='word_1_218' title='bbox 312 1377 381 1404; x_wconf 78' lang='grc' dir='ltr'>ἀλλὰ</span> <span class='ocrx_word' id='word_1_219' title='bbox 398 1377 608 1413; x_wconf 89' lang='grc' dir='ltr'>σταυρούμενος,</span> <span class='ocrx_word' id='word_1_220' title='bbox 625 1377 856 1413; x_wconf 81' lang='grc' dir='ltr'>προσηλούμενος,</span> <span class='ocrx_word' id='word_1_221' title='bbox 868 1377 943 1413; x_wconf 76' lang='grc' dir='ltr'>ὑϐρι-</span> 
     </span>
    </p>
   </div>
   <div class='ocr_carea' id='block_1_30' title="bbox 149 1416 942 1454">
    <p class='ocr_par' dir='ltr' id='par_1_30' title="bbox 149 1416 942 1454">
     <span class='ocr_line' id='line_1_30' title="bbox 149 1416 942 1454; baseline 0.003 -10"><span class='ocrx_word' id='word_1_222' title='bbox 149 1416 272 1453; x_wconf 76' lang='grc' dir='ltr'>ζόμενος,</span> <span class='ocrx_word' id='word_1_223' title='bbox 289 1419 480 1454; x_wconf 83' lang='grc' dir='ltr'>ἐμπτυόμενος</span> <span class='ocrx_word' id='word_1_224' title='bbox 491 1439 498 1449; x_wconf 79' lang='grc'>,</span> <span class='ocrx_word' id='word_1_225' title='bbox 515 1418 731 1454; x_wconf 79' lang='grc' dir='ltr'>λοιδορούμενος.</span> <span class='ocrx_word' id='word_1_226' title='bbox 749 1419 942 1454; x_wconf 83' lang='grc' dir='ltr'>διασυρόμενος</span> 
     </span>
    </p>
   </div>
   <div class='ocr_carea' id='block_1_31' title="bbox 150 1458 942 1498">
    <p class='ocr_par' dir='ltr' id='par_1_31' title="bbox 150 1458 942 1498">
     <span class='ocr_line' id='line_1_31' title="bbox 150 1458 942 1498; baseline 0.001 -13"><span class='ocrx_word' id='word_1_227' title='bbox 150 1458 243 1494; x_wconf 64' lang='grc' dir='ltr'>ἴσχυσε</span> <span class='ocrx_word' id='word_1_228' title='bbox 256 1461 309 1496; x_wconf 79' lang='grc' dir='ltr'>τὴν</span> <span class='ocrx_word' id='word_1_229' title='bbox 320 1461 440 1496; x_wconf 78' lang='grc' dir='ltr'>πονηρὰν</span> <span class='ocrx_word' id='word_1_230' title='bbox 457 1461 504 1488; x_wconf 88' lang='grc' dir='ltr'>τοῦ</span> <span class='ocrx_word' id='word_1_231' title='bbox 520 1460 619 1498; x_wconf 77' lang='grc' dir='ltr'>λῃστοῦ</span> <span class='ocrx_word' id='word_1_232' title='bbox 635 1461 753 1488; x_wconf 82' lang='grc' dir='ltr'>διάνοιαν</span> <span class='ocrx_word' id='word_1_233' title='bbox 774 1460 942 1496; x_wconf 79' lang='grc' dir='ltr'>μεταθεῖναι,</span> 
     </span>
    </p>
   </div>
   <div class='ocr_carea' id='block_1_32' title="bbox 150 1501 944 1539">
    <p class='ocr_par' dir='ltr' id='par_1_32' title="bbox 150 1501 944 1539">
     <span class='ocr_line' id='line_1_32' title="bbox 150 1501 944 1539; baseline 0 -11"><span class='ocrx_word' id='word_1_234' title='bbox 150 1501 191 1528; x_wconf 72' lang='grc' dir='ltr'>ἵνα</span> <span class='ocrx_word' id='word_1_235' title='bbox 204 1503 377 1538; x_wconf 73' lang='grc' dir='ltr'>ἑκατέρωθεν</span> <span class='ocrx_word' id='word_1_236' title='bbox 394 1503 442 1538; x_wconf 87' lang='grc' dir='ltr'>τὴν</span> <span class='ocrx_word' id='word_1_237' title='bbox 453 1503 567 1539; x_wconf 90' lang='grc' dir='ltr'>δύναμιν</span> <span class='ocrx_word' id='word_1_238' title='bbox 582 1503 665 1531; x_wconf 86' lang='grc' dir='ltr'>αὐτοῦ</span> <span class='ocrx_word' id='word_1_239' title='bbox 678 1503 747 1539; x_wconf 81' lang='grc' dir='ltr'>ίδῃς.</span> <span class='ocrx_word' id='word_1_240' title='bbox 764 1503 821 1537; x_wconf 90' lang='grc' dir='ltr'>Τήν</span> <span class='ocrx_word' id='word_1_241' title='bbox 837 1511 867 1528; x_wconf 89' lang='grc' dir='ltr'>τε</span> <span class='ocrx_word' id='word_1_242' title='bbox 890 1502 944 1538; x_wconf 74' lang='grc' dir='ltr'>γὰρ</span> 
     </span>
    </p>
   </div>
   <div class='ocr_carea' id='block_1_33' title="bbox 149 1544 943 1581">
    <p class='ocr_par' dir='ltr' id='par_1_33' title="bbox 149 1544 943 1581">
     <span class='ocr_line' id='line_1_33' title="bbox 149 1544 943 1581; baseline 0 -11"><span class='ocrx_word' id='word_1_243' title='bbox 149 1544 237 1571; x_wconf 78' lang='grc' dir='ltr'>κτίσιν</span> <span class='ocrx_word' id='word_1_244' title='bbox 254 1545 405 1580; x_wconf 81' lang='grc' dir='ltr'>ἑκλόνησεν</span> <span class='ocrx_word' id='word_1_245' title='bbox 421 1545 538 1577; x_wconf 77' lang='grc' dir='ltr'>ἅπασαν,</span> <span class='ocrx_word' id='word_1_246' title='bbox 555 1545 664 1577; x_wconf 75' lang='grc' dir='ltr'>καὶτὰς</span> <span class='ocrx_word' id='word_1_247' title='bbox 675 1545 779 1581; x_wconf 83' lang='grc' dir='ltr'>πέτρας</span> <span class='ocrx_word' id='word_1_248' title='bbox 789 1544 943 1581; x_wconf 70' lang='grc' dir='ltr'>[405]διέῤ-</span> 
     </span>
    </p>
   </div>
   <div class='ocr_carea' id='block_1_34' title="bbox 150 1585 944 1623">
    <p class='ocr_par' dir='ltr' id='par_1_34' title="bbox 150 1585 944 1623">
     <span class='ocr_line' id='line_1_34' title="bbox 150 1585 944 1623; baseline 0 -11"><span class='ocrx_word' id='word_1_249' title='bbox 150 1586 225 1621; x_wconf 76' lang='grc' dir='ltr'>ρηξε,</span> <span class='ocrx_word' id='word_1_250' title='bbox 239 1586 292 1621; x_wconf 87' lang='grc' dir='ltr'>τῆς</span> <span class='ocrx_word' id='word_1_251' title='bbox 308 1586 413 1622; x_wconf 77' lang='grc' dir='ltr'>πέτρας</span> <span class='ocrx_word' id='word_1_252' title='bbox 428 1596 459 1614; x_wconf 86' lang='grc' dir='ltr'>τε</span> <span class='ocrx_word' id='word_1_253' title='bbox 476 1586 708 1622; x_wconf 84' lang='grc' dir='ltr'>ἁναισθητοτέραν</span> <span class='ocrx_word' id='word_1_254' title='bbox 721 1586 769 1613; x_wconf 86' lang='grc' dir='ltr'>τοῦ</span> <span class='ocrx_word' id='word_1_255' title='bbox 778 1585 878 1623; x_wconf 79' lang='grc' dir='ltr'>λῃστοῦ</span> <span class='ocrx_word' id='word_1_256' title='bbox 893 1586 944 1621; x_wconf 76' lang='grc' dir='ltr'>ψυ-</span> 
     </span>
    </p>
   </div>
   <div class='ocr_carea' id='block_1_35' title="bbox 148 1627 944 1664">
    <p class='ocr_par' dir='ltr' id='par_1_35' title="bbox 148 1627 944 1664">
     <span class='ocr_line' id='line_1_35' title="bbox 148 1627 944 1664; baseline 0 -10"><span class='ocrx_word' id='word_1_257' title='bbox 148 1628 198 1663; x_wconf 81' lang='grc' dir='ltr'>χὴν</span> <span class='ocrx_word' id='word_1_258' title='bbox 216 1629 400 1656; x_wconf 76' lang='grc' dir='ltr'>ἐπεσπάσατο</span> <span class='ocrx_word' id='word_1_259' title='bbox 425 1630 473 1656; x_wconf 78' lang='grc' dir='ltr'>καὶ</span> <span class='ocrx_word' id='word_1_260' title='bbox 491 1629 617 1664; x_wconf 79' lang='grc' dir='ltr'>ἐτίμησε·</span> <span class='ocrx_word' id='word_1_261' title='bbox 634 1628 771 1662; x_wconf 80' lang='grc' dir='ltr'>Σήμερον</span> <span class='ocrx_word' id='word_1_262' title='bbox 799 1627 853 1664; x_wconf 87' lang='grc' dir='ltr'>γὰρ</span> <span class='ocrx_word' id='word_1_263' title='bbox 879 1628 944 1662; x_wconf 76' lang='grc' dir='ltr'>μετ’</span> 
     </span>
    </p>
   </div>
   <div class='ocr_carea' id='block_1_36' title="bbox 148 1669 945 1706">
    <p class='ocr_par' dir='ltr' id='par_1_36' title="bbox 148 1669 945 1706">
     <span class='ocr_line' id='line_1_36' title="bbox 148 1669 945 1706; baseline 0 -11"><span class='ocrx_word' id='word_1_264' title='bbox 148 1669 219 1703; x_wconf 72' lang='grc' dir='ltr'>ἐμοῦ</span> <span class='ocrx_word' id='word_1_265' title='bbox 234 1671 297 1704; x_wconf 76' lang='grc' dir='ltr'>ἔσῃ</span> <span class='ocrx_word' id='word_1_266' title='bbox 308 1671 345 1698; x_wconf 81' lang='grc' dir='ltr'>ἑν</span> <span class='ocrx_word' id='word_1_267' title='bbox 356 1670 395 1704; x_wconf 84' lang='grc' dir='ltr'>τῷ</span> <span class='ocrx_word' id='word_1_268' title='bbox 411 1670 593 1705; x_wconf 78' lang='grc' dir='ltr'>παραδείσῳ,</span> <span class='ocrx_word' id='word_1_269' title='bbox 602 1671 678 1705; x_wconf 86' lang='grc' dir='ltr'>φησί.</span> <span class='ocrx_word' id='word_1_270' title='bbox 692 1670 787 1697; x_wconf 86' lang='grc' dir='ltr'>Καίτοι</span> <span class='ocrx_word' id='word_1_271' title='bbox 801 1669 836 1696; x_wconf 80' lang='grc' dir='ltr'>τὰ</span> <span class='ocrx_word' id='word_1_272' title='bbox 850 1678 945 1706; x_wconf 61' lang='grc' dir='ltr'>χερου-</span> 
     </span>
    </p>
   </div>
   <div class='ocr_carea' id='block_1_37' title="bbox 149 1706 945 1748">
    <p class='ocr_par' dir='ltr' id='par_1_37' title="bbox 149 1706 945 1748">
     <span class='ocr_line' id='line_1_37' title="bbox 149 1706 945 1748; baseline -0.001 -10"><span class='ocrx_word' id='word_1_273' title='bbox 149 1711 199 1746; x_wconf 75' lang='grc' dir='ltr'>εὶμ</span> <span class='ocrx_word' id='word_1_274' title='bbox 216 1712 314 1748; x_wconf 78' lang='grc' dir='ltr'>ἐτήρει</span> <span class='ocrx_word' id='word_1_275' title='bbox 335 1713 381 1740; x_wconf 69' lang='grc' dir='ltr'>τον</span> <span class='ocrx_word' id='word_1_276' title='bbox 400 1713 574 1748; x_wconf 75' lang='grc' dir='ltr'>παράδεισον·</span> <span class='ocrx_word' id='word_1_277' title='bbox 590 1712 647 1739; x_wconf 85' lang='grc' dir='ltr'>ἀλλ’</span> <span class='ocrx_word' id='word_1_278' title='bbox 665 1706 743 1743; x_wconf 74' lang='grc' dir='ltr'>οὗτος</span> <span class='ocrx_word' id='word_1_279' title='bbox 762 1712 809 1738; x_wconf 74' lang='grc' dir='ltr'>καὶ</span> <span class='ocrx_word' id='word_1_280' title='bbox 827 1711 881 1737; x_wconf 88' lang='grc' dir='ltr'>τῶν</span> <span class='ocrx_word' id='word_1_281' title='bbox 900 1720 945 1746; x_wconf 87' lang='grc' dir='ltr'>χε-</span> 
     </span>
    </p>
   </div>
   <div class='ocr_carea' id='block_1_38' title="bbox 149 1753 942 1790">
    <p class='ocr_par' dir='ltr' id='par_1_38' title="bbox 149 1753 942 1790">
     <span class='ocr_line' id='line_1_38' title="bbox 149 1753 942 1790; baseline -0.001 -11"><span class='ocrx_word' id='word_1_282' title='bbox 149 1754 248 1790; x_wconf 71' lang='grc' dir='ltr'>ρουϐὶμ</span> <span class='ocrx_word' id='word_1_283' title='bbox 260 1755 413 1790; x_wconf 76' lang='grc' dir='ltr'>Δεσπότης·</span> <span class='ocrx_word' id='word_1_284' title='bbox 435 1755 547 1790; x_wconf 78' lang='grc' dir='ltr'>φλογίνη</span> <span class='ocrx_word' id='word_1_285' title='bbox 570 1753 694 1790; x_wconf 77' lang='grc' dir='ltr'>ῥομφαία</span> <span class='ocrx_word' id='word_1_286' title='bbox 711 1754 771 1780; x_wconf 75' lang='grc' dir='ltr'>ἐκεῖ</span> <span class='ocrx_word' id='word_1_287' title='bbox 785 1753 942 1788; x_wconf 78' lang='grc' dir='ltr'>στρέφεται·</span> 
     </span>
    </p>
   </div>
   <div class='ocr_carea' id='block_1_39' title="bbox 148 1793 944 1831">
    <p class='ocr_par' dir='ltr' id='par_1_39' title="bbox 148 1793 944 1831">
     <span class='ocr_line' id='line_1_39' title="bbox 148 1793 944 1831; baseline -0.001 -10"><span class='ocrx_word' id='word_1_288' title='bbox 148 1795 203 1822; x_wconf 77' lang='grc' dir='ltr'>ἀλλ’</span> <span class='ocrx_word' id='word_1_289' title='bbox 221 1797 307 1829; x_wconf 79' lang='grc' dir='ltr'>αὐτὸς</span> <span class='ocrx_word' id='word_1_290' title='bbox 321 1796 369 1823; x_wconf 77' lang='grc' dir='ltr'>καὶ</span> <span class='ocrx_word' id='word_1_291' title='bbox 383 1796 483 1831; x_wconf 84' lang='grc' dir='ltr'>φλογὸς</span> <span class='ocrx_word' id='word_1_292' title='bbox 498 1796 544 1823; x_wconf 75' lang='grc' dir='ltr'>καὶ</span> <span class='ocrx_word' id='word_1_293' title='bbox 556 1796 669 1831; x_wconf 84' lang='grc' dir='ltr'>γεέννης</span> <span class='ocrx_word' id='word_1_294' title='bbox 681 1795 728 1822; x_wconf 76' lang='grc' dir='ltr'>καὶ</span> <span class='ocrx_word' id='word_1_295' title='bbox 747 1795 822 1829; x_wconf 81' lang='grc' dir='ltr'>ζωῆς</span> <span class='ocrx_word' id='word_1_296' title='bbox 836 1795 884 1821; x_wconf 73' lang='grc' dir='ltr'>καὶ</span> <span class='ocrx_word' id='word_1_297' title='bbox 896 1793 944 1820; x_wconf 88' lang='grc' dir='ltr'>θα-</span> 
     </span>
    </p>
   </div>
   <div class='ocr_carea' id='block_1_40' title="bbox 148 1837 944 1874">
    <p class='ocr_par' dir='ltr' id='par_1_40' title="bbox 148 1837 944 1874">
     <span class='ocr_line' id='line_1_40' title="bbox 148 1837 944 1874; baseline 0 -10"><span class='ocrx_word' id='word_1_298' title='bbox 148 1838 228 1865; x_wconf 71' lang='grc' dir='ltr'>νάτου</span> <span class='ocrx_word' id='word_1_299' title='bbox 251 1839 380 1872; x_wconf 82' lang='grc' dir='ltr'>ἐξουσίαν</span> <span class='ocrx_word' id='word_1_300' title='bbox 403 1838 471 1874; x_wconf 78' lang='grc' dir='ltr'>ἔχει.</span> <span class='ocrx_word' id='word_1_301' title='bbox 493 1838 590 1866; x_wconf 83' lang='grc' dir='ltr'>Καίτοι</span> <span class='ocrx_word' id='word_1_302' title='bbox 605 1846 637 1872; x_wconf 85' lang='grc' dir='ltr'>γε</span> <span class='ocrx_word' id='word_1_303' title='bbox 652 1837 778 1872; x_wconf 76' lang='grc' dir='ltr'>βασιλεὺς</span> <span class='ocrx_word' id='word_1_304' title='bbox 794 1837 883 1869; x_wconf 79' lang='grc' dir='ltr'>οὐδεὶς</span> <span class='ocrx_word' id='word_1_305' title='bbox 911 1838 944 1864; x_wconf 81' lang='grc' dir='ltr'>ἄν</span> 
     </span>
    </p>
   </div>
   <div class='ocr_carea' id='block_1_41' title="bbox 149 1878 944 1918">
    <p class='ocr_par' dir='ltr' id='par_1_41' title="bbox 149 1878 944 1918">
     <span class='ocr_line' id='line_1_41' title="bbox 149 1878 944 1918; baseline 0 -13"><span class='ocrx_word' id='word_1_306' title='bbox 149 1887 211 1906; x_wconf 80' lang='grc' dir='ltr'>ποτε</span> <span class='ocrx_word' id='word_1_307' title='bbox 228 1881 378 1916; x_wconf 77' lang='grc' dir='ltr'>ἀνάσχοιτο</span> <span class='ocrx_word' id='word_1_308' title='bbox 392 1879 493 1918; x_wconf 81' lang='grc' dir='ltr'>λῃστὴν</span> <span class='ocrx_word' id='word_1_309' title='bbox 507 1879 662 1915; x_wconf 79' lang='grc' dir='ltr'>ἄνθρωπον,</span> <span class='ocrx_word' id='word_1_310' title='bbox 675 1879 691 1915; x_wconf 85' lang='grc' dir='ltr'>ἧ</span> <span class='ocrx_word' id='word_1_311' title='bbox 707 1879 801 1915; x_wconf 71' lang='grc' dir='ltr'>ἕτερόν</span> <span class='ocrx_word' id='word_1_312' title='bbox 814 1887 876 1906; x_wconf 88' lang='grc' dir='ltr'>τινα</span> <span class='ocrx_word' id='word_1_313' title='bbox 889 1878 944 1905; x_wconf 87' lang='grc' dir='ltr'>τῶν</span> 
     </span>
    </p>
   </div>
   <div class='ocr_carea' id='block_1_42' title="bbox 147 1921 944 1957">
    <p class='ocr_par' dir='ltr' id='par_1_42' title="bbox 147 1921 944 1957">
     <span class='ocr_line' id='line_1_42' title="bbox 147 1921 944 1957; baseline -0.001 -9"><span class='ocrx_word' id='word_1_314' title='bbox 147 1921 305 1957; x_wconf 70' lang='grc' dir='ltr'>ὁμοδούλων</span> <span class='ocrx_word' id='word_1_315' title='bbox 324 1923 383 1957; x_wconf 84' lang='grc' dir='ltr'>μεθ’</span> <span class='ocrx_word' id='word_1_316' title='bbox 395 1921 491 1949; x_wconf 80' lang='grc' dir='ltr'>ἑαυτοῦ</span> <span class='ocrx_word' id='word_1_317' title='bbox 500 1921 626 1953; x_wconf 80' lang='grc' dir='ltr'>καθίσας,</span> <span class='ocrx_word' id='word_1_318' title='bbox 641 1921 726 1953; x_wconf 73' lang='grc' dir='ltr'>οὕτως</span> <span class='ocrx_word' id='word_1_319' title='bbox 741 1922 780 1952; x_wconf 86' lang='grc' dir='ltr'>εἰς</span> <span class='ocrx_word' id='word_1_320' title='bbox 794 1921 872 1948; x_wconf 87' lang='grc' dir='ltr'>πόλιν</span> <span class='ocrx_word' id='word_1_321' title='bbox 885 1922 944 1947; x_wconf 83' lang='grc' dir='ltr'>εἰσ-</span> 
     </span>
    </p>
   </div>
   <div class='ocr_carea' id='block_1_43' title="bbox 147 1962 944 1999">
    <p class='ocr_par' dir='ltr' id='par_1_43' title="bbox 147 1962 944 1999">
     <span class='ocr_line' id='line_1_43' title="bbox 147 1962 944 1999; baseline -0.001 -9"><span class='ocrx_word' id='word_1_322' title='bbox 147 1966 272 1998; x_wconf 84' lang='grc' dir='ltr'>αγαγεῖν.</span> <span class='ocrx_word' id='word_1_323' title='bbox 294 1963 366 1991; x_wconf 80' lang='grc' dir='ltr'>Ἀλλ’</span> <span class='ocrx_word' id='word_1_324' title='bbox 380 1964 394 1990; x_wconf 83' lang='grc' dir='ltr'>ὁ</span> <span class='ocrx_word' id='word_1_325' title='bbox 410 1964 526 1999; x_wconf 84' lang='grc' dir='ltr'>Χριστὸς</span> <span class='ocrx_word' id='word_1_326' title='bbox 545 1963 625 1990; x_wconf 87' lang='grc' dir='ltr'>τοῦτο</span> <span class='ocrx_word' id='word_1_327' title='bbox 645 1962 767 1998; x_wconf 83' lang='grc' dir='ltr'>ἐποίησε,</span> <span class='ocrx_word' id='word_1_328' title='bbox 781 1963 827 1989; x_wconf 67' lang='grc' dir='ltr'>καὶ</span> <span class='ocrx_word' id='word_1_329' title='bbox 841 1963 881 1994; x_wconf 77' lang='grc' dir='ltr'>εἰς</span> <span class='ocrx_word' id='word_1_330' title='bbox 894 1963 944 1998; x_wconf 84' lang='grc' dir='ltr'>τὴν</span> 
     </span>
    </p>
   </div>
   <div class='ocr_carea' id='block_1_44' title="bbox 148 2005 944 2042">
    <p class='ocr_par' dir='ltr' id='par_1_44' title="bbox 148 2005 944 2042">
     <span class='ocr_line' id='line_1_44' title="bbox 148 2005 944 2042; baseline -0.001 -10"><span class='ocrx_word' id='word_1_331' title='bbox 148 2006 224 2041; x_wconf 74' lang='grc' dir='ltr'>ἱερὰν</span> <span class='ocrx_word' id='word_1_332' title='bbox 237 2006 433 2042; x_wconf 83' lang='grc' dir='ltr'>εἰσερχόμενος</span> <span class='ocrx_word' id='word_1_333' title='bbox 448 2006 575 2042; x_wconf 85' lang='grc' dir='ltr'>πατρίδα,</span> <span class='ocrx_word' id='word_1_334' title='bbox 594 2005 654 2041; x_wconf 83' lang='grc' dir='ltr'>μεθ’</span> <span class='ocrx_word' id='word_1_335' title='bbox 673 2005 770 2032; x_wconf 78' lang='grc' dir='ltr'>ἑαυτοῦ</span> <span class='ocrx_word' id='word_1_336' title='bbox 784 2005 829 2032; x_wconf 77' lang='grc' dir='ltr'>τὸν</span> <span class='ocrx_word' id='word_1_337' title='bbox 842 2005 944 2041; x_wconf 84' lang='grc' dir='ltr'>λῃστὴν</span> 
     </span>
    </p>
   </div>
   <div class='ocr_carea' id='block_1_45' title="bbox 147 2047 944 2083">
    <p class='ocr_par' dir='ltr' id='par_1_45' title="bbox 147 2047 944 2083">
     <span class='ocr_line' id='line_1_45' title="bbox 147 2047 944 2083; baseline 0 -10"><span class='ocrx_word' id='word_1_338' title='bbox 147 2048 263 2082; x_wconf 78' lang='grc' dir='ltr'>εἰσάγει,</span> <span class='ocrx_word' id='word_1_339' title='bbox 279 2049 314 2075; x_wconf 90' lang='grc' dir='ltr'>οὐ</span> <span class='ocrx_word' id='word_1_340' title='bbox 339 2047 503 2075; x_wconf 86' lang='grc' dir='ltr'>καταπατῶν</span> <span class='ocrx_word' id='word_1_341' title='bbox 518 2047 562 2074; x_wconf 81' lang='grc' dir='ltr'>τὸν</span> <span class='ocrx_word' id='word_1_342' title='bbox 576 2047 750 2083; x_wconf 82' lang='grc' dir='ltr'>παράδεισον,</span> <span class='ocrx_word' id='word_1_343' title='bbox 771 2047 832 2073; x_wconf 78' lang='grc' dir='ltr'>οὐδέ</span> <span class='ocrx_word' id='word_1_344' title='bbox 845 2055 944 2074; x_wconf 81' lang='grc' dir='ltr'>καται-</span> 
     </span>
    </p>
   </div>
   <div class='ocr_carea' id='block_1_46' title="bbox 148 2088 944 2126">
    <p class='ocr_par' dir='ltr' id='par_1_46' title="bbox 148 2088 944 2126">
     <span class='ocr_line' id='line_1_46' title="bbox 148 2088 944 2126; baseline -0.003 -9"><span class='ocrx_word' id='word_1_345' title='bbox 148 2091 253 2126; x_wconf 77' lang='grc' dir='ltr'>σχύνων</span> <span class='ocrx_word' id='word_1_346' title='bbox 274 2091 336 2122; x_wconf 86' lang='grc' dir='ltr'>τοῖς</span> <span class='ocrx_word' id='word_1_347' title='bbox 353 2090 417 2118; x_wconf 74' lang='grc' dir='ltr'>ποσὶ</span> <span class='ocrx_word' id='word_1_348' title='bbox 441 2089 489 2117; x_wconf 84' lang='grc' dir='ltr'>τοῦ</span> <span class='ocrx_word' id='word_1_349' title='bbox 513 2089 624 2125; x_wconf 80' lang='grc' dir='ltr'>λῃστοῦ,</span> <span class='ocrx_word' id='word_1_350' title='bbox 649 2090 719 2116; x_wconf 77' lang='grc' dir='ltr'>ἀλλὰ</span> <span class='ocrx_word' id='word_1_351' title='bbox 737 2089 837 2125; x_wconf 81' lang='grc' dir='ltr'>μᾶλλον</span> <span class='ocrx_word' id='word_1_352' title='bbox 857 2088 944 2124; x_wconf 78' lang='grc' dir='ltr'>τιμῶν</span> 
     </span>
    </p>
   </div>
   <div class='ocr_carea' id='block_1_47' title="bbox 146 2131 945 2168">
    <p class='ocr_par' dir='ltr' id='par_1_47' title="bbox 146 2131 945 2168">
     <span class='ocr_line' id='line_1_47' title="bbox 146 2131 945 2168; baseline -0.001 -9"><span class='ocrx_word' id='word_1_353' title='bbox 146 2133 191 2160; x_wconf 72' lang='grc' dir='ltr'>τον</span> <span class='ocrx_word' id='word_1_354' title='bbox 212 2132 394 2168; x_wconf 76' lang='grc' dir='ltr'>παράδεισοψ</span> <span class='ocrx_word' id='word_1_355' title='bbox 414 2131 481 2168; x_wconf 83' lang='grc' dir='ltr'>τιμὴ</span> <span class='ocrx_word' id='word_1_356' title='bbox 500 2131 555 2168; x_wconf 85' lang='grc' dir='ltr'>γὰρ</span> <span class='ocrx_word' id='word_1_357' title='bbox 573 2132 752 2168; x_wconf 81' lang='grc' dir='ltr'>παραδείσου,</span> <span class='ocrx_word' id='word_1_358' title='bbox 773 2131 803 2159; x_wconf 74' lang='grc' dir='ltr'>τὸ</span> <span class='ocrx_word' id='word_1_359' title='bbox 824 2131 945 2159; x_wconf 85' lang='grc' dir='ltr'>τοιοῦτον</span> 
     </span>
    </p>
   </div>
   <div class='ocr_carea' id='block_1_48' title="bbox 147 2173 945 2210">
    <p class='ocr_par' dir='ltr' id='par_1_48' title="bbox 147 2173 945 2210">
     <span class='ocr_line' id='line_1_48' title="bbox 147 2173 945 2210; baseline -0.003 -8"><span class='ocrx_word' id='word_1_360' title='bbox 147 2175 218 2210; x_wconf 73' lang='grc' dir='ltr'>ἔχειν</span> <span class='ocrx_word' id='word_1_361' title='bbox 241 2174 390 2210; x_wconf 82' lang='grc' dir='ltr'>δεσπότην,</span> <span class='ocrx_word' id='word_1_362' title='bbox 420 2174 459 2206; x_wconf 80' lang='grc' dir='ltr'>ὡς</span> <span class='ocrx_word' id='word_1_363' title='bbox 485 2174 532 2201; x_wconf 79' lang='grc' dir='ltr'>καὶ</span> <span class='ocrx_word' id='word_1_364' title='bbox 553 2173 656 2210; x_wconf 82' lang='grc' dir='ltr'>λῃστὴν</span> <span class='ocrx_word' id='word_1_365' title='bbox 670 2174 744 2206; x_wconf 83' lang='grc' dir='ltr'>ἄξιον</span> <span class='ocrx_word' id='word_1_366' title='bbox 764 2173 876 2209; x_wconf 84' lang='grc' dir='ltr'>ποιῆσαι</span> <span class='ocrx_word' id='word_1_367' title='bbox 894 2173 945 2208; x_wconf 81' lang='grc' dir='ltr'>τῆς</span> 
     </span>
    </p>
   </div>
   <div class='ocr_carea' id='block_1_49' title="bbox 145 2213 945 2253">
    <p class='ocr_par' dir='ltr' id='par_1_49' title="bbox 145 2213 945 2253">
     <span class='ocr_line' id='line_1_49' title="bbox 145 2213 945 2253; baseline -0.003 -10"><span class='ocrx_word' id='word_1_368' title='bbox 145 2217 254 2253; x_wconf 79' lang='grc' dir='ltr'>τρυφῆς</span> <span class='ocrx_word' id='word_1_369' title='bbox 267 2217 323 2252; x_wconf 81' lang='grc' dir='ltr'>τῆς</span> <span class='ocrx_word' id='word_1_370' title='bbox 333 2217 363 2243; x_wconf 85' lang='grc' dir='ltr'>ἐν</span> <span class='ocrx_word' id='word_1_371' title='bbox 375 2216 414 2252; x_wconf 86' lang='grc' dir='ltr'>τῷ</span> <span class='ocrx_word' id='word_1_372' title='bbox 433 2215 601 2252; x_wconf 83' lang='grc' dir='ltr'>παραδείσῳ.</span> <span class='ocrx_word' id='word_1_373' title='bbox 624 2215 678 2242; x_wconf 80' lang='grc' dir='ltr'>Καὶ</span> <span class='ocrx_word' id='word_1_374' title='bbox 697 2215 751 2251; x_wconf 83' lang='grc' dir='ltr'>γὰρ</span> <span class='ocrx_word' id='word_1_375' title='bbox 767 2216 812 2242; x_wconf 82' lang='grc' dir='ltr'>ὅτε</span> <span class='ocrx_word' id='word_1_376' title='bbox 825 2213 945 2246; x_wconf 84' lang='grc' dir='ltr'>τελώνας</span> 
     </span>
    </p>
   </div>
   <div class='ocr_carea' id='block_1_50' title="bbox 147 2256 944 2294">
    <p class='ocr_par' dir='ltr' id='par_1_50' title="bbox 147 2256 944 2294">
     <span class='ocr_line' id='line_1_50' title="bbox 147 2256 944 2294; baseline -0.004 -9"><span class='ocrx_word' id='word_1_377' title='bbox 147 2259 194 2285; x_wconf 71' lang='grc' dir='ltr'>καὶ</span> <span class='ocrx_word' id='word_1_378' title='bbox 207 2259 317 2294; x_wconf 77' lang='grc' dir='ltr'>πόρνας</span> <span class='ocrx_word' id='word_1_379' title='bbox 330 2258 478 2293; x_wconf 71' lang='grc' dir='ltr'>εἰσήγαγεν</span> <span class='ocrx_word' id='word_1_380' title='bbox 488 2258 528 2290; x_wconf 85' lang='grc' dir='ltr'>είς</span> <span class='ocrx_word' id='word_1_381' title='bbox 536 2257 585 2294; x_wconf 88' lang='grc' dir='ltr'>τὴν</span> <span class='ocrx_word' id='word_1_382' title='bbox 600 2257 738 2293; x_wconf 78' lang='grc' dir='ltr'>βασιλείαν</span> <span class='ocrx_word' id='word_1_383' title='bbox 746 2257 800 2283; x_wconf 74' lang='grc' dir='ltr'>τῶν</span> <span class='ocrx_word' id='word_1_384' title='bbox 811 2256 944 2293; x_wconf 84' lang='grc' dir='ltr'>οὐρανῶν,</span> 
     </span>
    </p>
   </div>
   <div class='ocr_carea' id='block_1_51' title="bbox 146 2298 945 2336">
    <p class='ocr_par' dir='ltr' id='par_1_51' title="bbox 146 2298 945 2336">
     <span class='ocr_line' id='line_1_51' title="bbox 146 2298 945 2336; baseline -0.005 -8"><span class='ocrx_word' id='word_1_385' title='bbox 146 2301 195 2328; x_wconf 84' lang='grc' dir='ltr'>οὐκ</span> <span class='ocrx_word' id='word_1_386' title='bbox 208 2301 358 2336; x_wconf 77' lang='grc' dir='ltr'>ἀτιμάζων</span> <span class='ocrx_word' id='word_1_387' title='bbox 376 2300 456 2327; x_wconf 84' lang='grc' dir='ltr'>τοῦτο</span> <span class='ocrx_word' id='word_1_388' title='bbox 467 2300 566 2333; x_wconf 81' lang='grc' dir='ltr'>ἐποίει,</span> <span class='ocrx_word' id='word_1_389' title='bbox 577 2299 645 2327; x_wconf 82' lang='grc' dir='ltr'>ἀλλὰ</span> <span class='ocrx_word' id='word_1_390' title='bbox 665 2299 766 2335; x_wconf 79' lang='grc' dir='ltr'>μᾶλλον</span> <span class='ocrx_word' id='word_1_391' title='bbox 780 2299 872 2334; x_wconf 81' lang='grc' dir='ltr'>ἐτίμα,</span> <span class='ocrx_word' id='word_1_392' title='bbox 889 2298 945 2324; x_wconf 88' lang='grc' dir='ltr'>δει-</span> 
     </span>
    </p>
   </div>
   <div class='ocr_carea' id='block_1_52' title="bbox 147 2339 945 2377">
    <p class='ocr_par' dir='ltr' id='par_1_52' title="bbox 147 2339 945 2377">
     <span class='ocr_line' id='line_1_52' title="bbox 147 2339 945 2377; baseline -0.004 -8"><span class='ocrx_word' id='word_1_393' title='bbox 147 2344 214 2374; x_wconf 69' lang='grc' dir='ltr'>κνὺς</span> <span class='ocrx_word' id='word_1_394' title='bbox 231 2343 275 2369; x_wconf 83' lang='grc' dir='ltr'>ὅτι</span> <span class='ocrx_word' id='word_1_395' title='bbox 287 2342 411 2373; x_wconf 85' lang='grc' dir='ltr'>τοιοῦτός</span> <span class='ocrx_word' id='word_1_396' title='bbox 422 2343 495 2369; x_wconf 75' lang='grc' dir='ltr'>ἐστιν</span> <span class='ocrx_word' id='word_1_397' title='bbox 510 2342 525 2369; x_wconf 91' lang='lat'>6</span> <span class='ocrx_word' id='word_1_398' title='bbox 537 2342 640 2377; x_wconf 84' lang='grc' dir='ltr'>Κύριος</span> <span class='ocrx_word' id='word_1_399' title='bbox 654 2342 705 2376; x_wconf 79' lang='grc' dir='ltr'>τῆς</span> <span class='ocrx_word' id='word_1_400' title='bbox 725 2341 866 2376; x_wconf 86' lang='grc' dir='ltr'>βασιλείας</span> <span class='ocrx_word' id='word_1_401' title='bbox 891 2339 945 2367; x_wconf 86' lang='grc' dir='ltr'>τῶν</span> 
     </span>
    </p>
   </div>
   <div class='ocr_carea' id='block_1_53' title="bbox 146 2383 946 2421">
    <p class='ocr_par' dir='ltr' id='par_1_53' title="bbox 146 2383 946 2421">
     <span class='ocr_line' id='line_1_53' title="bbox 146 2383 946 2421; baseline -0.003 -10"><span class='ocrx_word' id='word_1_402' title='bbox 146 2384 284 2421; x_wconf 79' lang='grc' dir='ltr'>οὐρανῶν,</span> <span class='ocrx_word' id='word_1_403' title='bbox 297 2385 336 2417; x_wconf 81' lang='grc' dir='ltr'>ὡς</span> <span class='ocrx_word' id='word_1_404' title='bbox 351 2385 400 2412; x_wconf 80' lang='grc' dir='ltr'>καὶ</span> <span class='ocrx_word' id='word_1_405' title='bbox 418 2384 521 2420; x_wconf 84' lang='grc' dir='ltr'>πόρνας</span> <span class='ocrx_word' id='word_1_406' title='bbox 535 2385 581 2412; x_wconf 67' lang='grc' dir='ltr'>καὶ</span> <span class='ocrx_word' id='word_1_407' title='bbox 596 2384 714 2415; x_wconf 86' lang='grc' dir='ltr'>τελώνας</span> <span class='ocrx_word' id='word_1_408' title='bbox 726 2383 812 2415; x_wconf 78' lang='grc' dir='ltr'>οὕτως</span> <span class='ocrx_word' id='word_1_409' title='bbox 827 2383 946 2419; x_wconf 79' lang='grc' dir='ltr'>ἐργάσα-</span> 
     </span>
    </p>
   </div>
   <div class='ocr_carea' id='block_1_54' title="bbox 148 2424 946 2463">
    <p class='ocr_par' dir='ltr' id='par_1_54' title="bbox 148 2424 946 2463">
     <span class='ocr_line' id='line_1_54' title="bbox 148 2424 946 2463; baseline -0.004 -9"><span class='ocrx_word' id='word_1_410' title='bbox 148 2427 210 2454; x_wconf 84' lang='grc' dir='ltr'>σθαι</span> <span class='ocrx_word' id='word_1_411' title='bbox 221 2428 365 2463; x_wconf 82' lang='grc' dir='ltr'>δοκίμους,</span> <span class='ocrx_word' id='word_1_412' title='bbox 377 2427 416 2458; x_wconf 84' lang='grc' dir='ltr'>ὡς</span> <span class='ocrx_word' id='word_1_413' title='bbox 440 2427 531 2459; x_wconf 78' lang='grc' dir='ltr'>ἀξίους</span> <span class='ocrx_word' id='word_1_414' title='bbox 548 2427 666 2462; x_wconf 81' lang='grc' dir='ltr'>φανῆναι</span> <span class='ocrx_word' id='word_1_415' title='bbox 686 2427 737 2462; x_wconf 82' lang='grc' dir='ltr'>τῆς</span> <span class='ocrx_word' id='word_1_416' title='bbox 758 2426 849 2452; x_wconf 76' lang='grc' dir='ltr'>ἐκεῖσε</span> <span class='ocrx_word' id='word_1_417' title='bbox 864 2424 946 2460; x_wconf 85' lang='grc' dir='ltr'>τιμῆς</span> 
     </span>
    </p>
   </div>
   <div class='ocr_carea' id='block_1_55' title="bbox 147 2468 947 2504">
    <p class='ocr_par' dir='ltr' id='par_1_55' title="bbox 147 2468 947 2504">
     <span class='ocr_line' id='line_1_55' title="bbox 147 2468 947 2504; baseline -0.003 -9"><span class='ocrx_word' id='word_1_418' title='bbox 147 2469 193 2495; x_wconf 72' lang='grc' dir='ltr'>καὶ</span> <span class='ocrx_word' id='word_1_419' title='bbox 203 2469 324 2504; x_wconf 74' lang='grc' dir='ltr'>δωρεᾶς.</span> <span class='ocrx_word' id='word_1_420' title='bbox 341 2469 474 2503; x_wconf 80' lang='grc' dir='ltr'>Καθάπερ</span> <span class='ocrx_word' id='word_1_421' title='bbox 489 2470 543 2504; x_wconf 81' lang='grc' dir='ltr'>γὰρ</span> <span class='ocrx_word' id='word_1_422' title='bbox 563 2469 654 2503; x_wconf 73' lang='grc' dir='ltr'>ἰατρὸν</span> <span class='ocrx_word' id='word_1_423' title='bbox 668 2469 728 2494; x_wconf 81' lang='grc' dir='ltr'>τότε</span> <span class='ocrx_word' id='word_1_424' title='bbox 750 2468 867 2503; x_wconf 75' lang='grc' dir='ltr'>μάλιστα</span> <span class='ocrx_word' id='word_1_425' title='bbox 881 2468 947 2493; x_wconf 86' lang='grc' dir='ltr'>θαυ-</span> 
     </span>
    </p>
   </div>
   <div class='ocr_carea' id='block_1_56' title="bbox 150 2510 947 2547">
    <p class='ocr_par' dir='ltr' id='par_1_56' title="bbox 150 2510 947 2547">
     <span class='ocr_line' id='line_1_56' title="bbox 150 2510 947 2547; baseline -0.005 -9"><span class='ocrx_word' id='word_1_426' title='bbox 150 2511 288 2547; x_wconf 74' lang='grc' dir='ltr'>μάζομεν.</span> <span class='ocrx_word' id='word_1_427' title='bbox 302 2511 368 2538; x_wconf 85' lang='grc' dir='ltr'>ὅταν</span> <span class='ocrx_word' id='word_1_428' title='bbox 388 2511 487 2546; x_wconf 79' lang='grc' dir='ltr'>ἴδωμεν</span> <span class='ocrx_word' id='word_1_429' title='bbox 501 2511 661 2545; x_wconf 80' lang='grc' dir='ltr'>ἀνθρώπους</span> <span class='ocrx_word' id='word_1_430' title='bbox 679 2511 775 2537; x_wconf 83' lang='grc' dir='ltr'>ἀνίατα</span> <span class='ocrx_word' id='word_1_431' title='bbox 797 2510 947 2544; x_wconf 73' lang='grc' dir='ltr'>παθήματα</span> 
     </span>
    </p>
   </div>
   <div class='ocr_carea' id='block_1_57' title="bbox 147 2551 947 2588">
    <p class='ocr_par' dir='ltr' id='par_1_57' title="bbox 147 2551 947 2588">
     <span class='ocr_line' id='line_1_57' title="bbox 147 2551 947 2588; baseline -0.001 -9"><span class='ocrx_word' id='word_1_432' title='bbox 147 2554 262 2588; x_wconf 71' lang='grc' dir='ltr'>ἔχοντας</span> <span class='ocrx_word' id='word_1_433' title='bbox 271 2552 483 2581; x_wconf 76' lang='grc' dir='ltr'>ἁπαλλάττοντα</span> <span class='ocrx_word' id='word_1_434' title='bbox 494 2553 544 2588; x_wconf 78' lang='grc' dir='ltr'>τῆς</span> <span class='ocrx_word' id='word_1_435' title='bbox 552 2553 706 2588; x_wconf 72' lang='grc' dir='ltr'>ἀρρωστίας</span> <span class='ocrx_word' id='word_1_436' title='bbox 720 2552 843 2588; x_wconf 72' lang='grc' dir='ltr'>καὶπρὸς</span> <span class='ocrx_word' id='word_1_437' title='bbox 855 2551 947 2586; x_wconf 79' lang='grc' dir='ltr'>ὑγείαν</span> 
     </span>
    </p>
   </div>
   <div class='ocr_carea' id='block_1_58' title="bbox 147 2593 948 2630">
    <p class='ocr_par' dir='ltr' id='par_1_58' title="bbox 147 2593 948 2630">
     <span class='ocr_line' id='line_1_58' title="bbox 147 2593 948 2630; baseline -0.004 -8"><span class='ocrx_word' id='word_1_438' title='bbox 147 2596 336 2630; x_wconf 68' lang='grc' dir='ltr'>ἐπανάγοντα·</span> <span class='ocrx_word' id='word_1_439' title='bbox 356 2595 428 2622; x_wconf 81' lang='grc' dir='ltr'>οὕτω</span> <span class='ocrx_word' id='word_1_440' title='bbox 450 2596 498 2622; x_wconf 83' lang='grc' dir='ltr'>καὶ</span> <span class='ocrx_word' id='word_1_441' title='bbox 518 2595 564 2622; x_wconf 87' lang='grc' dir='ltr'>τδν</span> <span class='ocrx_word' id='word_1_442' title='bbox 587 2595 704 2630; x_wconf 84' lang='grc' dir='ltr'>Χριστὸν</span> <span class='ocrx_word' id='word_1_443' title='bbox 731 2594 882 2629; x_wconf 79' lang='grc' dir='ltr'>θαυμάζειν</span> <span class='ocrx_word' id='word_1_444' title='bbox 909 2593 948 2620; x_wconf 66' lang='lat'>65-</span> 
     </span>
    </p>
   </div>
   <div class='ocr_carea' id='block_1_59' title="bbox 147 2635 948 2674">
    <p class='ocr_par' dir='ltr' id='par_1_59' title="bbox 147 2635 948 2674">
     <span class='ocr_line' id='line_1_59' title="bbox 147 2635 948 2674; baseline -0.005 -8"><span class='ocrx_word' id='word_1_445' title='bbox 147 2647 238 2671; x_wconf 74' lang='grc' dir='ltr'>καιον,</span> <span class='ocrx_word' id='word_1_446' title='bbox 255 2639 323 2665; x_wconf 77' lang='grc' dir='ltr'>ὅταν</span> <span class='ocrx_word' id='word_1_447' title='bbox 337 2638 484 2674; x_wconf 86' lang='grc' dir='ltr'>τραύματα</span> <span class='ocrx_word' id='word_1_448' title='bbox 500 2637 598 2668; x_wconf 76' lang='grc' dir='ltr'>ἀνίατα</span> <span class='ocrx_word' id='word_1_449' title='bbox 619 2636 770 2672; x_wconf 81' lang='grc' dir='ltr'>θεραπεύῃ,</span> <span class='ocrx_word' id='word_1_450' title='bbox 788 2637 851 2663; x_wconf 82' lang='grc' dir='ltr'>ὅταν</span> <span class='ocrx_word' id='word_1_451' title='bbox 863 2635 948 2663; x_wconf 78' lang='grc' dir='ltr'>τελώ-</span> 
     </span>
    </p>
   </div>
   <div class='ocr_carea' id='block_1_60' title="bbox 147 2678 947 2716">
    <p class='ocr_par' dir='ltr' id='par_1_60' title="bbox 147 2678 947 2716">
     <span class='ocr_line' id='line_1_60' title="bbox 147 2678 947 2716; baseline -0.005 -8"><span class='ocrx_word' id='word_1_452' title='bbox 147 2690 197 2716; x_wconf 85' lang='grc' dir='ltr'>νην</span> <span class='ocrx_word' id='word_1_453' title='bbox 212 2681 263 2708; x_wconf 75' lang='grc' dir='ltr'>καὶ</span> <span class='ocrx_word' id='word_1_454' title='bbox 277 2680 383 2716; x_wconf 82' lang='grc' dir='ltr'>πόρνην</span> <span class='ocrx_word' id='word_1_455' title='bbox 401 2681 441 2712; x_wconf 87' lang='grc' dir='ltr'>εἰς</span> <span class='ocrx_word' id='word_1_456' title='bbox 453 2679 587 2713; x_wconf 83' lang='grc' dir='ltr'>τοσαύτην</span> <span class='ocrx_word' id='word_1_457' title='bbox 603 2679 696 2713; x_wconf 82' lang='grc' dir='ltr'>ὑγείαν</span> <span class='ocrx_word' id='word_1_458' title='bbox 717 2678 890 2713; x_wconf 81' lang='grc' dir='ltr'>ἐπαναγάγῃ,</span> <span class='ocrx_word' id='word_1_459' title='bbox 909 2678 947 2709; x_wconf 87' lang='grc' dir='ltr'>ὡς</span> 
     </span>
    </p>
   </div>
   <div class='ocr_carea' id='block_1_61' title="bbox 147 2720 947 2757">
    <p class='ocr_par' dir='ltr' id='par_1_61' title="bbox 147 2720 947 2757">
     <span class='ocr_line' id='line_1_61' title="bbox 147 2720 947 2757; baseline -0.004 -8"><span class='ocrx_word' id='word_1_460' title='bbox 147 2722 242 2756; x_wconf 77' lang='grc' dir='ltr'>ἀξίους</span> <span class='ocrx_word' id='word_1_461' title='bbox 257 2723 401 2757; x_wconf 70' lang='grc' dir='ltr'>ἀποφῆναι</span> <span class='ocrx_word' id='word_1_462' title='bbox 412 2722 467 2748; x_wconf 85' lang='grc' dir='ltr'>τῶν</span> <span class='ocrx_word' id='word_1_463' title='bbox 481 2721 616 2757; x_wconf 80' lang='grc' dir='ltr'>οὐρανῶν.</span> <span class='ocrx_word' id='word_1_464' title='bbox 632 2721 687 2748; x_wconf 74' lang='grc' dir='ltr'>Καὶ</span> <span class='ocrx_word' id='word_1_465' title='bbox 698 2721 724 2747; x_wconf 87' lang='grc' dir='ltr'>τί</span> <span class='ocrx_word' id='word_1_466' title='bbox 742 2720 862 2747; x_wconf 83' lang='grc' dir='ltr'>τοιοῦτον</span> <span class='ocrx_word' id='word_1_467' title='bbox 873 2721 887 2746; x_wconf 86' lang='lat'>6</span> <span class='ocrx_word' id='word_1_468' title='bbox 897 2720 947 2755; x_wconf 88' lang='grc' dir='ltr'>λῃ-</span> 
     </span>
    </p>
   </div>
   <div class='ocr_carea' id='block_1_62' title="bbox 150 2762 948 2801">
    <p class='ocr_par' dir='ltr' id='par_1_62' title="bbox 150 2762 948 2801">
     <span class='ocr_line' id='line_1_62' title="bbox 150 2762 948 2801; baseline -0.006 -9"><span class='ocrx_word' id='word_1_469' title='bbox 150 2765 216 2801; x_wconf 71' lang='grc' dir='ltr'>στὴς</span> <span class='ocrx_word' id='word_1_470' title='bbox 234 2764 404 2796; x_wconf 74' lang='grc' dir='ltr'>ἐπεδείξατο,</span> <span class='ocrx_word' id='word_1_471' title='bbox 423 2764 516 2798; x_wconf 73' lang='grc' dir='ltr'>φησὶν,</span> <span class='ocrx_word' id='word_1_472' title='bbox 535 2764 578 2790; x_wconf 81' lang='grc' dir='ltr'>ἵνα</span> <span class='ocrx_word' id='word_1_473' title='bbox 601 2763 766 2797; x_wconf 79' lang='grc' dir='ltr'>παραδείσου</span> <span class='ocrx_word' id='word_1_474' title='bbox 787 2762 855 2797; x_wconf 81' lang='grc' dir='ltr'>τύχῃ</span> <span class='ocrx_word' id='word_1_475' title='bbox 879 2762 948 2796; x_wconf 82' lang='grc' dir='ltr'>μετὰ</span> 
     </span>
    </p>
   </div>
   <div class='ocr_carea' id='block_1_63' title="bbox 149 2802 946 2841">
    <p class='ocr_par' dir='ltr' id='par_1_63' title="bbox 149 2802 946 2841">
     <span class='ocr_line' id='line_1_63' title="bbox 149 2802 946 2841; baseline -0.005 -9"><span class='ocrx_word' id='word_1_476' title='bbox 149 2806 271 2841; x_wconf 79' lang='grc' dir='ltr'>σταυρόν</span> <span class='ocrx_word' id='word_1_477' title='bbox 283 2805 394 2838; x_wconf 83' lang='grc' dir='ltr'>;Βούλει</span> <span class='ocrx_word' id='word_1_478' title='bbox 409 2806 551 2840; x_wconf 75' lang='grc' dir='ltr'>συντόμως</span> <span class='ocrx_word' id='word_1_479' title='bbox 565 2805 635 2831; x_wconf 80' lang='grc' dir='ltr'>εῖπω</span> <span class='ocrx_word' id='word_1_480' title='bbox 649 2805 698 2840; x_wconf 88' lang='grc' dir='ltr'>τὴν</span> <span class='ocrx_word' id='word_1_481' title='bbox 706 2804 832 2839; x_wconf 81' lang='grc' dir='ltr'>ἀνδρείαν</span> <span class='ocrx_word' id='word_1_482' title='bbox 846 2802 946 2835; x_wconf 83' lang='grc' dir='ltr'>αὐτοῦ;</span> 
     </span>
    </p>
   </div>
   <div class='ocr_carea' id='block_1_64' title="bbox 150 2844 948 2884">
    <p class='ocr_par' dir='ltr' id='par_1_64' title="bbox 150 2844 948 2884">
     <span class='ocr_line' id='line_1_64' title="bbox 150 2844 948 2884; baseline -0.005 -10"><span class='ocrx_word' id='word_1_483' title='bbox 150 2847 214 2874; x_wconf 83' lang='grc' dir='ltr'>Ὅτε</span> <span class='ocrx_word' id='word_1_484' title='bbox 229 2848 337 2884; x_wconf 80' lang='grc' dir='ltr'>Πέτρος</span> <span class='ocrx_word' id='word_1_485' title='bbox 348 2847 487 2883; x_wconf 72' lang='grc' dir='ltr'>ἠρνήσατο</span> <span class='ocrx_word' id='word_1_486' title='bbox 504 2847 591 2877; x_wconf 79' lang='grc' dir='ltr'>κάτω,</span> <span class='ocrx_word' id='word_1_487' title='bbox 607 2846 668 2872; x_wconf 86' lang='grc' dir='ltr'>τότε</span> <span class='ocrx_word' id='word_1_488' title='bbox 682 2846 785 2878; x_wconf 79' lang='grc' dir='ltr'>ἐκεῖνος</span> <span class='ocrx_word' id='word_1_489' title='bbox 803 2844 948 2881; x_wconf 79' lang='grc' dir='ltr'>ὡμολόγη-</span> 
     </span>
    </p>
   </div>
   <div class='ocr_carea' id='block_1_65' title="bbox 149 2886 945 2924">
    <p class='ocr_par' dir='ltr' id='par_1_65' title="bbox 149 2886 945 2924">
     <span class='ocr_line' id='line_1_65' title="bbox 149 2886 945 2924; baseline -0.005 -7"><span class='ocrx_word' id='word_1_490' title='bbox 149 2895 195 2917; x_wconf 72' lang='grc' dir='ltr'>σεν</span> <span class='ocrx_word' id='word_1_491' title='bbox 210 2890 283 2917; x_wconf 73' lang='grc' dir='ltr'>ἂνω.</span> <span class='ocrx_word' id='word_1_492' title='bbox 300 2890 354 2917; x_wconf 78' lang='grc' dir='ltr'>Καὶ</span> <span class='ocrx_word' id='word_1_493' title='bbox 361 2889 448 2916; x_wconf 78' lang='grc' dir='ltr'>ταῦτα</span> <span class='ocrx_word' id='word_1_494' title='bbox 463 2888 493 2916; x_wconf 87' lang='grc' dir='ltr'>οὐ</span> <span class='ocrx_word' id='word_1_495' title='bbox 508 2887 554 2915; x_wconf 83' lang='grc' dir='ltr'>τοῦ</span> <span class='ocrx_word' id='word_1_496' title='bbox 570 2888 674 2924; x_wconf 85' lang='grc' dir='ltr'>Πέτρου</span> <span class='ocrx_word' id='word_1_497' title='bbox 688 2887 849 2924; x_wconf 83' lang='grc' dir='ltr'>κατηγορῶν</span> <span class='ocrx_word' id='word_1_498' title='bbox 862 2886 945 2921; x_wconf 71' lang='grc' dir='ltr'>λέγω,</span> 
     </span>
    </p>
   </div>
   <div class='ocr_carea' id='block_1_66' title="bbox 1726 151 1777 183">
    <p class='ocr_par' dir='ltr' id='par_1_66' title="bbox 1726 151 1777 183">
     <span class='ocr_line' id='line_1_66' title="bbox 1726 151 1777 183; baseline 0 -1"><span class='ocrx_word' id='word_1_499' title='bbox 1726 151 1777 183; x_wconf 68' lang='grc' dir='ltr'>ίθξ</span> 
     </span>
    </p>
   </div>
   <div class='ocr_carea' id='block_1_67' title="bbox 990 210 1775 248">
    <p class='ocr_par' dir='ltr' id='par_1_67' title="bbox 990 210 1775 248">
     <span class='ocr_line' id='line_1_67' title="bbox 990 210 1775 248; baseline 0.004 -10"><span class='ocrx_word' id='word_1_500' title='bbox 990 210 1027 247; x_wconf 80' lang='grc' dir='ltr'>μὴ</span> <span class='ocrx_word' id='word_1_501' title='bbox 1042 212 1156 246; x_wconf 80' lang='grc' dir='ltr'>γένοιτο,</span> <span class='ocrx_word' id='word_1_502' title='bbox 1173 212 1241 239; x_wconf 80' lang='grc' dir='ltr'>ἀλλὰ</span> <span class='ocrx_word' id='word_1_503' title='bbox 1260 212 1305 238; x_wconf 79' lang='grc' dir='ltr'>τοῦ</span> <span class='ocrx_word' id='word_1_504' title='bbox 1321 212 1422 248; x_wconf 74' lang='grc' dir='ltr'>λῃστοῦ</span> <span class='ocrx_word' id='word_1_505' title='bbox 1439 211 1488 248; x_wconf 79' lang='grc' dir='ltr'>τὴν</span> <span class='ocrx_word' id='word_1_506' title='bbox 1509 212 1712 248; x_wconf 67' lang='grc' dir='ltr'>μεγαλοψυχίαν</span> <span class='ocrx_word' id='word_1_507' title='bbox 1723 214 1775 241; x_wconf 83' lang='grc' dir='ltr'>δεῖ·</span> 
     </span>
    </p>
   </div>
   <div class='ocr_carea' id='block_1_68' title="bbox 988 254 1778 290">
    <p class='ocr_par' dir='ltr' id='par_1_68' title="bbox 988 254 1778 290">
     <span class='ocr_line' id='line_1_68' title="bbox 988 254 1778 290; baseline 0.003 -10"><span class='ocrx_word' id='word_1_508' title='bbox 988 254 1032 286; x_wconf 80' lang='grc' dir='ltr'>ξαι</span> <span class='ocrx_word' id='word_1_509' title='bbox 1058 254 1228 289; x_wconf 86' lang='grc' dir='ltr'>βουλόμενος.</span> <span class='ocrx_word' id='word_1_510' title='bbox 1262 254 1290 280; x_wconf 90' lang='lat'>&#39;0</span> <span class='ocrx_word' id='word_1_511' title='bbox 1308 254 1432 289; x_wconf 83' lang='grc' dir='ltr'>μαθητὴς</span> <span class='ocrx_word' id='word_1_512' title='bbox 1457 254 1572 289; x_wconf 81' lang='grc' dir='ltr'>ἀπειλὴν</span> <span class='ocrx_word' id='word_1_513' title='bbox 1585 255 1634 281; x_wconf 81' lang='grc' dir='ltr'>οὐκ</span> <span class='ocrx_word' id='word_1_514' title='bbox 1663 255 1778 290; x_wconf 74' lang='grc' dir='ltr'>ἠνεγκεν</span> 
     </span>
    </p>
   </div>
   <div class='ocr_carea' id='block_1_69' title="bbox 989 295 1783 334">
    <p class='ocr_par' dir='ltr' id='par_1_69' title="bbox 989 295 1783 334">
     <span class='ocr_line' id='line_1_69' title="bbox 989 295 1783 334; baseline 0.001 -12"><span class='ocrx_word' id='word_1_515' title='bbox 989 295 1114 328; x_wconf 83' lang='grc' dir='ltr'>εὐτελοῦς</span> <span class='ocrx_word' id='word_1_516' title='bbox 1131 296 1271 331; x_wconf 85' lang='grc' dir='ltr'>κορασίου·</span> <span class='ocrx_word' id='word_1_517' title='bbox 1288 297 1302 322; x_wconf 89' lang='lat'>6</span> <span class='ocrx_word' id='word_1_518' title='bbox 1316 296 1344 322; x_wconf 85' lang='grc' dir='ltr'>δὲ</span> <span class='ocrx_word' id='word_1_519' title='bbox 1365 295 1467 332; x_wconf 81' lang='grc' dir='ltr'>λῃστὴς</span> <span class='ocrx_word' id='word_1_520' title='bbox 1485 296 1555 331; x_wconf 83' lang='grc' dir='ltr'>ὁρῶν</span> <span class='ocrx_word' id='word_1_521' title='bbox 1577 296 1662 331; x_wconf 87' lang='grc' dir='ltr'>δῆμον</span> <span class='ocrx_word' id='word_1_522' title='bbox 1673 297 1783 334; x_wconf 78' lang='grc' dir='ltr'>ὁλόκλη-</span> 
     </span>
    </p>
   </div>
   <div class='ocr_carea' id='block_1_70' title="bbox 991 337 1777 373">
    <p class='ocr_par' dir='ltr' id='par_1_70' title="bbox 991 337 1777 373">
     <span class='ocr_line' id='line_1_70' title="bbox 991 337 1777 373; baseline 0.001 -9"><span class='ocrx_word' id='word_1_523' title='bbox 991 344 1037 372; x_wconf 87' lang='grc' dir='ltr'>ρον</span> <span class='ocrx_word' id='word_1_524' title='bbox 1063 337 1246 372; x_wconf 84' lang='grc' dir='ltr'>περιεστῶτα,</span> <span class='ocrx_word' id='word_1_525' title='bbox 1265 337 1379 372; x_wconf 83' lang='grc' dir='ltr'>βοῶντα,</span> <span class='ocrx_word' id='word_1_526' title='bbox 1402 337 1575 372; x_wconf 81' lang='grc' dir='ltr'>μαινόμενον,</span> <span class='ocrx_word' id='word_1_527' title='bbox 1605 337 1777 373; x_wconf 81' lang='grc' dir='ltr'>βλασφημίας</span> 
     </span>
    </p>
   </div>
   <div class='ocr_carea' id='block_1_71' title="bbox 989 378 1778 414">
    <p class='ocr_par' dir='ltr' id='par_1_71' title="bbox 989 378 1778 414">
     <span class='ocr_line' id='line_1_71' title="bbox 989 378 1778 414; baseline 0.003 -9"><span class='ocrx_word' id='word_1_528' title='bbox 989 379 1036 405; x_wconf 82' lang='grc' dir='ltr'>καὶ</span> <span class='ocrx_word' id='word_1_529' title='bbox 1054 378 1209 414; x_wconf 89' lang='grc' dir='ltr'>σκώμματα</span> <span class='ocrx_word' id='word_1_530' title='bbox 1224 379 1438 411; x_wconf 78' lang='grc' dir='ltr'>ἐξακοντίζοντα,</span> <span class='ocrx_word' id='word_1_531' title='bbox 1448 379 1479 406; x_wconf 86' lang='grc' dir='ltr'>οὐ</span> <span class='ocrx_word' id='word_1_532' title='bbox 1489 379 1638 414; x_wconf 86' lang='grc' dir='ltr'>προσέσχεν</span> <span class='ocrx_word' id='word_1_533' title='bbox 1653 381 1778 414; x_wconf 82' lang='grc' dir='ltr'>ἐκείνοις,</span> 
     </span>
    </p>
   </div>
   <div class='ocr_carea' id='block_1_72' title="bbox 989 421 1778 458">
    <p class='ocr_par' dir='ltr' id='par_1_72' title="bbox 989 421 1778 458">
     <span class='ocr_line' id='line_1_72' title="bbox 989 421 1778 458; baseline 0.004 -11"><span class='ocrx_word' id='word_1_534' title='bbox 989 421 1039 448; x_wconf 87' lang='grc' dir='ltr'>οὐκ</span> <span class='ocrx_word' id='word_1_535' title='bbox 1055 421 1180 455; x_wconf 78' lang='grc' dir='ltr'>ἐνενόησε</span> <span class='ocrx_word' id='word_1_536' title='bbox 1195 421 1243 457; x_wconf 79' lang='grc' dir='ltr'>τὴν</span> <span class='ocrx_word' id='word_1_537' title='bbox 1263 421 1431 456; x_wconf 77' lang='grc' dir='ltr'>φαινομένην</span> <span class='ocrx_word' id='word_1_538' title='bbox 1444 421 1581 448; x_wconf 84' lang='grc' dir='ltr'>εὐτέλειαν</span> <span class='ocrx_word' id='word_1_539' title='bbox 1594 422 1641 449; x_wconf 83' lang='grc' dir='ltr'>τοῦ</span> <span class='ocrx_word' id='word_1_540' title='bbox 1651 426 1778 458; x_wconf 81' lang='grc' dir='ltr'>σταυρου·</span> 
     </span>
    </p>
   </div>
   <div class='ocr_carea' id='block_1_73' title="bbox 991 461 1779 498">
    <p class='ocr_par' dir='ltr' id='par_1_73' title="bbox 991 461 1779 498">
     <span class='ocr_line' id='line_1_73' title="bbox 991 461 1779 498; baseline 0.004 -10"><span class='ocrx_word' id='word_1_541' title='bbox 991 461 1084 497; x_wconf 88' lang='grc' dir='ltr'>μένου,</span> <span class='ocrx_word' id='word_1_542' title='bbox 1111 462 1180 489; x_wconf 84' lang='grc' dir='ltr'>ἀλλὰ</span> <span class='ocrx_word' id='word_1_543' title='bbox 1208 464 1264 494; x_wconf 80' lang='grc' dir='ltr'>τοίς</span> <span class='ocrx_word' id='word_1_544' title='bbox 1277 463 1342 498; x_wconf 73' lang='grc' dir='ltr'>’τῆς</span> <span class='ocrx_word' id='word_1_545' title='bbox 1360 463 1479 494; x_wconf 88' lang='grc' dir='ltr'>πίστεως</span> <span class='ocrx_word' id='word_1_546' title='bbox 1507 463 1656 498; x_wconf 81' lang='grc' dir='ltr'>ὀφθαλμοῖς</span> <span class='ocrx_word' id='word_1_547' title='bbox 1674 463 1779 491; x_wconf 70' lang='grc' dir='ltr'>ἅπαντα</span> 
     </span>
    </p>
   </div>
   <div class='ocr_carea' id='block_1_74' title="bbox 989 503 1779 540">
    <p class='ocr_par' dir='ltr' id='par_1_74' title="bbox 989 503 1779 540">
     <span class='ocr_line' id='line_1_74' title="bbox 989 503 1779 540; baseline 0.003 -11"><span class='ocrx_word' id='word_1_548' title='bbox 989 503 1075 530; x_wconf 87' lang='grc' dir='ltr'>ταῦτα</span> <span class='ocrx_word' id='word_1_549' title='bbox 1090 504 1290 540; x_wconf 87' lang='grc' dir='ltr'>παραδραμὼν,</span> <span class='ocrx_word' id='word_1_550' title='bbox 1299 504 1347 531; x_wconf 72' lang='grc' dir='ltr'>καὶ</span> <span class='ocrx_word' id='word_1_551' title='bbox 1360 504 1395 530; x_wconf 83' lang='grc' dir='ltr'>τὰ</span> <span class='ocrx_word' id='word_1_552' title='bbox 1403 504 1520 531; x_wconf 81' lang='grc' dir='ltr'>ταπεινὰ</span> <span class='ocrx_word' id='word_1_553' title='bbox 1532 504 1681 539; x_wconf 81' lang='grc' dir='ltr'>κωλύματα</span> <span class='ocrx_word' id='word_1_554' title='bbox 1688 506 1779 539; x_wconf 76' lang='grc' dir='ltr'>ἀφεὶς,</span> 
     </span>
    </p>
   </div>
   <div class='ocr_carea' id='block_1_75' title="bbox 990 544 1776 581">
    <p class='ocr_par' dir='ltr' id='par_1_75' title="bbox 990 544 1776 581">
     <span class='ocr_line' id='line_1_75' title="bbox 990 544 1776 581; baseline 0.001 -10"><span class='ocrx_word' id='word_1_555' title='bbox 990 544 1097 579; x_wconf 79' lang='grc' dir='ltr'>ἐπέγνω</span> <span class='ocrx_word' id='word_1_556' title='bbox 1110 545 1156 572; x_wconf 83' lang='grc' dir='ltr'>τὸν</span> <span class='ocrx_word' id='word_1_557' title='bbox 1173 545 1229 572; x_wconf 84' lang='grc' dir='ltr'>τῶν</span> <span class='ocrx_word' id='word_1_558' title='bbox 1246 545 1369 581; x_wconf 69' lang='grc' dir='ltr'>οὐρανῶν</span> <span class='ocrx_word' id='word_1_559' title='bbox 1386 545 1537 581; x_wconf 85' lang='grc' dir='ltr'>Δεσπότην,</span> <span class='ocrx_word' id='word_1_560' title='bbox 1555 546 1602 572; x_wconf 77' lang='grc' dir='ltr'>καὶ</span> <span class='ocrx_word' id='word_1_561' title='bbox 1612 546 1687 581; x_wconf 87' lang='grc' dir='ltr'>αὐτῷ</span> <span class='ocrx_word' id='word_1_562' title='bbox 1697 555 1776 581; x_wconf 88' lang='grc' dir='ltr'>προσ-</span> 
     </span>
    </p>
   </div>
   <div class='ocr_carea' id='block_1_76' title="bbox 990 587 1780 623">
    <p class='ocr_par' dir='ltr' id='par_1_76' title="bbox 990 587 1780 623">
     <span class='ocr_line' id='line_1_76' title="bbox 990 587 1780 623; baseline 0.004 -11"><span class='ocrx_word' id='word_1_563' title='bbox 990 587 1081 614; x_wconf 86' lang='grc' dir='ltr'>πεσὼν</span> <span class='ocrx_word' id='word_1_564' title='bbox 1098 587 1351 621; x_wconf 77' lang='grc' dir='ltr'>ἑλεγε·Μνήσθητί</span> <span class='ocrx_word' id='word_1_565' title='bbox 1364 596 1434 622; x_wconf 85' lang='grc' dir='ltr'>μου,</span> <span class='ocrx_word' id='word_1_566' title='bbox 1451 588 1548 621; x_wconf 74' lang='grc' dir='ltr'>Κύριε,</span> <span class='ocrx_word' id='word_1_567' title='bbox 1562 588 1635 614; x_wconf 85' lang='grc' dir='ltr'>ὅταν</span> <span class='ocrx_word' id='word_1_568' title='bbox 1649 588 1739 623; x_wconf 77' lang='grc' dir='ltr'>ἔλθῃς</span> <span class='ocrx_word' id='word_1_569' title='bbox 1747 589 1780 615; x_wconf 82' lang='grc' dir='ltr'>ἐν</span> 
     </span>
    </p>
   </div>
   <div class='ocr_carea' id='block_1_77' title="bbox 990 628 1780 665">
    <p class='ocr_par' dir='ltr' id='par_1_77' title="bbox 990 628 1780 665">
     <span class='ocr_line' id='line_1_77' title="bbox 990 628 1780 665; baseline 0.003 -10"><span class='ocrx_word' id='word_1_570' title='bbox 990 628 1028 664; x_wconf 73' lang='grc' dir='ltr'>τῇ</span> <span class='ocrx_word' id='word_1_571' title='bbox 1038 630 1184 663; x_wconf 76' lang='grc' dir='ltr'>βασιλείῃ</span> <span class='ocrx_word' id='word_1_572' title='bbox 1198 638 1267 657; x_wconf 80' lang='grc' dir='ltr'>σου.</span> <span class='ocrx_word' id='word_1_573' title='bbox 1279 629 1324 665; x_wconf 83' lang='grc' dir='ltr'>Μὴ</span> <span class='ocrx_word' id='word_1_574' title='bbox 1338 629 1369 665; x_wconf 84' lang='grc' dir='ltr'>δὴ</span> <span class='ocrx_word' id='word_1_575' title='bbox 1387 630 1611 665; x_wconf 77' lang='grc' dir='ltr'>παραδράμωμεν</span> <span class='ocrx_word' id='word_1_576' title='bbox 1629 630 1722 662; x_wconf 79' lang='grc' dir='ltr'>ἁπλῶς</span> <span class='ocrx_word' id='word_1_577' title='bbox 1737 631 1780 657; x_wconf 73' lang='grc' dir='ltr'>τὸν</span> 
     </span>
    </p>
   </div>
   <div class='ocr_carea' id='block_1_78' title="bbox 990 671 1780 706">
    <p class='ocr_par' dir='ltr' id='par_1_78' title="bbox 990 671 1780 706">
     <span class='ocr_line' id='line_1_78' title="bbox 990 671 1780 706; baseline 0.001 -9"><span class='ocrx_word' id='word_1_578' title='bbox 990 671 1091 706; x_wconf 80' lang='grc' dir='ltr'>λῃστὴν</span> <span class='ocrx_word' id='word_1_579' title='bbox 1103 671 1209 703; x_wconf 85' lang='grc' dir='ltr'>τοῦτον,</span> <span class='ocrx_word' id='word_1_580' title='bbox 1235 671 1303 706; x_wconf 82' lang='grc' dir='ltr'>μηδέ</span> <span class='ocrx_word' id='word_1_581' title='bbox 1323 671 1548 706; x_wconf 81' lang='grc' dir='ltr'>ἐπαισχυνθὼμεν</span> <span class='ocrx_word' id='word_1_582' title='bbox 1564 671 1722 698; x_wconf 81' lang='grc' dir='ltr'>διδάσκαλον</span> <span class='ocrx_word' id='word_1_583' title='bbox 1735 672 1780 699; x_wconf 90' lang='grc' dir='ltr'>λα-</span> 
     </span>
    </p>
   </div>
   <div class='ocr_carea' id='block_1_79' title="bbox 964 712 1778 749">
    <p class='ocr_par' dir='ltr' id='par_1_79' title="bbox 964 712 1778 749">
     <span class='ocr_line' id='line_1_79' title="bbox 964 712 1778 749; baseline 0.002 -11"><span class='ocrx_word' id='word_1_584' title='bbox 964 726 966 729; x_wconf 66' lang='grc' dir='ltr'><strong><em>τ</em></strong></span> <span class='ocrx_word' id='word_1_585' title='bbox 991 712 1058 745; x_wconf 77' lang='grc' dir='ltr'>δεῖν,</span> <span class='ocrx_word' id='word_1_586' title='bbox 1070 712 1100 739; x_wconf 85' lang='grc' dir='ltr'>ὃν</span> <span class='ocrx_word' id='word_1_587' title='bbox 1116 713 1166 739; x_wconf 77' lang='grc' dir='ltr'>οὐκ</span> <span class='ocrx_word' id='word_1_588' title='bbox 1181 712 1339 749; x_wconf 83' lang='grc' dir='ltr'>ἐπῃσχύνθη</span> <span class='ocrx_word' id='word_1_589' title='bbox 1353 714 1367 740; x_wconf 94' lang='lat'>6</span> <span class='ocrx_word' id='word_1_590' title='bbox 1383 713 1522 748; x_wconf 87' lang='grc' dir='ltr'>Δεσπότης</span> <span class='ocrx_word' id='word_1_591' title='bbox 1534 714 1548 739; x_wconf 89' lang='lat'>6</span> <span class='ocrx_word' id='word_1_592' title='bbox 1560 713 1693 749; x_wconf 80' lang='grc' dir='ltr'>ἡμέτερος</span> <span class='ocrx_word' id='word_1_593' title='bbox 1708 713 1778 748; x_wconf 78' lang='grc' dir='ltr'>πρῶ-</span> 
     </span>
    </p>
   </div>
   <div class='ocr_carea' id='block_1_80' title="bbox 991 754 1781 790">
    <p class='ocr_par' dir='ltr' id='par_1_80' title="bbox 991 754 1781 790">
     <span class='ocr_line' id='line_1_80' title="bbox 991 754 1781 790; baseline 0.001 -10"><span class='ocrx_word' id='word_1_594' title='bbox 991 762 1037 781; x_wconf 89' lang='grc' dir='ltr'>τον</span> <span class='ocrx_word' id='word_1_595' title='bbox 1047 755 1203 789; x_wconf 69' lang='grc' dir='ltr'>εἰσαγαγεῖν</span> <span class='ocrx_word' id='word_1_596' title='bbox 1218 756 1257 786; x_wconf 86' lang='grc' dir='ltr'>είς</span> <span class='ocrx_word' id='word_1_597' title='bbox 1275 754 1321 781; x_wconf 83' lang='grc' dir='ltr'>τὸν</span> <span class='ocrx_word' id='word_1_598' title='bbox 1342 755 1515 789; x_wconf 83' lang='grc' dir='ltr'>παράδεισον·</span> <span class='ocrx_word' id='word_1_599' title='bbox 1533 754 1570 789; x_wconf 85' lang='grc' dir='ltr'>μὴ</span> <span class='ocrx_word' id='word_1_600' title='bbox 1594 754 1781 790; x_wconf 77' lang='grc' dir='ltr'>ἐπαισχυνθῶ-</span> 
     </span>
    </p>
   </div>
   <div class='ocr_carea' id='block_1_81' title="bbox 993 796 1781 832">
    <p class='ocr_par' dir='ltr' id='par_1_81' title="bbox 993 796 1781 832">
     <span class='ocr_line' id='line_1_81' title="bbox 993 796 1781 832; baseline -0.001 -9"><span class='ocrx_word' id='word_1_601' title='bbox 993 805 1043 830; x_wconf 85' lang='grc' dir='ltr'>μεν</span> <span class='ocrx_word' id='word_1_602' title='bbox 1061 796 1221 823; x_wconf 88' lang='grc' dir='ltr'>διδάσκαλον</span> <span class='ocrx_word' id='word_1_603' title='bbox 1246 797 1338 824; x_wconf 77' lang='grc' dir='ltr'>λαεεῖν</span> <span class='ocrx_word' id='word_1_604' title='bbox 1362 797 1504 832; x_wconf 74' lang='grc' dir='ltr'>ἄνθρωπον</span> <span class='ocrx_word' id='word_1_605' title='bbox 1528 796 1581 831; x_wconf 83' lang='grc' dir='ltr'>πρὸ</span> <span class='ocrx_word' id='word_1_606' title='bbox 1601 797 1650 831; x_wconf 85' lang='grc' dir='ltr'>τῆς</span> <span class='ocrx_word' id='word_1_607' title='bbox 1675 796 1781 831; x_wconf 81' lang='grc' dir='ltr'>φύσεως</span> 
     </span>
    </p>
   </div>
   <div class='ocr_carea' id='block_1_82' title="bbox 991 838 1781 874">
    <p class='ocr_par' dir='ltr' id='par_1_82' title="bbox 991 838 1781 874">
     <span class='ocr_line' id='line_1_82' title="bbox 991 838 1781 874; baseline -0.001 -9"><span class='ocrx_word' id='word_1_608' title='bbox 991 839 1101 874; x_wconf 84' lang='grc' dir='ltr'>ἁπάσης</span> <span class='ocrx_word' id='word_1_609' title='bbox 1109 839 1182 872; x_wconf 81' lang='grc' dir='ltr'>ἄξιον</span> <span class='ocrx_word' id='word_1_610' title='bbox 1191 839 1308 874; x_wconf 78' lang='grc' dir='ltr'>φανέντα</span> <span class='ocrx_word' id='word_1_611' title='bbox 1321 839 1372 873; x_wconf 83' lang='grc' dir='ltr'>τῆς</span> <span class='ocrx_word' id='word_1_612' title='bbox 1386 838 1523 869; x_wconf 84' lang='grc' dir='ltr'>πολιτείας</span> <span class='ocrx_word' id='word_1_613' title='bbox 1534 838 1583 873; x_wconf 84' lang='grc' dir='ltr'>τῆς</span> <span class='ocrx_word' id='word_1_614' title='bbox 1591 838 1619 865; x_wconf 78' lang='grc' dir='ltr'>ὲν</span> <span class='ocrx_word' id='word_1_615' title='bbox 1634 840 1690 870; x_wconf 89' lang='grc' dir='ltr'>τοῖς</span> <span class='ocrx_word' id='word_1_616' title='bbox 1699 839 1781 874; x_wconf 84' lang='grc' dir='ltr'>οὐρα-</span> 
     </span>
    </p>
   </div>
   <div class='ocr_carea' id='block_1_83' title="bbox 991 879 1782 915">
    <p class='ocr_par' dir='ltr' id='par_1_83' title="bbox 991 879 1782 915">
     <span class='ocr_line' id='line_1_83' title="bbox 991 879 1782 915; baseline 0 -8"><span class='ocrx_word' id='word_1_617' title='bbox 991 882 1058 911; x_wconf 81' lang='grc' dir='ltr'>νοῖς.</span> <span class='ocrx_word' id='word_1_618' title='bbox 1077 880 1145 907; x_wconf 79' lang='grc' dir='ltr'>ἀλλὰ</span> <span class='ocrx_word' id='word_1_619' title='bbox 1160 881 1190 907; x_wconf 78' lang='grc' dir='ltr'>τὸ</span> <span class='ocrx_word' id='word_1_620' title='bbox 1200 881 1262 908; x_wconf 80' lang='grc' dir='ltr'>καθ’</span> <span class='ocrx_word' id='word_1_621' title='bbox 1279 881 1394 908; x_wconf 74' lang='grc' dir='ltr'>ἕκαστον</span> <span class='ocrx_word' id='word_1_622' title='bbox 1401 879 1523 915; x_wconf 83' lang='grc' dir='ltr'>ἀκριϐῶς</span> <span class='ocrx_word' id='word_1_623' title='bbox 1537 880 1719 914; x_wconf 78' lang='grc' dir='ltr'>ἐξετάσωμεν,</span> <span class='ocrx_word' id='word_1_624' title='bbox 1738 880 1782 907; x_wconf 79' lang='grc' dir='ltr'>ἵνα</span> 
     </span>
    </p>
   </div>
   <div class='ocr_carea' id='block_1_84' title="bbox 994 919 1782 958">
    <p class='ocr_par' dir='ltr' id='par_1_84' title="bbox 994 919 1782 958">
     <span class='ocr_line' id='line_1_84' title="bbox 994 919 1782 958; baseline -0.001 -9"><span class='ocrx_word' id='word_1_625' title='bbox 994 923 1124 958; x_wconf 85' lang='grc' dir='ltr'>μάθωμεν</span> <span class='ocrx_word' id='word_1_626' title='bbox 1137 923 1184 949; x_wconf 86' lang='grc' dir='ltr'>τοῦ</span> <span class='ocrx_word' id='word_1_627' title='bbox 1211 922 1330 958; x_wconf 84' lang='grc' dir='ltr'>σταυροῦ</span> <span class='ocrx_word' id='word_1_628' title='bbox 1347 922 1397 957; x_wconf 82' lang='grc' dir='ltr'>τὴν</span> <span class='ocrx_word' id='word_1_629' title='bbox 1411 922 1536 957; x_wconf 90' lang='grc' dir='ltr'>δύναμιν.</span> <span class='ocrx_word' id='word_1_630' title='bbox 1557 922 1613 948; x_wconf 87' lang='grc' dir='ltr'>υύκ</span> <span class='ocrx_word' id='word_1_631' title='bbox 1633 919 1694 948; x_wconf 83' lang='grc' dir='ltr'>εἶπε</span> <span class='ocrx_word' id='word_1_632' title='bbox 1714 923 1782 957; x_wconf 69' lang='grc' dir='ltr'>πρὸς</span> 
     </span>
    </p>
   </div>
   <div class='ocr_carea' id='block_1_85' title="bbox 992 963 1781 1000">
    <p class='ocr_par' dir='ltr' id='par_1_85' title="bbox 992 963 1781 1000">
     <span class='ocr_line' id='line_1_85' title="bbox 992 963 1781 1000; baseline -0.001 -10"><span class='ocrx_word' id='word_1_633' title='bbox 992 964 1082 995; x_wconf 79' lang='grc' dir='ltr'>αὐτὸν,</span> <span class='ocrx_word' id='word_1_634' title='bbox 1097 964 1222 1000; x_wconf 83' lang='grc' dir='ltr'>καθάπερ</span> <span class='ocrx_word' id='word_1_635' title='bbox 1236 964 1305 999; x_wconf 84' lang='grc' dir='ltr'>πρὸς</span> <span class='ocrx_word' id='word_1_636' title='bbox 1317 964 1362 990; x_wconf 78' lang='grc' dir='ltr'>τὸν</span> <span class='ocrx_word' id='word_1_637' title='bbox 1378 963 1491 999; x_wconf 85' lang='grc' dir='ltr'>Πέτρον·</span> <span class='ocrx_word' id='word_1_638' title='bbox 1501 963 1590 997; x_wconf 83' lang='grc' dir='ltr'>Δεῦρο</span> <span class='ocrx_word' id='word_1_639' title='bbox 1606 963 1700 990; x_wconf 77' lang='grc' dir='ltr'>ὀπίσω</span> <span class='ocrx_word' id='word_1_640' title='bbox 1711 972 1781 998; x_wconf 81' lang='grc' dir='ltr'>μου,</span> 
     </span>
    </p>
   </div>
   <div class='ocr_carea' id='block_1_86' title="bbox 992 1003 1782 1040">
    <p class='ocr_par' dir='ltr' id='par_1_86' title="bbox 992 1003 1782 1040">
     <span class='ocr_line' id='line_1_86' title="bbox 992 1003 1782 1040; baseline -0.003 -8"><span class='ocrx_word' id='word_1_641' title='bbox 992 1006 1040 1032; x_wconf 81' lang='grc' dir='ltr'>καὶ</span> <span class='ocrx_word' id='word_1_642' title='bbox 1057 1005 1173 1038; x_wconf 79' lang='grc' dir='ltr'>ποιήσω</span> <span class='ocrx_word' id='word_1_643' title='bbox 1188 1013 1226 1032; x_wconf 79' lang='grc' dir='ltr'>σε</span> <span class='ocrx_word' id='word_1_644' title='bbox 1244 1005 1332 1032; x_wconf 80' lang='grc' dir='ltr'>ἁλιέα</span> <span class='ocrx_word' id='word_1_645' title='bbox 1356 1004 1528 1039; x_wconf 66' lang='grc' dir='ltr'>ἀνθρώπωιυ</span> <span class='ocrx_word' id='word_1_646' title='bbox 1546 1004 1606 1031; x_wconf 80' lang='grc' dir='ltr'>οὐδὲ</span> <span class='ocrx_word' id='word_1_647' title='bbox 1628 1003 1688 1030; x_wconf 83' lang='grc' dir='ltr'>εἷπε</span> <span class='ocrx_word' id='word_1_648' title='bbox 1715 1005 1782 1040; x_wconf 73' lang='grc' dir='ltr'>πρὸς</span> 
     </span>
    </p>
   </div>
   <div class='ocr_carea' id='block_1_87' title="bbox 992 1046 1782 1083">
    <p class='ocr_par' dir='ltr' id='par_1_87' title="bbox 992 1046 1782 1083">
     <span class='ocr_line' id='line_1_87' title="bbox 992 1046 1782 1083; baseline -0.001 -9"><span class='ocrx_word' id='word_1_649' title='bbox 992 1047 1082 1079; x_wconf 81' lang='grc' dir='ltr'>αὐτὸν,</span> <span class='ocrx_word' id='word_1_650' title='bbox 1101 1047 1226 1083; x_wconf 84' lang='grc' dir='ltr'>καθάπερ</span> <span class='ocrx_word' id='word_1_651' title='bbox 1253 1047 1322 1083; x_wconf 83' lang='grc' dir='ltr'>πρὸς</span> <span class='ocrx_word' id='word_1_652' title='bbox 1337 1046 1400 1078; x_wconf 80' lang='grc' dir='ltr'>τοὺς</span> <span class='ocrx_word' id='word_1_653' title='bbox 1424 1046 1540 1078; x_wconf 86' lang='grc' dir='ltr'>δώδεκα,</span> <span class='ocrx_word' id='word_1_654' title='bbox 1558 1047 1598 1072; x_wconf 79' lang='grc' dir='ltr'>ὅτι</span> <span class='ocrx_word' id='word_1_655' title='bbox 1615 1047 1782 1073; x_wconf 75' lang='grc' dir='ltr'>Καθίσεσθε</span> 
     </span>
    </p>
   </div>
   <div class='ocr_carea' id='block_1_88' title="bbox 991 1087 1782 1123">
    <p class='ocr_par' dir='ltr' id='par_1_88' title="bbox 991 1087 1782 1123">
     <span class='ocr_line' id='line_1_88' title="bbox 991 1087 1782 1123; baseline -0.004 -7"><span class='ocrx_word' id='word_1_656' title='bbox 991 1088 1040 1116; x_wconf 78' lang='grc' dir='ltr'>ἐπὶ</span> <span class='ocrx_word' id='word_1_657' title='bbox 1054 1088 1168 1116; x_wconf 75' lang='grc' dir='ltr'>δώδεκα</span> <span class='ocrx_word' id='word_1_658' title='bbox 1185 1089 1312 1123; x_wconf 83' lang='grc' dir='ltr'>θρόνους</span> <span class='ocrx_word' id='word_1_659' title='bbox 1327 1089 1480 1122; x_wconf 77' lang='grc' dir='ltr'>κρίνοντες</span> <span class='ocrx_word' id='word_1_660' title='bbox 1491 1087 1545 1120; x_wconf 84' lang='grc' dir='ltr'>τὰς</span> <span class='ocrx_word' id='word_1_661' title='bbox 1559 1087 1673 1114; x_wconf 82' lang='grc' dir='ltr'>δώδεκα</span> <span class='ocrx_word' id='word_1_662' title='bbox 1683 1088 1782 1122; x_wconf 65' lang='grc' dir='ltr'>φυλὰς</span> 
     </span>
    </p>
   </div>
   <div class='ocr_carea' id='block_1_89' title="bbox 992 1129 1782 1166">
    <p class='ocr_par' dir='ltr' id='par_1_89' title="bbox 992 1129 1782 1166">
     <span class='ocr_line' id='line_1_89' title="bbox 992 1129 1782 1166; baseline -0.004 -8"><span class='ocrx_word' id='word_1_663' title='bbox 992 1130 1045 1158; x_wconf 83' lang='grc' dir='ltr'>τοῦ</span> <span class='ocrx_word' id='word_1_664' title='bbox 1069 1130 1200 1164; x_wconf 76' lang='grc' dir='ltr'>Ἰσραήλ-</span> <span class='ocrx_word' id='word_1_665' title='bbox 1218 1130 1319 1166; x_wconf 77' lang='grc' dir='ltr'>μᾶλλον</span> <span class='ocrx_word' id='word_1_666' title='bbox 1345 1130 1373 1156; x_wconf 82' lang='grc' dir='ltr'>δὲ</span> <span class='ocrx_word' id='word_1_667' title='bbox 1393 1129 1453 1156; x_wconf 84' lang='grc' dir='ltr'>οὐδὲ</span> <span class='ocrx_word' id='word_1_668' title='bbox 1478 1130 1599 1165; x_wconf 81' lang='grc' dir='ltr'>ῥήματος</span> <span class='ocrx_word' id='word_1_669' title='bbox 1619 1129 1700 1156; x_wconf 74' lang='grc' dir='ltr'>αὐτὸν</span> <span class='ocrx_word' id='word_1_670' title='bbox 1715 1129 1782 1160; x_wconf 80' lang='grc' dir='ltr'>ὅλως</span> 
     </span>
    </p>
   </div>
   <div class='ocr_carea' id='block_1_90' title="bbox 993 1171 1783 1208">
    <p class='ocr_par' dir='ltr' id='par_1_90' title="bbox 993 1171 1783 1208">
     <span class='ocr_line' id='line_1_90' title="bbox 993 1171 1783 1208; baseline -0.003 -9"><span class='ocrx_word' id='word_1_671' title='bbox 993 1173 1118 1208; x_wconf 77' lang='grc' dir='ltr'>ἠξίωσεν·</span> <span class='ocrx_word' id='word_1_672' title='bbox 1133 1173 1164 1199; x_wconf 85' lang='grc' dir='ltr'>οὐ</span> <span class='ocrx_word' id='word_1_673' title='bbox 1184 1172 1278 1207; x_wconf 85' lang='grc' dir='ltr'>θαῦμα</span> <span class='ocrx_word' id='word_1_674' title='bbox 1305 1172 1415 1205; x_wconf 76' lang='grc' dir='ltr'>ἔδειξεν,</span> <span class='ocrx_word' id='word_1_675' title='bbox 1439 1172 1469 1198; x_wconf 89' lang='grc' dir='ltr'>οὐ</span> <span class='ocrx_word' id='word_1_676' title='bbox 1489 1171 1585 1207; x_wconf 79' lang='grc' dir='ltr'>νεκρὸν</span> <span class='ocrx_word' id='word_1_677' title='bbox 1605 1171 1783 1205; x_wconf 83' lang='grc' dir='ltr'>ἀνιστάμενον</span> 
     </span>
    </p>
   </div>
   <div class='ocr_carea' id='block_1_91' title="bbox 993 1213 1784 1249">
    <p class='ocr_par' dir='ltr' id='par_1_91' title="bbox 993 1213 1784 1249">
     <span class='ocr_line' id='line_1_91' title="bbox 993 1213 1784 1249; baseline -0.004 -8"><span class='ocrx_word' id='word_1_678' title='bbox 993 1215 1134 1247; x_wconf 80' lang='grc' dir='ltr'>ἐθεάσατο,</span> <span class='ocrx_word' id='word_1_679' title='bbox 1151 1215 1182 1241; x_wconf 86' lang='grc' dir='ltr'>οὐ</span> <span class='ocrx_word' id='word_1_680' title='bbox 1199 1215 1329 1249; x_wconf 83' lang='grc' dir='ltr'>δαίμονας</span> <span class='ocrx_word' id='word_1_681' title='bbox 1344 1213 1589 1248; x_wconf 81' lang='grc' dir='ltr'>ἀπελαυνομένους·</span> <span class='ocrx_word' id='word_1_682' title='bbox 1605 1213 1636 1239; x_wconf 81' lang='grc' dir='ltr'>οὐ</span> <span class='ocrx_word' id='word_1_683' title='bbox 1648 1213 1784 1240; x_wconf 78' lang='grc' dir='ltr'>θάλατταν</span> 
     </span>
    </p>
   </div>
   <div class='ocr_carea' id='block_1_92' title="bbox 993 1251 1784 1291">
    <p class='ocr_par' dir='ltr' id='par_1_92' title="bbox 993 1251 1784 1291">
     <span class='ocr_line' id='line_1_92' title="bbox 993 1251 1784 1291; baseline -0.003 -9"><span class='ocrx_word' id='word_1_684' title='bbox 993 1254 1062 1282; x_wconf 78' lang='grc' dir='ltr'>εἶδεν</span> <span class='ocrx_word' id='word_1_685' title='bbox 1077 1255 1283 1287; x_wconf 80' lang='grc' dir='ltr'>ὑπακούσασαν,</span> <span class='ocrx_word' id='word_1_686' title='bbox 1293 1255 1324 1282; x_wconf 93' lang='grc' dir='ltr'>οὐ</span> <span class='ocrx_word' id='word_1_687' title='bbox 1341 1255 1406 1291; x_wconf 79' lang='grc' dir='ltr'>περὶ</span> <span class='ocrx_word' id='word_1_688' title='bbox 1415 1254 1552 1290; x_wconf 79' lang='grc' dir='ltr'>βασιλείας</span> <span class='ocrx_word' id='word_1_689' title='bbox 1565 1254 1640 1289; x_wconf 85' lang='grc' dir='ltr'>αὐτῷ</span> <span class='ocrx_word' id='word_1_690' title='bbox 1658 1262 1684 1280; x_wconf 88' lang='grc' dir='ltr'>τι</span> <span class='ocrx_word' id='word_1_691' title='bbox 1695 1251 1784 1286; x_wconf 80' lang='grc' dir='ltr'>εἶπεν,</span> 
     </span>
    </p>
   </div>
   <div class='ocr_carea' id='block_1_93' title="bbox 993 1295 1783 1332">
    <p class='ocr_par' dir='ltr' id='par_1_93' title="bbox 993 1295 1783 1332">
     <span class='ocr_line' id='line_1_93' title="bbox 993 1295 1783 1332; baseline -0.004 -8"><span class='ocrx_word' id='word_1_692' title='bbox 993 1298 1023 1324; x_wconf 86' lang='grc' dir='ltr'>οὐ</span> <span class='ocrx_word' id='word_1_693' title='bbox 1039 1297 1103 1332; x_wconf 81' lang='grc' dir='ltr'>περὶ</span> <span class='ocrx_word' id='word_1_694' title='bbox 1118 1297 1242 1332; x_wconf 78' lang='grc' dir='ltr'>γεέννης·</span> <span class='ocrx_word' id='word_1_695' title='bbox 1259 1297 1307 1324; x_wconf 79' lang='grc' dir='ltr'>καὶ</span> <span class='ocrx_word' id='word_1_696' title='bbox 1319 1297 1373 1329; x_wconf 77' lang='grc' dir='ltr'>πρὸ</span> <span class='ocrx_word' id='word_1_697' title='bbox 1390 1297 1498 1323; x_wconf 81' lang='grc' dir='ltr'>πάντων</span> <span class='ocrx_word' id='word_1_698' title='bbox 1512 1295 1595 1323; x_wconf 77' lang='grc' dir='ltr'>αὐτὸν</span> <span class='ocrx_word' id='word_1_699' title='bbox 1611 1295 1783 1331; x_wconf 81' lang='grc' dir='ltr'>ὡμολόγησε,</span> 
     </span>
    </p>
   </div>
   <div class='ocr_carea' id='block_1_94' title="bbox 994 1335 1785 1376">
    <p class='ocr_par' dir='ltr' id='par_1_94' title="bbox 994 1335 1785 1376">
     <span class='ocr_line' id='line_1_94' title="bbox 994 1335 1785 1376; baseline -0.006 -8"><span class='ocrx_word' id='word_1_700' title='bbox 994 1339 1154 1373; x_wconf 78' lang='grc' dir='ltr'>καὶταῦτα,</span> <span class='ocrx_word' id='word_1_701' title='bbox 1176 1338 1222 1368; x_wconf 81' lang='grc' dir='ltr'>τοῦ</span> <span class='ocrx_word' id='word_1_702' title='bbox 1245 1339 1339 1376; x_wconf 78' lang='grc' dir='ltr'>ἐτέρου</span> <span class='ocrx_word' id='word_1_703' title='bbox 1365 1338 1558 1375; x_wconf 70' lang='grc' dir='ltr'>λοιδοροῦντος</span> <span class='ocrx_word' id='word_1_704' title='bbox 1581 1335 1708 1372; x_wconf 80' lang='grc' dir='ltr'>ἐλοιδόρει</span> <span class='ocrx_word' id='word_1_705' title='bbox 1733 1337 1785 1372; x_wconf 85' lang='grc' dir='ltr'>γὰρ</span> 
     </span>
    </p>
   </div>
   <div class='ocr_carea' id='block_1_95' title="bbox 994 1377 1784 1418">
    <p class='ocr_par' dir='ltr' id='par_1_95' title="bbox 994 1377 1784 1418">
     <span class='ocr_line' id='line_1_95' title="bbox 994 1377 1784 1418; baseline -0.006 -8"><span class='ocrx_word' id='word_1_706' title='bbox 994 1383 1075 1410; x_wconf 78' lang='grc' dir='ltr'>αὑτὸν</span> <span class='ocrx_word' id='word_1_707' title='bbox 1086 1384 1100 1409; x_wconf 97' lang='lat'>6</span> <span class='ocrx_word' id='word_1_708' title='bbox 1113 1382 1191 1414; x_wconf 77' lang='grc' dir='ltr'>ἄλλος</span> <span class='ocrx_word' id='word_1_709' title='bbox 1205 1382 1319 1418; x_wconf 83' lang='grc' dir='ltr'>λῃστής.</span> <span class='ocrx_word' id='word_1_710' title='bbox 1334 1381 1388 1408; x_wconf 79' lang='grc' dir='ltr'>Καὶ</span> <span class='ocrx_word' id='word_1_711' title='bbox 1404 1380 1459 1416; x_wconf 84' lang='grc' dir='ltr'>γὰρ</span> <span class='ocrx_word' id='word_1_712' title='bbox 1477 1381 1524 1407; x_wconf 80' lang='grc' dir='ltr'>καὶ</span> <span class='ocrx_word' id='word_1_713' title='bbox 1537 1379 1617 1412; x_wconf 79' lang='grc' dir='ltr'>ἄλλος</span> <span class='ocrx_word' id='word_1_714' title='bbox 1635 1378 1736 1416; x_wconf 81' lang='grc' dir='ltr'>λῃστὴς</span> <span class='ocrx_word' id='word_1_715' title='bbox 1750 1377 1784 1414; x_wconf 89' lang='grc' dir='ltr'>ἦν</span> 
     </span>
    </p>
   </div>
   <div class='ocr_carea' id='block_1_96' title="bbox 994 1421 1786 1460">
    <p class='ocr_par' dir='ltr' id='par_1_96' title="bbox 994 1421 1786 1460">
     <span class='ocr_line' id='line_1_96' title="bbox 994 1421 1786 1460; baseline -0.004 -9"><span class='ocrx_word' id='word_1_716' title='bbox 994 1425 1201 1460; x_wconf 76' lang='grc' dir='ltr'>ἐσταυρωμένος</span> <span class='ocrx_word' id='word_1_717' title='bbox 1225 1424 1283 1459; x_wconf 80' lang='grc' dir='ltr'>μετ’</span> <span class='ocrx_word' id='word_1_718' title='bbox 1307 1421 1401 1455; x_wconf 82' lang='grc' dir='ltr'>αὐτοῦ,</span> <span class='ocrx_word' id='word_1_719' title='bbox 1416 1422 1459 1449; x_wconf 77' lang='grc' dir='ltr'>ἵνα</span> <span class='ocrx_word' id='word_1_720' title='bbox 1474 1421 1604 1458; x_wconf 81' lang='grc' dir='ltr'>πληρωθῇ</span> <span class='ocrx_word' id='word_1_721' title='bbox 1629 1423 1726 1454; x_wconf 81' lang='grc' dir='ltr'>ἐκεῖνο,</span> <span class='ocrx_word' id='word_1_722' title='bbox 1744 1422 1786 1448; x_wconf 75' lang='grc' dir='ltr'>ὅτι</span> 
     </span>
    </p>
   </div>
   <div class='ocr_carea' id='block_1_97' title="bbox 1000 1463 1786 1502">
    <p class='ocr_par' dir='ltr' id='par_1_97' title="bbox 1000 1463 1786 1502">
     <span class='ocr_line' id='line_1_97' title="bbox 1000 1463 1786 1502; baseline -0.006 -8"><span class='ocrx_word' id='word_1_723' title='bbox 1000 1466 1138 1502; x_wconf 71' lang='grc' dir='ltr'>Ἠν-[406]</span> <span class='ocrx_word' id='word_1_724' title='bbox 1152 1465 1215 1498; x_wconf 85' lang='grc' dir='ltr'>τοῖς</span> <span class='ocrx_word' id='word_1_725' title='bbox 1234 1465 1358 1499; x_wconf 83' lang='grc' dir='ltr'>ἀνόμοις</span> <span class='ocrx_word' id='word_1_726' title='bbox 1381 1464 1535 1498; x_wconf 80' lang='grc' dir='ltr'>ἐλογίσθη.</span> <span class='ocrx_word' id='word_1_727' title='bbox 1558 1463 1715 1490; x_wconf 79' lang='grc' dir='ltr'>Ἐὁούλοντο</span> <span class='ocrx_word' id='word_1_728' title='bbox 1732 1463 1786 1498; x_wconf 74' lang='grc' dir='ltr'>γὰρ</span> 
     </span>
    </p>
   </div>
   <div class='ocr_carea' id='block_1_98' title="bbox 995 1505 1786 1544">
    <p class='ocr_par' dir='ltr' id='par_1_98' title="bbox 995 1505 1786 1544">
     <span class='ocr_line' id='line_1_98' title="bbox 995 1505 1786 1544; baseline -0.005 -9"><span class='ocrx_word' id='word_1_729' title='bbox 995 1508 1041 1535; x_wconf 79' lang='grc' dir='ltr'>καὶ</span> <span class='ocrx_word' id='word_1_730' title='bbox 1054 1508 1103 1544; x_wconf 87' lang='grc' dir='ltr'>τὴν</span> <span class='ocrx_word' id='word_1_731' title='bbox 1118 1507 1198 1540; x_wconf 80' lang='grc' dir='ltr'>δόξαν</span> <span class='ocrx_word' id='word_1_732' title='bbox 1215 1505 1299 1533; x_wconf 83' lang='grc' dir='ltr'>αὐτοῦ</span> <span class='ocrx_word' id='word_1_733' title='bbox 1313 1505 1449 1532; x_wconf 79' lang='grc' dir='ltr'>διαϐαλεῖν</span> <span class='ocrx_word' id='word_1_734' title='bbox 1464 1506 1488 1531; x_wconf 82' lang='grc' dir='ltr'>οἰ</span> <span class='ocrx_word' id='word_1_735' title='bbox 1513 1505 1643 1537; x_wconf 84' lang='grc' dir='ltr'>Ἰουδαῖοι,</span> <span class='ocrx_word' id='word_1_736' title='bbox 1659 1505 1705 1532; x_wconf 83' lang='grc' dir='ltr'>καὶ</span> <span class='ocrx_word' id='word_1_737' title='bbox 1717 1514 1786 1532; x_wconf 84' lang='grc' dir='ltr'>παν-</span> 
     </span>
    </p>
   </div>
   <div class='ocr_carea' id='block_1_99' title="bbox 994 1547 1786 1585">
    <p class='ocr_par' dir='ltr' id='par_1_99' title="bbox 994 1547 1786 1585">
     <span class='ocr_line' id='line_1_99' title="bbox 994 1547 1786 1585; baseline -0.004 -8"><span class='ocrx_word' id='word_1_738' title='bbox 994 1549 1109 1585; x_wconf 87' lang='grc' dir='ltr'>ταχόθεν</span> <span class='ocrx_word' id='word_1_739' title='bbox 1125 1547 1278 1585; x_wconf 68' lang='grc' dir='ltr'>ἐπηρέαζω</span> <span class='ocrx_word' id='word_1_740' title='bbox 1287 1549 1343 1579; x_wconf 83' lang='grc' dir='ltr'>τοῖς</span> <span class='ocrx_word' id='word_1_741' title='bbox 1352 1547 1515 1582; x_wconf 81' lang='grc' dir='ltr'>γινομένοις·</span> <span class='ocrx_word' id='word_1_742' title='bbox 1537 1547 1604 1573; x_wconf 82' lang='grc' dir='ltr'>ἀλλὰ</span> <span class='ocrx_word' id='word_1_743' title='bbox 1619 1547 1786 1582; x_wconf 85' lang='grc' dir='ltr'>πανταχόθεν</span> 
     </span>
    </p>
   </div>
   <div class='ocr_carea' id='block_1_100' title="bbox 994 1588 1786 1626">
    <p class='ocr_par' dir='ltr' id='par_1_100' title="bbox 994 1588 1786 1626">
     <span class='ocr_line' id='line_1_100' title="bbox 994 1588 1786 1626; baseline -0.005 -8"><span class='ocrx_word' id='word_1_744' title='bbox 994 1592 1143 1626; x_wconf 77' lang='grc' dir='ltr'>διέλαμπεν</span> <span class='ocrx_word' id='word_1_745' title='bbox 1157 1591 1174 1626; x_wconf 86' lang='grc' dir='ltr'>ὴ</span> <span class='ocrx_word' id='word_1_746' title='bbox 1186 1590 1307 1625; x_wconf 81' lang='grc' dir='ltr'>ἀλήθεια,</span> <span class='ocrx_word' id='word_1_747' title='bbox 1321 1589 1369 1616; x_wconf 78' lang='grc' dir='ltr'>καὶ</span> <span class='ocrx_word' id='word_1_748' title='bbox 1381 1589 1478 1624; x_wconf 77' lang='grc' dir='ltr'>ηὔξετο</span> <span class='ocrx_word' id='word_1_749' title='bbox 1490 1588 1534 1615; x_wconf 83' lang='grc' dir='ltr'>διὰ</span> <span class='ocrx_word' id='word_1_750' title='bbox 1554 1588 1606 1615; x_wconf 84' lang='grc' dir='ltr'>τῶν</span> <span class='ocrx_word' id='word_1_751' title='bbox 1615 1588 1786 1623; x_wconf 71' lang='grc' dir='ltr'>κωλυμάτων</span> 
     </span>
    </p>
   </div>
   <div class='ocr_carea' id='block_1_101' title="bbox 987 1628 1787 1667">
    <p class='ocr_par' dir='ltr' id='par_1_101' title="bbox 987 1628 1787 1667">
     <span class='ocr_line' id='line_1_101' title="bbox 987 1628 1787 1667; baseline -0.006 -6"><span class='ocrx_word' id='word_1_752' title='bbox 987 1633 1095 1660; x_wconf 80' lang='grc' dir='ltr'>αὐτῶν.</span> <span class='ocrx_word' id='word_1_753' title='bbox 1119 1632 1264 1667; x_wconf 84' lang='grc' dir='ltr'>Ἐλοιδόρει</span> <span class='ocrx_word' id='word_1_754' title='bbox 1281 1631 1372 1657; x_wconf 88' lang='grc' dir='ltr'>τοίνυν</span> <span class='ocrx_word' id='word_1_755' title='bbox 1387 1629 1468 1657; x_wconf 80' lang='grc' dir='ltr'>αὑτὸν</span> <span class='ocrx_word' id='word_1_756' title='bbox 1482 1631 1496 1656; x_wconf 86' lang='lat'>6</span> <span class='ocrx_word' id='word_1_757' title='bbox 1518 1630 1598 1662; x_wconf 75' lang='grc' dir='ltr'>ἄλλος</span> <span class='ocrx_word' id='word_1_758' title='bbox 1615 1629 1727 1666; x_wconf 81' lang='grc' dir='ltr'>λῃστής.</span> <span class='ocrx_word' id='word_1_759' title='bbox 1745 1628 1787 1656; x_wconf 86' lang='grc' dir='ltr'>Εἷ-</span> 
     </span>
    </p>
   </div>
   <div class='ocr_carea' id='block_1_102' title="bbox 994 1671 1787 1711">
    <p class='ocr_par' dir='ltr' id='par_1_102' title="bbox 994 1671 1787 1711">
     <span class='ocr_line' id='line_1_102' title="bbox 994 1671 1787 1711; baseline -0.008 -9"><span class='ocrx_word' id='word_1_760' title='bbox 994 1676 1038 1708; x_wconf 88' lang='grc' dir='ltr'>δες</span> <span class='ocrx_word' id='word_1_761' title='bbox 1053 1674 1153 1711; x_wconf 81' lang='grc' dir='ltr'>λῃστὴν</span> <span class='ocrx_word' id='word_1_762' title='bbox 1166 1674 1214 1701; x_wconf 81' lang='grc' dir='ltr'>καὶ</span> <span class='ocrx_word' id='word_1_763' title='bbox 1226 1673 1342 1709; x_wconf 86' lang='grc' dir='ltr'>λῃστήν;</span> <span class='ocrx_word' id='word_1_764' title='bbox 1358 1672 1507 1708; x_wconf 84' lang='grc' dir='ltr'>ἀμφότεροι</span> <span class='ocrx_word' id='word_1_765' title='bbox 1522 1672 1551 1698; x_wconf 85' lang='grc' dir='ltr'>ἐν</span> <span class='ocrx_word' id='word_1_766' title='bbox 1563 1671 1682 1707; x_wconf 84' lang='grc' dir='ltr'>σταυρῷ,</span> <span class='ocrx_word' id='word_1_767' title='bbox 1696 1672 1787 1707; x_wconf 67' lang='grc' dir='ltr'>ἀμφόε</span> 
     </span>
    </p>
   </div>
   <div class='ocr_carea' id='block_1_103' title="bbox 995 1713 1786 1753">
    <p class='ocr_par' dir='ltr' id='par_1_103' title="bbox 995 1713 1786 1753">
     <span class='ocr_line' id='line_1_103' title="bbox 995 1713 1786 1753; baseline -0.005 -10"><span class='ocrx_word' id='word_1_768' title='bbox 995 1725 1069 1753; x_wconf 84' lang='grc' dir='ltr'>τεροι</span> <span class='ocrx_word' id='word_1_769' title='bbox 1080 1717 1134 1743; x_wconf 82' lang='grc' dir='ltr'>ἀπὸ</span> <span class='ocrx_word' id='word_1_770' title='bbox 1149 1716 1206 1750; x_wconf 86' lang='grc' dir='ltr'>βίου</span> <span class='ocrx_word' id='word_1_771' title='bbox 1221 1713 1380 1750; x_wconf 84' lang='grc' dir='ltr'>λῃστρικοῦ,</span> <span class='ocrx_word' id='word_1_772' title='bbox 1402 1713 1552 1749; x_wconf 78' lang='grc' dir='ltr'>ἀμφότεροι</span> <span class='ocrx_word' id='word_1_773' title='bbox 1575 1714 1629 1740; x_wconf 83' lang='grc' dir='ltr'>ἀπὸ</span> <span class='ocrx_word' id='word_1_774' title='bbox 1643 1714 1786 1750; x_wconf 80' lang='grc' dir='ltr'>πονηρίας·</span> 
     </span>
    </p>
   </div>
   <div class='ocr_carea' id='block_1_104' title="bbox 995 1754 1787 1792">
    <p class='ocr_par' dir='ltr' id='par_1_104' title="bbox 995 1754 1787 1792">
     <span class='ocr_line' id='line_1_104' title="bbox 995 1754 1787 1792; baseline -0.004 -7"><span class='ocrx_word' id='word_1_775' title='bbox 995 1758 1051 1785; x_wconf 84' lang='grc' dir='ltr'>ἀλλ’</span> <span class='ocrx_word' id='word_1_776' title='bbox 1067 1758 1116 1784; x_wconf 88' lang='grc' dir='ltr'>οὐκ</span> <span class='ocrx_word' id='word_1_777' title='bbox 1136 1757 1285 1792; x_wconf 73' lang='grc' dir='ltr'>ἀμφότεροι</span> <span class='ocrx_word' id='word_1_778' title='bbox 1306 1757 1334 1782; x_wconf 84' lang='grc' dir='ltr'>ὲν</span> <span class='ocrx_word' id='word_1_779' title='bbox 1351 1756 1408 1786; x_wconf 84' lang='grc' dir='ltr'>τοῖς</span> <span class='ocrx_word' id='word_1_780' title='bbox 1423 1755 1525 1786; x_wconf 82' lang='grc' dir='ltr'>αὐτοῖς,</span> <span class='ocrx_word' id='word_1_781' title='bbox 1544 1754 1602 1781; x_wconf 77' lang='grc' dir='ltr'>ἀλλ’</span> <span class='ocrx_word' id='word_1_782' title='bbox 1615 1755 1629 1781; x_wconf 90' lang='lat'>6</span> <span class='ocrx_word' id='word_1_783' title='bbox 1644 1756 1694 1790; x_wconf 84' lang='grc' dir='ltr'>μὲν</span> <span class='ocrx_word' id='word_1_784' title='bbox 1709 1757 1787 1790; x_wconf 72' lang='grc' dir='ltr'>βασι-ι</span> 
     </span>
    </p>
   </div>
   <div class='ocr_carea' id='block_1_105' title="bbox 995 1797 1786 1835">
    <p class='ocr_par' dir='ltr' id='par_1_105' title="bbox 995 1797 1786 1835">
     <span class='ocr_line' id='line_1_105' title="bbox 995 1797 1786 1835; baseline -0.001 -9"><span class='ocrx_word' id='word_1_785' title='bbox 995 1800 1070 1827; x_wconf 86' lang='grc' dir='ltr'>λείαν</span> <span class='ocrx_word' id='word_1_786' title='bbox 1093 1799 1324 1835; x_wconf 81' lang='grc' dir='ltr'>ἐκληρονόμησεν,</span> <span class='ocrx_word' id='word_1_787' title='bbox 1347 1801 1361 1826; x_wconf 88' lang='grc' dir='ltr'>ό</span> <span class='ocrx_word' id='word_1_788' title='bbox 1389 1797 1417 1824; x_wconf 82' lang='grc' dir='ltr'>δὲ</span> <span class='ocrx_word' id='word_1_789' title='bbox 1445 1797 1484 1828; x_wconf 86' lang='grc' dir='ltr'>εἰς</span> <span class='ocrx_word' id='word_1_790' title='bbox 1510 1797 1621 1830; x_wconf 82' lang='grc' dir='ltr'>γέενναν</span> <span class='ocrx_word' id='word_1_791' title='bbox 1638 1797 1786 1832; x_wconf 78' lang='grc' dir='ltr'>ἐπέμπετο.</span> 
     </span>
    </p>
   </div>
   <div class='ocr_carea' id='block_1_106' title="bbox 996 1839 1788 1876">
    <p class='ocr_par' dir='ltr' id='par_1_106' title="bbox 996 1839 1788 1876">
     <span class='ocr_line' id='line_1_106' title="bbox 996 1839 1788 1876; baseline -0.003 -7"><span class='ocrx_word' id='word_1_792' title='bbox 996 1842 1074 1869; x_wconf 83' lang='grc' dir='ltr'>Οὐτω</span> <span class='ocrx_word' id='word_1_793' title='bbox 1103 1841 1150 1868; x_wconf 79' lang='grc' dir='ltr'>καὶ</span> <span class='ocrx_word' id='word_1_794' title='bbox 1174 1840 1246 1876; x_wconf 85' lang='grc' dir='ltr'>χθές·</span> <span class='ocrx_word' id='word_1_795' title='bbox 1283 1839 1403 1875; x_wconf 72' lang='grc' dir='ltr'>μαθηταὶ</span> <span class='ocrx_word' id='word_1_796' title='bbox 1438 1839 1486 1866; x_wconf 83' lang='grc' dir='ltr'>καὶ</span> <span class='ocrx_word' id='word_1_797' title='bbox 1520 1839 1654 1875; x_wconf 85' lang='grc' dir='ltr'>μαθητὴς,</span> <span class='ocrx_word' id='word_1_798' title='bbox 1688 1840 1788 1871; x_wconf 82' lang='grc' dir='ltr'>Ἰούδας</span> 
     </span>
    </p>
   </div>
   <div class='ocr_carea' id='block_1_107' title="bbox 996 1880 1788 1916">
    <p class='ocr_par' dir='ltr' id='par_1_107' title="bbox 996 1880 1788 1916">
     <span class='ocr_line' id='line_1_107' title="bbox 996 1880 1788 1916; baseline -0.004 -5"><span class='ocrx_word' id='word_1_799' title='bbox 996 1885 1043 1912; x_wconf 77' lang='grc' dir='ltr'>καὶ</span> <span class='ocrx_word' id='word_1_800' title='bbox 1057 1884 1199 1910; x_wconf 70' lang='grc' dir='ltr'>οἰὲνδεκον</span> <span class='ocrx_word' id='word_1_801' title='bbox 1218 1882 1276 1909; x_wconf 84' lang='grc' dir='ltr'>ἀλλ’</span> <span class='ocrx_word' id='word_1_802' title='bbox 1296 1883 1396 1909; x_wconf 76' lang='grc' dir='ltr'>ἐκεῖνοι</span> <span class='ocrx_word' id='word_1_803' title='bbox 1417 1881 1467 1916; x_wconf 82' lang='grc' dir='ltr'>μὲν</span> <span class='ocrx_word' id='word_1_804' title='bbox 1488 1881 1592 1915; x_wconf 81' lang='grc' dir='ltr'>ἔλεγον·</span> <span class='ocrx_word' id='word_1_805' title='bbox 1613 1881 1675 1908; x_wconf 88' lang='grc' dir='ltr'>Ποῦ</span> <span class='ocrx_word' id='word_1_806' title='bbox 1690 1880 1788 1914; x_wconf 69' lang='grc' dir='ltr'>θέλεις</span> 
     </span>
    </p>
   </div>
   <div class='ocr_carea' id='block_1_108' title="bbox 995 1918 1788 1960">
    <p class='ocr_par' dir='ltr' id='par_1_108' title="bbox 995 1918 1788 1960">
     <span class='ocr_line' id='line_1_108' title="bbox 995 1918 1788 1960; baseline -0.006 -7"><span class='ocrx_word' id='word_1_807' title='bbox 995 1924 1198 1960; x_wconf 76' lang='grc' dir='ltr'>ἑτοιμάσωμέν</span> <span class='ocrx_word' id='word_1_808' title='bbox 1209 1932 1258 1951; x_wconf 91' lang='grc' dir='ltr'>σοι</span> <span class='ocrx_word' id='word_1_809' title='bbox 1272 1923 1378 1959; x_wconf 75' lang='grc' dir='ltr'>φαγεῖν</span> <span class='ocrx_word' id='word_1_810' title='bbox 1392 1923 1425 1949; x_wconf 86' lang='grc' dir='ltr'>τὸ</span> <span class='ocrx_word' id='word_1_811' title='bbox 1444 1922 1554 1957; x_wconf 81' lang='grc' dir='ltr'>Πάσχα</span> <span class='ocrx_word' id='word_1_812' title='bbox 1564 1930 1573 1955; x_wconf 88' lang='grc'><em>;</em></span> <span class='ocrx_word' id='word_1_813' title='bbox 1584 1918 1662 1954; x_wconf 72' lang='grc' dir='ltr'>οὗτος</span> <span class='ocrx_word' id='word_1_814' title='bbox 1678 1922 1707 1949; x_wconf 83' lang='grc' dir='ltr'>δὲ</span> <span class='ocrx_word' id='word_1_815' title='bbox 1720 1932 1788 1958; x_wconf 81' lang='grc' dir='ltr'>προ-</span> 
     </span>
    </p>
   </div>
   <div class='ocr_carea' id='block_1_109' title="bbox 995 1964 1788 2001">
    <p class='ocr_par' dir='ltr' id='par_1_109' title="bbox 995 1964 1788 2001">
     <span class='ocr_line' id='line_1_109' title="bbox 995 1964 1788 2001; baseline -0.004 -7"><span class='ocrx_word' id='word_1_816' title='bbox 995 1967 1087 1994; x_wconf 88' lang='grc' dir='ltr'>δοσίαν</span> <span class='ocrx_word' id='word_1_817' title='bbox 1103 1967 1325 2001; x_wconf 74' lang='grc' dir='ltr'>παρεσκευάζετο</span> <span class='ocrx_word' id='word_1_818' title='bbox 1338 1966 1385 1992; x_wconf 76' lang='grc' dir='ltr'>καὶ</span> <span class='ocrx_word' id='word_1_819' title='bbox 1402 1965 1487 1999; x_wconf 78' lang='grc' dir='ltr'>ἔλεγε·</span> <span class='ocrx_word' id='word_1_820' title='bbox 1510 1965 1539 1991; x_wconf 86' lang='grc' dir='ltr'>Τί</span> <span class='ocrx_word' id='word_1_821' title='bbox 1548 1964 1650 1992; x_wconf 79' lang='grc' dir='ltr'>θέλετέ</span> <span class='ocrx_word' id='word_1_822' title='bbox 1660 1973 1710 1999; x_wconf 85' lang='grc' dir='ltr'>μοι</span> <span class='ocrx_word' id='word_1_823' title='bbox 1721 1964 1788 1991; x_wconf 77' lang='grc' dir='ltr'>δοῦ-</span> 
     </span>
    </p>
   </div>
   <div class='ocr_carea' id='block_1_110' title="bbox 994 2006 1789 2043">
    <p class='ocr_par' dir='ltr' id='par_1_110' title="bbox 994 2006 1789 2043">
     <span class='ocr_line' id='line_1_110' title="bbox 994 2006 1789 2043; baseline -0.005 -7"><span class='ocrx_word' id='word_1_824' title='bbox 994 2018 1054 2037; x_wconf 82' lang='grc' dir='ltr'>ναι.</span> <span class='ocrx_word' id='word_1_825' title='bbox 1070 2008 1152 2043; x_wconf 78' lang='grc' dir='ltr'>κάγὼ</span> <span class='ocrx_word' id='word_1_826' title='bbox 1170 2008 1242 2042; x_wconf 79' lang='grc' dir='ltr'>ὑμῖν</span> <span class='ocrx_word' id='word_1_827' title='bbox 1266 2007 1432 2041; x_wconf 80' lang='grc' dir='ltr'>παραδώσω</span> <span class='ocrx_word' id='word_1_828' title='bbox 1450 2006 1561 2038; x_wconf 79' lang='grc' dir='ltr'>αὐτόν;</span> <span class='ocrx_word' id='word_1_829' title='bbox 1588 2007 1709 2033; x_wconf 80' lang='grc' dir='ltr'>κάκεῖνοι</span> <span class='ocrx_word' id='word_1_830' title='bbox 1740 2006 1789 2043; x_wconf 85' lang='grc' dir='ltr'>μὲν</span> 
     </span>
    </p>
   </div>
   <div class='ocr_carea' id='block_1_111' title="bbox 996 2049 1790 2086">
    <p class='ocr_par' dir='ltr' id='par_1_111' title="bbox 996 2049 1790 2086">
     <span class='ocr_line' id='line_1_111' title="bbox 996 2049 1790 2086; baseline -0.005 -8"><span class='ocrx_word' id='word_1_831' title='bbox 996 2051 1064 2086; x_wconf 83' lang='grc' dir='ltr'>πρὸς</span> <span class='ocrx_word' id='word_1_832' title='bbox 1072 2050 1209 2077; x_wconf 81' lang='grc' dir='ltr'>διακονίαν</span> <span class='ocrx_word' id='word_1_833' title='bbox 1219 2049 1414 2085; x_wconf 78' lang='grc' dir='ltr'>ηὐτρεπίζοντο</span> <span class='ocrx_word' id='word_1_834' title='bbox 1427 2049 1475 2076; x_wconf 81' lang='grc' dir='ltr'>καὶ</span> <span class='ocrx_word' id='word_1_835' title='bbox 1487 2050 1536 2084; x_wconf 80' lang='grc' dir='ltr'>τὴν</span> <span class='ocrx_word' id='word_1_836' title='bbox 1553 2049 1630 2075; x_wconf 88' lang='grc' dir='ltr'>θείαν</span> <span class='ocrx_word' id='word_1_837' title='bbox 1644 2057 1790 2084; x_wconf 85' lang='grc' dir='ltr'>μυσταγω-</span> 
     </span>
    </p>
   </div>
   <div class='ocr_carea' id='block_1_112' title="bbox 995 2090 1789 2128">
    <p class='ocr_par' dir='ltr' id='par_1_112' title="bbox 995 2090 1789 2128">
     <span class='ocr_line' id='line_1_112' title="bbox 995 2090 1789 2128; baseline -0.004 -9"><span class='ocrx_word' id='word_1_838' title='bbox 995 2093 1068 2128; x_wconf 92' lang='grc' dir='ltr'>γίαν,</span> <span class='ocrx_word' id='word_1_839' title='bbox 1080 2090 1156 2124; x_wconf 70' lang='grc' dir='ltr'>οὗτος</span> <span class='ocrx_word' id='word_1_840' title='bbox 1170 2092 1198 2118; x_wconf 78' lang='grc' dir='ltr'>δὲ</span> <span class='ocrx_word' id='word_1_841' title='bbox 1207 2092 1275 2128; x_wconf 73' lang='grc' dir='ltr'>προς</span> <span class='ocrx_word' id='word_1_842' title='bbox 1291 2092 1321 2118; x_wconf 82' lang='grc' dir='ltr'>τὺ</span> <span class='ocrx_word' id='word_1_843' title='bbox 1335 2091 1480 2127; x_wconf 86' lang='grc' dir='ltr'>προδοῦναι</span> <span class='ocrx_word' id='word_1_844' title='bbox 1495 2091 1633 2117; x_wconf 75' lang='grc' dir='ltr'>ἔσπευδεν.</span> <span class='ocrx_word' id='word_1_845' title='bbox 1651 2090 1729 2117; x_wconf 74' lang='grc' dir='ltr'>Οὕτω</span> <span class='ocrx_word' id='word_1_846' title='bbox 1742 2091 1789 2117; x_wconf 61' lang='grc' dir='ltr'>καὶ</span> 
     </span>
    </p>
   </div>
   <div class='ocr_carea' id='block_1_113' title="bbox 996 2133 1789 2170">
    <p class='ocr_par' dir='ltr' id='par_1_113' title="bbox 996 2133 1789 2170">
     <span class='ocr_line' id='line_1_113' title="bbox 996 2133 1789 2170; baseline -0.003 -9"><span class='ocrx_word' id='word_1_847' title='bbox 996 2134 1114 2162; x_wconf 80' lang='grc' dir='ltr'>ἐνταῦθα</span> <span class='ocrx_word' id='word_1_848' title='bbox 1123 2135 1224 2170; x_wconf 79' lang='grc' dir='ltr'>λῃστὴς</span> <span class='ocrx_word' id='word_1_849' title='bbox 1235 2134 1282 2160; x_wconf 71' lang='grc' dir='ltr'>καὶ</span> <span class='ocrx_word' id='word_1_850' title='bbox 1300 2133 1402 2169; x_wconf 79' lang='grc' dir='ltr'>λῃστής</span> <span class='ocrx_word' id='word_1_851' title='bbox 1412 2142 1418 2148; x_wconf 92' lang='grc'><strong>·</strong></span> <span class='ocrx_word' id='word_1_852' title='bbox 1436 2133 1494 2160; x_wconf 76' lang='grc' dir='ltr'>ἀλλ’</span> <span class='ocrx_word' id='word_1_853' title='bbox 1504 2135 1518 2160; x_wconf 89' lang='grc' dir='ltr'>ό</span> <span class='ocrx_word' id='word_1_854' title='bbox 1534 2133 1583 2169; x_wconf 80' lang='grc' dir='ltr'>μὲν</span> <span class='ocrx_word' id='word_1_855' title='bbox 1596 2133 1722 2168; x_wconf 84' lang='grc' dir='ltr'>λοιδορεῖ,</span> <span class='ocrx_word' id='word_1_856' title='bbox 1737 2134 1752 2159; x_wconf 87' lang='grc' dir='ltr'><strong>ὁ</strong></span> <span class='ocrx_word' id='word_1_857' title='bbox 1760 2133 1789 2159; x_wconf 82' lang='grc' dir='ltr'>δὲ</span> 
     </span>
    </p>
   </div>
   <div class='ocr_carea' id='block_1_114' title="bbox 996 2175 1790 2212">
    <p class='ocr_par' dir='ltr' id='par_1_114' title="bbox 996 2175 1790 2212">
     <span class='ocr_line' id='line_1_114' title="bbox 996 2175 1790 2212; baseline -0.003 -9"><span class='ocrx_word' id='word_1_858' title='bbox 996 2178 1154 2212; x_wconf 81' lang='grc' dir='ltr'>προσκυνεῖ’</span> <span class='ocrx_word' id='word_1_859' title='bbox 1171 2176 1217 2203; x_wconf 72' lang='grc' dir='ltr'>καὶ</span> <span class='ocrx_word' id='word_1_860' title='bbox 1233 2176 1247 2202; x_wconf 90' lang='lat'>6</span> <span class='ocrx_word' id='word_1_861' title='bbox 1268 2175 1317 2210; x_wconf 81' lang='grc' dir='ltr'>μὲν</span> <span class='ocrx_word' id='word_1_862' title='bbox 1334 2175 1500 2210; x_wconf 85' lang='grc' dir='ltr'>βλασφημεῖ,</span> <span class='ocrx_word' id='word_1_863' title='bbox 1514 2176 1528 2201; x_wconf 88' lang='lat'>6</span> <span class='ocrx_word' id='word_1_864' title='bbox 1549 2175 1577 2202; x_wconf 88' lang='grc' dir='ltr'>δὲ</span> <span class='ocrx_word' id='word_1_865' title='bbox 1593 2175 1721 2210; x_wconf 76' lang='grc' dir='ltr'>εὐφημεῖ,</span> <span class='ocrx_word' id='word_1_866' title='bbox 1742 2175 1790 2202; x_wconf 76' lang='grc' dir='ltr'>καὶ</span> 
     </span>
    </p>
   </div>
   <div class='ocr_carea' id='block_1_115' title="bbox 996 2216 1788 2253">
    <p class='ocr_par' dir='ltr' id='par_1_115' title="bbox 996 2216 1788 2253">
     <span class='ocr_line' id='line_1_115' title="bbox 996 2216 1788 2253; baseline -0.003 -8"><span class='ocrx_word' id='word_1_867' title='bbox 996 2218 1042 2245; x_wconf 71' lang='grc' dir='ltr'>τὸν</span> <span class='ocrx_word' id='word_1_868' title='bbox 1060 2217 1273 2253; x_wconf 77' lang='grc' dir='ltr'>βλασφημοῦντα</span> <span class='ocrx_word' id='word_1_869' title='bbox 1281 2217 1452 2252; x_wconf 77' lang='grc' dir='ltr'>ἐπιστομίζει</span> <span class='ocrx_word' id='word_1_870' title='bbox 1462 2217 1559 2250; x_wconf 88' lang='grc' dir='ltr'>λέγων·</span> <span class='ocrx_word' id='word_1_871' title='bbox 1569 2216 1645 2244; x_wconf 81' lang='grc' dir='ltr'>Οὐδὲ</span> <span class='ocrx_word' id='word_1_872' title='bbox 1653 2216 1731 2252; x_wconf 68' lang='grc' dir='ltr'>φοϐῇ</span> <span class='ocrx_word' id='word_1_873' title='bbox 1747 2216 1788 2243; x_wconf 84' lang='grc' dir='ltr'>σὺ</span> 
     </span>
    </p>
   </div>
   <div class='ocr_carea' id='block_1_116' title="bbox 997 2255 1790 2294">
    <p class='ocr_par' dir='ltr' id='par_1_116' title="bbox 997 2255 1790 2294">
     <span class='ocr_line' id='line_1_116' title="bbox 997 2255 1790 2294; baseline -0.003 -7"><span class='ocrx_word' id='word_1_874' title='bbox 997 2260 1051 2287; x_wconf 80' lang='grc' dir='ltr'>τὸν</span> <span class='ocrx_word' id='word_1_875' title='bbox 1078 2261 1170 2292; x_wconf 82' lang='grc' dir='ltr'>Θεόν;</span> <span class='ocrx_word' id='word_1_876' title='bbox 1195 2259 1265 2292; x_wconf 83' lang='grc' dir='ltr'>ἀξια</span> <span class='ocrx_word' id='word_1_877' title='bbox 1284 2258 1340 2293; x_wconf 70' lang='grc' dir='ltr'>γὰρ</span> <span class='ocrx_word' id='word_1_878' title='bbox 1364 2255 1407 2285; x_wconf 86' lang='grc' dir='ltr'>ὧν</span> <span class='ocrx_word' id='word_1_879' title='bbox 1429 2259 1601 2294; x_wconf 72' lang='grc' dir='ltr'>ἐπράξαμεν</span> <span class='ocrx_word' id='word_1_880' title='bbox 1621 2259 1790 2294; x_wconf 76' lang='grc' dir='ltr'>ἀπολαμὸἀ-</span> 
     </span>
    </p>
   </div>
   <div class='ocr_carea' id='block_1_117' title="bbox 997 2311 1098 2337">
    <p class='ocr_par' dir='ltr' id='par_1_117' title="bbox 997 2311 1098 2337">
     <span class='ocr_line' id='line_1_117' title="bbox 997 2311 1098 2337; baseline 0.01 -8"><span class='ocrx_word' id='word_1_881' title='bbox 997 2311 1098 2337; x_wconf 79' lang='grc' dir='ltr'>νομεν.</span> 
     </span>
    </p>
   </div>
   <div class='ocr_carea' id='block_1_118' title="bbox 1030 2375 1790 2415">
    <p class='ocr_par' dir='ltr' id='par_1_118' title="bbox 1030 2375 1790 2415">
     <span class='ocr_line' id='line_1_118' title="bbox 1030 2375 1790 2415; baseline -0.001 -8"><span class='ocrx_word' id='word_1_882' title='bbox 1030 2383 1063 2415; x_wconf 90' lang='grc' dir='ltr'>γ’.</span> <span class='ocrx_word' id='word_1_883' title='bbox 1083 2377 1161 2411; x_wconf 83' lang='grc' dir='ltr'>Εἶδες</span> <span class='ocrx_word' id='word_1_884' title='bbox 1179 2379 1337 2415; x_wconf 78' lang='grc' dir='ltr'>παρρησίαν</span> <span class='ocrx_word' id='word_1_885' title='bbox 1356 2378 1473 2414; x_wconf 83' lang='grc' dir='ltr'>λῃστοῦ;</span> <span class='ocrx_word' id='word_1_886' title='bbox 1495 2375 1565 2410; x_wconf 80' lang='grc' dir='ltr'>εἶδες</span> <span class='ocrx_word' id='word_1_887' title='bbox 1584 2378 1740 2414; x_wconf 75' lang='grc' dir='ltr'>παρρησίαν</span> <span class='ocrx_word' id='word_1_888' title='bbox 1761 2379 1790 2406; x_wconf 77' lang='grc' dir='ltr'>ἐν</span> 
     </span>
    </p>
   </div>
   <div class='ocr_carea' id='block_1_119' title="bbox 997 2419 1791 2458">
    <p class='ocr_par' dir='ltr' id='par_1_119' title="bbox 997 2419 1791 2458">
     <span class='ocr_line' id='line_1_119' title="bbox 997 2419 1791 2458; baseline -0.005 -8"><span class='ocrx_word' id='word_1_889' title='bbox 997 2422 1106 2458; x_wconf 86' lang='grc' dir='ltr'>σταυρῷ</span> <span class='ocrx_word' id='word_1_890' title='bbox 1115 2431 1122 2455; x_wconf 86' lang='lat'><strong>;</strong></span> <span class='ocrx_word' id='word_1_891' title='bbox 1134 2419 1202 2454; x_wconf 77' lang='grc' dir='ltr'>εἷδες</span> <span class='ocrx_word' id='word_1_892' title='bbox 1213 2420 1371 2456; x_wconf 84' lang='grc' dir='ltr'>φιλοσοφίαν</span> <span class='ocrx_word' id='word_1_893' title='bbox 1380 2422 1409 2447; x_wconf 81' lang='grc' dir='ltr'>ἐν</span> <span class='ocrx_word' id='word_1_894' title='bbox 1416 2420 1545 2455; x_wconf 81' lang='grc' dir='ltr'>τιμωρίᾳ,</span> <span class='ocrx_word' id='word_1_895' title='bbox 1558 2420 1605 2447; x_wconf 72' lang='grc' dir='ltr'>καὶ</span> <span class='ocrx_word' id='word_1_896' title='bbox 1612 2420 1752 2447; x_wconf 81' lang='grc' dir='ltr'>εὐλάϐειαν</span> <span class='ocrx_word' id='word_1_897' title='bbox 1761 2421 1791 2446; x_wconf 74' lang='grc' dir='ltr'>ἐν</span> 
     </span>
    </p>
   </div>
   <div class='ocr_carea' id='block_1_120' title="bbox 998 2460 1790 2499">
    <p class='ocr_par' dir='ltr' id='par_1_120' title="bbox 998 2460 1790 2499">
     <span class='ocr_line' id='line_1_120' title="bbox 998 2460 1790 2499; baseline -0.005 -7"><span class='ocrx_word' id='word_1_898' title='bbox 998 2465 1125 2496; x_wconf 85' lang='grc' dir='ltr'>κολάσει;</span> <span class='ocrx_word' id='word_1_899' title='bbox 1142 2464 1204 2490; x_wconf 85' lang='grc' dir='ltr'>’Ὁτι</span> <span class='ocrx_word' id='word_1_900' title='bbox 1218 2463 1273 2499; x_wconf 85' lang='grc' dir='ltr'>γὰρ</span> <span class='ocrx_word' id='word_1_901' title='bbox 1287 2464 1316 2490; x_wconf 78' lang='grc' dir='ltr'>ἐν</span> <span class='ocrx_word' id='word_1_902' title='bbox 1329 2462 1418 2498; x_wconf 84' lang='grc' dir='ltr'>ἐαυτῷ</span> <span class='ocrx_word' id='word_1_903' title='bbox 1428 2460 1472 2497; x_wconf 78' lang='grc' dir='ltr'>ἦν,</span> <span class='ocrx_word' id='word_1_904' title='bbox 1485 2462 1526 2488; x_wconf 80' lang='grc' dir='ltr'>ὅτι</span> <span class='ocrx_word' id='word_1_905' title='bbox 1541 2462 1642 2497; x_wconf 84' lang='grc' dir='ltr'>φρένας</span> <span class='ocrx_word' id='word_1_906' title='bbox 1663 2460 1790 2498; x_wconf 76' lang='grc' dir='ltr'>εἷχε,τῶν</span> 
     </span>
    </p>
   </div>
   <div class='ocr_carea' id='block_1_121' title="bbox 997 2503 1789 2542">
    <p class='ocr_par' dir='ltr' id='par_1_121' title="bbox 997 2503 1789 2542">
     <span class='ocr_line' id='line_1_121' title="bbox 997 2503 1789 2542; baseline -0.006 -8"><span class='ocrx_word' id='word_1_907' title='bbox 997 2508 1070 2542; x_wconf 80' lang='grc' dir='ltr'>ἥλων</span> <span class='ocrx_word' id='word_1_908' title='bbox 1095 2506 1170 2541; x_wconf 83' lang='grc' dir='ltr'>αὐτῷ</span> <span class='ocrx_word' id='word_1_909' title='bbox 1185 2505 1418 2541; x_wconf 72' lang='grc' dir='ltr'>ἐμπεπαρμένων,</span> <span class='ocrx_word' id='word_1_910' title='bbox 1442 2504 1484 2535; x_wconf 80' lang='grc' dir='ltr'>τίς</span> <span class='ocrx_word' id='word_1_911' title='bbox 1509 2504 1558 2530; x_wconf 87' lang='grc' dir='ltr'>οὐκ</span> <span class='ocrx_word' id='word_1_912' title='bbox 1569 2503 1604 2530; x_wconf 75' lang='grc' dir='ltr'>ἂν</span> <span class='ocrx_word' id='word_1_913' title='bbox 1621 2504 1770 2538; x_wconf 80' lang='grc' dir='ltr'>ἐκπλαγείη</span> <span class='ocrx_word' id='word_1_914' title='bbox 1781 2521 1789 2536; x_wconf 67' lang='grc' dir='ltr'><em>σ</em></span> 
     </span>
    </p>
   </div>
   <div class='ocr_carea' id='block_1_122' title="bbox 1004 2545 1791 2583">
    <p class='ocr_par' dir='ltr' id='par_1_122' title="bbox 1004 2545 1791 2583">
     <span class='ocr_line' id='line_1_122' title="bbox 1004 2545 1791 2583; baseline -0.005 -7"><span class='ocrx_word' id='word_1_915' title='bbox 1004 2550 1033 2576; x_wconf 86' lang='grc' dir='ltr'>ὐ</span> <span class='ocrx_word' id='word_1_916' title='bbox 1045 2549 1073 2576; x_wconf 81' lang='grc' dir='ltr'>δὲ</span> <span class='ocrx_word' id='word_1_917' title='bbox 1085 2549 1115 2575; x_wconf 83' lang='grc' dir='ltr'>οὐ</span> <span class='ocrx_word' id='word_1_918' title='bbox 1133 2549 1213 2583; x_wconf 85' lang='grc' dir='ltr'>μόνον</span> <span class='ocrx_word' id='word_1_919' title='bbox 1229 2549 1258 2574; x_wconf 83' lang='grc' dir='ltr'>ὲν</span> <span class='ocrx_word' id='word_1_920' title='bbox 1270 2546 1360 2582; x_wconf 81' lang='grc' dir='ltr'>ἑαυτῷ</span> <span class='ocrx_word' id='word_1_921' title='bbox 1370 2545 1414 2582; x_wconf 80' lang='grc' dir='ltr'>ἦν,</span> <span class='ocrx_word' id='word_1_922' title='bbox 1431 2545 1499 2572; x_wconf 83' lang='grc' dir='ltr'>ἀλλὰ</span> <span class='ocrx_word' id='word_1_923' title='bbox 1516 2546 1604 2572; x_wconf 77' lang='grc' dir='ltr'>καὶτὰ</span> <span class='ocrx_word' id='word_1_924' title='bbox 1618 2545 1679 2572; x_wconf 85' lang='grc' dir='ltr'>καθ’</span> <span class='ocrx_word' id='word_1_925' title='bbox 1694 2546 1791 2572; x_wconf 61' lang='grc' dir='ltr'>ἑαυτὴν</span> 
     </span>
    </p>
   </div>
   <div class='ocr_carea' id='block_1_123' title="bbox 998 2587 1790 2624">
    <p class='ocr_par' dir='ltr' id='par_1_123' title="bbox 998 2587 1790 2624">
     <span class='ocr_line' id='line_1_123' title="bbox 998 2587 1790 2624; baseline -0.006 -7"><span class='ocrx_word' id='word_1_926' title='bbox 998 2591 1088 2623; x_wconf 76' lang='grc' dir='ltr'>ἀφεὶς.</span> <span class='ocrx_word' id='word_1_927' title='bbox 1101 2590 1136 2616; x_wconf 87' lang='grc' dir='ltr'>τὰ</span> <span class='ocrx_word' id='word_1_928' title='bbox 1145 2589 1199 2616; x_wconf 84' lang='grc' dir='ltr'>τῶν</span> <span class='ocrx_word' id='word_1_929' title='bbox 1212 2589 1299 2616; x_wconf 84' lang='grc' dir='ltr'>ἄλλων</span> <span class='ocrx_word' id='word_1_930' title='bbox 1315 2588 1466 2624; x_wconf 77' lang='grc' dir='ltr'>ἐφρόντιζε,</span> <span class='ocrx_word' id='word_1_931' title='bbox 1478 2587 1636 2619; x_wconf 73' lang='grc' dir='ltr'>διδάσκαλος</span> <span class='ocrx_word' id='word_1_932' title='bbox 1646 2589 1674 2614; x_wconf 81' lang='grc' dir='ltr'>ὲν</span> <span class='ocrx_word' id='word_1_933' title='bbox 1682 2587 1790 2622; x_wconf 80' lang='grc' dir='ltr'>σταυρῷ</span> 
     </span>
    </p>
   </div>
   <div class='ocr_carea' id='block_1_124' title="bbox 998 2629 1789 2667">
    <p class='ocr_par' dir='ltr' id='par_1_124' title="bbox 998 2629 1789 2667">
     <span class='ocr_line' id='line_1_124' title="bbox 998 2629 1789 2667; baseline -0.006 -8"><span class='ocrx_word' id='word_1_934' title='bbox 998 2632 1150 2667; x_wconf 84' lang='grc' dir='ltr'>γινόμενος,</span> <span class='ocrx_word' id='word_1_935' title='bbox 1164 2631 1212 2658; x_wconf 77' lang='grc' dir='ltr'>καὶ</span> <span class='ocrx_word' id='word_1_936' title='bbox 1222 2631 1357 2665; x_wconf 80' lang='grc' dir='ltr'>ἐπιτιμῶν</span> <span class='ocrx_word' id='word_1_937' title='bbox 1374 2630 1422 2656; x_wconf 82' lang='grc' dir='ltr'>καὶ</span> <span class='ocrx_word' id='word_1_938' title='bbox 1437 2629 1534 2663; x_wconf 78' lang='grc' dir='ltr'>λέγων’</span> <span class='ocrx_word' id='word_1_939' title='bbox 1555 2629 1632 2656; x_wconf 74' lang='grc' dir='ltr'>Οὐδὲ</span> <span class='ocrx_word' id='word_1_940' title='bbox 1650 2629 1728 2663; x_wconf 74' lang='grc' dir='ltr'>φοΰῇ</span> <span class='ocrx_word' id='word_1_941' title='bbox 1749 2630 1789 2655; x_wconf 74' lang='grc' dir='ltr'>σίε</span> 
     </span>
    </p>
   </div>
   <div class='ocr_carea' id='block_1_125' title="bbox 999 2671 1788 2709">
    <p class='ocr_par' dir='ltr' id='par_1_125' title="bbox 999 2671 1788 2709">
     <span class='ocr_line' id='line_1_125' title="bbox 999 2671 1788 2709; baseline -0.006 -7"><span class='ocrx_word' id='word_1_942' title='bbox 999 2675 1052 2703; x_wconf 81' lang='grc' dir='ltr'>τὸν</span> <span class='ocrx_word' id='word_1_943' title='bbox 1065 2675 1156 2706; x_wconf 80' lang='grc' dir='ltr'>Θεόν;</span> <span class='ocrx_word' id='word_1_944' title='bbox 1171 2673 1217 2708; x_wconf 86' lang='grc' dir='ltr'>Μὴ</span> <span class='ocrx_word' id='word_1_945' title='bbox 1230 2674 1357 2709; x_wconf 80' lang='grc' dir='ltr'>πρόσεχε,</span> <span class='ocrx_word' id='word_1_946' title='bbox 1381 2672 1457 2707; x_wconf 82' lang='grc' dir='ltr'>φησὶ,</span> <span class='ocrx_word' id='word_1_947' title='bbox 1472 2671 1511 2707; x_wconf 82' lang='grc' dir='ltr'>τῷ</span> <span class='ocrx_word' id='word_1_948' title='bbox 1525 2672 1600 2699; x_wconf 85' lang='grc' dir='ltr'>κάτω</span> <span class='ocrx_word' id='word_1_949' title='bbox 1611 2672 1788 2706; x_wconf 81' lang='grc' dir='ltr'>δικαστηρίω·</span> 
     </span>
    </p>
   </div>
   <div class='ocr_carea' id='block_1_126' title="bbox 999 2713 1791 2752">
    <p class='ocr_par' dir='ltr' id='par_1_126' title="bbox 999 2713 1791 2752">
     <span class='ocr_line' id='line_1_126' title="bbox 999 2713 1791 2752; baseline -0.008 -8"><span class='ocrx_word' id='word_1_950' title='bbox 999 2718 1072 2744; x_wconf 71' lang='grc' dir='ltr'>ἐστιν</span> <span class='ocrx_word' id='word_1_951' title='bbox 1084 2717 1176 2752; x_wconf 75' lang='grc' dir='ltr'>ἕτερος</span> <span class='ocrx_word' id='word_1_952' title='bbox 1183 2715 1279 2752; x_wconf 81' lang='grc' dir='ltr'>κριτὴς</span> <span class='ocrx_word' id='word_1_953' title='bbox 1292 2716 1417 2750; x_wconf 83' lang='grc' dir='ltr'>ἀόρατος,</span> <span class='ocrx_word' id='word_1_954' title='bbox 1427 2715 1500 2740; x_wconf 75' lang='grc' dir='ltr'>ἔστιν</span> <span class='ocrx_word' id='word_1_955' title='bbox 1511 2714 1660 2740; x_wconf 78' lang='grc' dir='ltr'>ἀδέκαστον</span> <span class='ocrx_word' id='word_1_956' title='bbox 1666 2713 1791 2747; x_wconf 80' lang='grc' dir='ltr'>δικαστὴ-</span> 
     </span>
    </p>
   </div>
   <div class='ocr_carea' id='block_1_127' title="bbox 1001 2755 1792 2795">
    <p class='ocr_par' dir='ltr' id='par_1_127' title="bbox 1001 2755 1792 2795">
     <span class='ocr_line' id='line_1_127' title="bbox 1001 2755 1792 2795; baseline -0.006 -9"><span class='ocrx_word' id='word_1_957' title='bbox 1001 2768 1067 2795; x_wconf 84' lang='grc' dir='ltr'>ριον.</span> <span class='ocrx_word' id='word_1_958' title='bbox 1089 2758 1136 2793; x_wconf 85' lang='grc' dir='ltr'>Μὴ</span> <span class='ocrx_word' id='word_1_959' title='bbox 1154 2758 1244 2784; x_wconf 86' lang='grc' dir='ltr'>τοίνυν</span> <span class='ocrx_word' id='word_1_960' title='bbox 1267 2758 1335 2792; x_wconf 79' lang='grc' dir='ltr'>ἴδῃς,</span> <span class='ocrx_word' id='word_1_961' title='bbox 1356 2757 1396 2783; x_wconf 82' lang='grc' dir='ltr'>ὅτι</span> <span class='ocrx_word' id='word_1_962' title='bbox 1420 2757 1568 2791; x_wconf 78' lang='grc' dir='ltr'>κατεκρίθη</span> <span class='ocrx_word' id='word_1_963' title='bbox 1589 2756 1673 2781; x_wconf 85' lang='grc' dir='ltr'>κάτω·</span> <span class='ocrx_word' id='word_1_964' title='bbox 1686 2756 1720 2782; x_wconf 82' lang='grc' dir='ltr'>τὰ</span> <span class='ocrx_word' id='word_1_965' title='bbox 1737 2755 1792 2789; x_wconf 66' lang='grc' dir='ltr'>γὰρ</span> 
     </span>
    </p>
   </div>
   <div class='ocr_carea' id='block_1_128' title="bbox 999 2797 1791 2833">
    <p class='ocr_par' dir='ltr' id='par_1_128' title="bbox 999 2797 1791 2833">
     <span class='ocr_line' id='line_1_128' title="bbox 999 2797 1791 2833; baseline -0.008 -5"><span class='ocrx_word' id='word_1_966' title='bbox 999 2801 1055 2828; x_wconf 78' lang='grc' dir='ltr'>ἄνω</span> <span class='ocrx_word' id='word_1_967' title='bbox 1068 2801 1097 2827; x_wconf 81' lang='grc' dir='ltr'>οὐ</span> <span class='ocrx_word' id='word_1_968' title='bbox 1119 2800 1240 2827; x_wconf 86' lang='grc' dir='ltr'>τοιαῦτα·</span> <span class='ocrx_word' id='word_1_969' title='bbox 1258 2798 1374 2825; x_wconf 77' lang='grc' dir='ltr'>ἐνταῦθα</span> <span class='ocrx_word' id='word_1_970' title='bbox 1391 2798 1440 2833; x_wconf 76' lang='grc' dir='ltr'>μὲν</span> <span class='ocrx_word' id='word_1_971' title='bbox 1457 2799 1510 2833; x_wconf 75' lang='grc' dir='ltr'>γὰρ</span> <span class='ocrx_word' id='word_1_972' title='bbox 1527 2800 1554 2824; x_wconf 71' lang='grc' dir='ltr'>ἐν</span> <span class='ocrx_word' id='word_1_973' title='bbox 1575 2797 1613 2832; x_wconf 85' lang='grc' dir='ltr'>τῷ</span> <span class='ocrx_word' id='word_1_974' title='bbox 1626 2798 1700 2824; x_wconf 73' lang='grc' dir='ltr'>κάτω</span> <span class='ocrx_word' id='word_1_975' title='bbox 1714 2798 1791 2823; x_wconf 73' lang='grc' dir='ltr'>δικαά</span> 
     </span>
    </p>
   </div>
   <div class='ocr_carea' id='block_1_129' title="bbox 1000 2839 1790 2879">
    <p class='ocr_par' dir='ltr' id='par_1_129' title="bbox 1000 2839 1790 2879">
     <span class='ocr_line' id='line_1_129' title="bbox 1000 2839 1790 2879; baseline -0.006 -9"><span class='ocrx_word' id='word_1_976' title='bbox 1000 2843 1103 2879; x_wconf 78' lang='grc' dir='ltr'>στηρίῳ</span> <span class='ocrx_word' id='word_1_977' title='bbox 1113 2842 1160 2868; x_wconf 85' lang='grc' dir='ltr'>καὶ</span> <span class='ocrx_word' id='word_1_978' title='bbox 1169 2842 1268 2869; x_wconf 82' lang='grc' dir='ltr'>δίκαιοι</span> <span class='ocrx_word' id='word_1_979' title='bbox 1283 2841 1502 2875; x_wconf 81' lang='grc' dir='ltr'>κατακρίνονται,</span> <span class='ocrx_word' id='word_1_980' title='bbox 1519 2841 1564 2867; x_wconf 78' lang='grc' dir='ltr'>καὶ</span> <span class='ocrx_word' id='word_1_981' title='bbox 1578 2840 1664 2866; x_wconf 84' lang='grc' dir='ltr'>ἄδικοι</span> <span class='ocrx_word' id='word_1_982' title='bbox 1679 2839 1790 2873; x_wconf 54' lang='grc' dir='ltr'>διαιρῶ--</span> 
     </span>
    </p>
   </div>
   <div class='ocr_carea' id='block_1_130' title="bbox 999 2881 1792 2921">
    <p class='ocr_par' dir='ltr' id='par_1_130' title="bbox 999 2881 1792 2921">
     <span class='ocr_line' id='line_1_130' title="bbox 999 2881 1792 2921; baseline -0.004 -9"><span class='ocrx_word' id='word_1_983' title='bbox 999 2894 1090 2921; x_wconf 86' lang='grc' dir='ltr'>γουσι,</span> <span class='ocrx_word' id='word_1_984' title='bbox 1107 2886 1153 2912; x_wconf 75' lang='grc' dir='ltr'>καὶ</span> <span class='ocrx_word' id='word_1_985' title='bbox 1177 2884 1322 2911; x_wconf 79' lang='grc' dir='ltr'>ὑπεύθυνοι</span> <span class='ocrx_word' id='word_1_986' title='bbox 1343 2883 1478 2918; x_wconf 73' lang='grc' dir='ltr'>ἀφίενται,</span> <span class='ocrx_word' id='word_1_987' title='bbox 1496 2884 1540 2911; x_wconf 69' lang='grc' dir='ltr'>καὶ</span> <span class='ocrx_word' id='word_1_988' title='bbox 1561 2882 1700 2910; x_wconf 70' lang='grc' dir='ltr'>ἀνεύθυνοι</span> <span class='ocrx_word' id='word_1_989' title='bbox 1715 2881 1792 2910; x_wconf 48' lang='lat' dir='ltr'>uel!»</span> 
     </span>
    </p>
   </div>
  </div>
