1978 3131
153 159 204 186 405

151 215 329 250 dimittuntur,
344 223 371 246 et
391 219 490 248 innoxii
512 221 665 250 afficiuntur
679 225 819 261 supplicio.
837 228 941 255 Etenim

149 262 260 295 iudices,
271 264 354 291 velim
369 265 461 299 nolint,
475 267 502 294 in
512 268 603 295 multis
618 276 742 303 peccant;
758 272 887 307 siquidem
903 275 944 302 vel

149 307 193 340 ius
205 308 359 343 ignorantes
373 315 400 338 et
413 311 528 347 decepti,
543 315 584 342 vel
607 316 681 350 gnari
701 317 820 352 quidem.
837 319 883 346 sed
898 328 944 353 pe-

151 355 229 383 cunia
241 359 360 392 corrupti
373 366 465 389 verum
480 360 611 388 calculum
623 362 808 396 prodiderunt.
825 365 945 400 Superne

150 405 237 428 autem
259 409 362 430 secus:
380 404 449 431 Deus
471 406 541 432 enim
560 407 641 440 judex
661 408 759 443 justus,
775 417 801 437 et
817 411 945 445 judicium

150 454 208 481 ejus
220 448 296 481 qttasi
310 448 353 476 lux
368 450 528 485 egredietur,
543 461 595 479 noti
612 454 740 487 tenebris,
757 464 808 482 non
823 457 946 492 ignoran-

149 493 184 519 tia
200 493 415 523 obscurantibus.
439 496 542 524 Etenim
556 506 589 526 ne
601 498 718 532 diceret,
734 509 794 528 eutn
812 502 878 528 infra
897 503 945 530 dn-

150 544 270 567 innatum
292 540 384 574 fuisse,
399 542 432 570 ad
446 551 591 577 supernum
609 546 722 574 tribunal
738 548 811 575 illum
825 549 942 581 deduxit,

149 585 358 614 commonefecit
373 587 443 616 illius
457 588 582 617 horrendi
598 591 755 626 tribunalis;
778 602 809 621 ac
830 595 851 621 si
872 595 945 622 dice-

149 637 211 657 ret:
230 631 268 659 Eo
293 635 396 669 respice
408 656 415 668 ,
435 643 484 663 nec
504 636 682 666 damnationis
703 640 835 668 calculum
858 642 945 674 feres,

148 684 236 712 neque
252 679 320 706 infra
337 682 420 709 stabis
437 691 497 710 cum
513 686 800 721 corruptisjndicibus,
815 688 860 716 sed
873 689 946 723 judi-

147 724 221 751 cium
235 734 352 758 superne
365 728 446 756 latum
462 731 624 764 acccptabis.
639 732 735 761 Vidisti
750 735 945 770 philosophiam

147 770 283 799 latronis?
294 774 381 802 vidisti
393 776 570 810 prudentiam,
582 783 609 805 et
621 779 791 808 doctrinam?
801 781 947 810 Confestim

145 824 160 842 a
173 824 256 845 cruce
268 818 294 845 in
305 820 399 847 exulum
410 822 536 850 avolavit.
550 823 650 851 Deinde
660 833 692 852 ex
703 825 847 854 abundanti
860 828 945 863 ipsum

147 863 293 899 increpans
309 875 315 892 :
332 865 394 894 Non
406 868 486 900 times,
502 869 615 901 dicebat,
629 872 688 906 quia
702 872 728 899 in
741 873 828 900 eadem
841 874 948 901 damna-

147 911 217 938 tione
229 919 325 940 sumus
339 913 413 949 (Luc.
427 915 472 943 25.
487 916 543 951 40).
558 917 626 949 Quid
649 918 699 945 sibi
714 919 770 946 vult
790 919 866 953 illud,
882 920 948 954 Quia

147 957 173 983 in
186 958 277 984 eadem
288 958 450 987 damnatione
460 962 567 989 sumus?
579 963 606 989 lu
623 963 717 991 eodem
732 972 828 999 nempe
844 966 945 1000 suppli—

147 1003 201 1030 cio.
218 1003 314 1032 Nonne
329 1009 355 1032 tn
367 1007 446 1033 etiam
459 1015 488 1034 es
499 1008 524 1035 in
536 1009 634 1036 cruce?
648 1009 714 1037 Dum
728 1018 792 1045 ergo
803 1011 840 1038 illi
853 1012 945 1039 convi—

146 1050 239 1081 ciaris,
250 1051 366 1085 teipsum
378 1053 450 1087 prius
461 1054 575 1088 impetis.
589 1054 818 1088 Quemadmodum
830 1057 901 1084 enim
913 1057 945 1091 is,

146 1095 192 1130 qui
215 1096 242 1123 in
264 1098 380 1130 peccatis
400 1103 451 1131 est,
472 1100 495 1126 si
515 1100 627 1128 alterum
647 1102 814 1135 criminetur,
830 1103 947 1138 seipsum

148 1141 225 1175 prius
238 1143 398 1171 criminatur
413 1153 419 1171 :
435 1144 474 1172 sic
487 1150 515 1173 et
529 1145 567 1179 is,
583 1147 627 1181 qui
643 1147 669 1174 in
684 1148 836 1177 calamitate
850 1149 949 1177 consti-

148 1192 233 1221 tutus,
251 1189 329 1216 alteri
349 1191 528 1219 calamitatem
550 1192 616 1220 vitio
635 1194 723 1226 vertit,
737 1194 853 1229 seipsum
873 1196 948 1229 prius

148 1234 272 1262 damnat.
296 1237 362 1269 Quia
378 1238 403 1263 in
417 1238 503 1265 eadem
518 1239 680 1266 damnatione
694 1249 790 1267 sumus.
814 1241 948 1275 Apostoli-

148 1287 209 1307 cam
230 1281 294 1316 legit
315 1283 364 1317 ipsi
385 1283 480 1318 legem,
496 1284 553 1312 haec
567 1286 667 1313 scilicet
680 1287 829 1321 evangelica
845 1288 924 1315 verba
939 1298 947 1316 :

151 1326 242 1354 Nolite
248 1329 377 1363 judicare,
392 1336 419 1356 ut
434 1339 484 1357 non
494 1331 644 1365 judicentini
658 1331 762 1367 (Matt/1.
777 1333 802 1360 7.
819 1333 858 1369 l).
883 1334 949 1367 Quia

150 1382 176 1400 ιη
192 1375 281 1401 cadent
295 1375 456 1403 damnatione
468 1385 564 1404 sumus.
580 1378 647 1412 Quid
660 1379 734 1409 facis,
750 1386 766 1405 ο
782 1379 867 1406 latro?
885 1380 947 1407 dum

150 1427 213 1447 eum
225 1420 356 1450 defendis.
368 1423 516 1450 latronisne
528 1423 630 1451 socium
642 1428 667 1451 te
674 1424 756 1452 facis?
767 1425 946 1460 Nequaquam,

150 1467 188 1492 ait
204 1475 211 1493 :
226 1474 259 1493 ex
278 1468 453 1502 sequentibus
475 1468 544 1496 hanc
565 1470 745 1504 suspicionem
767 1479 889 1499 amoveo.
910 1472 949 1500 Ne

151 1516 231 1546 putes
251 1513 322 1540 enim
341 1522 401 1540 eum
416 1522 449 1542 ex
462 1516 650 1544 communione
663 1517 784 1552 supplicii
797 1523 948 1546 consortem

152 1559 229 1585 illum
252 1560 354 1594 peccati
378 1560 483 1594 fecisse,
498 1562 538 1589 sic
556 1563 630 1597 prius
652 1563 752 1591 dictum
767 1565 876 1599 corrigit
893 1574 899 1591 :
915 1565 949 1592 Et

151 1613 198 1632 nos
211 1606 314 1641 quidem
323 1607 395 1642 juste
410 1615 418 1634 :
431 1616 490 1634 nam
503 1609 581 1644 digna
594 1610 668 1644 factis
682 1611 794 1644 patimur
813 1610 888 1647 (Luc.
903 1611 947 1639 23.

150 1652 210 1687 Η).
227 1653 308 1680 Vides
328 1653 524 1682 confessionem
547 1655 708 1690 perfectam?
721 1657 795 1685 vides
816 1658 950 1693 quomodo

149 1698 176 1726 in
192 1707 274 1727 cruce
290 1705 397 1734 peccata
413 1702 502 1729 exuit?
521 1702 587 1729 Nam
602 1703 717 1738 legitur:
734 1703 782 1732 Dic
803 1709 830 1732 tu
847 1711 950 1740 peccata

150 1750 195 1771 tua
208 1747 316 1780 primus,
330 1752 357 1773 ut
366 1747 516 1782 justiﬁceris
529 1748 539 1785 (
547 1748 611 1775 Isai.
627 1750 672 1777 45.
684 1749 719 1777 26
732 1750 751 1785 ).
768 1750 852 1778 Nemo
864 1751 951 1786 coegit

151 1791 240 1822 illum.
253 1799 334 1819 nemo
345 1793 398 1820 vim
415 1793 463 1828 ipsi
478 1793 550 1827 fecit,
566 1795 613 1822 sed
631 1796 687 1830 ipse
699 1797 872 1832 semetipsum
889 1805 950 1832 pro-

150 1837 213 1864 tulit
226 1837 319 1865 dicens
334 1847 341 1865 :
354 1839 387 1865 Et
400 1848 446 1866 nos
456 1840 557 1875 quidem
566 1842 646 1876 juste,
659 1850 719 1869 nam
730 1843 807 1878 digna
819 1843 893 1877 factis
904 1852 951 1878 pa-

151 1884 248 1915 timur;
262 1885 304 1911 hic
317 1893 374 1912 uero
388 1885 453 1912 nihil
466 1886 528 1914 mali
538 1887 596 1922 fecit
608 1887 682 1922 (Luc.
698 1888 743 1915 2'5.
760 1889 804 1917 41.
820 1889 866 1924 42)
880 1898 886 1915 :
903 1890 950 1917 ad-

150 1930 244 1965 ditque
268 1936 361 1966 postea
377 1941 385 1959 :
402 1932 528 1960 Memento
541 1935 590 1961 mei
600 1954 608 1967 ,
631 1934 753 1968 Domine,
766 1935 794 1962 in
807 1943 884 1971 regno
897 1941 948 1962 luo.

149 1975 209 2004 Non
227 1977 302 2012 prius
310 1985 392 2006 ausus
405 1983 447 2007 est
459 1979 558 2013 dicere,
574 1979 702 2008 Memento
712 1982 761 2008 mei
770 1982 797 2009 in
807 1991 884 2018 regno
894 1987 948 2016 tuo,

149 2030 232 2056 quam
256 2031 306 2058 per
323 2024 520 2053 confessionem
535 2031 706 2061 peccatorum
723 2034 855 2055 sarcinam
868 2028 950 2063 depo-

150 2067 262 2096 suisset.

188 2114 418 2151 Coufeesioquanta
427 2125 467 2144 res
473 2118 515 2144 sit.
525 2132 560 2138 —
568 2118 662 2146 Viden‘
675 2123 772 2154 quanta
786 2127 829 2147 res
842 2120 876 2147 sit
886 2128 949 2147 con-

152 2162 253 2189 fessio?
264 2162 410 2190 Confessus
419 2168 470 2194 est.
482 2169 509 2191 et
519 2165 669 2199 paradisum
682 2166 786 2200 aperuit
796 2175 802 2192 :
814 2167 951 2194 confessus

151 2211 204 2240 est,
216 2212 244 2235 et
255 2212 355 2236 tantam
366 2210 468 2244 accepit
478 2209 612 2243 ﬁduciam,
624 2216 653 2238 ut
664 2219 678 2238 a
690 2212 828 2239 latrocinio
839 2220 949 2247 regnum

151 2257 265 2288 peteret.
281 2253 375 2281 Viden’
389 2259 548 2289 quantorum
560 2256 637 2283 nobis
649 2256 779 2284 bonorum
791 2265 854 2284 crux
870 2265 949 2285 causa

151 2298 250 2326 tum-it?
266 2299 387 2334 Regnum
403 2301 490 2334 petis?
509 2301 576 2335 Quid
598 2302 672 2329 vides
694 2302 862 2336 httjustnodi?
876 2303 950 2330 Clavi

151 2350 175 2370 et
187 2353 251 2371 crux
267 2346 291 2371 in
303 2351 447 2378 conspectu
459 2352 533 2378 sunt;
547 2355 637 2375 verum
653 2355 683 2375 ea
695 2348 750 2382 ipsa
765 2356 840 2379 crux,
855 2349 949 2384 inquit,

151 2395 194 2418 est
213 2393 366 2427 symbolum
391 2394 474 2428 regni.
497 2394 559 2421 Ideo
579 2394 664 2428 ipsum
684 2403 773 2430 regem
793 2403 868 2428 voco,
890 2396 951 2430 quia

152 2438 230 2466 video
243 2439 401 2466 crucifixum
418 2441 506 2475 :regis
528 2442 600 2468 enim
620 2446 662 2468 est
680 2449 728 2476 pro
747 2443 859 2469 subditis
872 2442 950 2469 mori.

154 2485 201 2512 llic
224 2485 284 2520 ipse
306 2485 373 2513 dixit
386 2494 393 2512 :
408 2486 494 2513 Bonus
508 2493 594 2521 pastor
605 2488 717 2514 animum
734 2496 806 2515 suout
822 2489 891 2523 ponit
905 2497 950 2522 pro

153 2531 351 2567 mibuonan.
368 2533 409 2560 l0.
425 2533 454 2560 11
470 2533 478 2568 )
494 2541 576 2568 :ergo
601 2538 629 2561 et
652 2534 738 2562 bonus
762 2543 808 2562 rex
835 2535 949 2561 animam

153 2586 229 2605 suam
255 2579 331 2613 ponit
354 2587 403 2614 pro
425 2579 548 2607 subditis.
571 2580 703 2614 Quoniam
729 2580 810 2615 igitur
834 2581 949 2608 animam

153 2633 228 2652 suam
250 2626 348 2660 posuit,
366 2626 426 2653 ideo
447 2634 538 2661 regem
563 2626 637 2654 illum
651 2634 728 2654 voco.
750 2626 878 2654 Memento
892 2627 950 2660 mei,

155 2671 277 2704 Domine,
290 2672 318 2699 in
331 2681 409 2707 regno
421 2677 474 2700 tuo.

190 2717 218 2745 4.
236 2718 481 2758 Videnirguomodo
495 2726 560 2746 crux
575 2719 609 2746 sit
622 2719 694 2755 regni
710 2719 879 2755 symbolum?
895 2718 952 2745 Visv

158 2771 190 2792 uc
200 2765 345 2793 etaliunde
358 2757 422 2792 illud
434 2757 556 2793 discere?
570 2758 627 2793 Non
639 2766 745 2800 reliquit
758 2774 818 2793 etim
829 2766 855 2792 in
869 2770 950 2798 terra,

157 2811 203 2837 sed
225 2811 334 2838 attraxit
347 2819 409 2838 etttn
424 2816 452 2839 et
468 2812 494 2838 in
508 2811 603 2839 czelutn
616 2811 734 2838 deduxit.
752 2811 826 2839 Unde
841 2811 892 2838 hoc
907 2819 953 2845 pa—

161 2856 210 2883 lam
220 2857 279 2884 est?
292 2857 360 2891 Quia
371 2862 500 2884 venturus
509 2861 550 2884 est
560 2865 619 2884 cum
634 2857 679 2884 illo
692 2857 717 2884 in
731 2857 847 2884 secundo
858 2861 885 2884 et
894 2857 952 2891 glo-

161 2903 229 2931 riose
241 2903 299 2938 ejus
312 2903 431 2932 adventu
441 2923 449 2937 ,
463 2907 492 2930 ut
503 2902 590 2931 discas
603 2911 709 2931 crucetn
725 2910 782 2931 esse
797 2911 850 2930 rent
867 2902 952 2930 hono-

673 164 715 192 DE
734 165 848 194 CRUCE
869 166 913 194 ET
932 167 1104 197 LATRONE.
1125 170 1238 199 ll0Ml1..
1260 171 1279 199 Ι,

1736 176 1770 203 40
1777 178 1788 206 Ι.

1001 229 1110 257 rabilem
1122 239 1128 263 ;
1142 239 1223 266 quare
1235 237 1263 258 et
1272 233 1381 266 gloriam
1398 233 1467 261 illam
1479 235 1592 262 vocavit.
1611 239 1643 262 At
1655 236 1787 264 videamur

998 277 1132 310 quomodo
1146 285 1205 304 cum
1220 286 1298 305 cruce
1314 279 1402 306 veniat
1418 289 1424 305 :
1443 288 1551 308 necesse
1572 283 1668 316 quippe
1687 288 1728 310 est
1743 283 1791 310 de-

1001 322 1218 350 monstrationem
1234 324 1258 350 itt
1274 324 1388 352 medium
1404 326 1539 353 reducere.
1564 328 1594 354 Si
1613 328 1733 359 dixerint,
1751 329 1791 355 in-

998 368 1064 401 quit,
1078 377 1134 395 ecce
1149 369 1174 395 in
1195 370 1363 402 penetralibus
1382 376 1418 397 es!
1440 372 1552 399 Christus
1562 394 1568 404 ,
1586 382 1640 400 ecce
1655 375 1679 400 in
1693 375 1790 400 deserto

999 420 1052 446 est;
1067 413 1603 450 neabeotis(Matth.24.26);desecuttdo
1625 426 1650 446 et
1674 420 1790 454 glorioso

999 468 1048 487 suo
1061 461 1174 488 adventu
1188 462 1226 488 sic
1239 462 1350 496 loquens
1366 468 1473 497 propter
1488 463 1566 491 fttlSos
1579 464 1716 497 ϐὴι-Ῑεὶοε,
1730 473 1791 499 pru-

1000 512 1059 540 pter
1072 507 1150 534 falsos
1167 507 1308 542 prophetas
1318 529 1324 539 ,
1343 513 1450 543 propter
1464 510 1654 536 Antichristmn
1664 531 1670 540 ,
1686 519 1719 537 ne
1732 511 1791 544 quis

999 553 1125 579 seductus
1147 553 1173 579 in
1197 553 1270 580 illum
1294 554 1431 580 inrideret.
1446 555 1512 587 Quia
1529 555 1599 582 cnint
1615 556 1791 584 Antichlistus

998 603 1125 626 venturus
1137 604 1177 626 est
1187 605 1249 626 ante
1259 599 1405 631 Christum,
1418 600 1518 634 nequis
1531 606 1661 634 pastorem
1671 609 1792 634 qumrens

1000 644 1026 671 in
1040 644 1129 679 luputn
1144 644 1251 678 incidat,
1265 645 1363 672 idcirco
1375 645 1500 672 indicium
1516 646 1561 672 tibi
1577 646 1610 672 do
1623 647 1735 680 pastoris
1745 647 1793 673 atl-

1000 695 1104 717 venlns.
1120 690 1185 718 Nam
1199 693 1258 726 quia
1275 691 1348 725 prior
1360 691 1418 725 ejus
1432 691 1560 719 adventus
1576 692 1659 723 latuit,
1673 700 1706 718 ne
1717 697 1793 725 putes

1000 739 1145 766 secundum
1161 738 1302 766 adventum
1318 739 1394 766 talem
1413 739 1528 766 futurum
1544 746 1614 771 esse,
1633 739 1682 766 hoc
1696 739 1741 765 tibi
1755 739 1792 765 si-

1000 793 1080 819 gnum
1095 785 1176 812 dedit.
1191 785 1254 812 Jure
1267 790 1354 813 atttcm
1369 786 1412 813 ille
1422 786 1551 813 adventus
1561 786 1629 812 claui
1646 784 1693 812 fuit
1706 786 1792 812 :venit

1000 831 1070 857 enim
1086 831 1226 865 qutusitum
1242 831 1311 865 quod
1327 831 1458 866 perierat;
1484 835 1510 858 at
1531 831 1573 858 hic
1593 830 1725 858 secundus
1740 838 1792 856 non

1002 877 1048 907 ita.
1070 876 1117 903 sed
1137 877 1287 910 quomodo,
1302 878 1413 911 quaeso?
1429 877 1502 904 Sicut
1522 878 1588 903 enim
1605 876 1690 911 fulgur
1700 876 1749 902 exit
1763 877 1793 902 ah

1003 921 1114 952 Oriente,
1128 927 1150 948 et
1163 927 1266 957 apparet
1278 931 1356 957 usque
1369 923 1403 948 ad
1418 922 1588 954 Occidentem,
1603 923 1638 949 sic
1654 923 1698 949 erit
1712 927 1734 949 et
1747 922 1794 948 ad-

1001 972 1086 994 uentus
1110 967 1173 995 Filii
1197 969 1305 995 hominis
1329 968 1409 1002 (Ibid.
1428 977 1450 995 υ.
1466 968 1528 1003 27).
1542 969 1686 995 Confestim
1709 969 1795 995 omni-

1001 1015 1049 1042 bus
1062 1015 1207 1050 apparebit,
1224 1016 1376 1050 neminiqne
1392 1017 1554 1050 interrogati:
1567 1023 1634 1049 optts
1645 1016 1712 1047 erit,
1730 1023 1792 1041 ntun

1001 1061 1044 1089 ltic
1054 1083 1062 1095 ,
1078 1070 1141 1089 nttm
1157 1062 1210 1090 illic
1223 1063 1257 1089 sit
1269 1062 1401 1090 Christus.
1419 1062 1646 1096 Quemadmodum
1661 1062 1731 1089 enim
1745 1069 1792 1096 ap-

1001 1113 1111 1143 parente
1123 1109 1234 1144 fulgure.
1249 1116 1301 1136 non
1318 1117 1385 1144 opus
1399 1114 1439 1136 est
1454 1110 1606 1144 perquirere
1619 1117 1652 1135 an
1663 1116 1793 1143 apparue-

1001 1155 1052 1186 rit;
1076 1155 1116 1182 sic
1135 1159 1162 1182 et
1179 1155 1206 1182 in
1220 1155 1333 1181 adventu
1347 1155 1444 1182 Christi
1461 1162 1511 1181 non
1524 1162 1592 1190 opus
1605 1155 1657 1182 erit
1673 1161 1793 1189 quaerere

1000 1208 1033 1227 an
1047 1200 1170 1228 Christus
1185 1201 1330 1227 advenerit.
1348 1202 1381 1228 At
1396 1201 1465 1236 quod
1481 1201 1608 1235 qumritur
1621 1205 1671 1229 est.
1685 1207 1718 1227 an
1732 1208 1793 1226 cum

1002 1253 1080 1273 cruce
1093 1251 1220 1272 venturus
1240 1246 1274 1272 sit
1291 1255 1296 1272 :
1312 1254 1363 1272 non
1380 1246 1451 1273 enitn
1469 1246 1590 1280 promissi
1602 1245 1677 1272 obliti
1690 1253 1792 1272 sumus.

1002 1292 1069 1318 Audi
1093 1292 1172 1326 igitur
1191 1300 1232 1323 ea,
1249 1300 1308 1327 quae
1332 1296 1487 1326 sequuntur.
1504 1291 1585 1322 Tunc,
1600 1291 1699 1326 inquit;
1720 1296 1792 1321 ttmc,

1001 1339 1187 1372 quandonatn‘.’
1202 1338 1264 1365 Cum
1275 1339 1368 1365 venerit
1385 1338 1466 1364 Filius
1477 1338 1641 1370 hominis,sol
1652 1337 1794 1363 οἰκίαι-πως

1002 1390 1062 1418 tur,
1084 1390 1106 1411 et
1134 1385 1194 1412 luna
1227 1393 1276 1412 non
1303 1385 1370 1411 dabit
1400 1385 1478 1411 lucem
1506 1393 1576 1411 suum
1605 1383 1670 1419 (Ib.
1688 1391 1711 1410 ιι.
1727 1382 1794 1417 29

1003 1431 1086 1458 Tanta
1108 1431 1176 1457 enim
1198 1435 1260 1457 tttnc
1283 1430 1332 1457 erit
1356 1430 1420 1456 lucis
1441 1430 1528 1463 (κονίη,
1552 1434 1580 1456 ιιι
1602 1429 1795 1464 splendidiores

1001 1477 1085 1504 stella:
1096 1476 1269 1503 obscuranda:
1280 1476 1343 1502 sint.
1358 1475 1428 1502 Tunc
1436 1475 1514 1501 ste/Ite
1521 1475 1619 1506 cadent,
1629 1479 1686 1501 tunc
1695 1475 1794 1509 signum

1003 1521 1065 1548 Filii
1078 1521 1185 1548 hominis
1199 1521 1328 1555 apparebit
1347 1521 1372 1547 in
1385 1521 1456 1547 creto.
1473 1520 1565 1547 Viden‘
1580 1525 1677 1553 quanta
1692 1520 1724 1546 sit
1738 1521 1792 1546 vir-

1003 1573 1045 1595 tus
1059 1569 1125 1602 signi
1138 1568 1242 1594 crucis?
1258 1567 1302 1594 Sol
1318 1567 1513 1597 obscurabitur,
1529 1571 1554 1593 et
1570 1567 1630 1593 luna
1646 1574 1698 1592 non
1710 1574 1793 1600 appa-

1002 1614 1071 1641 rebit
1086 1623 1092 1640 :
1109 1613 1171 1640 illud
1187 1621 1249 1640 vero
1272 1612 1355 1648 fulget
1379 1617 1406 1639 et
1428 1617 1551 1647 apparet.
1575 1617 1602 1639 nt
1620 1611 1708 1639 discas
1731 1611 1794 1638 illutl
1816 1611 1818 1647 Σ

1002 1667 1061 1687 esse
1074 1659 1237 1694 splendidius
1247 1659 1304 1686 sole
1315 1664 1339 1685 et
1353 1659 1424 1686 luna.
1438 1659 1476 1685 Ae
1486 1657 1719 1692 quemadmodum.
1733 1665 1794 1691 rege
1817 1652 1819 1657 κ

1004 1706 1028 1732 in
1045 1706 1137 1733 urbem
1149 1705 1273 1737 intrante,
1290 1705 1386 1732 milites
1408 1709 1515 1739 accepta
1538 1705 1623 1738 signa,
1645 1709 1671 1730 ut
1687 1710 1792 1734 vocant,

1002 1755 1107 1786 gestant
1120 1751 1238 1779 humeris
1250 1772 1257 1782 ,
1274 1751 1332 1785 ejus
1345 1752 1493 1785 ingressum
1514 1751 1721 1784 praenuntiantes
1737 1759 1743 1776 :
1757 1750 1794 1776 sic

1003 1803 1030 1825 et
1043 1797 1156 1825 Domino
1169 1796 1347 1824 descendente
1368 1796 1401 1823 de
1420 1796 1503 1827 ctelis,
1519 1795 1649 1830 prtcibunt
1662 1795 1794 1823 exercitus

1002 1843 1157 1878 angelorum
1178 1848 1205 1871 et
1226 1842 1458 1877 archangelorum,
1474 1842 1576 1877 signum
1592 1841 1742 1876 bujusntodi
1756 1840 1794 1867 fe-

1004 1895 1092 1917 rentes
1108 1889 1235 1918 humeris.
1247 1893 1274 1916 et
1286 1890 1386 1923 regium
1401 1888 1459 1922 ejus
1473 1889 1619 1923 ingressum
1636 1887 1713 1914 nobis
1728 1895 1795 1921 prm-

1003 1934 1163 1961 nuntianles.
1192 1933 1265 1960 Tum:
1290 1933 1507 1960 commovebuntur
1540 1932 1648 1959 Virtutes
1677 1932 1794 1958 cwlorum

1003 1981 1108 2017 (Ibid),
1125 1981 1158 2008 de
1171 1980 1273 2016 angelis
1286 1980 1402 2015 [equitur
1415 1988 1420 2005 :
1434 1984 1532 2006 tremor
1542 1978 1722 2013 apprelteudet
1735 1985 1791 2008 eos,

1004 2031 1031 2054 et
1046 2027 1124 2054 timor
1137 2033 1258 2061 magnus.
1270 2025 1302 2052 Et
1312 2033 1369 2056 cur,
1378 2024 1486 2060 quaeso?
1497 2023 1675 2051 Tremendum
1687 2025 1738 2049 erit
1748 2023 1794 2048 tri-

1004 2074 1083 2101 bunal
1097 2073 1159 2100 illud
1173 2081 1180 2099 :
1193 2073 1315 2099 universa
1326 2072 1422 2106 quippe
1431 2075 1522 2098 natura
1533 2069 1739 2103 nostrajntlicari
1749 2069 1794 2096 de-

1005 2121 1093 2153 bet,ct
1101 2122 1206 2147 adstare
1219 2123 1281 2146 ante
1292 2117 1484 2145 formidabilem
1494 2117 1565 2143 illum
1574 2115 1699 2150 judicent.
1708 2115 1795 2148 Quare
1821 2139 1822 2142 η

1003 2175 1067 2202 ergo
1080 2166 1166 2200 angeli
1179 2165 1274 2192 timent
1292 2169 1318 2191 et
1338 2162 1552 2190 exltorrescunt?
1575 2169 1659 2196 neque
1671 2161 1741 2187 ettitn
1759 2160 1794 2187 illi

1002 2212 1135 2247 judicandi
1158 2215 1229 2238 sunt.
1252 2209 1481 2244 Quemadmodum
1500 2208 1634 2243 judicautc
1659 2206 1793 2241 print-ipe,

1005 2268 1057 2286 non
1072 2258 1109 2285 rei
1126 2262 1227 2284 tantum
1241 2277 1248 2288 ,
1265 2256 1311 2283 sed
1324 2256 1403 2282 etiam
1417 2254 1460 2281 alii
1474 2262 1507 2282 ex
1523 2253 1625 2284 militia,
1640 2252 1686 2287 qui
1698 2252 1795 2279 nullius

1004 2305 1054 2331 sibi
1069 2302 1188 2330 criminis
1206 2301 1304 2329 conscii
1326 2305 1406 2332 sunt,
1422 2300 1516 2327 timent
1527 2303 1554 2326 et
1567 2298 1676 2325 horrent
1689 2297 1723 2325 ob
1737 2306 1795 2323 nte-

1006 2357 1059 2377 tuttt
1081 2349 1182 2377 Judicis
1197 2356 1204 2374 :
1222 2348 1256 2375 ita
1272 2351 1299 2374 et
1312 2352 1374 2374 tunc
1387 2353 1446 2373 cum
1460 2345 1493 2372 de
1508 2349 1601 2371 natura
1616 2348 1705 2370 nostra
1722 2343 1795 2375 judi-

1003 2396 1114 2427 cabilur,
1130 2393 1229 2421 nullius
1244 2393 1305 2420 mali
1320 2393 1370 2419 sibi
1383 2391 1483 2419 conscii
1497 2390 1583 2424 angeli
1597 2389 1727 2417 titnebunt
1737 2410 1743 2419 ,
1761 2396 1795 2415 ο.)

1005 2442 1161 2468 immensam
1185 2439 1285 2466 Iudicis
1310 2437 1487 2464 formidinem.
1510 2435 1608 2462 Verum
1631 2442 1713 2469 quare
1734 2439 1796 2460 ttutc

1004 2496 1070 2516 crux
1080 2486 1228 2522 apparebit,
1239 2489 1266 2513 et
1278 2492 1325 2512 cur
1336 2491 1396 2511 cum
1408 2483 1451 2510 illa
1462 2486 1586 2509 venturus
1597 2481 1654 2508 est?
1668 2481 1700 2509 Ut
1713 2480 1740 2513 ii,
1752 2480 1795 2514 qui

1005 2535 1078 2562 illum
1091 2532 1289 2564 cruciﬁxerunt,
1301 2529 1396 2565 ingrati
1411 2528 1492 2556 animi
1507 2527 1548 2555 sui
1560 2527 1704 2562 nequitiam
1715 2534 1797 2561 agno-

1005 2584 1097 2608 scant:
1113 2579 1172 2606 ideo
1184 2578 1289 2605 illorum
1302 2575 1473 2611 impudentiae
1492 2573 1642 2609 symbolum
1663 2572 1795 2599 ostendet.

1005 2626 1082 2660 Quod
1095 2630 1183 2653 autem
1198 2624 1259 2651 ideo
1273 2623 1344 2650 illam
1357 2621 1487 2648 allaturus
1500 2620 1548 2652 sit,
1564 2618 1624 2645 audi
1640 2616 1795 2652 prophetam

1006 2673 1187 2701 declarantem
1216 2679 1222 2696 :
1248 2668 1321 2695 Tum:
1346 2667 1464 2702 plangant
1490 2664 1568 2692 tribus
1592 2668 1665 2690 terra:
1692 2662 1746 2697 (Ib.
1773 2670 1796 2688 υ.

1006 2718 1062 2754 50),
1077 2718 1197 2744 videntes
1209 2719 1402 2746 accusatorem,
1415 2717 1442 2739 et
1456 2717 1593 2747 peccatum
1609 2714 1795 2744 agnoscentes.
1818 2735 1821 2744 η

1008 2765 1038 2792 Et
1052 2772 1099 2790 cur
1114 2762 1218 2789 miraris
1241 2761 1262 2788 si
1285 2768 1390 2787 crucem
1412 2762 1520 2792 gestans
1542 2755 1638 2787 veniet,
1650 2755 1757 2789 quando
1772 2759 1799 2780 ct.
1823 2763 1824 2766 η

1007 2812 1062 2845 ipsa
1085 2809 1192 2834 vulnera
1216 2814 1278 2834 ttntc
1299 2804 1438 2832 ostendet"
1461 2803 1527 2830 Nam
1549 2802 1608 2829 ait:
1631 2799 1753 2826 Videbunt
1773 2800 1798 2826 in

1006 2844 1079 2891 quem
1100 2854 1278 2887 transﬁxurum
1303 2851 1402 2886 (Zach.
1420 2849 1461 2877 1‘2.
1480 2848 1544 2882 10).
1570 2844 1797 2891 Quemadmodum

1008 2889 1079 2930 enim
1095 2907 1156 2935 erga
1169 2898 1300 2926 Thomam
1312 2896 1382 2930 fecit,
1397 2902 1468 2929 cutn,
1483 2899 1510 2922 ut
1523 2891 1645 2928 discipuli
1656 2889 1799 2918 increduli—
