1978 3131
166 158 218 184 “l5

166 222 247 242 tau-m
261 213 424 245 emendaret,
439 214 554 242 ostendit
568 215 591 242 ei
603 214 714 242 fixuram
722 214 856 242 clavorum
867 218 894 240 ct
903 213 961 241 vnl-

166 270 230 288 nera
250 261 342 289 dicens
359 270 366 288 :
381 260 453 296 Infer
467 269 569 288 manum
586 267 665 292 tuam,
680 265 705 287 et
717 260 774 287 uide
784 260 844 294 quia
855 260 961 294 spiritus

166 311 301 334 commtet
315 315 372 333 ossa
385 315 435 333 non
449 306 520 333 habut
536 306 623 341 (Joan.
638 306 683 334 20.
697 306 747 338 27',
760 305 823 332 Luc.
838 305 883 333 2t.
898 305 959 341 59);

166 354 206 380 sic
216 358 243 380 et
257 358 318 380 tunc
331 353 453 380 ostendet
466 353 574 380 vulnera
586 357 612 380 et
624 360 742 386 enicem,
755 357 783 380 ut
796 352 961 380 demonstret

167 398 238 428 hunc
251 399 337 433 ipsum
350 407 409 426 esse
421 399 467 434 qui
479 399 619 426 crucifixus
635 399 691 425 luit.

203 445 232 473 5.
245 445 336 480 Neque
348 453 382 473 ex
396 453 475 473 cruce
490 450 601 476 tantum.
616 446 663 473 sed
677 445 756 473 etiam
770 453 802 474 ex
817 446 906 474 verbis
919 444 961 472 his

167 492 195 520 in
209 499 289 520 cruce
305 493 413 527 prolatis
429 493 585 520 immcn~am
602 493 660 528 ejus
672 492 861 528 benignitatem
869 492 962 520 videre

167 544 208 566 est
222 548 230 566 :
243 539 386 566 cruciﬁxus
399 539 481 571 enim,
495 538 624 571 dicteriis,
636 539 774 567 cachinnis
783 545 810 566 et
820 538 906 574 sputis
917 538 962 566 de-

167 585 324 614 honestams
335 587 441 614 diccbat
458 597 464 614 :
480 587 566 618 Pater,
577 587 675 614 dimitte
687 587 738 614 illis
751 592 879 623 peceatum
891 595 900 614 :
910 595 960 614 non

167 633 233 659 enim
245 633 328 660 sciunt
341 634 402 667 quid
415 634 510 668 faciunt
524 634 532 667 (
547 633 609 660 an.
623 633 668 661 25.
683 633 718 661 54
728 632 748 668 ).
769 633 804 661 Et
817 633 961 661 cruciﬁxus

167 686 216 712 pro
239 679 454 714 crucifigentibus
478 683 600 714 precatur
614 688 621 706 :
637 687 796 714 quamquam
813 680 850 707 illi
867 684 960 707 contra

166 725 290 753 dicebant
306 735 312 753 :
329 727 358 753 Si
373 726 456 753 Filius
472 725 517 752 Dei
535 735 560 753 es
570 747 577 756 ,
595 727 717 754 descende
728 727 760 753 de
773 735 855 757 cruce,
871 731 894 753 et
907 734 960 753 cre-

167 777 254 798 demus
266 772 308 798 tibi
322 772 332 806 (
345 771 437 799 Matth.
452 772 496 799 27.
511 772 554 799 60.
569 777 591 799 et
604 772 638 799 42
647 772 667 806 ).
682 772 761 806 Atqui
775 772 834 799 ideo
847 772 891 799 illc
906 780 960 800 non

167 817 303 844 descendit
314 817 347 844 de
359 825 450 849 cruce,
461 819 521 852 quia
538 817 621 844 Filius
635 817 683 845 Dei
695 823 748 849 est;
763 822 791 845 et
805 817 864 845 ideo
875 818 959 850 venit,

168 867 197 889 ut
217 864 420 897 cruciﬁgeretur
444 871 492 898 pro
515 863 601 890 nobis.
625 863 756 891 Descende
770 864 801 891 de
816 871 900 896 cruce,
917 864 959 891 in-

166 910 270 943 quiunt,
286 915 308 936 et
322 911 452 937 credemus
465 911 518 937 tibi.
534 910 596 938 Haec
608 911 689 938 verba
707 915 779 944 sunt,
795 916 823 938 et
835 911 958 939 incredu-

167 954 248 983 litatis
261 955 394 982 obtentus.
418 955 484 983 Nam
498 956 583 983 multo
600 957 686 991 majus
698 962 755 984 erat
767 957 854 992 lapide
866 965 961 991 super-

167 1002 254 1036 posito
268 1010 301 1029 ex
316 1004 439 1038 sepulcro
451 1012 600 1039 resurgere,
613 1012 691 1040 quam
707 1004 742 1032 de
755 1012 835 1034 cruce
848 1005 961 1034 descen-

166 1047 245 1079 dere;
266 1049 350 1076 multo
363 1050 449 1084 majus
463 1055 519 1077 erat
536 1055 669 1078 mortuum
687 1052 804 1078 vinctum
818 1056 845 1079 et
857 1053 959 1087 quatri-

165 1094 282 1120 duannm
307 1094 436 1122 Lazarum
463 1103 524 1123 cum
550 1096 615 1131 ipsis
638 1096 727 1124 fasciis
750 1105 766 1124 e
787 1103 960 1124 monumento

165 1139 290 1172 educere,
304 1149 384 1174 quam
401 1141 436 1169 de
448 1149 528 1169 cruce
539 1142 714 1170 descendere.
737 1143 780 1170 llli
792 1143 872 1178 igitur
885 1143 958 1170 dicc-

166 1185 229 1212 banl
245 1195 251 1212 :
267 1186 298 1213 Si
311 1186 394 1214 Filius
416 1187 465 1214 Dei
484 1196 528 1220 es,
548 1189 645 1215 saluum
665 1188 706 1222 [ac
727 1189 884 1224 temetipsum
897 1190 959 1216 :illc

165 1238 230 1259 Vero
244 1231 308 1258 nihil
324 1239 376 1259 non
390 1233 502 1267 agebat,
525 1237 554 1260 ut
573 1233 632 1260 illos
648 1234 720 1269 ipSos
732 1235 776 1270 qui
791 1242 820 1262 se.
831 1236 958 1263 conviciis

164 1277 313 1305 Onerabant
328 1279 418 1306 salvos
431 1279 539 1311 faceret,
553 1280 645 1307 dicens
661 1289 668 1307 :
682 1280 785 1308 Dimitte
801 1281 852 1308 illis
870 1290 958 1314 pecea-

167 1327 219 1350 tum
245 1333 255 1351 .'
277 1333 327 1350 non
338 1325 867 1362 enimsciuntquidfuciurrt(Luc.25.54).
889 1327 959 1362 Quid

167 1370 262 1404 igitur?
275 1379 337 1398 num
351 1371 402 1398 illis
418 1376 554 1406 peceatum
567 1372 668 1400 dimisit
676 1373 846 1401 ?~Dimistsset
857 1374 957 1409 utique,

166 1416 187 1443 si
202 1416 348 1444 voluissent
363 1419 545 1452 pmitentiam
567 1427 656 1454 agere.
677 1419 705 1447 Si
727 1420 798 1448 enim
813 1428 866 1448 non
880 1421 960 1448 dimi-

166 1464 241 1490 sisset
259 1465 309 1491 illis
321 1470 469 1498 peceatum,
481 1473 625 1500 numquam
641 1466 737 1494 Paulus
749 1467 842 1495 fuisset
851 1473 959 1503 aposto-

165 1508 206 1535 los
222 1518 228 1535 :
245 1509 267 1536 si
290 1517 342 1537 non
364 1511 509 1538 dimisisset
530 1511 582 1539 illis
603 1517 752 1546 peccatum,
771 1521 823 1540 non
845 1514 894 1540 tria
915 1513 958 1541 illa

165 1555 260 1585 millia.
275 1563 328 1583 non
338 1558 455 1592 quinque
469 1557 561 1590 millia,
579 1566 631 1585 non
647 1559 736 1587 mulL'c
751 1560 884 1596 myriades
896 1568 959 1588 crc-

165 1601 305 1629 didissent.
335 1603 410 1637 Quod
436 1603 508 1631 enim
531 1605 622 1631 multa:
644 1605 797 1633 Judmornm
826 1606 959 1642 myriades

165 1647 343 1682 crediderint,
361 1650 422 1676 audi
437 1649 501 1684 quid
519 1651 631 1685 apostoli
648 1650 729 1678 Paulo
743 1651 853 1678 dicant:
873 1651 957 1684 Vides,

166 1695 254 1728 frater,
269 1700 329 1728 quot
351 1696 401 1722 sint
420 1696 546 1731 myriades
566 1695 714 1724 Judteerum
738 1698 780 1733 qui
798 1698 958 1726 crediderant

165 1740 408 1810 lira:
427 1777 564 1804 creticum
574 1786 621 1812 pro
634 1778 742 1805 inimicis
754 1779 905 1806 admonitio.
920 1795 958 1800 —

166 1820 302 1848 Imitemur
313 1823 400 1857 itaque
415 1823 567 1856 Dominum,
580 1829 607 1851 et
619 1832 666 1858 pro
678 1824 792 1852 inimicis
805 1833 955 1860 precemur:

165 1869 286 1895 eamdetn
300 1870 370 1896 enim
383 1871 595 1897 eobortationem
609 1879 726 1903 resumo,
738 1871 793 1905 jant
806 1872 901 1906 quinto
913 1871 957 1899 die

165 1915 241 1941 vobis
253 1915 286 1942 de
298 1916 392 1942 eodem
410 1922 566 1951 argumento
586 1917 700 1950 dissero,
722 1925 774 1946 non
788 1919 864 1953 quasi
878 1918 955 1945 inch-

165 1967 308 1996 sequeutcs
319 1970 365 1988 vos
373 1970 496 1997 arguens,
509 1963 578 1989 absit
589 1972 597 1994 ;
612 1964 659 1991 sed
670 1972 782 1998 sperans
792 1971 840 1991 vos
853 1964 956 1992 obtem-

164 2012 303 2042 peraturns
315 2015 384 2034 esse.
399 2007 474 2042 Quod
486 2010 507 2036 si
519 2010 562 2044 qui
572 2010 626 2036 sint
636 2009 705 2040 duri.
723 2011 842 2039 iracundi
854 2016 881 2038 et
895 2019 955 2038 mo-

165 2053 229 2084 rosi,
245 2053 289 2088 qui
302 2054 398 2081 nostris
411 2054 480 2081 σῖτα
496 2055 643 2082 orationem
664 2056 770 2084 monitis
784 2064 836 2084 non
851 2065 953 2084 morem

163 2105 265 2132 gerant,
275 2107 308 2126 cx
324 2107 435 2127 numero
449 2101 542 2128 saltem
558 2101 661 2128 dierum
675 2101 818 2137 pudefacti,
839 2103 954 2130 inimici-

165 2146 214 2172 tias
227 2151 254 2173 et
271 2147 420 2174 simultates
432 2147 576 2181 deponent.
594 2147 699 2176 Imitare
714 2149 854 2176 Dominum
869 2158 875 2175 :
889 2156 952 2176 cru-

163 2191 257 2218 ciﬁxus
269 2198 319 2222 est,
334 2197 361 2219 et
375 2201 422 2227 pro
435 2193 649 2228 cruciﬁgentibus
656 2193 761 2221 Patrem
774 2194 952 2229 compellavit.

163 2237 196 2265 Et
211 2238 344 2271 quomodo
367 2239 476 2273 possim,
492 2239 607 2274 inquies,
623 2240 763 2267 Dominum
786 2240 884 2267 imitari
898 2240 910 2267 ⁸9
925 2240 953 2268 Si

163 2283 239 2313 velis,
252 2284 350 2317 poteris
369 2293 376 2310 :
388 2284 438 2312 nisi
451 2285 522 2312 enim
538 2293 631 2320 posses
643 2286 741 2313 imitari
752 2307 759 2317 ,
774 2294 821 2314 cur
830 2286 950 2318 dixisset,

164 2328 258 2355 Dia‘ite
279 2338 295 2355 ιι
311 2339 350 2356 me
361 2331 421 2365 quia
441 2332 508 2358 mitis
522 2340 578 2358 sum
590 2337 614 2358 et
634 2331 738 2359 humilis
756 2332 832 2359 corde
845 2332 952 2367 (lauh.

163 2376 206 2402 ll.
222 2376 292 2406 29)?
314 2376 369 2403 Nisi
396 2384 488 2411 posses
509 2378 617 2409 imitari,
642 2386 694 2405 non
713 2379 825 2406 dixisset
844 2379 952 2411 Paulus,

162 2420 306 2448 lmitalores
329 2422 377 2448 mei
397 2428 484 2455 estote,
498 2423 563 2450 sicut
577 2430 601 2450 et
613 2432 660 2459 ego
674 2424 768 2451 Christi
785 2425 824 2459 (ί.
837 2424 950 2453 Cat-.11.

162 2468 343 2495 1LCa~terum
369 2469 391 2494 si
411 2477 463 2496 non
482 2470 523 2496 vis
550 2471 646 2497 imitari
672 2470 824 2502 Dominum,
849 2472 953 2500 imitare

160 2523 328 2545 conservum,
344 2516 507 2550 Stephanum
521 2518 643 2545 videlicet
656 2518 804 2553 apostolum
822 2527 829 2544 :
849 2519 950 2546 etenim

161 2561 205 2587 ille
219 2561 359 2588 Dominum
383 2562 499 2589 imitatus
520 2568 570 2590 est.
586 2563 620 2590 Et
637 2563 861 2598 quemadmodum
875 2563 952 2592 Chri-

159 2611 215 2632 stus
238 2607 307 2633 inter
319 2607 515 2641 cruciﬁgentes,
531 2609 610 2636 missa
631 2617 720 2642 cruce,
733 2610 822 2636 tnissis
835 2610 877 2641 iis,
892 2618 952 2644 qua:

159 2653 191 2677 ad
208 2660 237 2678 se
249 2653 414 2686 spectabant,
431 2661 479 2687 pro
492 2654 706 2689 cruciﬁgentibus
719 2664 748 2683 se
769 2655 873 2683 Patrem
887 2663 949 2690 pre—

159 2698 286 2725 cabatur:
307 2700 341 2724 ita
363 2703 390 2725 et
405 2707 498 2726 servus
518 2701 586 2727 inter
600 2701 756 2735 lapidantcs,
771 2702 806 2728 ah
825 2702 950 2728 omnibus

159 2743 304 2777 impctitus,
320 2745 455 2778 excipiens
468 2745 584 2779 lapidum
595 2746 673 2778 ictus,
687 2750 769 2774 misso
780 2747 882 2779 dolore,
896 2755 950 2782 quo

161 2789 223 2816 hinc
234 2789 406 2822 afficiebatur,
423 2791 538 2823 dicebat,
551 2792 669 2824 Domine,
685 2803 716 2820 ne
725 2799 822 2820 statuas
837 2794 889 2820 illis
902 2795 948 2820 hoe

160 2841 288 2870 peceatum:
302 2838 368 2871 (Art.
383 2838 409 2864 7.
423 2838 480 2872 59).
493 2839 582 2866 Viden‘
596 2840 731 2873 quomodo
751 2840 874 2875 quuamr
895 2840 947 2866 Do-

158 2882 267 2909 minus?
284 2882 376 2914 \‘ulcn'
391 2885 524 2916 quomodo
536 2891 658 2922 precetur
679 2895 771 2914 scrtus
784 2887 793 2903 ⁷
815 2886 858 2916 Ille
875 2887 949 2921 dicit,

537 157 568 185 8.
587 156 728 186 ιῡΑΝΝιδ
747 158 956 187 CHRYSOSTO!

1010 159 1155 186 tRCIIIEP.
1177 157 1444 186 CONSTANTINOF-

1754 155 1805 183 40S

1015 213 1102 247 Pater,
1121 214 1218 240 dimitte
1226 213 1278 241 illis
1291 214 1338 240 hoc
1351 219 1481 249 peceatum
1490 222 1502 246 ;
1513 223 1563 242 non
1577 214 1643 241 enim
1653 214 1736 241 sciunt
1748 216 1807 249 quid

1013 261 1112 295 {at-iant
1122 259 1197 296 (Late.
1212 259 1258 288 '23.
1272 259 1320 293 3i)
1335 268 1342 287 :
1364 259 1407 287 llic
1426 267 1501 292 vero,
1517 259 1558 287 Ne
1573 265 1672 287 statuas
1685 261 1740 287 illis
1761 261 1808 288 hac

1014 312 1152 341 peccatum.
1166 306 1201 335 Ut
1215 313 1278 334 vero
1293 306 1380 333 discas
1402 306 1476 334 illum
1496 305 1614 334 studiose
1627 306 1742 341 precari,
1754 314 1806 334 non

1012 359 1097 386 stans,
1122 353 1252 389 lapidibus
1267 353 1329 381 licet
1338 353 1458 386 obrutus,
1472 357 1548 386 orat,
1562 352 1610 380 sed
1624 353 1718 388 positis
1731 353 1805 388 geni-

1013 401 1063 428 bus
1075 408 1136 428 cum
1156 401 1361 435 compunctione
1380 399 1508 435 loquitur,
1521 405 1550 427 et
1561 407 1621 426 cum
1637 399 1720 427 multa
1733 406 1806 427 corn-

1014 447 1194 474 miseratione.
1202 446 1248 474 Vis
1262 445 1402 474 ostendam
1408 445 1454 473 tibi
1464 452 1624 473 conservum
1637 445 1720 474 alium
1729 444 1806 480 longe

1013 492 1148 527 graviora,
1163 499 1243 527 quam
1259 491 1314 525 ille,
1325 491 1492 527 patientem?
1505 491 1603 519 Paulus
1612 491 1660 525 ait,
1673 491 1696 518 Α
1707 490 1808 518 Induis

1014 544 1052 565 ter
1065 538 1142 574 virgis
1155 546 1236 566 etesiis
1251 546 1319 572 sunt,
1330 539 1409 566 semel
1425 537 1554 572 lapidatus
1566 546 1634 572 sum,
1649 543 1724 565 nocte
1735 542 1758 566 et
1767 538 1810 565 die

1013 585 1039 611 in
1050 584 1178 620 profundo
1187 585 1227 620 fui
1240 583 1281 620 (Ξ.
1293 584 1353 612 Cor.
1365 584 1410 612 ll.
1423 584 1470 612 ΞΛ.
1479 583 1539 618 25).
1547 583 1616 617 Quid
1629 588 1685 612 tum
1695 588 1787 619 postea
1797 584 1811 610 τ

1015 629 1150 665 Optabam,
1160 629 1254 665 inquit,
1267 630 1323 664 ipse
1334 629 1471 656 anathema
1481 637 1533 656 esse
1546 637 1591 663 pro
1602 630 1726 663 fratribus
1734 630 1804 662 meis,

1012 675 1126 710 cognatis
1138 675 1198 702 meis
1218 675 1358 703 mundum
1375 683 1476 702 caruerit
1489 674 1579 708 (Rom.
1595 675 1621 702 9.
1636 674 1764 710 ‘5).Visne
1782 681 1809 702 et

1012 721 1094 748 alium
1110 721 1211 754 videre,
1225 728 1278 748 non
1289 729 1323 748 ex
1337 728 1416 754 novo,
1426 720 1472 748 sed
1485 728 1518 748 ex
1532 721 1617 748 veteri
1624 721 1809 748 Testamento?

1013 767 1069 794 Hoc
1081 767 1152 794 enim
1169 771 1212 794 est
1234 766 1350 794 maxime
1369 767 1488 794 omnium
1508 766 1638 797 mirabile,
1665 767 1737 801 quod
1763 767 1809 794 ubi

1013 821 1066 842 non
1091 813 1313 848 pmipiehantur
1335 813 1457 841 inimicos
1477 814 1600 849 diligere,
1627 814 1691 849 quin
1719 814 1808 849 potius

1012 859 1118 886 oculum
1133 866 1182 893 pro
1195 858 1273 886 oculo
1299 859 1465 893 exsculpere,
1481 864 1507 886 ct
1522 859 1629 886 dentem
1651 866 1702 894 pro
1727 858 1809 886 dente

1013 904 1110 939 (Exod.
1123 904 1167 932 2i.
1179 904 1223 932 26.
1238 904 1296 939 25),
1310 905 1425 940 atquein
1432 904 1511 932 malis
1522 912 1570 939 par
1583 905 1639 939 pari
1651 904 1765 937 referre,
1775 905 1808 931 ad

1012 951 1185 985 apostolicam
1199 951 1372 986 pervenerint
1385 950 1590 986 pbilosnphiam.
1601 951 1671 978 Audi
1688 951 1753 986 quid
1765 951 1807 978 di-

1011 1002 1054 1026 cat
1062 997 1177 1033 Moyses,
1187 998 1232 1033 qui
1241 1005 1313 1032 sa-pe
1325 996 1447 1026 aJudaeis
1456 997 1597 1032 lapidatus,
1607 1002 1634 1024 et
1644 997 1808 1031 contemptui

1013 1044 1119 1071 habitus
1131 1049 1172 1072 est
1187 1053 1193 1070 :
1204 1044 1236 1072 Si
1243 1044 1349 1070 dimittis
1361 1044 1413 1071 illis
1426 1049 1567 1079 peccatum,
1582 1045 1702 1076 dimitte;
1717 1044 1741 1070 si
1752 1052 1810 1070 vero

1012 1098 1073 1122 non,
1084 1090 1160 1117 etiam
1175 1098 1214 1116 me
1227 1089 1282 1117 dele
1295 1089 1411 1119 delibro,
1419 1095 1496 1123 quem
1505 1086 1745 1122 scripsistitExod.
1763 1089 1807 1117 32.

1013 1136 1058 1164 3|.
1073 1135 1130 1172 52).
1145 1135 1238 1163 Viden‘
1248 1135 1396 1170 quemlibet
1410 1143 1443 1163 ex
1453 1135 1533 1170 justis
1543 1135 1655 1162 aliorum
1674 1134 1807 1162 scurrile—

1014 1187 1068 1209 tem
1088 1182 1266 1217 pra-posuisse
1287 1181 1365 1208 saluti
1386 1188 1442 1208 sua:
1455 1180 1468 1208 ?
1482 1180 1554 1208 Nihil
1567 1180 1694 1215 peccasti,
1719 1185 1748 1207 et
1760 1187 1808 1207 cur

1014 1228 1055 1254 vis
1070 1235 1130 1255 esse
1152 1235 1245 1255 eorum
1270 1227 1393 1263 supplicii
1415 1227 1547 1254 consors?
1568 1226 1646 1261 Quia,
1672 1226 1808 1261 inquiunt,

1013 1275 1118 1301 emteris
1138 1274 1210 1301 malo
1221 1273 1333 1303 allectis.
1345 1273 1383 1301 rei
1399 1281 1466 1301 mea:
1479 1281 1616 1308 prospera:
1631 1281 1741 1300 sensum
1755 1281 1809 1300 non

1012 1320 1142 1355 percipio.
1157 1320 1219 1348 Haec
1232 1321 1354 1354 exempla
1369 1321 1433 1348 satis
1447 1324 1539 1348 essent
1550 1329 1557 1346 :
1570 1319 1603 1346 ad
1617 1319 1748 1354 majorem
1758 1327 1807 1345 au-

1013 1370 1066 1394 tem
1081 1366 1165 1394 nostri
1189 1366 1404 1394 emendationem
1425 1366 1506 1394 alium
1527 1365 1620 1393 eadem
1639 1365 1808 1400 philosophia

1013 1416 1132 1438 utentem
1146 1411 1173 1438 in
1186 1411 1302 1439 medium
1316 1411 1458 1439 adducam.
1474 1411 1509 1439 At
1533 1411 1606 1439 enim
1619 1411 1703 1438 David
1716 1411 1811 1438 beatus

1012 1459 1058 1486 ille
1083 1463 1290 1493 mansuetusque
1304 1459 1360 1491 vir,
1375 1463 1515 1494 postquam
1531 1458 1666 1486 exercitus
1677 1462 1751 1484 totus
1763 1457 1810 1484 de.

1011 1505 1122 1535 fecerat.
1138 1509 1221 1539 atque
1234 1512 1329 1532 necem
1342 1505 1400 1540 ejus
1412 1505 1528 1532 moliens
1540 1504 1596 1532 ﬁlio
1609 1504 1754 1532 Abesalom
1765 1510 1809 1540 ty-

1011 1551 1150 1578 rannidem
1164 1551 1314 1583 detulerat;
1336 1551 1434 1579 deinde
1456 1551 1513 1579 Deo
1535 1551 1570 1579 ob
1583 1551 1649 1578 illud
1663 1551 1768 1578 facinus
1781 1553 1809 1578 iu

1012 1597 1078 1624 iram
1088 1597 1221 1624 concitam
1231 1596 1307 1633 (quid
1327 1597 1399 1624 enim
1418 1597 1532 1625 interest
1555 1597 1577 1624 si
1591 1597 1672 1624 aliam
1687 1597 1808 1624 interne-

1011 1643 1096 1670 cionis
1117 1650 1226 1670 causam
1238 1642 1356 1677 proferat
1364 1642 1388 1677 ἲ)
1404 1642 1515 1678 ipsoque
1533 1643 1657 1678 angelum
1672 1642 1807 1673 mittente.

1010 1689 1055 1724 qui
1074 1689 1196 1717 districto
1218 1689 1306 1725 gladio
1321 1689 1424 1725 plagam
1442 1697 1556 1725 superne
1566 1689 1688 1722 inferret,
1702 1690 1807 1720 videas.

1011 1735 1130 1770 inquam,
1146 1735 1229 1762 David
1250 1743 1344 1762 omnes
1355 1735 1443 1770 gladio
1457 1734 1564 1769 cadere,
1575 1735 1639 1770 quid
1653 1735 1741 1762 dicit?
1751 1734 1808 1770 Ege

1012 1782 1055 1816 qui
1065 1787 1153 1816 pastor
1163 1790 1220 1808 sum
1229 1782 1341 1816 peccari,
1355 1787 1378 1808 et
1389 1790 1435 1817 ego
1445 1786 1532 1816 pastor
1544 1781 1629 1816 inique
1638 1782 1679 1817 egi
1689 1789 1699 1808 :
1711 1782 1745 1808 sit
1756 1789 1808 1807 rna-

1011 1835 1057 1853 mu
1069 1832 1113 1853 tua
1133 1835 1209 1862 super
1223 1835 1271 1859 me,
1285 1831 1309 1854 et
1319 1835 1395 1859 super
1408 1827 1512 1854 domum
1525 1828 1605 1861 patris
1618 1827 1666 1854 mei
1685 1827 1724 1859 (9..
1741 1826 1804 1862 Reg.

1009 1873 1054 1899 26.
1068 1872 1123 1907 l7).
1138 1871 1218 1899 Vides
1230 1873 1326 1900 iterum
1339 1872 1436 1899 similia
1452 1873 1580 1907 prazclare
1587 1877 1662 1907 gesta
1675 1872 1687 1898 ’ἒ
1705 1872 1750 1899 Vis
1760 1879 1805 1899 os-

1011 1919 1117 1946 tendam
1141 1919 1187 1946 tibi
1209 1924 1237 1946 et
1261 1919 1366 1946 alium?
1380 1927 1467 1954 neque
1478 1919 1549 1946 enim
1569 1919 1655 1946 deerit
1667 1919 1737 1946 alter
1758 1919 1805 1954 qui

1009 1965 1104 1992 eodem
1124 1965 1205 1992 modo
1220 1965 1433 1999 philosophetur.
1451 1965 1558 1992 Samuel
1579 1965 1626 1992 ille
1647 1965 1807 1999 prophetas

1008 2010 1274 2038 Judmiscontumelia
1282 2010 1394 2038 allectus
1401 2015 1453 2043 est,
1464 2010 1612 2045 depositus,
1622 2015 1803 2044 contemptus,

1009 2057 1044 2083 ita
1067 2060 1094 2082 ut
1115 2057 1185 2084 Deus
1199 2056 1286 2091 ipsum
1308 2056 1443 2083 consolari
1454 2055 1564 2090 cupiens
1578 2055 1691 2087 diceret,
1709 2054 1769 2082 Non
1782 2060 1806 2083 ts

1007 2107 1220 2137 contempserunt.
1234 2102 1278 2129 sed
1297 2110 1338 2128 me
1349 2102 1388 2137 (Ι.
1405 2101 1469 2137 Reg.
1488 2102 1515 2129 8.
1530 2101 1570 2135 7).
1580 2100 1650 2134 Quid
1664 2101 1746 2136 igitur
1757 2101 1802 2128 ille

1008 2149 1194 2180 contemptus,
1205 2145 1360 2179 despectus,
1371 2143 1536 2170 contumelia
1551 2143 1684 2170 aﬂ'ectus'
1694 2143 1770 2170 Aluit
1782 2153 1798 2169 ιι

1009 2199 1050 2223 ωε
1063 2197 1091 2218 ut
1111 2192 1149 2218 ita
1160 2199 1272 2226 peccem,
1283 2195 1312 2217 ιι
1323 2198 1419 2216 cessent
1430 2197 1507 2216 orare
1514 2197 1561 2223 pro
1571 2190 1642 2216 vobis
1654 2189 1798 2216 Dominum

1009 2237 1049 2273 (Ι.
1059 2236 1122 2272 Reg.
1135 2237 1180 2268 l2,
1191 2236 1248 2271 23).
1258 2235 1403 2264 Peccatum
1413 2235 1518 2270 putavit
1525 2243 1586 2262 esse
1597 2243 1651 2262 non
1660 2243 1742 2262 orare
1750 2243 1802 2270 pro

1011 2286 1141 2313 inimicis.
1154 2286 1232 2313 Absit
1249 2293 1264 2312 a
1275 2293 1320 2312 mc
1333 2290 1363 2312 ut
1373 2285 1408 2312 ita
1421 2292 1541 2319 peccem,
1552 2289 1582 2310 ut
1596 2291 1650 2310 non
1662 2291 1739 2310 orem
1750 2290 1798 2317 pro

1008 2331 1098 2359 vobis!
1106 2330 1231 2358 Christus
1237 2331 1317 2358 dicit:
1328 2330 1522 2361 i'ater,dimitte
1529 2330 1583 2356 illis
1592 2334 1741 2363 peccaturi;
1749 2336 1799 2354 non

1007 2380 1077 2409 enirn
1087 2380 1175 2406 sciunt
1183 2379 1244 2413 quid
1255 2379 1359 2413 faciunt
1372 2377 1449 2412 (Luc.
1457 2377 1504 2410 9.5,
1513 2378 1570 2413 55):
1583 2377 1742 2411 Stephanus
1753 2384 1796 2403 ve-

1008 2433 1050 2457 ro,
1063 2425 1184 2457 Domine.
1194 2433 1225 2453 ne
1235 2429 1339 2451 statuas
1351 2424 1406 2450 illis
1416 2424 1464 2450 hoc
1473 2428 1608 2458 peccatum
1622 2423 1693 2457 (Act.
1706 2423 1797 2454 7.59);

1007 2471 1104 2498 Paulus
1126 2476 1226 2501 autem,
1241 2469 1369 2504 Optabam
1385 2469 1523 2499 anathema
1537 2476 1592 2495 esse
1609 2476 1657 2502 pro
1679 2468 1801 2503 fratribus

1006 2517 1077 2548 meis,
1103 2516 1216 2550 cognatis
1241 2516 1303 2542 meis
1329 2515 1468 2541 secundum
1491 2522 1593 2540 eorum
1614 2514 1703 2547 (Rau.
1718 2514 1745 2541 9.
1761 2514 1801 2546 3).

1005 2561 1109 2596 Moyses
1121 2561 1195 2592 dicit,
1208 2560 1237 2586 Si
1248 2560 1354 2586 dimittis
1364 2564 1494 2594 peceatum
1506 2559 1569 2590 illis,
1582 2559 1680 2585 dimitte
1693 2568 1702 2585 :
1713 2559 1734 2584 si
1745 2566 1802 2585 me

1005 2617 1066 2637 non,
1080 2608 1156 2634 etiam
1171 2615 1210 2633 me
1224 2607 1280 2633 dele
1289 2607 1320 2632 de
1332 2606 1408 2638 libra,
1419 2614 1493 2640 quem
1506 2606 1631 2640 scripsisti
1642 2604 1740 2638 (Exod.
1755 2605 1800 2633 52.

1005 2655 1048 2681 5|.
1065 2654 1122 2687 Si);
1134 2653 1215 2680 David
1229 2661 1303 2685 vero,
1318 2653 1359 2680 Sit
1373 2661 1463 2679 manus
1477 2658 1522 2678 tua
1535 2661 1614 2686 super
1627 2660 1678 2683 me,
1694 2658 1802 2686 etnpa

1004 2701 1106 2726 domum
1128 2700 1207 2733 patris
1227 2700 1277 2726 mei
1299 2697 1340 2734 (ί.
1355 2698 1418 2734 Reg.
1439 2699 1485 2726 9.5.
1502 2699 1557 2733 l7);
1572 2699 1680 2726 Samuel
1699 2704 1798 2730 autem,

1004 2747 1074 2773 Absit
1096 2755 1111 2772 a
1125 2755 1163 2773 me
1176 2747 1210 2772 ita
1223 2754 1334 2779 peccare.
1352 2750 1378 2771 at
1393 2753 1499 2772 cursem
1515 2753 1590 2772 orare
1602 2753 1649 2777 pro
1660 2745 1730 2771 vobis
1742 2743 1799 2771 Do-

1004 2794 1099 2819 minum
1115 2791 1155 2826 (l.
1168 2793 1231 2827 Reg.
1254 2791 1298 2819 η.
1318 2791 1374 2825 25).
1386 2792 1471 2825 Quam
1496 2791 1575 2826 igitur
1586 2791 1691 2819 veniam
1704 2798 1796 2818 cense-

1002 2847 1126 2872 quemur,
1143 2839 1255 2866 Domino
1267 2844 1294 2865 et
1309 2839 1393 2866 servis
1406 2844 1462 2865 tum
1478 2839 1538 2865 novi
1553 2844 1611 2865 tum
1627 2839 1728 2866 vetes-is
1741 2837 1792 2866 Te-

1003 2886 1127 2915 mmenti
1142 2885 1334 2914 concitantibus
1348 2884 1381 2912 ad
1396 2884 1542 2917 orationem
1558 2892 1607 2920 pro
1770 2884 1793 2912 si
