1978 3131
140 158 187 183 11⁸5

138 213 212 240 στὶαν
235 212 434 248 διορθώσασθαι
454 214 586 249 μαθητοῦ,
615 215 661 241 καὶ
683 215 801 245 ἀναστὰς
826 212 923 246 ἔδειξεν

138 255 208 290 αὐτῷ
223 255 268 281 τὸν
281 255 364 282 τύπον
386 256 442 282 τῶν
453 256 536 291 ἥλων,
552 256 599 283 καὶ
613 257 648 283 τὰ
661 256 816 292 τραύματα,
829 255 924 286 εἰπὼν,

137 296 213 324 Hdde
241 297 299 330 τὴν
319 297 404 332 χεῖρά
427 307 495 331 σου,
522 298 572 325 καὶ
595 298 712 330 βλέπε,
737 298 782 325 ὅτι
809 298 926 332 πνεῦμα

136 340 233 373 σάρκα
246 340 296 367 καὶ
319 339 395 368 ὀστᾶ
409 341 465 367 οὐκ
479 341 551 374 ἔχει·
567 339 638 368 οὕτω
655 340 701 367 καὶ
717 341 778 367 τότε
791 340 873 373 δείξει
893 340 926 367 τὰ

135 381 281 416 τραύματα
302 381 351 408 καὶ
372 382 418 408 τὸν
436 382 562 418 σταυρὸν,
588 383 631 409 ἵνα
655 382 729 418 δείξῃ
744 383 785 409 ὅτι
800 379 877 408 οὗτος
893 379 927 416 ἦν

135 423 238 454 ἐκεῖνος
253 424 268 449 ό
278 423 454 458 σταυρωθεὶς.

172 464 202 491 ε’.
215 465 273 491 Οὐκ
287 465 342 491 ἀπὸ
352 465 399 492 τοῦ
414 465 531 501 σταυροῦ
540 465 569 492 δὲ
582 466 672 501 μόνον,
686 465 809 492 ἀλλὰκαὶ
820 465 873 492 ἀπὸ
883 465 928 492 αύ-

135 506 188 533 τῶν
201 506 257 532 τῶν
273 507 403 542 ῥημάτων
416 508 469 534 τῶν
482 509 510 534 ἐν
524 508 563 543 τῷ
575 507 684 543 σταυρῷ
695 508 743 542 τὴν
761 508 864 541 ἄφατον
879 507 928 533 αὑ-

135 547 181 574 τοῦ
194 548 401 584 φιλανθρωπίαν
417 549 491 576 ἔστιν
509 549 582 576 ἰδεῖν.
601 550 661 576 Ἔτι
680 549 734 585 γὰρ
748 548 928 584 προσηλωμέ-

135 598 179 621 νος
198 591 246 616 καὶ
266 591 481 626 κωμῳδούμενος
501 592 548 618 καὶ
565 591 792 626 καταγελώμενος
805 591 864 617 τότε
882 590 928 617 καὶ

137 632 335 667 ὲμτιτυόμενος,
350 633 437 667 ἐλεγε-
454 633 560 667 Πάτερ,
573 633 647 667 ἄφες
658 633 760 666 αὐτοῖς
770 632 828 667 τὴν
837 633 929 667 ἀμαρ-

136 675 213 700 τίαν·
230 676 266 701 οὺ
280 675 336 709 γὰρ
355 675 456 702 οῑὸασι
471 675 500 701 τί
512 675 642 702 ποιοῦσι.
656 675 712 702 Καὶ
728 674 929 710 οταυρούμενος

136 715 206 751 ὑπὲρ
232 716 287 742 τῶν
307 716 497 751 σταυρούντων
522 716 641 752 εὔχεται·
667 716 755 743 καίτοι
780 716 878 742 ἐκεῖνοι
899 716 928 742 τὸ

135 757 257 784 ἐναντίον
266 758 366 791 ἔλεγον·
385 759 420 785 El
434 759 500 791 Υἱὸς
509 756 539 785 εἷ
550 759 602 785 τοῦ
613 758 698 789 Θεοῦ,
713 757 855 791 κατάϐηθι
869 757 928 784 ἀπὸ

135 799 189 826 τοῦ
203 800 348 834 σταῳοῦ,
361 800 409 826 καί
423 799 628 834 πιστεύσομέν
641 807 701 832 σοι,
713 799 790 835 φησί.
805 799 860 825 Καὶ
875 800 928 834 μὴν

137 840 214 877 [409]
232 842 277 868 διὰ
287 842 366 868 τοῦτο
377 842 407 868 οὐ
421 842 580 869 καταϐαίνει
589 841 643 868 ἀπὸ
653 841 699 868 τοῦ
716 841 842 877 σταυροῦ,
855 842 929 868 ἐπει-

136 883 167 918 δὴ
181 883 247 916 Υἱός
259 885 317 910 ἐστι
331 884 378 911 τοῦ
390 884 470 916 Θεοῦ,
485 885 532 910 καὶ
544 884 589 910 διὰ
600 883 677 910 τοῦτο
689 881 780 918 ἦλθεν,
795 883 838 910 ἴνα
852 891 930 910 σταυ-

139 924 212 960 ρωθῇ
224 925 295 960 ὑπὲρ
303 926 392 960 ἡμῶν.
404 925 553 957 Κατὰϐηθι
561 925 621 952 ἀπὸ
630 925 681 952 τοῦ
692 924 836 958 σταυροῦ,
850 925 928 959 φησὶ,

138 967 184 992 καὶ
198 967 406 1002 πιστεύσωμέν
419 975 478 994 σοι.
510 967 635 1002 Ῥήματα
650 966 746 998 ταῦτα,
763 967 810 993 καὶ
824 967 930 1002 πρόφα-

138 1017 179 1040 σις
196 1009 338 1040 ἀπιστίας.
363 1008 416 1035 Τοῦ
437 1008 493 1044 γὰρ
508 1009 661 1044 καταϐῆναι
674 1008 728 1034 ἀπὸ
751 1008 798 1034 τοῦ
812 1009 929 1044 σταυροῦ

139 1050 228 1085 πολλῷ
241 1051 335 1085 μεῖζον
347 1048 381 1086 ἦν
393 1051 423 1077 τδ
434 1050 596 1085 ἀναστῆναι.
613 1049 660 1077 τοῦ
672 1051 746 1076 λίθου
756 1051 929 1086 ἐπικειμένου

137 1091 174 1126 τῷ
195 1092 285 1127 τάφῳ·
312 1092 359 1119 τοῦ
379 1092 530 1127 καταϐῆναι
548 1092 602 1119 ἀπὸ
626 1091 673 1118 τοῦ
704 1091 820 1127 σταυροῦ
840 1091 930 1127 πολλῷ

138 1134 229 1168 μεῖζον
243 1131 278 1169 ἦν
294 1134 438 1169 τὺ,νεκρὸν
453 1133 595 1169 δεδεμένον
611 1134 657 1160 καὶ
667 1134 767 1170 τετραή
773 1142 855 1170 μερον
865 1134 930 1160 ὅντα

135 1175 180 1202 τὸν
195 1176 323 1210 Λάζαρον
340 1175 409 1211 μετὰ
430 1175 484 1202 τῶν
501 1175 613 1212 κειριῶν
631 1175 776 1210 ἐξαγαγεῖν
790 1175 838 1202 τοῦ
861 1177 931 1211 μνή-

137 1226 232 1252 ματος.
250 1218 366 1244 Ἐκεῖνοι
379 1219 427 1252 μὲν
441 1216 487 1245 οὖν
498 1218 600 1252 ἔλεγον·
614 1219 648 1244 El
664 1219 730 1251 Υἱὸς
742 1216 772 1245 εἴ
778 1218 833 1245 τοῦ
845 1219 929 1250 Θεοῦ.

134 1259 240 1286 σῶσον
258 1261 398 1287 σεαυτόν·
426 1260 508 1292 αὐτὸς
526 1260 554 1287 δὲ
578 1260 666 1287 πάντα
693 1260 835 1296 ἔπραττεν,
857 1261 931 1292 ὅπως

133 1301 259 1332 ἐκείνους
274 1301 348 1337 σώσῃ
364 1302 427 1333 τοὺς
439 1301 616 1334 ὀνειδίζοντας
627 1301 823 1336 αύτὺν,λέγων·
844 1303 930 1337 Ἄφες

134 1343 239 1376 αὐτοῖς
258 1343 316 1377 τὴν
334 1343 491 1377 ἁμαρτίαν·
509 1344 545 1370 οὺ
564 1343 621 1378 γὰρ
639 1344 740 1371 οἴδασι
755 1345 784 1371 τί
797 1344 929 1371 ποιοῦσι.

135 1386 168 1412 Τί
183 1383 252 1419 οὖν;
277 1386 384 1421 ἀφῆκεν
401 1386 493 1417 αὐτοῖς
510 1386 559 1422 τὴν
579 1386 731 1422 ἁμαρτίαν;
763 1387 891 1422 Ἀφῆκεν,
906 1387 930 1414 εί

135 1427 278 1454 ἐϐούλοντο
295 1429 469 1463 μετανοῆσαι.
487 1429 517 1454 El
530 1429 585 1464 γὰρ
599 1428 636 1463 μὴ
648 1428 756 1463 ἀφῆκεν
769 1428 861 1460 αὐτοῖς
880 1428 930 1464 τὴν

136 1470 287 1505 ἁμαρτίαν,
297 1470 347 1496 οὐκ
365 1470 398 1496 ἂν
415 1470 521 1500 Παῦλος
538 1470 687 1502 ἀπόστολος
707 1470 827 1504 ἐγένετο·
846 1471 870 1497 εί
892 1470 931 1506 μὴ

135 1513 244 1546 ἀφῆκεν
261 1513 354 1544 αὐτοῖς
377 1512 424 1547 τὴν
438 1512 586 1548 ἁμαρτίαν,
604 1512 654 1539 οὐκ
665 1512 698 1539 ἂν
715 1512 815 1544 εὐθέως
830 1513 932 1548 τρισχί-

135 1555 186 1581 λιοι
198 1555 364 1581 ἐπίστευσαν
375 1554 422 1580 καὶ
436 1554 650 1589 πεντακισχίλιοι
666 1555 712 1581 καὶ
723 1553 818 1581 πολλαὶ
833 1554 932 1590 μυριά-

135 1596 189 1628 δες.
206 1597 271 1624 ὀτι
283 1595 339 1632 γὰρ
350 1595 446 1623 πολλαὶ
459 1596 590 1632 μυριάδες
606 1596 742 1623 Ἰουδαίων
755 1596 930 1630 ἐπίστευσαν,

135 1639 254 1665 ἄκουσον
273 1637 300 1665 τί
317 1637 442 1672 λέγουσιν
456 1638 482 1664 οἱ
503 1638 647 1664 ἀπόστολοι
663 1637 703 1673 τῷ
716 1637 825 1673 Παύλῳ·
855 1638 931 1665 Θεω-

135 1680 207 1714 ρεῖς,
220 1679 346 1714 ἁδελφὲ,
357 1680 450 1707 πόσαι
460 1679 604 1714 μιξριάδες
616 1679 696 1707 εἰσιν
711 1679 861 1707 Ἰουδαίων
871 1678 932 1707 τῶν

135 1722 384 1749 πεπιστευκότων
392 1729 402 1753 ;

172 1763 369 1799 Μιμησώμεθα
381 1763 470 1790 τοίνυν
483 1763 529 1790 τὸν
551 1763 699 1798 Δεσπότην,
724 1763 772 1789 καὶ
793 1763 864 1798 ὑπὲρ
876 1762 930 1790 τῶν

137 1805 245 1841 ἐχθρῶν
255 1804 411 1840 εὐχώμεθα.
435 1805 519 1832 Πάλιν
535 1804 589 1839 γὰρ
609 1804 694 1840 αὐτῆς
711 1804 931 1839 ἐπιλαμϐάνομαι

137 1847 189 1882 τῆς
207 1847 417 1883 παραινέσεως·
446 1847 575 1881 πέμπτην
597 1846 651 1881 ἔχω
677 1847 797 1882 σήμερον
825 1846 932 1882 ἡμέραν

140 1889 210 1925 ὑπὲρ
223 1889 328 1925 ταύτης
346 1889 411 1924 ὑμῖν
423 1889 473 1924 τῆς
486 1888 642 1920 ὑποθέσεως
656 1888 857 1923 διαλεγόμενος,
872 1888 932 1923 οὐχὶ

139 1930 356 1965 καταγινώσκων
377 1931 453 1966 ὑμῶν
473 1930 633 1966 παρακοὴν,
653 1931 691 1965 μὴ
717 1929 842 1964 γένοιτο,
865 1929 932 1956 ἀλλὰ

142 1972 261 2009 μάλιστα
285 1972 402 2004 ἐλπίζων
418 1972 458 1999 ὃτι
477 1972 669 2008 πεισθήσεσθε.
684 1972 716 1998 El
735 1971 764 1998 δέ
786 1971 858 2003 τινές
880 1972 933 1998 είσι

142 2014 256 2050 σκληροὶ
266 2014 313 2041 καὶ
326 2013 429 2050 ὀργίλοι
442 2014 489 2041 καὶ
502 2014 700 2048 δυσανάγωγοι,
711 2013 782 2040 ὥστε
794 2012 934 2049 παρακοῦ-

142 2066 186 2084 σαι
202 2058 258 2084 τῶν
275 2057 341 2092 περὶ
353 2056 402 2091 τῆς
418 2056 500 2091 εὐχῆς
517 2056 670 2092 ῥηθέντων,
690 2055 742 2082 κᾶν
753 2055 799 2082 τὸν
818 2055 933 2090 ἀριθμὸν

141 2099 195 2126 τῶν
205 2098 318 2134 ἡμερῶν
331 2097 500 2130 αἰδεσθέντες
514 2097 670 2124 άπόθωνταί
687 2105 752 2124 ποτε
766 2097 816 2132 τὴν
833 2096 934 2133 ἔχθραν

141 2141 188 2168 καὶ
202 2141 252 2176 τὴν
282 2139 476 2175 μικροψυχίαν.
499 2139 627 2175 Μίμησαί
656 2147 704 2165 σου
719 2138 766 2165 τὸν
778 2138 932 2174 Δεσπότην·

140 2181 318 2218 ὲσταυροῦτο,
344 2181 393 2208 καὶ
413 2181 484 2216 ὑπὲρ
498 2180 553 2208 τῶν
578 2180 766 2215 σταυρούντων
782 2179 822 2215 τῷ
846 2180 935 2216 Πατρὶ

139 2224 288 2258 διελέγετο.
306 2223 361 2250 Καὶ
372 2223 431 2254 πῶς
446 2222 571 2256 δύναμαι⁹
584 2222 661 2258 φησὶ,
679 2221 725 2249 τὸν
735 2221 875 2257 Δεσπότην
890 2230 935 2258 μι-

142 2264 300 2302 μήσασθαι,
319 2265 382 2292 Ἐὰν
396 2264 485 2301 θέλῃς,
500 2264 623 2291 δύνασαι.
635 2264 667 2290 El
678 2263 715 2299 μὴ
727 2263 781 2299 γὰρ
795 2260 850 2295 οἷός
862 2261 935 2301 τε“ἧς

143 2307 328 2344 μιμήσασθαι,
341 2306 399 2338 πῶς
407 2307 493 2340 ἔλεγε,
504 2306 619 2333 Μάθετε
628 2306 679 2333 ἀπ’
690 2305 774 2341 ἐμοῦ,
786 2305 830 2332 ὅτι
841 2304 935 2340 πρᾶός

141 2351 201 2385 ειμι
216 2349 267 2376 καί
281 2349 420 2382 ταπεινὸς
433 2348 472 2383 τῇ
484 2347 611 2382 καρδίᾳ;
623 2348 655 2375 El
669 2347 707 2384 μὴ
721 2347 831 2387 δυνατὸν
838 2345 872 2383 ἦν
889 2356 935 2384 μι-

144 2393 297 2428 μήσασθαι,
321 2391 372 2418 οὐκ
388 2391 422 2419 ἂν
444 2391 564 2425 ἐλεγενό
580 2389 701 2422 Παῦλος·
725 2390 857 2430 Μιμῃταί
875 2399 935 2425 μου

142 2435 276 2470 γίνεσθε,
287 2433 384 2466 καθὼς
398 2432 479 2467 κὰτ-ὼ
489 2431 627 2466 Χριστοῦ.
643 2431 715 2467 Πλὴν
729 2431 786 2458 ἀλλ’
801 2432 831 2458 οὐ
847 2431 935 2466 βούλει

142 2476 190 2503 τὸν
215 2475 353 2511 Δεσπότην
370 2474 559 2510 μιμήσασθαις
578 2472 697 2509 μίμησαι
716 2473 762 2514 τδν
783 2473 934 2507 σύνδουλον,

145 2517 282 2552 Στέφανον
295 2516 367 2551 λέγω
388 2516 434 2543 τὸν
449 2515 615 2543 ἀπόστολον·
631 2515 679 2542 καὶ
698 2515 753 2550 γὰρ
772 2516 875 2547 ἐκεῖνος
891 2516 936 2543 τὸν

143 2559 284 2595 Δεσπότην
296 2559 461 2594 ἐμιμήσατο.
475 2558 530 2584 Καὶ
541 2557 666 2593 καθάπερ
676 2558 690 2584 ὁ
702 2556 819 2593 Χριστὸς
835 2557 937 2593 μεταξὺ

144 2601 199 2628 τῶν
215 2600 416 2636 σταυρούντων,
429 2599 509 2634 ἀφεὶς
525 2599 571 2626 τὸν
587 2599 717 2635 σταυρὸν,
733 2600 812 2634 ἀφεὶς
828 2600 862 2626 τὰ
875 2599 937 2626 καθ’

145 2643 253 2674 ἑαυτὸν,
267 2642 338 2678 ὑπὲρ
352 2642 405 2668 τῶν
423 2641 610 2677 σταυρούντων
636 2642 791 2677 παρακαλεῖ
807 2642 854 2668 τὸν
881 2642 937 2668 Πα-

145 2685 227 2720 τέρα·
243 2684 316 2711 οὖτω
341 2684 388 2711 καὶ
413 2685 426 2710 ὀ
452 2683 544 2715 δοῦλος
565 2683 666 2719 μεταξὺ
683 2683 738 2710 τῶν
762 2683 936 2716 λιθαζόντων,

147 2726 312 2762 βαλλόμενος
327 2725 379 2752 ὑπὸ
395 2725 504 2762 πάντων
517 2744 525 2755 .
548 2724 692 2760 δεχόμενος
713 2725 763 2757 τὰς
778 2725 858 2760 βολὰς
885 2726 939 2752 τῶν

147 2768 240 2799 λίθων,
248 2767 297 2805 καὶ
310 2767 361 2800 τὰς
373 2766 468 2798 ὀδύνας
479 2766 528 2798 τὰς
539 2767 572 2793 ὲκ
580 2766 681 2793 τούτων
694 2767 841 2802 γινομένας
849 2768 938 2802 ἀφεὶς,

148 2809 225 2844 ἔλεγε
232 2818 240 2825 ·
249 2810 348 2844 Κύριε,
354 2809 397 2844 μὴ
408 2809 529 2844 στήσῃς
539 2807 642 2841 αὐτοῖς
650 2807 707 2842 τὴν
714 2808 861 2844 ἁμαρτίαν
871 2810 941 2838 ταύ-

149 2860 215 2884 την.
231 2850 309 2883 Εἶδες
325 2851 385 2883 πῶς
399 2851 578 2884 διαλέγεταιό
593 2849 674 2883 Υἱόςς
695 2848 763 2883 εῐδες
778 2851 838 2883 πῶς
852 2851 941 2879 δέεται

150 2893 288 2927 ιδ’)ὓλοςς
311 2893 429 2925 Ἐκεῖνός
451 2899 529 2928 φησι·
556 2892 664 2926 Πάτερ,
682 2892 755 2926 ἄφες
767 2893 868 2927 αὐτοῖς
886 2893 943 2927 τὴν

617 156 660 184 DE
679 155 794 184 CRUCE
813 154 857 182 ET
875 152 1045 181 LATRONE.
1071 153 1187 182 ΙΙΟΜΙΙ..
1209 154 1228 182 Ι.

1715 155 1767 184 606

980 213 1127 247 ἁμαρτίαν
1141 215 1254 247 ταύτην
1266 222 1271 228 ·
1286 215 1321 240 οὺ
1335 214 1387 248 γὰρ
1396 214 1497 241 οἴδασι
1506 215 1534 241 τί
1549 215 1688 242 ποιοῦσιν
1702 224 1708 230 ·
1721 213 1767 243 οὒ-

978 263 1023 286 τος
1036 255 1064 281 δέ
1079 264 1156 291 φησι·
1168 256 1267 289 Κύριε,
1280 255 1323 289 μὴ
1335 255 1455 290 στήσῃς
1476 256 1578 290 αὐτοῖς
1594 256 1651 291 τὴν
1672 257 1766 292 ἀμαρ-

979 297 1048 323 τίαν
1065 297 1185 331 ταύτην.
1201 297 1256 324 Καὶ
1268 297 1311 324 ἴνα
1326 297 1415 332 μάθῃς
1427 298 1469 324 ὅτι
1480 297 1549 333 μετὰ
1562 299 1678 334 σπουδῆς
1691 299 1767 334 εὔχε-

977 346 1034 369 ται,
1048 338 1098 373 ούχ
1121 337 1215 370 ἁπλῶς
1232 337 1341 373 εὔχεται
1369 337 1454 371 ἑστὼς
1477 339 1524 366 καὶ
1541 332 1780 376 καταλευῦμενοι-,κυ
1794 359 1800 363 -

978 380 1046 407 ἀλλὰ
1061 380 1118 412 θεὶς
1133 380 1167 407 τὰ
1194 380 1295 415 γόνατα
1319 378 1380 408 εἷπε
1398 381 1466 416 μετὰ
1488 382 1670 415 κατανύξεως,
1698 383 1768 419 μετὰ

977 421 1078 456 πολλῆς
1096 422 1278 457 συμπαθείας.
1293 422 1388 449 Βούλει
1404 431 1445 449 σοι
1455 423 1534 456 δείξω
1550 424 1597 450 καὶ
1609 424 1689 451 ἄλλον
1704 425 1767 452 σύν-

976 463 1069 490 δουλον
1087 463 1178 499 πολλῷ
1193 464 1303 500 μείζονα
1328 465 1432 492 ἐκείνου
1452 465 1587 497 παθόντας
1610 466 1640 494 '0
1663 467 1768 498 Παῦλός

979 513 1072 540 φησιν·
1098 505 1172 532 ’Υπὸ
1198 506 1351 533 Ἰουδαίων
1368 507 1431 540 τρὶς
1457 506 1666 541 ὲρῤαόδίσθην,
1687 507 1767 541 ἅπαξ

978 546 1156 581 ἐλιθάσθην,
1177 547 1367 582 νυχθήμερον
1384 548 1420 574 ἐν
1441 548 1481 580 τῷ
1495 548 1582 581 βυθῷ
1607 550 1768 584 πεποίηκα.

979 588 1011 614 Τί
1022 586 1069 615 οὖν
1082 588 1150 624 μετὰ
1169 588 1254 615 ταῦτα
1264 598 1272 622 ;
1282 589 1436 624 Ηύχόμην,
1451 589 1544 625 φησὶν,
1562 590 1654 624 αὐτὸς
1662 590 1769 618 ἀνώθει

975 638 1018 665 μα
1031 628 1105 657 εἶναι
1120 630 1196 664 ὑπὲρ
1211 630 1272 658 τῶν
1286 630 1426 665 ἀδελφῶν
1446 640 1517 666 μου,
1533 631 1594 659 τῶν
1615 634 1768 668 συγγενῶν

976 681 1036 706 μου
1051 672 1126 699 κατὰ
1143 672 1250 706 σάρκα.
1265 672 1358 704 Θέλεις
1374 674 1420 700 καὶ
1435 673 1514 700 ἄλλον
1537 674 1612 711 [MO]
1632 676 1706 708 ἰδεῖν,
1719 677 1770 703 οὐκ

979 713 1033 740 ἀπὸ
1044 715 1092 749 τῆς
1108 715 1222 750 Καινῆς,
1233 714 1289 741 ἀλλ’
1306 715 1360 742 ἀπὸ
1378 716 1427 750 τῆς
1447 715 1586 749 Παλαιᾶς;
1608 717 1694 744 Τοῦτο
1716 719 1770 754 γάρ

979 755 1038 781 ἐστι
1056 755 1172 790 μάλιστα
1186 756 1216 782 τὸ
1232 756 1399 792 θαυμαστὴν,
1417 757 1458 783 ὅτι
1472 758 1539 784 ὅπου
1552 758 1602 785 οὑκ
1615 759 1771 786 ἐκελεύοντο

979 797 1042 828 τοὺς
1057 797 1172 832 ἐχθροὺς
1196 798 1294 832 φιλεῖν,
1321 798 1378 825 ἀλλ’
1398 799 1536 835 ὀφθαλμὸν
1552 801 1696 828 ἐκκόπτειν
1712 802 1771 828 ἀντ’

979 839 1131 874 ὀφθαλμοῦ,
1146 841 1194 867 καὶ
1222 841 1316 867 ὀδόντα
1339 841 1399 867 ἀντὶ
1423 841 1538 875 ὀδόντος,
1557 843 1605 869 καὶ
1631 844 1687 874 τοῖς
1704 843 1771 875 ῐσοις

979 881 1150 916 ἀμείψασθαι
1165 883 1271 919 κακοῖς,
1284 883 1352 918 πρὸς
1365 884 1546 920 ἁποστολικὴν
1561 884 1683 918 ἔφθασαν
1698 885 1771 920 φιλο-

981 923 1086 957 σοφίαν.
1098 924 1231 950 Ἀκουσον
1241 924 1267 950 τί
1278 933 1360 960 φησιν
1374 926 1389 951 ὀ
1400 925 1530 961 Μωῦσῆς,
1543 926 1557 952 ὀ
1569 924 1707 959 λιθασθεὶς
1719 927 1772 953 ὑπὸ

979 965 1033 992 τῶν
1053 966 1186 993 Ἰουδαίων
1201 966 1342 999 πολλάκις,
1359 967 1407 994 καὶ
1421 967 1640 1004 καταφρονηθεὶς
1659 969 1704 995 ὑπ’
1721 969 1771 996 αὑ-

980 1007 1048 1034 τῶν·
1065 1008 1100 1036 Εἰ
1108 1007 1167 1042 μὲν
1179 1007 1273 1042 ἀφίης
1284 1008 1386 1041 αὐτοῖς
1395 1008 1450 1043 τὴν
1464 1010 1623 1043 ἁμαρτίαν,
1634 1010 1710 1045 ἄφες
1721 1019 1728 1026 '
1745 1012 1773 1038 sl

979 1049 1013 1075 δὲ
1024 1048 1078 1083 μὴ,
1096 1049 1172 1084 κάμὲ
1188 1049 1353 1085 ἐξὰνίειψον
1370 1050 1403 1077 ἐκ
1425 1050 1480 1085 τῆς
1499 1051 1611 1083 βίϐλου
1630 1049 1668 1087 ἧς
1684 1053 1772 1088 ἐτρα-

981 1091 1052 1124 ψας.
1077 1090 1158 1126 Ὁρᾷς
1173 1091 1288 1118 ἕκαστον
1299 1091 1348 1127 τὴν
1364 1092 1419 1118 τῶν
1441 1092 1530 1119 ἄλλων
1548 1093 1698 1127 ἀσφάλειαν
1719 1095 1773 1130 πρὸ

980 1132 1029 1168 τῆς
1056 1132 1158 1164 οἰκείας
1179 1133 1314 1169 σωτηρίας
1331 1134 1489 1169 τιθέμενονς
1518 1135 1602 1162 Οὐδὲν
1630 1137 1770 1172 ἥμαρτες·

982 1174 1028 1200 καὶ
1038 1174 1063 1200 τί
1082 1174 1172 1209 βούλει
1185 1175 1348 1211 κοινωνῆσαι
1364 1176 1456 1207 αὐτοῖς
1471 1176 1522 1211 τῆς
1543 1177 1694 1213 τιμωρίας
1711 1179 1772 1205 Ὅτι

981 1217 1011 1243 οὐ
1028 1217 1129 1252 σφόδρα
1143 1217 1318 1253 αἰσθάνομαι,
1330 1218 1407 1253 φησὶ,
1422 1219 1472 1253 τῆς
1485 1218 1649 1255 εὐπραγίας,
1670 1220 1772 1256 ἐτέρων

981 1257 1143 1293 πασχόντων
1156 1258 1259 1290 κακῶς.
1281 1259 1380 1295 Ἤρκει
1403 1259 1452 1294 μὲν
1470 1257 1516 1286 οὖν
1535 1260 1583 1287 καὶ
1605 1260 1692 1288 ταῦτα
1707 1262 1772 1297 ἡμῖν

981 1299 1015 1326 τὰ
1024 1300 1232 1336 παραδείγματα
1246 1310 1251 1316 ·
1267 1301 1310 1327 ἵνα
1321 1301 1349 1327 δὲ
1358 1302 1390 1328 ὲκ
1405 1302 1564 1337 περιουσίας
1579 1302 1772 1339 διορθὼσωμεν

981 1343 1110 1374 ἑαυτοὺς,
1128 1343 1175 1368 καὶ
1192 1342 1285 1378 ἕτερον
1297 1342 1331 1369 τὰ
1344 1343 1414 1369 αὐτὰ
1429 1343 1626 1378 φιλοσοφοῦντα
1641 1345 1772 1381 πειράσο-

983 1394 1033 1420 μαι
1047 1391 1071 1412 ι.
1100 1385 1155 1412 Καὶ
1182 1385 1237 1420 γὰρ
1265 1385 1279 1411 ὁ
1299 1384 1391 1418 Δαυϊδ,
1406 1386 1420 1412 ὁ
1444 1386 1580 1421 μακάριος
1602 1388 1705 1420 ἐκεῖνος
1725 1390 1773 1416 καὶ

982 1427 1078 1462 πρᾶος,
1090 1426 1137 1452 τοῦ
1151 1425 1332 1462 στρατοπέδου
1345 1427 1447 1459 παντὸς
1459 1429 1711 1462 κατεξαναστάντος
1726 1430 1773 1457 αὺ-

980 1467 1039 1499 τοῦ,
1055 1467 1102 1494 καὶ
1114 1468 1160 1494 τὸν
1174 1468 1232 1494 υἱον
1245 1467 1461 1501 καθοπλίσαντος
1472 1469 1518 1496 τὸν
1539 1470 1710 1506 Ἀϐεσαλὼμ,
1726 1473 1774 1499 καὶ

980 1509 1144 1545 ἐπιθεμένου
1155 1511 1187 1545 τῇ
1201 1510 1350 1546 τυραννίδι,
1363 1510 1409 1537 καὶ
1420 1510 1597 1546 βουληθέντος
1611 1512 1693 1540 αὑτὸν
1705 1514 1774 1549 σφά-

982 1551 1037 1584 ξαι,
1052 1549 1112 1578 εἶτα
1127 1551 1174 1578 τοῦ
1183 1551 1252 1584 ,Θεοῦ
1270 1552 1314 1578 διὰ
1326 1551 1406 1578 τοῦτο
1417 1552 1633 1588 παροξυνθέντος
1649 1554 1697 1589 (τί
1718 1555 1773 1591 γάρ

980 1594 1006 1620 εί
1019 1593 1068 1620 καὶ
1079 1593 1216 1629 πρόφασιν
1233 1593 1330 1629 ἑτέραν
1342 1593 1462 1627 ἐπέθηκε
1472 1595 1505 1630 τῇ
1519 1596 1612 1632 σφαγῇ
1620 1595 1644 1632 ς)¹
1667 1596 1715 1622 καὶ
1727 1597 1773 1634 τὸν

981 1635 1098 1670 ἄγγελον
1115 1635 1275 1671 πέμψαντος
1293 1636 1432 1671 ῥομφαίαν
1445 1637 1636 1673 ἐσπασμένον,
1661 1638 1710 1674 καὶ
1725 1639 1773 1674 τήν

981 1677 1091 1713 πληγὴν
1116 1676 1284 1712 ἐπιφέροντα
1314 1677 1440 1710 ἀνωθεν,
1473 1678 1546 1714 ὀρῶν
1571 1672 1774 1717 ἀπολλυμένους

982 1719 1116 1752 ἅπαντας,
1126 1719 1154 1746 τί
1169 1728 1253 1755 φησιν
1265 1727 1273 1753 ;
1295 1720 1371 1755 Ἐγὼ
1381 1722 1398 1747 ὁ
1409 1720 1523 1755 ποιμὴν
1534 1721 1677 1756 ἥμαρτον,
1693 1723 1775 1757 κάγὼ

983 1761 1123 1795 ὀποιμὴν
1138 1761 1356 1795 ἐκακοποίησα.
1382 1762 1521 1794 Γενέσθω
1539 1763 1585 1801 ἐπ’
1606 1763 1658 1801 ἐμὲ
1675 1764 1694 1795 ἡ
1709 1765 1775 1798 χείρ

982 1811 1052 1835 σου,
1066 1802 1116 1830 καὶ
1127 1803 1177 1830 ἐπὶ
1189 1804 1244 1831 τὸν
1256 1801 1342 1830 οἶκον
1354 1803 1408 1831 τοῦ
1415 1805 1526 1838 πατρός
1538 1799 1608 1844 μου.
1626 1799 1707 1841 Ὁρᾷς
1721 1807 1774 1832 πά-

982 1845 1024 1871 λιν
1043 1845 1163 1880 συγγενῆ
1178 1845 1211 1871 τὰ
1228 1845 1448 1884 κατορθώματα;
1467 1846 1560 1881 Βούλει
1577 1856 1619 1874 σοι
1632 1847 1711 1880 δείξω
1728 1849 1775 1875 καὶ

983 1888 1079 1920 ἄλλον;
1096 1888 1158 1915 οὐδὲ
1174 1888 1229 1923 γὰρ
1241 1888 1336 1924 ἐτέρου
1356 1888 1390 1916 τὰ
1404 1888 1475 1926 αὺτέι
1488 1889 1700 1924 φιλοσοφοῦντος
1712 1891 1775 1917 ἀπο-

986 1931 1116 1965 ρήσομεν.
1131 1929 1259 1966 Σαμουὴλ
1269 1931 1283 1957 ὁ
1297 1932 1442 1967 προφήτης
1455 1932 1559 1963 ἐκεῖνος
1574 1931 1691 1967 ὑϐρίσθη
1699 1933 1776 1968 παρὰ

984 1972 1037 1999 τῶν
1057 1971 1204 2004 Ἰουδαίων,
1218 1972 1463 2008 ἀπεχειροτονήθη,
1478 1972 1619 2009 ὴτιμάσθη
1627 1972 1724 2006 οὕτως,
1737 1974 1776 2006 ὡς

984 2014 1029 2040 τὸν
1045 2013 1111 2040 Θεὸν
1121 2013 1234 2050 θελῆσαι
1246 2006 1328 2040 αὑτὸν
1339 2006 1592 2052 παραμυθήσασθαι
1605 2006 1654 2042 καὶ
1670 2016 1758 2042 εἰπεῖν
1767 2024 1775 2031 ·

986 2056 1027 2082 Οὐ
1040 2055 1078 2082 σὲ
1091 2055 1330 2088 ἐξουθενήκασιν
1342 2076 1350 2088 ,
1367 2055 1437 2082 ἀλλ’
1451 2055 1513 2090 ἐμέ.
1528 2056 1561 2094 Τί
1583 2054 1629 2083 οὖν
1644 2057 1748 2089 ἐκεῖνος
1762 2059 1777 2084 ὀ

984 2097 1183 2131 ἐξουθενηθεὶς,
1198 2098 1212 2124 ὁ
1224 2097 1378 2133 ὑϐρισθείς
1394 2097 1476 2132 Ἐμοὶ
1488 2096 1523 2123 δὲ
1534 2097 1578 2132 μὴ
1589 2098 1716 2133 γένοιτο,
1728 2108 1778 2135 φη-

986 2141 1039 2171 σὶν.
1050 2140 1190 2175 ἁμαρτεῖν
1199 2139 1305 2172 οὕτως,
1316 2139 1358 2174 ὡς
1371 2139 1520 2167 διαλιπεῖν
1530 2142 1777 2176 προσευχόμενον

984 2181 1062 2217 ὑπὲρ
1078 2181 1163 2216 ὑμῶν
1183 2181 1224 2214 τῷ
1240 2181 1350 2216 Κυρίῳ.
1376 2180 1529 2217 Ἀμαρτίαν
1542 2181 1670 2217 ἐνόμισεν
1693 2180 1776 2214 εἶναι,

984 2224 1016 2251 τὸ
1035 2223 1073 2259 μὴ
1088 2222 1289 2259 προσεύχεσθαι
1308 2222 1379 2259 ὑπὲρ
1395 2222 1451 2250 τῶν
1479 2222 1596 2259 ἐχθρῶν.
1610 2223 1657 2260 Μὴ
1670 2224 1778 2259 γένοιτο

986 2266 1041 2301 γάρ
1056 2274 1100 2302 μοι
1114 2266 1247 2303 ἁμαρτεῖν
1260 2265 1363 2297 οὕτως,
1379 2265 1418 2297 ὡς
1434 2264 1473 2301 μὴ
1489 2266 1691 2302 προσεύχεσθαι
1706 2267 1777 2303 ὑπὲρ

986 2307 1073 2342 ὑμῶν.
1091 2307 1121 2333 Ὀ
1136 2301 1253 2342 Χριστδς
1276 2306 1362 2341 λέγει·
1380 2306 1486 2342 Πάτερ,
1512 2306 1588 2343 ἄφες
1605 2301 1708 2342 αὐτοῖς
1720 2301 1778 2343 τὴν

985 2350 1133 2384 ἁμαρτίαν
1144 2356 1151 2362 ·
1167 2349 1203 2376 οὐ
1211 2348 1378 2383 γὰρρῖδασι
1389 2350 1416 2376 τί
1429 2349 1581 2377 ποιοῦσιν.
1599 2350 1629 2378 '0
1641 2350 1778 2386 Στέφανος

987 2391 1071 2426 λέγει’
1081 2392 1179 2425 Κύριε,
1187 2391 1230 2425 μὴ
1241 2391 1361 2425 στήσῃς
1371 2391 1474 2424 αὐτοῖς
1482 2391 1540 2426 τὴν
1550 2392 1697 2427 ἁμαρτίαν
1708 2394 1779 2420 ταύ-

987 2442 1052 2467 την.
1080 2432 1109 2459 Ὀ
1126 2432 1235 2464 Παῦλος
1257 2433 1333 2466 λέγει
1346 2441 1352 2448 ·
1371 2433 1517 2468 Ηύχόμην
1544 2434 1678 2470 ἀνάθεμα
1702 2433 1779 2463 εἶναι

987 2475 1063 2509 ὑπὲρ
1079 2474 1139 2501 τῶν
1152 2474 1292 2509 ἀδελφῶν
1303 2483 1374 2509 μου,
1385 2475 1445 2501 τῶν
1456 2476 1614 2510 συγγενῶν
1625 2476 1703 2504 κατὰ
1710 2477 1780 2511 σάρ-

988 2525 1035 2544 κα.
1062 2517 1092 2544 ’0
1117 2516 1238 2552 Μωῡσῆς
1252 2516 1337 2550 λέγει·
1362 2517 1396 2544 Εἰ
1411 2517 1467 2552 μὲν
1491 2517 1584 2552 ἀφίης
1604 2519 1707 2552 αὐτοῖς
1721 2519 1780 2553 τὴν

988 2559 1144 2594 ἁμαρτίαν,
1155 2559 1244 2594 ἄφες·
1269 2560 1295 2586 εί
1305 2559 1339 2585 δὲ
1347 2559 1401 2594 μὴ,
1414 2559 1491 2594 κάμὲ
1501 2554 1667 2595 ﬁdlem-or
1680 2561 1714 2587 ἐκ
1724 2556 1779 2595 τῆς

985 2602 1098 2634 ,βίϐλου
1115 2599 1154 2636 ἧς
1175 2600 1319 2635 ἔγραψας.
1340 2601 1369 2627 '0
1388 2601 1471 2628 Δαυῖδ
1494 2601 1579 2636 λέγει·
1605 2602 1745 2630 Γενέσθω
1760 2603 1778 2636 ή

989 2643 1054 2678 χείρ
1077 2649 1135 2669 σου
1152 2642 1199 2668 ἐπ’
1214 2642 1267 2677 ἐμὲ
1293 2642 1342 2669 καὶ
1358 2642 1407 2669 ἐπὶ
1423 2642 1478 2670 τὸν
1491 2641 1576 2671 οἷκον
1601 2644 1656 2671 τοῦ
1667 2644 1780 2678 πατρός

987 2695 1056 2721 μου.
1076 2685 1106 2712 Ὁ
1115 2684 1242 2720 Σαμουὴλ
1255 2684 1345 2718 λέγει·
1363 2684 1440 2719 Ἐμοὶ
1456 2685 1490 2711 δὲ
1500 2685 1543 2720 μὴ
1561 2685 1676 2720 γένοιτο
1689 2686 1781 2720 ἀμαρ-

989 2727 1053 2755 τεῖν
1067 2727 1120 2754 τοῦ
1133 2726 1283 2754 διαλιπεῖν
1296 2728 1543 2761 προσευχόμενον
1555 2727 1628 2762 ὑπὲρ
1645 2727 1728 2762 ὑμῶν
1741 2727 1782 2760 τῷ

991 2770 1097 2804 Κυρίῳ.
1116 2769 1200 2801 Ποίας
1215 2766 1262 2795 οὖν
1286 2767 1415 2803 τύχωμεν
1432 2768 1599 2804 συγγνώμης
1612 2788 1618 2800 ,
1644 2769 1706 2796 εἰπέ
1724 2777 1778 2804 μοι,

991 2812 1038 2838 τοῦ
1052 2811 1199 2843 Δεσπότου,
1213 2810 1269 2836 τῶν
1280 2809 1392 2841 δούλων,
1408 2809 1462 2837 τῶν
1473 2811 1527 2837 ἀπὸ
1538 2810 1588 2846 τῆς
1603 2810 1718 2846 Καινῆς,
1727 2810 1782 2836 τῶν

992 2854 1047 2881 ἀπὸ
1063 2853 1113 2888 τῆς
1142 2852 1274 2884 Παλαιᾶς,
1301 2851 1412 2879 πάντων
1431 2853 1507 2887 ἡμᾶς
1523 2852 1666 2880 ὠθούντων
1682 2853 1722 2885 εἰς
1735 2850 1782 2886 τὴν

1025 2897 1036 2911 ³
1050 2896 1123 2921 Forte
1135 2895 1207 2923 δεῖξαι
1217 2895 1370 2926 πειράσομαι.
1384 2894 1458 2920 Savil.
