1978 3131
104 156 149 184 ιοτ
532 184 540 190 .

102 213 148 234 nos
157 211 171 231 e
179 203 310 232 contrario
318 209 411 232 contra
423 204 543 233 inimicos
551 213 691 241 precemur
698 208 711 234 τ
723 208 772 241 Ne,
782 217 884 245 quaeso,

104 249 169 279 neid
186 256 306 284 agamus,
321 249 425 278 fratres.
441 251 544 278 Etenim
559 256 659 287 quanto
671 253 744 287 plura
756 256 888 290 exempla,

103 299 172 323 tanto
185 295 279 328 majus.
291 295 313 322 si
325 303 374 323 eos
401 303 454 324 non
471 296 613 330 imitemur,
629 299 798 334 supplicium.
816 300 888 329 Prae-

104 339 208 367 stantius
217 344 258 366 est
269 348 319 375 pro
332 341 455 375 inimicis,
469 350 546 377 quam
564 351 611 377 pro
625 344 716 371 amicis
728 353 806 373 orare
816 355 823 373 :
835 355 888 374 non

103 386 166 411 enim
181 389 280 412 tantum
305 386 377 420 hinc,
389 392 516 422 quantum
539 389 602 417 inde
624 390 693 417 lucri
717 390 833 419 refertis.
859 392 890 420 Si

96 431 164 458 .rm‘m
176 431 323 464 dilexeritis.
341 433 435 468 inquit,
451 443 502 468 eos,
517 436 560 470 qui
571 444 613 463 vos
625 436 742 472 diligunt,
757 439 822 465 nihil
833 448 889 466 ma-

101 477 138 509 gui
145 477 225 510 futilis
233 485 242 503 :
252 479 343 504 etenim
350 484 374 505 et
382 480 510 514 publicani
518 482 565 507 hoc
575 482 672 516 faciunt
680 482 786 517 (Matth.
794 484 819 511 5.
830 484 887 519 46).

105 521 186 556 Itaque
207 522 231 549 si
243 531 292 557 pro
307 525 399 552 amicis
413 533 522 553 oremus
537 531 647 559 tantum,
663 528 776 556 ethnicis
789 534 816 557 et
837 538 886 564 pu-

102 567 201 593 blicanis
223 569 341 596 nondum
364 571 488 599 meliores
509 572 570 599 facti
594 580 695 600 sumus.
712 575 817 602 Aleum
833 575 886 602 iui—

636 151 680 180 DE
695 152 808 181 CRUCE
827 153 873 183 ET
893 155 1063 186 LATRONE.
1085 158 1199 187 IIOMIL.
1221 160 1254 188 Il.

1680 168 1732 197 ιοες

945 213 1028 240 micas
1042 213 1186 249 diligimus,
1210 215 1266 244 Deo
1290 224 1338 250 pro
1354 217 1468 246 humana
1496 219 1621 249 facultate
1634 222 1736 252 similes

943 259 1084 291 efﬁcimur,
1102 259 1153 294 Qui
1164 261 1241 287 solent
1256 270 1330 288 suum
1343 264 1403 290 oriri
1414 265 1476 299 facit
1485 274 1560 297 super
1571 268 1650 295 malos
1661 274 1683 295 et
1696 271 1735 295 bo—

943 313 1000 338 nos,
1016 309 1039 331 et
1051 305 1114 340 pluit
1124 314 1199 340 super
1209 307 1292 342 justas
1307 312 1328 334 et
1339 308 1447 344 injustas
1462 309 1568 346 (Matth.
1582 313 1608 340 5.
1621 313 1678 348 ἄῦ).
1692 313 1734 341 Si-

944 359 1003 377 mus
1020 352 1098 386 igitur
1111 353 1211 379 similes
1227 353 1312 380 Patris
1328 364 1335 381 :
1350 363 1409 382 nam
1422 355 1521 389 Estote,
1537 358 1631 393 inquit,
1642 361 1736 387 similes

946 395 1031 424 Patris
1043 398 1126 430 uestri,
1138 398 1182 432 qui
1195 399 1221 424 in
1237 399 1305 426 cmlis
1318 404 1362 430 est,
1378 405 1405 426 ut
1417 409 1527 435 regnum
1536 404 1662 431 cmlorum
1672 415 1678 430 1
1688 413 1735 432 1111-

943 441 1018 476 sequi
1033 450 1198 475 mercamur,
1214 444 1297 478 gratia
1311 450 1337 471 et
1354 445 1515 480 benignitate
1532 448 1632 475 Domini
1647 455 1673 477 et
1690 450 1735 477 Dei

943 492 968 513 ct
982 486 1128 515 Salvatoris
1148 490 1232 516 nostri
1244 489 1308 517 Jesu
1330 490 1438 524 Christi,
1455 492 1496 519 cui
1509 492 1593 527 gloria
1606 499 1634 522 et
1648 496 1732 531 impe-

943 533 1010 560 rium
1025 533 1051 560 in
1067 535 1164 562 smcnla
1176 536 1342 563 Steculorum.
1359 537 1454 564 Amen.

105 635 1735 656 Ἢ

100 692 206 714 ORATIO
224 693 254 714 IN
278 694 406 716 CRUCEM
430 696 470 717 ET
491 696 522 717 IN
539 697 777 719 CONFI'ISSIONEM
793 697 959 724 LATRONIS,
977 698 1130 720 περι-1111
1155 700 1185 720 ΙΝ
1209 702 1326 723 SANCTA
1351 704 1390 724 ΕΤ
1412 705 1520 726 MAGNA
1545 706 1735 735 PARASCEVE,

594 748 633 768 ET
655 748 740 774 QUOD
755 748 922 769 OPORTEAT
945 747 1004 768 PRO
1027 749 1160 771 INIMICIS
1180 750 1299 774 011Α11Ε.

747 819 958 847 -ςᾳωθ

321 849 434 869 Ηοιιιιιλ
443 850 474 871 Π.

132 886 155 913 1.
169 886 270 917 Quanta
290 886 362 914 nobis
380 888 444 914 bona
457 887 527 915 Crux
540 887 641 922 a/I'erat.
656 904 693 909 —
713 889 820 917 Festum
836 889 884 916 ho-

99 932 135 960 die
146 933 246 967 :gimus
258 938 287 960 et
301 923 462 962 con‘venlum
472 955 480 967 ,
495 935 637 969 carissimi,
653 937 778 971 quoniam
796 937 885 965 Domi-

98 986 142 1006 nus
163 983 242 1006 losler
252 979 336 1007 clavis
351 984 392 1007 est
406 981 478 1008 cruci
494 980 598 1008 afﬁxus.
612 981 703 1017 Neque
716 983 884 1018 peregrinum

99 1024 139 1051 tibi
161 1024 299 1057 videatur,
321 1024 344 1052 si
357 1033 416 1053 cum
433 1033 477 1053 res
489 1026 582 1054 odiosa
596 1032 623 1054 et
635 1028 782 1055 aversanda
796 1028 884 1060 fuerit.

98 1078 140 1097 nos
159 1072 252 1098 festum
276 1071 349 1099 diem
371 1072 548 1100 celebremus.
574 1072 711 1107 Ejusmodi
733 1074 802 1101 enim
825 1079 887 1101 sunt

98 1125 176 1144 ornata
190 1117 339 1152 spiritualia
353 1138 360 1150 ,
383 1118 517 1146 contraria
537 1118 660 1146 ltuinana:
681 1124 791 1147 naturut.
813 1120 846 1147 Et
859 1125 888 1147 ut

99 1163 144 1190 hoc
166 1163 245 1197 probe
260 1171 409 1199 cognoscas
420 1185 428 1197 ,
450 1171 515 1192 crux
533 1165 605 1199 prius
618 1165 847 1194 condemnationis
860 1171 887 1194 et

98 1209 209 1243 supplicii
232 1217 332 1237 nomen
352 1215 426 1243 erat;
446 1214 474 1237 at
492 1218 564 1238 nunc
579 1218 622 1238 res
636 1216 677 1239 est
689 1212 848 1239 venerabilis
861 1217 887 1239 et

97 1254 129 1280 111-ι
141 1255 281 1282 ille-rabilis.
307 1255 379 1283 Crux
401 1261 480 1283 antea
503 1254 644 1284 dcdcc'oris
657 1261 684 1284 et
703 1265 789 1292 pinna:
802 1265 885 1292 argu-

99 1305 206 1327 nimtum
226 1307 303 1333 erat;
329 1309 400 1328 nime
417 1302 508 1336 gloria:
523 1307 549 1329 ct
573 1302 684 1330 honoris
697 1308 739 1331 est
757 1304 884 1332 occasio:

98 1345 210 1380 auo-tque
224 1353 290 1373 crux
308 1346 341 1373 sit
355 1347 439 1381 gloria
452 1367 460 1377 ,
484 1347 546 1374 audi
570 1347 706 1375 Christum
730 1348 884 1376 (lieentcttt:

106 1389 324 1425 l‘uter,clariﬁca
334 1398 372 1417 me
389 1391 471 1426 gloria
483 1411 491 1422 ,
509 1399 584 1426 quam
607 1392 683 1419 habui
701 1392 772 1427 apud
791 1398 813 1419 te
834 1399 893 1420 ante

104 1436 183 1463 standi
195 1437 400 1463 constitutionem
414 1437 422 1471 (
429 1437 509 1464 Joau.
529 1438 573 1466 17.
585 1437 638 1473 5);
659 1438 770 1473 gloriam
784 1447 889 1467 crucem

104 1483 244 1510 nominans.
260 1482 336 1510 Crux
354 1488 433 1517 caput
447 1488 545 1510 nostra:
559 1483 652 1511 salutis
666 1493 673 1510 :
688 1492 752 1512 crux
771 1484 890 1512 inﬁnito-

103 1536 153 1556 rum
166 1529 297 1556 honorum
317 1533 512 1564 argumentum.
536 1530 648 1564 Propter
671 1530 740 1558 hanc
757 1538 823 1565 nos,
844 1532 889 1566 qui

62 1599 63 1603 η
103 1575 166 1609 prius
184 1575 288 1610 inglorii
310 1580 336 1602 et
349 1575 441 1609 rejecti
462 1583 576 1605 eramus.
591 1576 698 1603 nuncin
714 1576 828 1604 ﬁliorum
844 1585 889 1604 or-

56 1609 59 1619 ,
101 1622 180 1649 dinem
202 1622 304 1655 recepti
326 1629 419 1649 sumus
435 1630 441 1649 :
455 1627 564 1656 propter
583 1621 651 1649 hanc
665 1629 718 1649 non
733 1622 889 1651 oberramus

100 1669 224 1704 amplius,
245 1669 296 1696 sed
316 1669 455 1696 veritatem
475 1669 669 1703 cognovimus:
689 1674 799 1705 propter
820 1670 889 1698 hanc

101 1723 159 1748 nos,
180 1716 223 1751 qui
246 1715 321 1750 prius
339 1715 409 1750 ligna
430 1719 457 1742 et
479 1715 582 1749 lapides
602 1715 797 1749 adorabamus,
818 1724 889 1745 nunc

100 1763 208 1790 omnium
218 1770 311 1790 rerum
320 1760 476 1788 Creatorem
482 1761 657 1795 cognovimus
669 1770 676 1788 :
687 1767 796 1798 propter
807 1763 887 1796 hanc,

99 1809 137 1844 qui
161 1808 228 1836 servi
254 1808 358 1843 peccati
383 1814 508 1838 eramus,
528 1806 561 1834 ad
586 1806 736 1836 libertatem
751 1808 760 1824 ¹
778 1808 888 1843 justith

99 1855 176 1882 evecti
190 1863 284 1882 sumus
299 1864 305 1879 :
322 1859 429 1888 propter
446 1853 514 1879 hanc
530 1857 601 1881 terra
614 1854 709 1881 caelum
733 1854 766 1882 de
787 1860 888 1882 caetero

99 1900 157 1928 facta
168 1907 216 1929 est.
240 1902 305 1928 11ωο
320 1901 354 1928 ab
368 1909 461 1928 errore
474 1909 522 1929 nos
536 1901 670 1933 liberavit,
688 1900 744 1928 lucc
757 1900 790 1928 ad
813 1901 886 1928 veri-

98 1951 171 1976 tatem
185 1948 314 1980 adduxit,
327 1948 384 1975 haec
401 1948 646 1975 reconciliationem
660 1947 707 1974 Dei
720 1955 780 1974 cum
797 1947 886 1975 homi-

98 1995 167 2023 nibus
179 1994 296 2022 instiluit
304 2015 312 2028 ,
328 1994 388 2022 lucc
397 2001 448 2021 nos
457 2001 490 2021 ex
500 1993 631 2028 profundo
645 1993 754 2020 malitia:
766 1998 885 2028 ereptos,

96 2040 120 2068 in
132 2041 328 2075 ipsumvirtutis
338 2040 471 2075 fastigium
486 2039 595 2072 eduxit;
615 2039 672 2067 haec
686 2047 806 2067 errorem
828 2039 885 2066 dm-

97 2094 195 2116 monum
207 2088 348 2121 exstinxit,
364 2087 422 2114 haec
434 2087 620 2122 deceptionem
633 2094 649 2114 e
663 2087 752 2114 medio
764 2087 884 2114 sustulit.

97 2133 198 2168 Propter
206 2134 277 2161 hanc
287 2142 339 2161 non
349 2139 391 2162 est
400 2134 514 2168 amplius
523 2134 609 2160 fumus
615 2137 642 2161 et
650 2133 737 2166 nidor,
748 2136 775 2160 et
783 2133 885 2168 sangui-

96 2180 132 2206 nis
141 2180 206 2207 bruti
216 2180 330 2212 effusio;
344 2179 392 2207 sed
402 2179 500 2214 ubique
510 2179 596 2207 cultus
606 2179 766 2213 spirituales,
780 2179 882 2215 hymni,

96 2226 193 2258 laudes,
206 2232 234 2254 et
256 2227 428 2262 precationes
448 2226 590 2253 visuntur:
607 2229 717 2260 propter
739 2225 808 2253 hanc
826 2226 883 2252 11111-

96 2279 178 2300 mones
193 2272 308 2308 fugiunt,
324 2271 500 2306 diabolusque
515 2271 669 2306 proﬁigatur
679 2280 686 2298 :
697 2276 804 2306 propter
814 2271 884 2299 hanc

96 2317 198 2345 humana
214 2324 310 2346 natura
324 2326 384 2345 cum
394 2318 512 2353 angelica
530 2317 636 2345 vivendi
651 2317 755 2345 ratione
768 2323 882 2345 conten-

99 2354 151 2384 dit:
166 2363 276 2393 prepter
299 2359 367 2390 hanc
383 2361 522 2396 virginitas
538 2362 563 2389 in
586 2363 664 2390 terris
688 2369 820 2391 versatur.
848 2364 886 2391 lix

99 2409 146 2436 quo
164 2403 232 2431 enim
255 2412 290 2432 ex
306 2405 414 2441 \‘irgine
430 2407 474 2434 ille
488 2408 585 2442 prodiit
597 2429 604 2441 ,
627 2410 752 2444 cognovit
770 2410 887 2437 humana

101 2452 184 2476 natura
198 2449 306 2478 virtutis
326 2451 405 2486 hujus
426 2452 508 2480 viam.
532 2453 595 2482 "me
610 2462 660 2482 nos
673 2455 699 2482 in
714 2456 830 2483 tenebris
845 2464 887 2484 sc-

99 2492 184 2521 dcntes
197 2495 374 2530 illuminavit;
396 2497 455 2526 haec
471 2506 520 2526 nos
534 2506 699 2535 expugnatos
720 2505 748 2528 et
766 2501 886 2529 debella-

100 2543 137 2567 tos
150 2540 286 2576 liberavit;
304 2543 363 2571 hmc
376 2552 435 2576 nos,
450 2545 496 2580 qui
510 2547 603 2581 procul
615 2547 768 2580 aberamus,
785 2549 887 2576 vicinos

99 2591 153 2613 esse
165 2585 241 2620 fecit;
259 2588 316 2616 haec
327 2596 376 2617 nos
386 2590 551 2619 abalienatos
560 2592 721 2620 domesticos
733 2593 811 2626 fecit;
830 2594 888 2624 liazc

100 2637 143 2658 nos
156 2635 309 2668 peregrinos
322 2635 406 2664 factos
420 2637 477 2664 cadi
493 2638 564 2666 cives
578 2639 730 2672 constituit;
743 2641 800 2668 lucc
812 2641 887 2668 nobis

100 2676 160 2704 bella
176 2680 299 2714 sustulit,
327 2682 400 2716 pacis
424 2684 555 2712 securitas
577 2684 672 2712 effecta
694 2690 745 2713 est.
776 2686 887 2720 Propter

88 2713 161 2751 Δ111116
175 2733 225 2752 non
244 2713 420 2756 formidamus
433 2731 546 2765 amplius
562 2732 643 2767 ignita
663 2732 761 2760 diaboli
778 2713 885 2768 jacula;

108 2774 153 2798 tam
168 2772 226 2800 viae
251 2774 352 2802 fontem
371 2776 520 2805 invenimus
536 2787 543 2806 :
563 2784 674 2814 propter
692 2780 761 2808 hanc
772 2788 826 2808 non
841 2788 886 2808 su-

129 2871 135 2885 '
151 2874 209 2898 savii
231 2881 255 2900 tu
268 2877 388 2908 margine.
400 2879 434 2903 ad
444 2885 570 2904 summum.

960 832 1076 839 ἡ.

945 900 1005 919 mus
1019 892 1043 920 in
1058 893 1204 927 viduitate;
1221 903 1348 930 sponsum
1363 898 1433 925 enim
1448 900 1596 934 recepimus
1608 909 1614 926 :
1627 907 1736 936 propter

939 938 1008 967 hanc
1026 948 1078 967 non
1094 941 1217 969 timemus
1229 944 1344 977 amplius
1360 945 1469 979 lupum;
1493 954 1554 974 nam
1570 947 1668 974 bonum
1685 956 1733 982 pa-

939 989 1038 1013 storem
1052 987 1226 1021 agnovimus:
1242 988 1306 1016 dicit
1317 990 1389 1016 enim
1400 1011 1407 1021 .
1422 990 1478 1026 Ego
1492 1001 1547 1019 sum
1563 998 1648 1027 pastor
1656 994 1736 1020 bonus

941 1030 1029 1067 (Ioau.
1045 1032 1088 1060 10.
1105 1033 1158 1065 11).
1183 1033 1296 1069 Propter
1314 1035 1383 1062 hanc
1397 1044 1448 1064 non
1469 1038 1608 1065 horremus
1622 1040 1736 1074 amplius

941 1081 1099 1112 tyrannum;
1121 1078 1153 1105 ail
1170 1079 1269 1114 llegcm
1281 1081 1350 1107 enim
1365 1082 1540 1110 accnrrinms.
1558 1084 1638 1111 \‘ides
1651 1092 1736 1119 quan-

941 1127 1026 1150 lorum
1049 1123 1178 1152 bonorum
1198 1133 1263 1152 crux
1287 1127 1322 1154 sit
1343 1128 1419 1155 nobis
1443 1129 1545 1156 causa?
1568 1130 1632 1158 .Iurc
1657 1131 1736 1165 igitur

940 1168 1010 1195 diem
1024 1169 1119 1197 festum
1140 1170 1255 1205 agimus.
1280 1172 1324 1199 Sic
1335 1177 1362 1200 et
1377 1173 1473 1201 Paulus
1488 1180 1578 1202 monet.
1593 1180 1621 1202 ut
1633 1175 1735 1203 festivi-

941 1218 1021 1241 tatem
1042 1223 1152 1250 agamus
1175 1217 1216 1244 his
1234 1218 1344 1245 verbis:
1370 1218 1460 1254 Itaque
1484 1221 1618 1256 ferientur,
1641 1231 1691 1249 non
1709 1222 1735 1249 in

939 1261 1061 1294 fornicata
1073 1261 1162 1293 reteri,
1179 1270 1258 1297 neque
1277 1263 1302 1290 in
1322 1265 1444 1299 fermento
1458 1266 1561 1293 malitite
1574 1272 1596 1294 et
1607 1268 1734 1301 uequitia’,

938 1304 982 1331 sed
993 1306 1017 1331 iu
1036 1307 1132 1340 azymis
1148 1307 1298 1335 sinteritatis
1316 1315 1339 1336 et
1353 1310 1462 1337 veritatis
1482 1312 1519 1347 (I.
1531 1312 1590 1339 Cor.
1607 1313 1633 1340 5.
1646 1313 1686 1347 8).
1703 1314 1736 1341 Et

938 1351 1013 1386 cujus
1026 1352 1109 1386 gratia
1127 1361 1175 1381 nos
1190 1353 1260 1381 diem
1274 1355 1370 1382 festum
1386 1364 1466 1392 agerc
1481 1359 1612 1393 prmi-ipis,
1628 1367 1644 1385 o
1658 1359 1735 1387 beate

940 1396 1039 1424 I‘aulc?
1051 1398 1170 1433 Agedum
1184 1407 1292 1427 causam
1307 1401 1404 1428 indica.
1426 1403 1490 1436 Quia
1505 1403 1605 1430 Pascha
1620 1410 1734 1432 nostrum

938 1452 984 1478 pro
1003 1444 1073 1472 nobis
1092 1445 1235 1473 immolatus
1272 1451 1311 1473 est
1336 1445 1458 1474 Christus
1486 1448 1555 1475 Deus
1579 1446 1672 1484 (Ibid.
1686 1451 1729 1478 7,.

939 1489 1019 1517 \‘ides
1041 1491 1176 1525 quomodo
1197 1500 1262 1520 crux
1285 1494 1319 1520 sit
1339 1494 1415 1522 nobis
1440 1494 1556 1523 festum?
1580 1497 1734 1525 iutelleviuti

937 1536 1007 1570 quod
1027 1542 1135 1571 propter
1144 1545 1251 1565 crucem
1267 1547 1316 1566 nos
1331 1539 1427 1567 festum
1441 1540 1579 1568 celebrare
1594 1542 1688 1576 jubet?
1703 1542 1730 1570 In

937 1588 1017 1609 cruce
1031 1582 1102 1610 enirn
1123 1583 1228 1611 oblatus
1241 1589 1298 1615 est:
1315 1585 1359 1611 ubi
1376 1593 1439 1613 vero
1454 1587 1615 1614 sacriﬁcium
1629 1609 1636 1620 ,
1660 1588 1696 1615 ibi
1707 1593 1734 1615 et

938 1633 1106 1662 peccatorum
1128 1629 1269 1662 remissio,
1293 1631 1327 1657 1111
1353 1632 1536 1659 reconciliatio
1554 1633 1676 1666 1)(11111111,
1699 1634 1734 1661 ibi

939 1672 1034 1701 festum
1049 1678 1076 1701 ct
1085 1674 1223 1709 gaudium.
1242 1675 1341 1703 l’asrhu
1354 1683 1478 1708 nostrum.
1496 1678 1592 1713 inquit,
1608 1687 1653 1714 pro
1664 1679 1735 1706 nobis

937 1719 1081 1747 immolatus
1095 1726 1130 1747 est
1143 1721 1268 1749 Christus.
1286 1722 1334 1749 L'Iii
1351 1723 1501 1750 immolatus
1512 1729 1553 1751 est
1563 1725 1574 1751 ?
1586 1723 1613 1751 In
1628 1725 1734 1752 excelsa

937 1772 1026 1792 cruce.
1050 1765 1151 1793 Novum
1165 1772 1192 1794 et
1209 1768 1377 1803 peregrinum
1395 1769 1494 1802 altare,
1518 1778 1579 1797 eum
1597 1779 1694 1797 rrwum
1708 1777 1736 1799 et

939 1811 1093 1839 inusitatunt
1115 1813 1194 1840 fuerit
1211 1815 1383 1842 sacriﬁcium.
1408 1815 1478 1843 Idem
1492 1821 1520 1844 et
1532 1817 1691 1845 sacriﬁcium
1707 1821 1736 1846 et

937 1858 1063 1885 sacerdos
1073 1864 1129 1886 erat
1140 1880 1147 1891 ,
1161 1860 1322 1887 sacriﬁcium
1338 1861 1486 1889 secundum
1501 1869 1609 1890 carnem
1620 1884 1629 1896 ,
1645 1871 1735 1890 sacer-

937 1903 986 1932 dos
998 1905 1145 1933 scentulum
1160 1905 1300 1941 spiritum;
1322 1907 1392 1934 idem
1407 1908 1556 1936 inunolavit
1565 1914 1593 1936 ct
1611 1909 1734 1936 immola-

939 1950 1026 1978 halnr.
1048 1951 1116 1979 Audi
1140 1951 1236 1979 itcrmn
1260 1952 1371 1980 Paulum
1393 1954 1548 1981 dicentem:
1565 1954 1654 1981 Omnis
1668 1955 1733 1981 enim

939 1997 1053 2031 pontifex
1064 2005 1095 2024 ea:
1108 1998 1251 2025 hominibus
1265 2005 1410 2033 assumptus
1419 2021 1426 2032 ,
1439 2008 1485 2034 pro
1508 2000 1649 2027 hominibus
1672 2009 1734 2027 con-

938 2042 1049 2069 stituitur
1065 2043 1091 2070 in
1105 2044 1145 2070 his
1157 2051 1214 2077 qua:
1225 2050 1284 2071 sunt
1296 2045 1330 2071 ad
1344 2044 1424 2072 Deum
1441 2044 1519 2081 (lleb.
1534 2045 1560 2072 5.
1578 2045 1602 2072 Ι.
1615 2050 1639 2072 et
1652 2047 1678 2073 8.
1695 2046 1734 2080 3).

941 2087 1016 2116 Unde
1038 2096 1149 2116 necesse
1161 2094 1202 2116 est
1219 2094 1245 2117 ct
1260 2089 1330 2118 hunc
1351 2090 1449 2118 habere
1464 2091 1563 2125 aliquid
1583 2091 1655 2126 quod
1669 2091 1734 2118 olfe-

939 2138 989 2161 mt.
1011 2134 1080 2162 Ecce
1094 2135 1211 2169 seipsunt
1227 2136 1315 2162 oll‘ert.
1337 2135 1407 2162 Alibi
1421 2143 1486 2163 vero
1501 2136 1597 2163 iterum
1617 2137 1654 2163 ait
1667 2146 1674 2164 :
1689 2137 1735 2164 Sic

938 2185 961 2207 ct
972 2180 1086 2208 Christus
1105 2181 1182 2208 semel
1202 2181 1300 2208 oblatus
1311 2187 1347 2209 est
1360 2183 1393 2208 ad
1412 2182 1550 2209 multorum
1562 2183 1735 2211 exhauriendo

939 2232 1042 2262 proruta
1057 2223 1153 2259 (Hebr.
1160 2228 1186 2255 9.
1193 2227 1249 2263 28).
1257 2228 1328 2257 Ecce
1334 2229 1490 2256 hicoblatus
1497 2231 1548 2260 est,
1561 2228 1597 2255 ibi
1610 2229 1727 2264 seipsnm

939 2273 1043 2300 obtulit.
1056 2273 1158 2304 \‘idisti.
1170 2274 1305 2308 quomodo
1314 2273 1383 2301 idem
1397 2274 1558 2302 sacriﬁcium
1567 2282 1613 2302 seu
1625 2275 1732 2303 victima

938 2324 966 2346 ct
979 2319 1104 2346 sacerdos
1119 2319 1218 2346 fuerit:
1237 2323 1265 2346 ct
1278 2327 1344 2347 crux
1365 2325 1423 2346 erat
1442 2320 1536 2348 altare.
1561 2320 1613 2348 Sed
1629 2320 1732 2356 disqui-

939 2366 1052 2393 rendum
1068 2371 1118 2399 est,
1135 2375 1182 2393 cur
1197 2375 1251 2394 non
1268 2367 1293 2393 in
1307 2367 1406 2401 templo
1420 2367 1581 2394 sacriﬁcium
1594 2368 1732 2402 oll‘eratur,

939 2413 966 2440 in
980 2413 1096 2448 templo,
1116 2414 1226 2448 inquam
1240 2435 1247 2446 ,
1270 2413 1396 2445 Jndaico,
1422 2414 1468 2441 sed
1489 2417 1564 2441 extra
1587 2414 1732 2445 civitatem.

939 2463 1014 2486 extra
1025 2460 1134 2487 moenia.
1150 2460 1230 2486 Extra
1244 2459 1378 2487 civitatem
1390 2459 1533 2487 cruciﬁxus
1546 2464 1587 2487 est
1601 2465 1733 2494 tamquam

939 2504 1079 2532 damnatus
1091 2505 1221 2540 quispiam
1235 2510 1261 2532 et
1274 2512 1337 2532 reus
1349 2526 1356 2538 ,
1371 2509 1399 2532 ut
1420 2505 1578 2540 impleretur
1592 2505 1656 2532 illud
1672 2513 1733 2540 pro-

940 2550 1029 2585 pheta:
1051 2551 1151 2578 dictum
1167 2560 1173 2577 :
1189 2551 1224 2578 Et
1245 2559 1303 2578 cum
1326 2551 1420 2585 iniquis
1442 2555 1573 2586 reputatus
1598 2556 1634 2578 est
1651 2550 1732 2587 (Isat.

939 2597 983 2625 55.
1000 2596 1057 2632 te).

976 2643 1059 2670 Extra
1081 2643 1205 2670 civitatem
1221 2651 1268 2670 cur
1291 2651 1380 2679 passus
1400 2643 1526 2670 Christus.
1552 2641 1685 2676 Templum
1699 2645 1736 2668 est

935 2690 993 2726 jam
1010 2695 1062 2716 tota
1081 2695 1158 2717 terra.
1178 2705 1214 2710 -—
1234 2690 1322 2722 Quare
1346 2689 1426 2724 igitur
1451 2692 1526 2716 extra
1549 2688 1684 2715 civitatem
1708 2687 1734 2714 in

939 2737 1012 2766 edito
1027 2738 1095 2770 loco,
1110 2743 1137 2765 et
1150 2745 1202 2765 non
1216 2737 1266 2765 sub
1281 2741 1351 2765 tecto
1362 2737 1507 2772 quopiam?
1517 2735 1574 2764 Non
1587 2736 1646 2763 sine
1655 2742 1735 2762 causa

940 2783 992 2810 hoc
1016 2783 1143 2818 contigit,
1165 2783 1212 2810 sed
1232 2788 1260 2810 ut
1282 2784 1352 2811 aeris
1374 2787 1497 2810 naturam
1512 2785 1659 2817 purgaret:
1675 2781 1736 2808 ideo

940 2831 965 2858 in
981 2830 1087 2858 excelso
1096 2830 1156 2857 loco
1169 2829 1273 2857 oblatus
1290 2834 1332 2857 est
1343 2850 1351 2862 ,
1367 2830 1417 2857 sub
1431 2829 1503 2856 nullo
1516 2833 1597 2861 tecto,
1612 2827 1659 2855 sed
1676 2827 1736 2854 loco

941 2877 1002 2904 tecti
1017 2876 1083 2904 C‘J‘IO
1097 2875 1316 2911 superimposito,
1340 2880 1367 2902 ut
1379 2874 1533 2902 universum
1549 2873 1642 2900 caelum
1658 2880 1735 2899 1111111-
