1976 3130
209 138 259 166 ιοξ)

211 192 318 218 daretur
331 197 381 217 ove
392 190 417 216 in
429 188 536 216 suhlitni
546 189 605 216 loco
616 188 762 215 immolata.
776 188 918 223 Purgatutu
928 188 1006 222 igitur

210 242 251 265 est
264 236 376 265 uelum.
398 240 507 271 purgala
527 239 611 262 terra.
632 235 755 262 Stillahat
768 235 839 261 enim
855 234 963 268 sanguis
975 242 1007 260 ex

209 283 292 309 latere
305 289 387 316 super
399 287 506 313 terram,
521 288 668 314 omnesque
681 280 739 315 ejus
750 280 868 307 maculas
879 285 905 307 et
920 279 1007 314 inqui-

209 332 334 355 namenta
355 327 429 355 eluit.
454 327 488 356 Et
510 327 589 361 hujus
612 326 720 361 quidem
738 326 822 361 gratia
846 325 1007 354 sacrificium

209 374 260 400 hoc
273 373 323 400 sub
338 378 407 400 tecto
418 381 470 401 non
487 373 632 408 peragitur,
648 379 731 407 quare
745 379 809 399 vero
827 379 878 398 nou
905 372 931 398 in
950 372 1008 406 ipso

209 420 310 454 templo
327 418 460 447 Iudaico?
480 418 572 454 Neque
585 418 636 445 hoc
649 423 749 445 temere
761 422 787 445 et
800 417 859 444 sine
871 424 951 444 causa
963 424 1008 443 ac-

207 466 273 494 cidit
288 475 294 492 :
309 466 434 493 videlicet
449 473 482 493 ne
495 465 579 493 Judaei
593 465 644 492 hoc
663 464 823 492 sacriﬁcium
837 464 887 492 sibi
903 467 934 491 ut
948 471 1009 498 pro-

210 513 297 548 prium
313 511 495 544 vindicarent,
511 518 546 539 ne
556 515 664 545 putares
681 518 729 545 pro
742 510 799 537 sola
814 510 858 538 illa
870 514 949 544 gente
963 516 1008 536 sa-

209 559 339 587 crificium
367 559 419 586 hoc
444 558 562 586 oblatum
589 564 650 585 esse
673 566 681 584 :
705 561 847 592 propterea
875 556 905 583 fit
929 560 1005 583 extra

210 606 319 639 inmuia,
332 610 361 632 ut
373 605 471 638 discas,
483 604 608 640 generale
619 610 680 631 esse
694 603 866 634 sacrificium,
883 607 911 629 ut
921 602 1008 628 disras

211 660 259 687 pro
281 653 405 679 universa
429 656 500 678 terra
523 650 685 677 oblationem
708 656 768 676 esse
790 653 818 676 et
837 656 1007 676 communem

210 699 389 734 expiationem
413 698 524 725 institui.
547 697 648 725 Iudaeis
668 697 739 724 enim
753 696 788 723 ob
809 696 859 723 hoc
882 696 1008 731 prmeepit

211 746 282 773 Deus
294 766 300 776 ,
317 749 346 772 ut
360 750 415 773 tota
429 750 499 772 terra
518 744 609 771 relicta
624 744 649 770 in
662 750 715 770 uno
726 743 786 770 loco
801 742 968 770 immolareut
982 746 1009 768 et

211 799 305 826 preces
324 791 350 817 in
376 798 429 818 uno
446 790 505 817 loco
526 790 677 817 funderent.
702 788 768 816 Nam
782 796 843 816 cum
863 793 918 814 tota
939 792 1008 815 terra

212 843 276 865 tunc
288 837 464 865 contaminata
477 841 548 864 esset
561 836 633 863 futno
645 840 672 863 et
687 835 781 863 nidore
799 839 827 862 et
842 835 1008 862 idololatrico

212 884 350 920 sanguine,
363 888 391 911 et
409 883 470 911 aliis
482 883 621 919 gentilium
642 882 850 917 inquinamentis
861 902 868 914 ,
886 882 946 908 ideo
958 881 1008 908 illis

212 938 294 958 unum
310 930 398 957 locum
418 929 567 964 imperavit.
589 928 641 956 Sed
663 936 724 956 cum
738 927 860 955 Christus
873 927 964 959 venit,
981 933 1009 954 et

211 981 286 1003 extra
299 976 434 1003 civitatem
449 979 561 1003 mortem
572 974 648 1008 obiit,
660 974 811 1002 universam
821 979 919 1000 terram
933 981 1010 1000 mun-

211 1023 304 1055 davit,
329 1029 490 1057 omnemque
515 1022 603 1049 locum
625 1021 739 1048 orationi
762 1020 888 1048 idoneum
909 1019 1007 1047 effecit.

213 1068 259 1095 \‘is
273 1068 376 1095 discere
389 1067 523 1103 quomodo
539 1072 592 1094 tota
606 1072 677 1094 terra
693 1067 719 1094 in
739 1071 875 1102 posterum
891 1066 924 1093 sit
939 1071 1008 1093 tetu-

211 1116 283 1150 plum
303 1113 395 1141 effecta
407 1135 414 1146 ,
439 1118 467 1140 et
484 1113 618 1148 quotnodo
639 1113 727 1140 omnis
745 1113 820 1140 locus
838 1112 952 1139 orationi
975 1112 1009 1138 sit

211 1161 379 1188 destinatus?
394 1160 463 1187 Audi
479 1161 575 1188 iterum
594 1160 700 1188 beatum
724 1160 835 1187 Paulum
850 1159 984 1186 dicentem
1001 1167 1007 1185 :

212 1208 244 1234 In
255 1208 323 1234 omni
341 1207 396 1234 loco
409 1207 517 1234 levante:
530 1215 608 1242 puras
623 1215 714 1233 manus
729 1206 782 1233 sine
796 1207 835 1233 ira
846 1211 868 1233 et
883 1206 1008 1240 discepta-

213 1255 280 1281 tionc
290 1254 328 1289 (i.
343 1254 409 1280 Tim.
422 1253 499 1287 2.8).
515 1253 610 1280 Vidisti
623 1252 758 1287 quomodo
773 1257 904 1279 terrarum
915 1252 1009 1279 orbem

213 1300 388 1335 expurgarit‘!
407 1299 495 1326 vidisti
509 1298 644 1334 quomodo
655 1298 752 1332 ubique
764 1305 845 1332 puras
861 1305 954 1324 manus
970 1297 1009 1324 le-

214 1354 278 1373 \arc
299 1346 449 1380 possimus?
465 1345 558 1372 Omnis
572 1345 644 1372 enim
663 1349 734 1371 terra
748 1344 782 1371 de
799 1348 897 1371 caetero
910 1343 1010 1370 sancti-

214 1392 289 1418 ficata
307 1395 369 1423 est,
392 1391 446 1418 imo
466 1390 583 1418 sanctior
597 1394 638 1417 est
653 1389 705 1416 illis
721 1388 877 1416 Judceorum
897 1389 1009 1416 sanctis.

213 1438 270 1470 Qua
294 1436 418 1464 ratione?
435 1436 502 1470 Quia
523 1436 558 1463 ibi
575 1434 682 1470 quidem
702 1435 815 1462 rationis
835 1441 931 1470 expers
943 1455 950 1467 ,
968 1434 1011 1462 hic

214 1490 279 1509 vero
299 1482 402 1509 ratione
423 1481 534 1516 praedita
548 1481 606 1508 ovis
618 1480 707 1507 oblata
727 1483 779 1507 est.
803 1479 909 1513 Quanto
930 1479 1012 1514 igitur

215 1527 385 1562 prmstantius
400 1527 426 1554 id
440 1526 511 1562 quod
523 1527 653 1554 rationem
670 1525 760 1559 habet,
774 1532 808 1552 eo
822 1525 893 1561 quod
907 1527 1011 1553 ratione

213 1578 305 1606 caret,
330 1577 404 1600 tanto
423 1573 537 1608 amplior
555 1577 583 1600 et
603 1572 648 1599 hic
669 1570 845 1599 sanctiﬁcatio
866 1576 917 1599 est.
940 1571 1011 1599 Vero

215 1620 295 1654 igitur
306 1627 372 1646 crux
387 1619 465 1646 nobis
476 1619 572 1646 festum
583 1617 654 1645 diem
670 1619 747 1652 parit.

248 1665 276 1692 2.
291 1664 324 1692 In
336 1664 416 1692 Cruce
428 1672 474 1691 cur
484 1664 622 1699 promissus
635 1663 779 1698 paradisus.
793 1678 829 1683 —-
841 1662 886 1691 Vis
901 1668 928 1691 et
937 1662 1010 1691 aliud

213 1711 301 1746 crucis
317 1710 415 1738 factum
429 1709 660 1744 prarclarissimum
671 1728 679 1742 ,
701 1712 729 1736 et
748 1708 819 1743 quod
839 1717 946 1736 omnem
962 1709 1013 1736 bu-

215 1765 320 1784 manatn
335 1756 535 1792 intelligentiam
549 1759 675 1790 superat,
692 1754 834 1782 ediscere?
855 1754 1011 1782 l’aradisum

215 1805 334 1831 clausum
349 1803 453 1838 aperuit
466 1803 544 1829 hodie
557 1811 563 1828 :
578 1801 657 1828 hodie
672 1800 743 1828 enim
757 1801 887 1829 latronem
900 1801 925 1828 in
937 1801 1011 1828 illum

216 1850 371 1878 introduxit.
396 1850 452 1876 Duo
475 1848 677 1884 prmclarissima
703 1847 819 1876 facinora
837 1857 843 1875 :
861 1847 1012 1882 paradisum

215 1895 345 1923 reseravit
356 1916 364 1927 ,
379 1900 406 1922 et
421 1895 550 1922 latronem
572 1894 730 1922 introduxit.
755 1894 879 1921 Reddidit
892 1893 928 1920 illi
941 1893 1012 1920 anti-

215 1951 294 1978 quam
312 1943 424 1978 patriam
435 1962 442 1973 ,
459 1941 562 1969 reduin
578 1942 603 1968 in
618 1947 753 1976 paternam
769 1941 914 1968 civitatem.
930 1939 1014 1966 Hodie

216 1997 313 2015 mecum
327 1981 394 2021 erit,
411 1987 494 2023 inquit
505 2009 512 2020 ,
533 1987 559 2014 in
577 1988 695 2022 paradiso
713 1987 786 2021 (Luc.
800 1987 845 2015 23.
863 1987 921 2021 45).
944 1986 1012 2020 Quid

216 2034 300 2062 dicis?
313 2034 455 2062 cruciﬁxus
469 2038 496 2061 et
508 2034 581 2061 cruci
596 2034 678 2061 clavis
692 2033 788 2061 affixus
802 2041 832 2061 es
843 2054 850 2065 ,
864 2038 892 2061 et
905 2033 1012 2069 paradi-

217 2089 277 2108 sum
294 2080 447 2116 promittis?
466 2080 601 2115 quomodo
621 2080 678 2107 hzec
692 2080 752 2107 talia
772 2080 912 2116 largioris?
933 2081 1014 2114 Atqui

219 2126 315 2154 Paulus
335 2126 372 2153 ait
387 2134 394 2152 :
409 2125 553 2159 Cruci/iqu
576 2131 612 2152 est
634 2126 834 2159 “inﬁrmitate.
860 2126 929 2152 Audi
950 2133 1014 2152 vero

218 2182 282 2210 qua
309 2178 482 2209 sequuntur:
497 2173 549 2201 Sed
572 2174 635 2200 vivit
656 2181 689 2201 ea:
710 2173 805 2200 virtute
824 2172 873 2200 Dei
886 2173 930 2208 (2.
943 2172 1005 2200 Cor.

220 2220 264 2247 15.
281 2219 320 2255 4).
330 2222 362 2246 lat
375 2227 468 2247 rursus
477 2219 540 2246 alibi
553 2228 559 2245 :
579 2219 669 2246 Virtus
676 2227 733 2246 mea
745 2219 771 2245 in
783 2218 939 2253 inﬁrmitate
947 2227 1008 2253 per-

217 2267 308 2302 ﬁcitur
323 2267 361 2301 (2.
375 2267 439 2294 Cor.
450 2266 494 2294 i2.
507 2266 546 2302 9).
563 2265 710 2301 Propterea
730 2265 756 2292 iu
772 2273 853 2293 cruce
864 2265 1008 2300 polliceor,

219 2315 248 2336 Ill
262 2315 289 2336 et
311 2316 359 2343 per
377 2310 446 2336 hanc
467 2309 555 2336 discas
574 2317 660 2336 meam
685 2310 841 2344 potentiam.
861 2310 926 2336 Cum
942 2317 1013 2336 enim

218 2362 283 2382 crux
297 2355 331 2381 sit
344 2361 388 2381 res
400 2354 543 2389 injucunda
554 2359 581 2382 et
596 2354 723 2387 molesta,
746 2362 780 2382 ne
793 2355 893 2382 vultum
905 2355 1015 2390 dejicias

219 2399 254 2428 ad
266 2400 353 2427 crucis
374 2404 498 2427 naturam
518 2399 661 2428 attendens
672 2420 680 2432 ,
695 2400 741 2427 sed
755 2404 784 2427 ut
796 2400 872 2428 hctus
885 2404 912 2428 et
925 2400 1016 2428 alacer

221 2445 346 2474 efficiaris
357 2466 365 2478 ,
389 2445 422 2472 ad
443 2445 562 2473 crucifixi
586 2446 732 2480 potentiam
756 2446 903 2480 respiciens
914 2467 921 2479 ,
937 2454 968 2474 ea
982 2446 1015 2474 de

221 2500 300 2520 causa
316 2491 360 2519 ille
375 2491 410 2518 ibi
426 2498 501 2518 suam
517 2492 562 2518 tibi
578 2491 702 2519 virtutem
716 2492 841 2519 ostendit.
864 2491 922 2521 Non
944 2494 1015 2520 enim

223 2543 355 2566 mortuum
373 2537 509 2569 exciuus,
525 2545 577 2564 non
598 2537 663 2564 tnari
680 2538 830 2572 imperans,
847 2545 899 2564 non
913 2538 1014 2565 datmo-

222 2592 270 2612 nes
283 2584 434 2619 increpans,
458 2583 505 2610 sed
517 2584 671 2616 crucifixus,
691 2584 773 2611 clavis
787 2584 883 2611 afﬁxus
896 2604 903 2616 ,
921 2584 1015 2619 injuria

222 2629 344 2663 affectus,
355 2630 440 2665 sputis
454 2629 561 2660 oblitus,
576 2629 702 2656 conviciis
717 2630 862 2664 itnpctitus,
886 2631 972 2658 irrisui
989 2637 1017 2659 et

223 2675 338 2703 ludibrio
352 2675 422 2710 apud
434 2683 528 2702 omnes
549 2675 664 2708 habitus,
681 2676 766 2710 potuit
777 2676 810 2703 ad
822 2685 851 2704 se
866 2677 962 2704 malam
976 2677 1016 2704 la-

225 2723 310 2749 tronis
330 2728 447 2750 mentem
466 2722 611 2750 attrahere.
638 2722 703 2750 Vide
725 2724 857 2759 utrimque
872 2726 1015 2759 polentiam

223 2767 295 2795 illius
317 2768 544 2804 eﬂ'ulgescentem.
572 2768 727 2796 Creaturam
749 2770 900 2804 concussit,
928 2778 1017 2806 petras

223 2814 337 2849 disrupit
347 2835 355 2847 ,
371 2815 486 2842 animatn
502 2814 614 2842 latronis
631 2818 704 2849 petra
718 2815 853 2844 duriorem
870 2824 931 2844 cera
948 2818 1015 2845 mol~

224 2860 319 2889 liorem
342 2861 440 2890 cﬁ'ecit.
467 2860 552 2892 Hodie
575 2869 670 2888 meum
692 2862 741 2890 cria
761 2861 786 2889 in
802 2863 931 2897 paradiso.
947 2863 1015 2899 Quid

574 129 602 158 S.
623 129 764 159 JOANNIS
783 131 1018 161 CIIRYSOSTOMI
1040 133 1198 161 ARCHIEP.
1217 132 1485 162 CONSTANTINOP.

1807 139 1860 167 410

1061 189 1149 216 dicis?
1167 188 1313 217 Cherubim
1326 194 1352 218 et
1364 189 1504 218 flammeus
1522 191 1595 218 ensis
1612 191 1765 220 custodiunt
1779 199 1855 228 para-

1061 235 1160 268 disum,
1176 240 1204 263 et
1217 240 1244 262 tu
1257 236 1352 263 latroni
1368 236 1516 271 ingressum
1532 244 1565 264 eo
1580 237 1735 271 polliceris?
1751 238 1857 274 Utique,

1061 281 1108 308 ait.
1123 280 1189 308 Nam
1201 287 1229 308 et
1243 289 1293 316 ego
1305 282 1518 309 Cherubinorum
1535 282 1662 310 Dominus
1675 290 1736 310 sum
1747 304 1754 314 ,
1777 288 1858 318 atque

1062 327 1129 362 ignis
1141 331 1169 355 et
1179 327 1311 362 gehennte
1321 348 1328 360 ,
1349 327 1464 362 vitzeque
1477 332 1504 355 et
1523 329 1618 356 mortis
1632 333 1791 364 potestatem
1810 330 1859 356 ha-

1061 373 1130 407 beo;
1156 379 1297 409 propterea
1312 374 1376 402 dicit
1392 383 1399 399 :
1419 374 1504 401 Hodie
1517 383 1616 402 meeum
1629 376 1677 402 eris
1690 376 1717 402 in
1728 375 1857 410 paradiso.

1061 421 1128 448 Cum
1141 421 1252 448 virtutes
1265 421 1317 448 ilL'e
1337 421 1478 449 Dominum
1492 421 1608 449 viderint
1617 441 1626 454 ,
1640 422 1729 449 statim
1750 421 1858 453 cedent,

1061 467 1203 501 locumque
1214 466 1324 494 dabunt.
1348 467 1427 502 Atqui
1445 467 1534 495 nullus
1544 475 1592 495 rex
1606 475 1731 503 umquam
1745 468 1860 502 patiatur

1061 513 1200 546 latronem,
1214 518 1260 541 aut
1270 513 1350 541 alium
1361 514 1513 549 quempiam
1525 521 1559 541 ex
1573 513 1679 542 fatnulis
1688 521 1781 541 secum
1793 521 1858 541 eon-

1061 559 1191 587 sidentem
1214 559 1242 588 in
1257 560 1351 588 urbem
1373 559 1477 595 ingredi
1499 569 1507 587 :
1528 566 1556 587 at
1577 561 1627 588 iste
1650 561 1859 588 humanissimus

1062 606 1190 633 Dominus
1205 606 1254 633 hoc
1267 606 1328 634 fecit
1344 615 1350 632 :
1371 606 1398 634 in
1411 611 1529 634 sanctam
1540 614 1614 634 suam
1629 607 1741 642 patriam
1759 607 1860 642 ingres-

1061 659 1108 678 sus
1129 651 1258 679 latronem
1271 659 1361 679 secum
1382 651 1541 685 introducit,
1557 660 1610 679 non
1631 652 1799 679 inhonorans
1813 660 1859 686 pa-

1062 698 1188 730 radisutn,
1204 699 1289 731 absit,
1307 698 1419 733 pedibus
1434 698 1544 726 latronis
1554 719 1562 731 ,
1577 698 1624 725 sed
1640 698 1691 726 hoc
1704 699 1763 733 ipso
1776 699 1860 732 magis

1062 743 1206 771 honorans.
1234 744 1325 771 llonor
1350 744 1421 770 enim
1444 743 1562 778 paradisi
1587 750 1626 771 est
1653 743 1754 771 habere
1781 743 1860 770 talem

1062 789 1202 817 Dominum
1215 811 1223 822 ,
1241 794 1293 817 tam
1310 794 1445 824 potentem
1458 794 1484 817 et
1498 789 1643 817 humanum
1654 810 1661 820 ,
1686 794 1715 817 ut
1732 795 1761 817 et
1782 790 1861 816 latro-

1061 843 1123 863 nem
1137 836 1221 870 possit
1233 835 1340 863 efficere
1353 835 1462 870 diguum
1479 835 1594 870 paradisi
1609 835 1725 862 deliciis.
1752 835 1857 862 Etenim

1061 881 1168 916 quando
1191 881 1346 915 publicanos
1359 886 1387 908 et
1401 881 1556 908 meretrices
1570 881 1597 908 in
1611 889 1722 916 regnum
1737 881 1858 911 vocabat,

1063 936 1114 955 non
1130 928 1220 963 utique
1234 927 1260 955 id
1281 927 1343 955 fecit
1357 936 1418 955 cum
1433 928 1506 963 regni
1522 927 1562 954 sui
1584 927 1717 955 dedecore
1728 948 1735 959 ,
1752 927 1800 954 sed
1816 935 1856 961 po-

1063 975 1114 1001 tius
1128 974 1228 1008 majore
1240 982 1300 1001 cum
1317 973 1419 1002 honore
1432 982 1439 1006 ;
1458 974 1575 1001 ostendit
1587 974 1657 1001 enim
1671 981 1701 1000 se
1714 981 1777 1001 esse
1792 973 1860 1007 ejus-

1063 1020 1134 1047 modi
1148 1020 1221 1055 regni
1234 1020 1360 1048 caelorum
1375 1020 1514 1048 Dominum
1523 1021 1567 1056 qui
1580 1021 1660 1047 etiam
1671 1020 1829 1048 meretrices
1836 1024 1862 1047 et

1063 1066 1218 1101 publicanos
1228 1071 1280 1093 tam
1293 1067 1417 1101 probatos
1430 1066 1516 1094 facere
1529 1071 1619 1102 queat,
1631 1071 1658 1093 ut
1666 1066 1737 1101 digni
1750 1066 1861 1092 videan-

1063 1118 1105 1141 tur
1118 1121 1150 1140 ea
1160 1134 1166 1144 ,
1182 1121 1240 1148 qua:
1251 1113 1314 1141 inibi
1329 1117 1386 1145 est,
1400 1114 1483 1148 gloria
1498 1117 1525 1141 et
1540 1121 1660 1141 munere.
1673 1113 1858 1147 Quemadmo-

1063 1160 1126 1187 dum
1141 1160 1220 1195 igitur
1231 1160 1364 1188 mcdicum
1378 1165 1432 1187 tum
1446 1159 1610 1187 admiramur
1623 1180 1629 1190 ,
1651 1167 1712 1187 cum
1728 1160 1863 1186 intuemur

1062 1214 1123 1234 eum
1143 1206 1265 1234 homines
1287 1205 1477 1233 incurabilibus
1500 1205 1601 1233 morbis
1616 1204 1791 1236 laborantes,
1815 1203 1862 1231 de-

1063 1253 1136 1288 pulsa
1153 1253 1314 1285 infirmitate,
1325 1243 1444 1287 pristina:
1457 1256 1485 1280 et
1497 1259 1570 1287 purae
1581 1251 1687 1279 sanitati
1700 1251 1861 1278 restituere:

1064 1299 1099 1326 ita
1113 1304 1139 1326 et
1151 1297 1286 1326 Christum
1301 1298 1436 1326 admirare
1447 1318 1454 1329 ,
1475 1298 1612 1326 carissime
1624 1318 1632 1331 ,
1648 1302 1675 1325 et
1688 1297 1862 1331 obstupesce,

1063 1344 1124 1379 quia
1135 1344 1258 1372 homines
1279 1344 1520 1371 immedicabilibus
1533 1344 1629 1370 animae
1649 1343 1753 1370 morbis
1765 1342 1866 1370 obstri.

1063 1396 1122 1418 ctos
1143 1391 1227 1425 potuit
1238 1395 1266 1418 et
1278 1398 1292 1417 a
1313 1390 1414 1418 malitia
1439 1390 1554 1418 liberare
1565 1411 1573 1423 ,
1597 1394 1623 1417 ct
1637 1397 1721 1425 regno
1735 1390 1863 1417 ctelorum

1063 1437 1158 1472 dignos
1171 1437 1284 1464 reddere
1303 1444 1367 1469 eos,
1391 1437 1435 1472 qui
1454 1436 1487 1464 ad
1508 1444 1662 1472 supremum
1684 1436 1865 1470 improbitatis

1063 1483 1169 1510 culmen
1193 1483 1380 1510 ascenderant.
1409 1482 1494 1510 Hodie
1515 1482 1672 1510 memineris
1687 1482 1714 1508 in
1728 1482 1860 1517 paradiso.

1064 1528 1179 1556 Grandis
1190 1529 1275 1556 honor
1287 1550 1295 1560 ,
1315 1529 1408 1563 ingens
1421 1528 1498 1563 hujus
1510 1528 1680 1556 humanitatis
1694 1527 1860 1563 magnitudo,

1064 1574 1257 1610 inexplicabilis
1281 1574 1359 1609 hujus
1383 1574 1509 1602 bonitatis
1534 1574 1710 1601 immensitas.
1739 1573 1806 1601 Nam
1830 1581 1863 1601 eo

1064 1621 1135 1655 quod
1151 1621 1302 1656 paradisum
1326 1620 1491 1656 ingreditur,
1517 1621 1603 1655 major
1624 1621 1708 1655 gloria
1725 1625 1768 1647 est
1792 1620 1861 1655 quod

1064 1675 1125 1696 cum
1140 1667 1252 1695 Domino
1263 1667 1418 1702 ingreditur.
1439 1667 1507 1700 Quid
1521 1687 1528 1699 ,
1543 1674 1650 1702 quzeso,
1664 1666 1781 1694 accidit?
1800 1666 1862 1701 quid

1065 1713 1132 1741 latro
1144 1712 1275 1748 ejusmodi
1290 1713 1361 1747 egit,
1376 1717 1405 1739 ut
1416 1719 1448 1739 ex
1465 1712 1610 1746 improviso
1622 1711 1656 1739 de
1669 1719 1751 1739 cruce
1766 1711 1862 1746 dignus

1066 1761 1188 1796 paradiso
1199 1759 1383 1796 judicaretur?
1397 1760 1516 1787 Breviter
1526 1780 1534 1791 ,
1547 1759 1569 1786 si
1583 1759 1682 1793 placet,
1700 1759 1789 1786 dicam
1800 1780 1807 1790 ,
1822 1758 1862 1785 la-

1066 1807 1203 1842 tronisque
1217 1806 1362 1833 bonitatem
1377 1810 1404 1833 et
1414 1805 1572 1841 probitatem
1585 1804 1736 1832 ostendam.
1751 1805 1864 1838 Quando

1066 1855 1160 1882 Petrus
1173 1854 1363 1888 discipulorum
1380 1853 1502 1888 princeps
1518 1852 1632 1886 negabat
1645 1851 1725 1885 infra,
1743 1856 1807 1878 tunc
1821 1851 1864 1878 ille

1066 1908 1145 1934 supra
1160 1900 1228 1926 ﬁxus
1244 1899 1270 1926 in
1286 1906 1366 1926 cruce
1380 1898 1518 1926 confessus
1529 1902 1580 1925 est.
1609 1897 1644 1924 Et
1664 1897 1715 1924 hoc
1737 1905 1792 1924 non
1809 1897 1862 1923 dixi

1066 1946 1155 1972 animo
1167 1944 1380 1980 reprehendendi
1396 1944 1502 1971 Petrum
1513 1964 1520 1975 ,
1535 1943 1624 1976 absit;
1648 1943 1694 1970 sed
1710 1947 1739 1970 ut
1750 1951 1864 1978 magum

1067 1991 1213 2020 nimitatetn
1229 1990 1352 2023 latronis,
1364 1995 1392 2017 et
1404 1990 1579 2018 excellentem
1593 1990 1645 2017 illis
1657 1989 1864 2024 philosophandi

1067 2038 1195 2065 rationem
1208 2036 1430 2064 demonstrarem.
1443 2035 1489 2063 llle
1500 2043 1552 2063 non
1564 2035 1622 2062 tulit
1629 2035 1759 2070 simplicis
1770 2034 1864 2070 puella:

1067 2084 1173 2114 minas;
1188 2083 1231 2110 hic
1244 2087 1328 2109 totum
1344 2081 1468 2116 populum
1487 2081 1676 2112 insanientem,
1693 2084 1722 2108 et
1735 2081 1864 2107 assisten-

1068 2134 1132 2162 tem,
1148 2133 1176 2155 et
1189 2127 1379 2155 vociferantem
1392 2148 1400 2161 ,
1421 2131 1450 2154 et
1463 2126 1566 2154 inﬁnita
1579 2127 1606 2153 in
1625 2125 1786 2153 crucifixum
1799 2133 1858 2153 con-

1067 2174 1134 2201 vicia
1156 2174 1301 2209 jactantem
1324 2172 1495 2207 conspicatus
1508 2193 1516 2205 ,
1542 2180 1596 2200 non
1617 2172 1697 2199 vertit
1717 2172 1812 2199 oculos
1830 2171 1864 2199 ad

1068 2220 1190 2254 injuriam
1214 2219 1353 2251 crucifixi;
1377 2219 1425 2246 sed
1446 2218 1507 2246 ﬁdei
1521 2219 1605 2246 oculis
1620 2219 1709 2246 omnia
1725 2218 1785 2245 hmc
1798 2226 1865 2253 pras-

1068 2271 1220 2293 tercurrens
1233 2286 1242 2299 ,
1264 2266 1390 2301 omnique
1412 2265 1518 2301 indigna
1529 2285 1539 2299 ,
1558 2270 1585 2293 et
1599 2273 1658 2300 qua:
1674 2265 1866 2299 impedimento

1067 2319 1127 2340 esse
1142 2315 1245 2346 poterat
1257 2332 1265 2344 ,
1279 2311 1455 2346 persuasione
1467 2311 1570 2346 abjecta
1582 2331 1590 2344 ,
1609 2311 1717 2346 agnovit
1738 2311 1864 2338 culorum

1068 2360 1221 2392 Dominum,
1237 2359 1348 2394 paucula
1363 2359 1406 2386 illa
1419 2359 1498 2386 verba
1508 2358 1684 2394 proloquutus
1695 2379 1703 2391 ,
1719 2366 1781 2393 qua:
1793 2358 1864 2385 illum

1067 2406 1192 2442 paradiso
1205 2406 1314 2441 dignum
1333 2405 1528 2433 ostenderunt:
1550 2404 1677 2432 Memento
1699 2405 1749 2431 mei
1775 2405 1801 2432 in
1823 2410 1866 2431 tuo

1067 2460 1144 2487 regno
1156 2451 1231 2487 (an.
1244 2451 1289 2479 23.
1302 2450 1360 2485 ιε).
1375 2450 1415 2478 Ne
1425 2450 1642 2486 praetervolemus
1652 2450 1766 2485 simplici
1771 2456 1810 2478 ιρι·
1817 2450 1867 2477 hoc

1067 2498 1168 2526 dictum
1181 2519 1188 2531 ,
1200 2505 1286 2532 neque
1305 2497 1403 2532 pudeat
1416 2504 1466 2524 nos
1480 2497 1636 2531 magistrum
1648 2497 1772 2531 accipere
1784 2497 1866 2524 latro-

1069 2548 1140 2573 nem,
1155 2540 1231 2574 cujus
1245 2539 1386 2566 Dominum
1401 2544 1522 2566 nostrum
1536 2546 1589 2566 non
1602 2539 1707 2574 puduit,
1723 2540 1866 2573 quominus

1069 2587 1183 2621 primum
1207 2585 1233 2612 in
1259 2584 1408 2620 paradisum
1433 2585 1597 2612 induceret:
1617 2593 1651 2612 ne
1675 2585 1867 2614 erubescamus

1070 2633 1224 2668 magistrum
1246 2632 1342 2659 habere
1366 2631 1501 2659 hominem
1517 2631 1612 2667 illum,
1636 2631 1681 2667 qui
1704 2634 1769 2660 ante
1782 2637 1865 2660 totum

1070 2679 1214 2706 humanum
1236 2685 1320 2712 genus
1344 2677 1441 2712 dignus
1463 2682 1503 2704 est
1528 2677 1634 2705 habitus
1658 2679 1866 2705 conversatione

1071 2725 1195 2760 paradisi.
1207 2724 1316 2759 Singula
1329 2724 1408 2758 igitur
1419 2724 1497 2751 verba
1509 2724 1691 2759 expendamus
1702 2745 1710 2757 ,
1726 2729 1756 2752 ιιι
1766 2730 1793 2753 et
1807 2725 1866 2753 hinc

1070 2772 1196 2798 virtutem
1212 2771 1297 2797 crucis
1311 2769 1455 2797 discamus.
1483 2769 1574 2804 Neque
1589 2770 1661 2797 enim
1675 2770 1709 2797 ad
1730 2771 1805 2798 illum
1816 2792 1823 2802 ,
1840 2776 1866 2798 ut

1070 2818 1104 2846 ad
1119 2818 1225 2846 Petrum
1246 2821 1274 2845 et
1292 2816 1424 2845 Andream
1436 2837 1444 2849 ,
1460 2816 1527 2844 dixit
1542 2824 1552 2844 .'
1571 2816 1657 2844 Venite
1673 2822 1699 2844 et
1716 2818 1810 2849 [ariam
1825 2825 1866 2845 vos

1071 2871 1205 2901 piscatore;
1230 2864 1356 2893 hominum
1379 2863 1490 2898 (Mallia.
1507 2864 1534 2892 4.
1549 2863 1600 2899 19)
1614 2872 1621 2891 :
1636 2869 1724 2899 neque
1748 2863 1815 2895 dixit
1833 2863 1866 2898 ad
