1976 3130
104 128 144 155 ltll
619 130 661 155 DE
682 129 793 156 CRUCE
814 128 858 156 ET
878 127 893 155 ἱ

948 127 1047 156 RONE.
1070 129 1184 158 llOM.L.
1209 129 1239 158 11.

105 186 173 214 illum
185 188 213 212 ut
223 183 257 212 ad
269 183 409 211 duodecim
419 183 562 218 discipulos
572 203 580 215 ,
601 182 725 210 Sedebitis
738 190 813 216 utpar
825 181 891 208 duo-

105 232 178 258 decim
191 231 265 258 sedes
275 251 283 263 ,
299 230 441 264 iudicantes
457 229 589 255 duodecim
605 229 683 255 tribus
695 227 775 254 Israel
785 227 892 262 (Matth.

107 279 144 305 Η.
159 277 215 310 28).
241 276 325 304 Plane
340 284 404 303 vero
417 283 502 310 neque
515 275 595 302 veibo
610 274 684 301 illum
698 274 818 308 dignatus
833 277 892 300 est:

105 332 184 357 neque
197 323 328 349 miracula
349 322 435 353 vidit,
458 329 509 347 non
532 325 652 347 mortuos
671 321 815 351 excitatos,
841 327 894 345 non

104 369 235 395 daemones
247 368 387 403 expulsos,
402 375 454 394 non
472 374 544 394 mare
557 366 669 401 imperio
683 365 741 400 ejus
755 365 893 399 obtempe-

105 422 176 447 rans,
201 421 292 449 neque
309 414 342 441 de
365 421 446 448 regno
470 421 529 440 cum
556 413 600 440 illo
622 412 702 440 verba
726 411 787 439 fecit
802 420 808 438 :
824 411 895 439 unde

105 467 186 488 autem
207 461 250 487 vel
264 461 340 495 regni
355 468 452 487 nomen
471 460 561 487 novit?
586 459 729 486 Videamus
742 463 837 493 quanta
853 459 894 485 iti-

106 507 244 542 telligcntia
261 507 390 542 pr:cdilus
405 507 492 533 fuerit.
516 506 647 533 Conviciis
667 505 848 532 insectabatur
862 505 894 530 il-

107 554 154 580 lunt
167 574 173 585 ,
188 554 277 588 ittquit
287 575 294 586 ,
311 554 379 580 alter
395 554 471 580 latro.
487 553 591 580 Etenim
605 556 632 579 et
645 552 712 579 alter
726 552 793 578 latro
808 551 896 578 cruxi-

106 600 168 626 fixus
178 603 245 631 erat,
264 605 294 626 ut
309 599 464 629 impleretur
474 598 538 625 illud
554 598 690 633 prophetat
701 597 817 625 dictntn:
830 597 896 630 Quia

105 654 155 671 cum
169 645 262 678 iniquis
278 650 409 680 reputatus
420 649 455 672 est
469 644 544 680 (Isai.
558 643 667 679 55.12).
683 643 813 671 Volebam
825 651 901 670 natn-

107 698 152 726 que
165 691 324 725 insipientes
339 691 423 718 Judaei
437 691 547 725 gloriam
564 690 643 718 etiam
659 690 717 724 ejus
734 689 873 716 traducere
887 697 894 716 :

107 742 130 764 et
143 737 320 771 ttndequaque
333 737 365 763 iis
376 757 383 769 ,
395 744 454 771 qua:
467 736 636 768 accidebant,
652 735 812 762 insultabant
825 743 832 767 ;
849 735 895 761 sed

107 791 149 817 per
162 782 202 809 illa
215 783 308 809 ontnia
323 783 441 810 excrevit
454 783 552 809 veritas
564 802 571 814 ,
587 787 614 809 et
628 789 675 816 per
691 781 747 816 ipsa
760 781 895 808 obstacula

107 829 276 864 spleiulidior,
288 833 318 857 et
330 828 495 856 manifestior
508 829 602 856 evasit.
617 827 823 855 Conviciabatur
833 834 897 861 ergo

107 875 128 902 ei
136 875 202 902 alter
214 874 283 901 latro
297 884 306 902 :
318 882 387 901 unus
399 881 464 901 vero
477 874 699 908 evangelistamm
713 873 787 905 dicit,
802 873 896 900 ambos
916 904 919 908 λ

107 920 130 946 in
152 920 239 947 Jcsum
267 920 392 948 convicia
414 920 512 955 jecisse
536 919 632 955 (Marc.
648 920 692 947 15.
707 918 774 955 32):
793 923 821 946 et
845 918 898 946 ltoc

107 974 190 993 verum
205 971 257 998 est.
270 973 299 994 et
309 968 424 994 maxime
434 967 513 1001 hujus
525 966 683 1002 probitatem
693 965 815 993 intendit.
831 965 896 992 Nam

109 1012 237 1045 probabile
266 1017 311 1039 est
330 1013 460 1048 principio
481 1012 589 1048 quidem
611 1012 697 1046 ipsum
721 1011 896 1039 conviciatutn

108 1057 191 1090 fuisse,
207 1058 355 1092 derepente
366 1063 454 1086 autem
468 1062 567 1085 tantam
580 1058 753 1084 mutationent
767 1057 895 1084 subiisse:

107 1105 299 1132 conviciabatur
310 1112 383 1140 ergo,
394 1105 487 1140 inquit,
499 1105 566 1132 alter
577 1105 654 1132 latro.
667 1104 895 1137 Videslatronem,

107 1155 131 1177 et
149 1151 277 1178 latronem
289 1151 301 1177 ’ἒ
325 1151 404 1178 ambo
417 1150 443 1178 in
455 1156 535 1178 cruce
548 1171 556 1184 ,
576 1151 655 1177 ambo
669 1150 702 1178 ab
718 1150 895 1184 improbitate,

109 1196 179 1222 ambo
190 1203 204 1222 a
218 1195 271 1223 vita
285 1184 443 1231 praedatoria
456 1197 554 1231 arrepti
567 1217 573 1227 ,
588 1196 635 1223 sed
654 1203 705 1223 non
718 1196 797 1223 ambo
810 1196 835 1222 in
850 1196 896 1222 iis-

108 1241 160 1267 dem
175 1249 181 1267 :
197 1249 257 1268 nam
271 1241 341 1269 alter
356 1249 467 1276 regnum
483 1241 559 1269 heres
573 1241 653 1274 adiit,
670 1241 738 1269 alter
752 1242 778 1268 in
798 1241 897 1276 gehen-

109 1295 162 1314 natn
176 1287 310 1315 demissus
323 1293 372 1315 est.
388 1287 423 1315 Ita
438 1292 465 1314 et
477 1288 532 1315 heri
548 1287 695 1322 discipulus
718 1292 744 1315 et
755 1287 876 1321 discipuli
889 1295 896 1315 :

108 1334 149 1359 sed
164 1333 206 1359 ille
219 1333 251 1359 ad
266 1333 445 1368 proditionem
460 1334 657 1368 accingebatur,
673 1334 715 1360 isti
730 1334 762 1360 ad
777 1334 898 1360 ministe-

110 1379 170 1405 rium
182 1386 240 1406 sese
254 1380 442 1415 prmparabant
455 1389 461 1407 :
477 1381 521 1408 ille
532 1380 672 1407 Pharisaeis
686 1381 791 1407 dicebat
807 1389 812 1407 :
830 1381 898 1413 Quid

105 1425 176 1452 vultis
187 1426 248 1451 mihi
264 1426 329 1452 dare
339 1447 346 1458 ,
367 1431 390 1452 et
409 1435 454 1461 ego
464 1435 520 1453 eum
533 1427 601 1453 vobis
620 1426 717 1452 tradam
732 1426 834 1462 (Matt/1.
850 1426 895 1454 26.

109 1471 148 1498 15.
163 1475 184 1498 et
195 1471 261 1506 l7)?
288 1471 333 1499 isti
353 1472 516 1499 accedebant
536 1472 568 1499 ad
587 1472 677 1499 Jesum
692 1473 831 1499 dicentes:
848 1472 897 1500 Ubi

109 1518 141 1545 vis
157 1526 271 1552 paremus
286 1518 332 1545 tibi
353 1520 506 1546 manducare
529 1518 650 1545 Pascha?
670 1518 707 1545 Ita
722 1523 749 1546 et
761 1519 804 1545 hic
816 1518 894 1551 latro,

108 1569 132 1592 et
143 1565 205 1592 latro
221 1574 228 1593 :
244 1569 271 1592 at
287 1565 333 1593 ille
348 1566 555 1598 conviciabatur,
572 1565 614 1592 ltic
627 1565 788 1592 convicianti
803 1573 833 1592 os
845 1564 895 1592 ob-

109 1613 191 1644 struit;
215 1612 261 1640 ille
279 1612 450 1647 blasphemat
462 1633 468 1643 ,
490 1612 533 1639 hic
547 1619 610 1639 vero
625 1612 763 1647 objurgat;
780 1617 807 1639 et
825 1611 894 1644 lttec,

94 1670 95 1673 η
108 1665 161 1685 cum
173 1658 307 1693 aspiceret
320 1659 394 1686 illutn
409 1658 568 1687 cruciﬁxum
583 1679 591 1692 ,
605 1658 812 1685 condenmatum
822 1678 828 1690 ,
844 1665 893 1692 po-

81 1708 83 1712 '
110 1703 191 1737 pulum
207 1703 274 1731 infra
288 1704 493 1736 conviciamem,
507 1704 600 1739 grandi
614 1711 679 1731 voce
694 1704 893 1735 vociferantem,

108 1748 150 1776 sed
162 1754 247 1777 tamen
262 1749 333 1777 nihil
345 1749 439 1777 horum
455 1749 529 1777 illum
542 1754 722 1777 transversum
736 1750 806 1784 egit,
824 1755 894 1776 auta

109 1795 274 1823 conveniente
292 1796 489 1824 existimatione
512 1796 643 1828 abduxit,
667 1796 713 1823 sed
735 1801 763 1823 et
780 1796 893 1823 alterum

110 1840 227 1868 latronem
241 1843 361 1877 graviter
374 1843 506 1877 increpat,
523 1842 565 1870 his
577 1843 609 1870 ad
622 1843 695 1870 illurn
707 1842 797 1870 verbis
813 1850 892 1870 usus:

109 1886 189 1923 Neque
201 1893 226 1914 tu
240 1890 313 1915 times
325 1887 427 1915 Deum?

139 1934 163 1960 5.
176 1933 270 1961 Vidisti
288 1934 436 1962 libertatem
452 1934 585 1962 latronis?
604 1934 690 1961 vidisti
702 1934 837 1969 quomodo
848 1943 894 1961 nc-

110 1985 153 2012 que
165 1979 190 2005 in
207 1987 290 2007 cruce
311 1980 376 2007 artis
400 1988 456 2007 sua:
476 1980 640 2007 obliviscitur
655 2000 662 2012 ,
683 1979 729 2007 sed
745 1987 793 2015 per
807 1980 890 2015 ipsam

109 2023 294 2052 confessionem
303 2027 436 2060 praedatur
443 2034 552 2061 regnum
567 2027 579 2054 ’ἶ
587 2026 613 2053 Ν
615 2031 710 2062 equetu
717 2027 788 2054 times
798 2026 893 2054 Deum?

110 2069 194 2104 inquit.
209 2071 305 2099 Vidisti
327 2073 475 2112 libertatem
494 2073 519 2100 in
540 2080 619 2100 cruce
633 2093 640 2104 .
661 2073 750 2100 vidisti
774 2073 892 2107 philoso-

109 2115 202 2150 phiam,
216 2118 306 2145 vidisti
329 2119 525 2146 reverentiam?
539 2119 613 2153 Quod
627 2120 697 2146 enim
709 2119 758 2146 sibi
773 2127 892 2153 pratsens

109 2160 255 2198 fueritquod
272 2164 306 2191 de
317 2169 388 2191 statu
402 2165 499 2192 mentis
514 2173 566 2192 non
587 2165 706 2199 dejectns
721 2185 728 2197 ,
745 2165 795 2192 etsi
810 2165 892 2192 clavis

109 2207 409 2244 aflisus,intmeusosque
422 2211 554 2238 cruciatus
564 2218 596 2238 ex
609 2211 690 2237 clavis
699 2216 772 2237 ortos
784 2218 891 2245 perpes-

109 2260 148 2280 sus
159 2262 204 2281 :an
218 2264 270 2282 non
285 2263 346 2282 eum
362 2257 485 2283 admirari
498 2265 601 2291 aequum
613 2262 653 2284 est
670 2278 676 2287 ,
692 2257 728 2283 ob
743 2262 794 2283 tam
811 2265 891 2292 gene-

109 2306 185 2326 rosam
199 2301 280 2328 animi
302 2303 503 2329 constantiam?
523 2303 580 2330 Noti
596 2303 681 2330 solum
698 2303 802 2337 dignum
814 2303 891 2330 dixe-

110 2345 151 2371 rint
164 2353 237 2380 quem
253 2348 480 2379 admirentur,sed
490 2356 567 2383 quem
582 2348 688 2376 beatum
704 2349 887 2382 pr:etlicemus.

111 2391 202 2420 Etenim
214 2401 266 2421 non
278 2395 365 2422 solum
380 2403 432 2422 non
444 2396 598 2422 advertebat
613 2400 728 2422 mentem
741 2396 773 2422 ad
787 2398 890 2423 crueia-

110 2442 146 2464 tus
159 2459 165 2470 ,
180 2440 223 2466 sed
241 2441 367 2468 omnibus
381 2442 437 2468 suis
449 2441 564 2473 relictis,
581 2450 623 2468 res
638 2441 747 2468 alterius
760 2442 886 2469 curabat:

110 2490 130 2510 et
150 2490 174 2511 ut
186 2485 257 2513 illum
270 2487 305 2514 ab
318 2495 410 2514 errore
425 2487 557 2521 eriperet,
579 2491 605 2514 et
629 2488 755 2522 magister
777 2488 836 2522 ejus
861 2488 886 2515 in

109 2538 177 2559 cruce
190 2534 273 2566 fieret,
289 2533 362 2560 omtti
375 2541 426 2569 ope
441 2535 573 2561 studebat.
593 2533 650 2560 Nec
664 2539 689 2560 tu
701 2535 771 2561 times
787 2535 888 2561 Deum?

110 2575 191 2609 inquit.
204 2578 316 2606 Tantum
328 2587 381 2606 non
397 2579 429 2606 ad
444 2580 517 2606 illum
530 2580 594 2607 dicit
606 2589 612 2607 :
624 2580 663 2607 Ne
671 2580 755 2607 solum
765 2580 887 2608 attendas

108 2622 135 2648 ad
148 2623 169 2649 id
180 2625 247 2658 quod
257 2626 326 2660 apud
341 2626 464 2653 ltontines
478 2631 518 2653 est
533 2627 657 2659 tribunal,
677 2635 709 2654 ne
723 2635 754 2654 ex
770 2627 812 2660 iis,
827 2635 887 2662 quae

109 2667 172 2695 Vides
185 2677 237 2697 rem
252 2672 390 2703 aestimes;
407 2680 440 2698 nc
453 2680 483 2698 ea
498 2680 555 2706 qua:
572 2672 636 2699 ﬁunt
649 2673 832 2700 tantummodo
844 2673 885 2700 in-

109 2715 210 2743 tui-aris:
229 2721 270 2744 est
282 2718 351 2744 alius
371 2717 450 2752 judex
473 2718 611 2745 invisibilis
625 2740 632 2750 ,
654 2720 835 2754 incorruptum
859 2725 886 2747 et

110 2760 225 2789 sincerum
233 2764 337 2798 estejus
353 2764 478 2796 tribunal,
491 2772 540 2791 ttee
556 2765 641 2799 decipi
659 2770 705 2792 aut
726 2771 740 2792 a
764 2773 828 2793 vero
837 2766 885 2792 de-

110 2804 168 2833 tltmti
181 2813 272 2842 potest.
288 2809 327 2837 Ne
338 2813 366 2837 te
381 2813 509 2841 moveat,
527 2810 597 2845 quod
611 2810 677 2838 infra
689 2811 884 2839 condemnatus

110 2856 158 2884 est,
168 2853 210 2880 sed
219 2862 274 2889 qua:
285 2863 364 2890 supra
378 2860 448 2887 sunt,
466 2863 495 2882 cu
511 2856 572 2883 talia
586 2864 638 2885 non
653 2862 723 2885 sunt.
745 2857 772 2884 In
781 2857 883 2893 judicio

1687 134 1740 162 ΜΞ

948 183 1019 210 enim
1039 185 1109 218 quod
1129 184 1173 212 hic
1190 186 1293 220 agitur,
1310 194 1380 222 srepe
1403 189 1482 217 etiam
1500 189 1654 217 innocentes
1672 197 1739 218 cun-

948 229 1116 263 demnantor,
1132 237 1159 259 et
1174 239 1300 261 nocentes
1313 234 1482 263 ditnittuntur
1493 257 1500 268 ,
1512 237 1575 270 justi
1591 239 1676 272 pmnis
1689 237 1738 265 ad-

947 276 1073 304 dicuntur
1086 298 1093 310 ,
1107 283 1134 306 et
1145 279 1233 313 injusti
1252 280 1390 315 effugiunt.
1407 282 1439 310 Et
1454 283 1573 319 plerique
1586 285 1739 312 mortalium

945 321 1042 356 judicia
1055 330 1229 358 corrumpunt
1242 327 1337 360 partim
1347 327 1476 357 labentes.
1493 330 1587 363 partim
1607 331 1738 358 nolentes.

951 367 996 395 Vel
1010 369 1080 395 enim
1090 369 1135 404 jus
1146 375 1173 397 et
1189 370 1226 397 fus
1242 371 1402 406 ignorantes,
1418 378 1444 400 et
1456 373 1558 408 decepti
1569 395 1576 407 ,
1591 376 1630 402 vel
1647 376 1740 403 viden-

949 417 989 441 tes
1001 414 1119 448 quidem,
1136 417 1255 450 pecuniis
1268 425 1332 444 vero
1345 419 1461 454 corrttpti
1481 420 1654 454 prodiderunt
1667 421 1738 449 veri-

949 465 1029 488 latent
1044 483 1051 494 ,
1075 466 1101 488 et
1114 468 1205 490 contra
1219 464 1373 491 innocentes
1387 467 1545 492 sententiam
1565 467 1690 494 tulerunt.
1705 469 1741 494 At

948 513 1027 541 supra
1043 507 1107 534 nihil
1124 507 1217 535 ltorunt
1233 509 1317 536 locum
1333 510 1422 537 habet.
1434 510 1500 537 Nam
1515 511 1673 546 Deusjudex
1694 513 1739 547 ju-

948 556 1005 578 stus
1017 557 1068 583 est,
1084 557 1110 580 et
1123 553 1250 587 judicium
1264 555 1321 589 ejus
1339 560 1367 581 ut
1380 555 1468 582 lumen
1482 556 1634 590 egredietur
1648 566 1654 584 :
1667 562 1742 585 tene-

950 596 1005 623 bris
1015 602 1097 631 caret,
1110 599 1194 626 nullas
1211 599 1290 627 habet
1306 601 1420 628 latebras
1433 621 1441 633 ,
1471 609 1520 629 ttec
1540 603 1593 629 ttllo
1615 603 1693 630 modo
1707 604 1741 630 de

947 647 1019 669 recta
1036 644 1129 670 semita
1144 644 1222 679 dejici
1237 651 1333 680 potest.
1350 647 1388 673 Ne
1400 647 1471 674 ettim
1487 648 1532 674 ille
1545 648 1740 685 diceret,Apud

949 687 1072 715 homines
1086 689 1138 723 jattt
1153 690 1347 718 condemnatus
1360 697 1409 722 est.
1426 693 1489 727 quid
1503 693 1528 720 ei
1543 694 1739 727 patrocittaris?

949 734 1024 760 duxit
1035 743 1095 762 euttt
1111 735 1143 762 ad
1158 743 1302 770 supernum
1313 737 1441 771 judicium
1458 758 1465 771 ,
1481 739 1513 765 ad
1536 739 1655 766 terribile
1676 740 1741 767 illud

949 780 1082 812 tribunal,
1097 781 1128 807 ad
1151 781 1236 808 forum
1259 782 1324 809 illud
1340 784 1520 818 incorruptum
1533 805 1539 816 ,
1555 784 1588 811 ad
1600 784 1715 818 judicettt
1732 806 1740 818 ,

949 832 1028 859 quem
1043 826 1122 853 nullis
1131 827 1278 854 rationibus
1292 828 1318 854 in
1331 836 1449 856 errorem
1461 829 1586 856 inducere
1600 830 1677 857 licet:
1694 838 1739 857 re-

949 872 1054 898 vocavit
1076 872 1100 898 ei
1125 872 1150 898 in
1173 874 1328 900 memoriam
1345 874 1512 901 tremendum
1526 875 1739 909 illudjudiciunt.

950 916 990 944 Eo
1004 938 1011 949 ,
1027 917 1111 952 inquit
1127 938 1134 950 ,
1148 919 1252 952 respice
1268 939 1275 950 ,
1298 924 1324 945 et
1344 927 1398 946 non
1419 920 1489 946 feres
1511 920 1743 947 condemnationis

949 962 1108 989 sententiam
1119 983 1126 994 .
1146 971 1232 998 neque
1252 963 1322 1001 infra
1336 972 1396 991 cum
1408 964 1546 991 hominum
1560 965 1636 992 turba
1651 966 1742 992 consi-

950 1013 1014 1040 stes,
1029 1009 1076 1037 sed
1089 1010 1264 1038 admiraberis
1277 1016 1304 1038 et
1313 1011 1472 1046 approbabis
1484 1011 1612 1046 judicium
1622 1012 1742 1040 etuleste.

951 1056 1040 1089 Neque
1060 1061 1087 1083 tu
1107 1058 1177 1085 times
1197 1057 1300 1086 Deum?
1320 1059 1414 1093 inquit.
1436 1058 1529 1086 Vidisti
1546 1058 1742 1094 philosophiam

950 1102 1077 1135 latronis,
1092 1104 1178 1131 vidisti
1193 1104 1355 1131 intellectunt
1371 1125 1379 1136 ,
1394 1105 1482 1131 vidisti
1495 1102 1662 1131 doctrinam?
1676 1112 1743 1131 con-

950 1148 1038 1176 festim
1065 1157 1080 1175 a
1107 1156 1186 1176 cruce
1211 1150 1244 1176 ad
1270 1150 1363 1177 caelum
1380 1150 1500 1177 tetendit.
1518 1149 1584 1177 Vide
1607 1150 1744 1185 quomodo

948 1195 1120 1228 apostolicam
1131 1195 1215 1229 legem
1229 1195 1346 1230 impleat,
1362 1203 1411 1223 ttec
1423 1203 1470 1223 sua
1486 1200 1585 1222 tantum
1597 1200 1682 1228 curet,
1695 1195 1743 1223 sed

949 1241 1038 1266 omnia
1052 1240 1132 1267 faciat
1144 1247 1172 1268 et
1187 1241 1320 1273 tnoliatur,
1335 1246 1363 1268 ut
1375 1242 1487 1268 alterum
1502 1242 1535 1268 ab
1548 1249 1640 1269 crmre
1654 1243 1743 1271 exsol-

949 1291 992 1313 vat
1004 1291 1029 1313 et
1039 1287 1071 1314 ad
1087 1287 1224 1314 veritatem
1240 1287 1369 1314 traducat.
1384 1287 1450 1314 Cum
1462 1287 1533 1314 ettitn
1548 1288 1660 1315 dixisset
1671 1308 1677 1320 ,
1691 1287 1745 1315 Ne-

948 1341 995 1366 que
1006 1338 1033 1359 tu
1048 1333 1120 1360 times
1130 1333 1210 1359 Deum
1221 1334 1233 1360 ?
1245 1333 1347 1360 addidit
1358 1343 1364 1360 :
1375 1334 1443 1366 Quia
1450 1334 1476 1360 in
1485 1334 1571 1360 eadem
1584 1334 1745 1361 damnatione

951 1386 1044 1406 suntus
1059 1379 1135 1413 (Luc.
1152 1379 1197 1406 ‘25.
1212 1379 1268 1413 40).
1290 1380 1434 1406 Considera
1448 1379 1646 1407 confessionem
1660 1380 1742 1406 abso-

950 1426 1042 1452 lutam.
1052 1426 1120 1459 Quid
1133 1431 1183 1457 est,
1199 1426 1230 1453 In
1243 1426 1330 1453 cadent
1346 1426 1509 1452 damnatione
1522 1427 1634 1453 sumus?
1649 1426 1677 1452 lit
1694 1434 1742 1453 ea-

948 1472 1009 1500 dem
1026 1493 1033 1504 ,
1051 1473 1257 1508 inquit,posna;
1274 1481 1334 1500 nam
1361 1477 1388 1499 et
1410 1480 1459 1500 nos
1484 1473 1509 1500 iit
1535 1481 1615 1500 cruce
1640 1481 1741 1500 sumus.

950 1518 1019 1552 Ergo
1041 1526 1100 1545 cum
1116 1519 1188 1545 illurn
1212 1519 1363 1553 opprobriis
1384 1519 1487 1553 appetis
1504 1540 1512 1552 ,
1534 1520 1647 1554 teipsmn
1670 1521 1745 1554 prius

947 1564 1074 1591 conviciis
1090 1565 1210 1592 incessis.
1221 1565 1449 1598 Quemadmodum
1467 1566 1545 1600 igitur
1569 1566 1606 1598 is,
1628 1567 1671 1601 qui
1684 1574 1745 1600 pec-

947 1610 1014 1637 catis
1034 1610 1178 1637 obstrictus
1197 1611 1311 1637 alterum
1335 1611 1517 1644 condemttat,
1545 1619 1576 1638 so
1594 1617 1655 1638 ante
1669 1613 1743 1639 illttnt

947 1656 1124 1684 condemnat:
1141 1657 1179 1683 sic
1205 1661 1231 1684 et
1257 1657 1280 1684 is
1303 1657 1347 1691 qui
1369 1658 1519 1684 calamitate
1544 1665 1652 1692 pressus
1667 1657 1743 1684 alteri

947 1702 1125 1729 calamitatem
1139 1702 1298 1736 exprobrat,
1308 1702 1358 1729 sibi
1369 1703 1417 1737 ipsi
1430 1703 1503 1738 prius
1516 1710 1594 1737 quam
1605 1703 1682 1730 alti-ri
1692 1711 1737 1730 ca-

948 1748 1092 1775 lamitatem
1103 1749 1256 1782 exprobrat.
1271 1748 1303 1775 In
1315 1749 1402 1775 cadent
1417 1770 1424 1782 ,
1449 1749 1534 1784 inquit
1547 1770 1554 1781 ,
1579 1750 1743 1776 damnatione

946 1801 1048 1821 sumus.
1069 1795 1246 1829 Apostolicam
1260 1795 1308 1830 ipsi
1324 1795 1407 1830 legem
1420 1795 1579 1830 evangeliea:
1593 1803 1740 1824 consmtam

946 1841 1058 1873 recitat;
1073 1840 1286 1877 Nolitejitdicare
1298 1862 1306 1875 ,
1328 1847 1415 1868 utnon
1426 1842 1578 1876 judicemini
1593 1842 1701 1876 (Matth.
1713 1843 1740 1870 7.

946 1886 985 1920 1).
1003 1886 1069 1917 Quia
1078 1887 1105 1914 in
1119 1888 1205 1914 eadem
1219 1887 1382 1914 damnatione
1397 1894 1498 1914 sumtis.
1522 1887 1590 1921 Quid
1613 1888 1678 1915 facis
1690 1909 1697 1919 ,
1724 1897 1741 1915 υ

946 1932 1033 1959 latro?
1047 1941 1107 1960 nunt
1130 1934 1211 1960 vestri
1236 1934 1390 1968 participem
1413 1933 1486 1961 illuni
1503 1933 1567 1961 facis
1583 1955 1590 1967 ,
1606 1942 1667 1962 cum
1682 1936 1740 1967 ais,

946 1979 980 2007 In
995 1980 1083 2007 cadent
1105 1980 1271 2007 damnatione
1292 1981 1403 2008 sumus?
1423 1981 1593 2017 Nequaquam
1608 2003 1615 2014 ,
1639 1983 1740 2017 inquit:

945 2027 1051 2061 corrigo
1062 2027 1161 2054 dictum
1179 2035 1226 2062 per
1243 2035 1272 2054 ea
1287 2048 1293 2059 ,
1308 2035 1367 2062 qua:
1387 2035 1450 2055 mox
1466 2033 1628 2063 sequuntur:
1646 2029 1678 2055 Et
1693 2037 1740 2056 nos

944 2073 1055 2108 quidem,
1071 2073 1162 2108 inquit,
1176 2074 1247 2108 juste
1262 2074 1339 2108 digna
1353 2074 1419 2100 enim
1426 2074 1500 2109 factis
1513 2074 1646 2109 recipimus
1661 2075 1737 2109 (Luc.

944 2120 990 2147 23.
1004 2120 1061 2156 Η).
1079 2120 1116 2147 Ne
1129 2121 1200 2148 enim
1217 2120 1318 2153 audito,
1334 2121 1405 2155 quod
1415 2121 1482 2148 dixit
1496 2142 1503 2154 ,
1518 2120 1552 2148 In
1563 2121 1650 2148 cadent
1664 2122 1739 2148 dam-

945 2168 1045 2193 natione
1057 2174 1157 2196 sumus,
1170 2171 1286 2200 putares,
1299 2167 1368 2200 quod
1382 2167 1514 2194 Christum
1529 2167 1660 2195 scelerum
1676 2176 1739 2202 par-

948 2212 1056 2247 tieipem
1080 2212 1202 2244 fecisset;
1220 2212 1279 2239 ideo
1292 2213 1409 2246 scipsunt
1423 2213 1498 2247 quasi
1514 2214 1652 2248 corrigens
1663 2214 1739 2247 adje-

944 2256 979 2282 cit
995 2264 1002 2282 :
1026 2254 1082 2281 Nos
1103 2255 1203 2289 quidem
1214 2260 1303 2290 Juste:
1317 2263 1376 2281 nam
1394 2255 1470 2290 digna
1494 2255 1567 2290 factis
1589 2257 1736 2290 recipimus.

943 2301 1024 2328 Vides
1037 2301 1232 2328 cenfessionem
1249 2301 1395 2335 perfectam
1415 2301 1440 2328 in
1462 2301 1564 2328 cruce?
1581 2301 1657 2329 vides
1672 2311 1738 2338 quo-

944 2348 1023 2375 tttodo
1037 2348 1077 2375 Itis
1089 2348 1175 2375 verbis
1194 2353 1300 2381 peccata
1319 2356 1367 2375 sua
1383 2348 1496 2375 eluerit?
1511 2348 1587 2375 vides
1602 2350 1738 2384 quomodo

943 2395 1126 2429 propheticum
1152 2394 1216 2421 illud
1235 2394 1365 2421 monitum
1388 2394 1557 2428 impleverit:
1574 2394 1622 2421 Dic
1641 2396 1738 2430 primus

942 2445 998 2467 tuas
1010 2441 1153 2475 iniquitates
1165 2460 1173 2472 ,
1188 2444 1214 2466 ut
1223 2440 1372 2474 justiﬁceris
1389 2440 1398 2476 (
1412 2439 1475 2466 Isai.
1493 2440 1538 2467 43.
1551 2440 1587 2467 26
1602 2440 1634 2475 )?
1648 2440 1734 2468 Nemo

941 2485 1015 2512 illttm
1029 2486 1125 2519 coegit,
1140 2492 1220 2512 nemo
1235 2485 1388 2517 accu.~avit,
1409 2493 1488 2512 nemo
1501 2485 1614 2512 institit:
1629 2486 1685 2520 ipse
1696 2490 1737 2513 sui

942 2532 1025 2566 ipsius
1040 2533 1069 2559 tit
1083 2537 1238 2559 accusator:
1257 2539 1306 2565 qua
1323 2531 1357 2558 de
1370 2539 1450 2558 causa
1465 2531 1492 2558 in
1515 2537 1651 2566 posterum
1664 2533 1736 2559 ontui

941 2585 1095 2607 accusatore
1107 2579 1203 2606 caruit.
1223 2579 1400 2606 Atttevertens
1411 2578 1482 2605 enim
1496 2583 1585 2613 partes
1596 2584 1735 2605 accusato-

942 2626 978 2652 ris
990 2625 1040 2652 sibi
1056 2625 1220 2659 sumpsit,“
1234 2625 1364 2660 seipsum,
1380 2625 1441 2659 quis
1455 2629 1537 2656 esset,
1553 2624 1657 2659 publice
1672 2631 1736 2658 pro-

940 2672 1006 2698 didit
1020 2671 1060 2698 bis
1074 2671 1164 2698 verbis
1173 2670 1228 2697 Nos
1236 2671 1307 2705 jusle
1315 2679 1323 2702 ;
1337 2679 1396 2696 nam
1410 2670 1488 2705 digna
1501 2671 1576 2706 factis
1589 2670 1738 2704 recipimur:

940 2719 980 2744 In'c
993 2725 1050 2743 vero
1065 2716 1129 2743 nihil
1140 2717 1200 2743 ntali
1213 2717 1271 2751 egit.
1286 2716 1367 2743 Vides
1384 2717 1561 2743 reverentiam
1574 2716 1652 2751 longe
1665 2716 1733 2742 late-

939 2772 990 2798 que
1011 2763 1152 2790 ditl‘usam?
1173 2762 1286 2795 Quando
1307 2762 1424 2796 seipsum
1446 2766 1604 2794 accusarat,
1628 2761 1736 2796 quando

939 2819 1035 2839 arcana
1050 2810 1165 2845 pectoris
1174 2810 1213 2837 sui
1227 2817 1261 2837 ex
1267 2808 1553 2844 protttpscrat,quamlo
1562 2816 1610 2843 pro
1621 2808 1735 2835 Domino

941 2857 1123 2885 defensionem
1148 2855 1315 2883 instituerat:
1334 2855 1387 2882 Nos
1405 2854 1505 2889 quidem
1522 2855 1590 2889 jusle
1604 2875 1611 2888 ,
1625 2853 1665 2880 hic
1677 2862 1735 2881 vere
