1976 3130
232 125 285 152 413

232 181 297 208 nihil
310 180 371 208 mali
385 180 434 216 egit
445 199 452 207 .
475 183 538 207 tunc
556 184 584 206 et
597 179 817 214 supplicationem
830 179 927 208 oiferre
941 185 1022 207 ausus

233 227 281 254 fuit
295 227 336 253 his
344 226 432 253 verbis
444 235 450 253 :
465 225 591 253 Memento
605 225 664 259 uici,
679 225 804 257 Domine,
823 234 880 252 cum
891 225 986 252 veneris
997 225 1024 252 in

231 281 335 307 regnum
356 277 435 298 tuum.
449 271 508 298 Non
522 278 602 298 ausus
618 271 666 298 fuit
681 271 753 306 prius
770 270 875 304 dicere,
897 269 1024 297 Memento

231 319 280 345 mei
295 339 303 350 ,
319 318 492 354 quoadusque
505 326 552 353 per
571 317 767 346 confessionem
786 324 846 345 sese
868 324 884 344 a
902 317 1024 344 sordibus

231 368 399 398 peccatorum
410 364 564 398 expurgavit
573 371 581 397 ;
590 363 764 398 quoadusque
773 363 890 398 scipsum
898 362 1025 390 Condem-
1040 363 1047 398 τι

593 125 622 154 S.
642 123 781 154 JOANNIS
798 118 1036 151 CHRYSOSTOMI
1056 120 1216 149 ARClllEP.
1235 120 1506 150 CONSTANTINOP.

1799 125 1843 155 ιιι

1080 177 1161 210 Tunc,
1178 177 1272 213 inquit,
1289 179 1339 206 hoc
1349 182 1391 207 est
1400 199 1408 212 ,
1421 186 1482 207 cum
1495 187 1608 214 venero,
1620 181 1659 207 sol
1671 181 1828 212 ubuurabitur
1837 204 1844 217 ,

1077 229 1101 251 et
1109 224 1169 251 luna
1182 232 1232 251 non
1243 224 1312 251 dabit
1326 225 1410 252 lumen
1422 233 1497 252 suum
1521 226 1530 261 (
1543 225 1636 253 Matth.
1649 226 1694 254 24.
1708 227 1762 262 29).
1775 229 1845 257 TilliL’l

1076 269 1147 297 enim
1162 273 1224 297 tunc
1235 270 1286 297 erit
1300 270 1449 306 luciscopia
1459 292 1468 304 ,
1483 275 1512 298 ut
1525 272 1606 299 etiam
1619 272 1777 300 lucidissima
1789 276 1847 303 side-

1076 322 1104 342 ra
1117 315 1171 342 sint
1180 314 1367 343 abscondenda
1379 325 1386 343 :
1404 315 1472 343 Nam
1487 321 1510 344 et
1522 317 1602 345 stellw
1615 338 1622 350 ,
1636 318 1737 353 inquit,
1752 321 1830 348 cadent
1842 343 1849 355 ,

1075 365 1100 388 et
1113 361 1149 388 sic
1169 360 1269 396 signum
1295 361 1358 388 Filii
1377 362 1485 389 hominis
1509 363 1640 398 apparebit
1657 364 1684 391 in
1701 366 1770 392 cwlo.
1784 366 1850 396 Vides

232 410 423 445 naus,jnstum
439 412 472 437 ἐι
497 410 666 437 jnnocemem
679 409 782 442 effecit;
795 409 968 445 quoadusque
978 417 1025 444 per
1076 412 1173 441 quanta
1184 407 1219 435 sit
1231 408 1387 436 excellentia
1405 408 1484 444 hujus
1504 408 1588 443 signi,
1611 414 1708 444 quanta
1732 411 1830 440 claritas
1840 433 1847 446 ,

233 457 430 484 accusationem
443 456 544 483 scelera
558 455 692 491 deposuit.

267 501 396 537 Confessio
411 501 712 537 peccatorum.—Vides
722 506 849 536 quantum
864 501 948 537 possit
960 508 1025 529 con—

232 547 313 576 fessio
328 548 408 575 etiam
422 548 449 575 in
460 548 518 584 ipsa
531 547 629 576 cruce?
642 547 704 575 ﬂare
717 547 828 575 audiens
840 567 848 581 ,
863 547 1000 575 carissime
1014 567 1023 580 ,

232 602 266 622 ne
278 594 404 629 desperes
419 594 550 630 teipsum:
565 593 612 622 sed
630 594 761 622 infinitam
773 594 945 630 benignitatis
955 593 1023 621 divi-

232 648 273 668 nae
284 640 494 675 magnitudinem
507 644 592 668 tecum
601 644 736 676 reputans.
751 647 878 675 properes
885 639 919 667 ad
932 647 1024 668 emen-

231 686 366 714 dationem
387 691 568 721 peccatorum.
591 685 620 714 Si
642 686 716 713 enim
741 686 872 713 latronem
897 685 923 712 in
943 692 1024 713 cruce

233 736 306 759 tanto
320 732 421 759 honore
428 731 552 766 dignatus
563 735 615 764 est,
629 731 714 758 multo
726 730 810 766 magis
822 739 873 759 nos
886 731 964 758 insita
975 737 1022 758 sua

232 777 395 813 benignitate
416 777 569 813 dignabitur
583 796 592 811 ,
617 777 640 805 si
664 777 827 805 voluerimus
853 781 1023 812 peccatorum

231 823 426 851 confessionem
441 823 589 851 instituere.
606 822 642 851 Ut
664 823 744 858 igitur
756 828 783 850 et
796 830 845 850 nos
859 822 1024 857 benignitate

233 869 303 896 illius
317 869 502 904 perfruamur,
519 873 627 904 peccata
637 870 744 904 propria
762 869 883 896 confiteri
906 877 940 896 ne
959 877 1023 897 eru-

232 915 389 943 bescamus:
405 922 499 950 magna
512 916 584 943 enim
597 915 774 943 confessionis
787 915 827 942 vis
839 919 890 947 est,
901 919 929 942 et
941 914 1022 942 multa

231 962 289 995 ejus
307 962 434 997 potentia.
449 962 517 989 Ecce
532 962 602 989 enim
609 966 636 989 et
650 961 699 989 iste
712 961 850 989 confessus
863 965 904 988 cst
914 982 922 994 ,
938 965 965 989 et
977 969 1022 995 pa-

232 1007 349 1035 radisqu
363 1007 463 1043 reperit
475 1013 597 1042 apertum
611 1017 617 1035 :
633 1007 769 1035 confessus
783 1011 823 1034 est
837 1028 845 1040 ,
860 1007 1023 1035 libertatem-

231 1061 284 1087 que
305 1053 428 1088 loquendi
448 1061 481 1080 ac
500 1061 610 1089 regnum
627 1054 734 1088 petendi
748 1053 860 1088 adeptus
875 1058 917 1081 est
935 1054 958 1080 is
977 1053 1022 1088 qui

232 1099 301 1126 latro
316 1099 410 1127 fuerat.
430 1100 472 1127 Ad
495 1100 520 1127 id
541 1100 612 1128 enim
634 1107 717 1135 usque
737 1105 842 1135 tempus
856 1107 910 1128 non
931 1100 1024 1135 petivit

215 1170 218 1174 .
231 1152 341 1180 regnum
354 1145 491 1173 caelorum.
506 1145 582 1174 Unde
596 1167 604 1180 ,
618 1146 662 1173 dic
671 1146 746 1179 mihi,
758 1153 775 1174 ο
787 1146 855 1174 latro
870 1167 878 1180 ,
895 1145 969 1181 regni
981 1153 1023 1175 re-

230 1190 356 1218 cordatus
365 1198 395 1218 es
405 1191 416 1218 ?
430 1191 494 1226 quid
501 1191 559 1226 ejus
570 1191 657 1219 simile
664 1199 735 1219 nunc
743 1192 850 1219 vidisti?
864 1192 928 1226 Quae
936 1191 1021 1226 vides,

230 1237 298 1264 clavi
318 1242 380 1265 sunt
400 1242 428 1265 et
443 1245 510 1265 crux
533 1242 561 1265 et
583 1238 767 1266 accusationes
789 1243 817 1266 et
837 1243 982 1265 scommata
995 1242 1024 1266 et

230 1283 359 1311 cenvicia.
378 1283 474 1318 Utique
487 1303 496 1317 ,
512 1284 612 1319 inquit:
629 1291 689 1311 nam
710 1284 766 1319 ipsa
784 1291 850 1311 crux
867 1283 943 1318 regni
957 1283 1022 1311 mihi

191 1318 199 1326 4
230 1329 335 1357 videtur
344 1318 570 1366 symbolumesse.
583 1318 727 1365 Propterea
739 1331 823 1365 ipsum
831 1330 930 1366 Regem
944 1338 1021 1365 voco,

230 1375 291 1410 quia
315 1375 401 1410 ipsum
416 1375 493 1403 video
505 1375 660 1403 crucifixum
676 1385 683 1404 :
697 1376 767 1412 regis
790 1376 861 1403 enim
883 1381 924 1404 est
939 1395 949 1409 ,
974 1383 1022 1412 pro

230 1420 342 1448 subditis
367 1421 444 1448 mori.
472 1420 586 1456 ipsemet
600 1421 680 1448 dixit:
697 1421 783 1448 Bonus
805 1427 892 1456 pastor
911 1423 1023 1448 animant

229 1473 301 1492 suam
315 1466 385 1501 ponit
398 1474 444 1500 pro
456 1466 541 1493 ovibus
558 1465 651 1501 (Joan.
665 1465 707 1494 l0.
723 1466 753 1493 Η
766 1466 786 1501 ).
800 1465 882 1501 Igitur
894 1471 922 1494 et
936 1466 1022 1495 bonus

230 1519 277 1540 rex
291 1513 407 1539 animam
420 1520 494 1540 suam
509 1513 583 1548 ponit
595 1520 643 1548 pro
657 1513 780 1540 subditis.
797 1512 864 1540 Cum
883 1520 947 1547 ergo
962 1513 1021 1540 ani-

230 1565 300 1585 mam
329 1565 403 1584 suam
430 1558 568 1592 posuerit,
592 1564 734 1594 eapropter
768 1557 866 1594 Regem
902 1559 1021 1586 nomino.

230 1602 357 1629 Hermum
368 1603 425 1636 mei,
435 1602 553 1636 Domine,
570 1612 627 1630 cum
640 1604 735 1630 veneris
749 1604 773 1630 in
789 1612 891 1638 regnum
905 1608 984 1631 tuum.

265 1649 292 1675 4.
309 1649 352 1675 Vis
359 1648 463 1676 discere
472 1649 607 1684 quomodo
618 1657 683 1676 crux
697 1650 732 1677 sit
744 1650 818 1683 regni
835 1654 896 1676 nota
907 1654 933 1676 et
948 1658 1021 1685 sym-

229 1696 318 1723 bolum
331 1700 357 1723 et
369 1704 448 1731 quam
460 1696 557 1732 inclyta
570 1704 613 1724 res
626 1697 680 1723 sit?
696 1696 752 1723 Non
769 1696 876 1731 reliquit
889 1696 972 1731 ipsam
989 1696 1015 1724 in

230 1746 311 1773 terra,
323 1741 370 1769 sed
378 1742 454 1769 duxit
462 1749 521 1769 eam
533 1742 560 1769 iu
570 1741 673 1769 caelum.
684 1741 760 1770 Unde
773 1741 823 1769 hoc
834 1742 915 1777 liquet
927 1742 938 1769 ?
951 1742 1021 1769 Cum

229 1786 288 1821 ipso
300 1791 409 1813 ventura
424 1791 467 1814 est
476 1786 502 1814 in
518 1786 636 1814 secundo
649 1787 708 1821 ejus
722 1791 748 1814 et
762 1787 878 1821 glorioso
892 1787 1019 1815 adventu.

230 1832 284 1860 Sed
305 1831 442 1860 videamus
461 1831 568 1867 quando
582 1839 642 1859 cum
663 1831 722 1866 ipso
750 1832 785 1859 sit
808 1837 930 1859 ventura.
951 1832 1020 1859 Audi

230 1877 315 1912 ipsum
330 1877 463 1904 Christum
478 1877 612 1904 dicentem
627 1884 634 1904 :
648 1876 678 1903 Si
690 1876 798 1903 dixerint
810 1877 889 1910 vobis,
913 1876 979 1903 Ecce
995 1877 1022 1904 in

230 1922 398 1958 penetralibus
411 1927 447 1949 est
461 1922 585 1955 Christus,
600 1930 657 1949 ecce
670 1922 698 1948 in
715 1921 852 1949 solitudine
863 1942 870 1954 ,
885 1930 916 1948 ne
928 1922 1022 1949 creatis

230 1974 238 2004 (
255 1969 347 1996 Matth.
362 1969 406 1996 24.
419 1969 454 1996 26
467 1967 488 2003 ).
507 1969 543 1996 De
556 1968 673 1996 secundo
686 1976 734 1995 suo
745 1968 860 1995 adventu
873 1969 930 1996 lucc
942 1969 1020 2003 dicit,

231 2019 339 2049 propter
352 2014 432 2041 falsos
444 2014 575 2046 Christos,
588 2019 615 2040 et
626 2018 734 2048 propter
748 2013 995 2048 pseudoprophetas
1012 2035 1020 2046 ,

230 2067 257 2093 et
271 2066 380 2096 propter
399 2059 590 2087 Autichristum
601 2081 608 2093 ,
621 2067 655 2087 nc
669 2059 728 2094 quis
741 2059 938 2087 circumventus
951 2060 976 2086 iu
988 2060 1021 2086 il-

230 2107 285 2134 Ιιιιιι
309 2106 417 2134 incidat.
437 2105 503 2133 Cum
518 2105 589 2133 enim
611 2104 789 2132 Antichristus
804 2110 866 2132 ante
886 2104 1021 2132 Christum

230 2158 355 2181 venturus
370 2153 414 2185 sit,
425 2152 473 2186 Ne,
486 2153 586 2187 inquit,
602 2156 734 2186 pastorem
749 2156 900 2186 quaerentes
920 2151 1022 2178 incida-

231 2201 266 2227 tis
277 2200 305 2227 in
319 2200 407 2234 lupum
418 2219 426 2232 ,
443 2199 477 2225 ob
490 2198 517 2226 id
534 2197 626 2226 indico
646 2197 722 2225 vobis
735 2202 838 2225 certum
854 2197 979 2225 indicium
995 2201 1022 2224 et

230 2249 414 2281 argumentum
433 2243 549 2279 pastoris
576 2243 714 2278 prmsentis
735 2251 742 2269 :
759 2242 836 2277 cujus
858 2243 959 2278 primus
971 2242 1020 2269 ad—

229 2295 326 2318 ventus
344 2289 407 2317 licet
423 2289 544 2317 occultus
557 2288 650 2321 fuerit;
667 2296 700 2316 ne
713 2292 801 2315 tamen
814 2287 972 2315 existimetis
986 2291 1023 2314 ta-

230 2336 283 2364 lem
304 2335 383 2364 etiam
398 2334 456 2362 fore
469 2334 626 2362 secundum.
641 2333 707 2361 Nam
725 2334 769 2361 ille
786 2334 882 2361 merito
903 2333 1021 2361 occultus

229 2382 279 2410 fuit
291 2391 297 2409 :
312 2381 386 2409 venit
398 2381 470 2408 enim
481 2387 602 2415 quccrere
612 2379 682 2415 quod
691 2380 823 2414 perierat;
838 2379 889 2406 iste
897 2387 962 2407 vero
968 2386 1022 2407 non

230 2430 265 2457 ita
280 2428 346 2462 erit,
359 2432 388 2456 at
399 2426 553 2462 quomodo?
567 2426 612 2454 dic
623 2431 650 2454 et
665 2425 740 2454 doce.
755 2426 839 2460 Sicut,
855 2426 956 2461 inquit,
971 2426 1022 2454 erit

230 2476 318 2511 fulgur
329 2474 360 2501 ab
375 2474 477 2502 Oriente
494 2478 517 2500 et
531 2478 637 2508 apparet
656 2481 733 2507 usque
746 2473 773 2499 in
788 2473 965 2500 Occidentem:
986 2473 1022 2499 ita

229 2523 275 2550 erit
297 2525 321 2548 et
340 2520 460 2547 adventui
473 2518 536 2546 Filii
545 2520 653 2546 hominis
670 2518 750 2556 (Ibid.
771 2527 794 2546 υ.
810 2519 867 2555 27).
890 2519 1022 2554 Derepen-

231 2574 256 2596 te
270 2567 393 2595 omnibus
408 2566 547 2602 apparebit
559 2575 565 2593 :
580 2574 633 2593 non
643 2573 753 2594 necesse
765 2566 826 2600 erit,
841 2570 869 2593 ut
882 2567 1021 2601 quisquam

231 2615 386 2648 interroget.
405 2611 635 2646 Quemadmodum
658 2612 729 2639 enim
752 2612 822 2639 facto
844 2611 946 2647 fulgure
968 2619 1020 2638 non

231 2667 298 2695 opus
309 2658 437 2686 habemus
452 2657 598 2693 inquirere,
613 2665 674 2684 num
686 2657 772 2692 fulgur
786 2658 935 2684 exstiterit:
950 2657 985 2684 ita
996 2657 1020 2684 iu

232 2705 348 2732 secundo
362 2704 408 2731 illo
417 2703 531 2730 adventu
546 2710 656 2730 necesse
669 2711 722 2729 nou
740 2703 791 2729 erit
804 2709 924 2737 quaerere
935 2722 942 2734 ,
958 2710 1020 2728 num

231 2751 354 2778 Christus
369 2750 482 2778 venerit.
496 2751 530 2777 At
545 2756 608 2777 vero
630 2748 742 2776 necdum
759 2748 785 2775 id
798 2749 868 2783 quod
882 2748 1021 2783 quaereba—

232 2803 276 2825 tur
286 2818 295 2831 ,
310 2797 425 2825 diximus
434 2817 442 2831 ,
454 2804 516 2824 num
531 2795 655 2823 videlicet
671 2803 730 2823 eum
745 2802 826 2822 cruce
834 2797 870 2822 sit
883 2798 1019 2822 venturus.

235 2844 303 2872 Audi
329 2844 430 2880 igitur,
457 2841 591 2879 quomodo
614 2846 642 2870 et
665 2841 715 2869 hoc
735 2841 876 2868 manifeste
895 2840 1018 2875 explicet.

1075 457 1190 486 quantus
1203 452 1310 488 fulgor?
1323 453 1369 482 Sol
1383 454 1573 482 obtenebratur
1582 475 1590 488 ,
1604 459 1631 482 et
1641 454 1702 482 luna
1717 463 1767 484 non
1775 458 1852 492 splen~

1075 496 1133 529 det,
1146 501 1217 524 astra
1229 497 1346 526 cadunt:
1358 498 1423 526 illud
1439 506 1502 526 vero
1511 498 1596 526 solum
1609 505 1730 535 apparet,
1741 506 1769 528 ut
1781 502 1851 530 intel-

1075 542 1141 578 ligas
1153 541 1218 570 illud
1230 548 1257 570 et
1267 544 1328 572 luna
1342 544 1518 578 Splendidius,
1537 549 1564 572 et
1572 545 1629 572 sole
1641 545 1779 581 fulgentius
1792 555 1852 578 esse,

1074 589 1304 623 Quemadmodum
1325 591 1396 619 enim
1429 599 1492 627 rege
1529 591 1694 627 ingrediente
1708 613 1716 626 ,
1736 595 1854 624 exercitus

1075 640 1224 670 pmeunies
1239 636 1314 672 signa
1335 637 1453 665 humeris
1463 637 1552 673 ferunt
1562 657 1570 670 ,
1583 638 1706 673 regisque
1719 639 1854 675 ingressum

1074 681 1249 709 aununtiant:
1266 682 1306 710 sic
1324 686 1351 710 et
1373 682 1489 710 Domino
1501 683 1589 710 omnis
1603 688 1733 711 creatura:
1745 685 1778 712 de
1792 686 1855 714 uelis

1074 729 1254 758 descendente
1271 750 1278 762 ,
1291 731 1425 759 exercitus
1436 731 1593 766 angelorum
1607 737 1634 759 et
1648 732 1856 767 archangelorum

1074 773 1179 809 signum
1192 774 1256 802 illud
1270 774 1379 809 ferunt,
1407 781 1434 804 et
1447 776 1549 812 regium
1563 777 1712 813 ingressum
1724 778 1798 805 nobis
1813 786 1855 806 ιη-

1074 820 1205 848 nuntiant.
1218 820 1300 854 Tunc,
1317 822 1413 857 inquit,
1428 827 1451 850 et
1469 822 1578 850 Virtutes
1592 825 1713 851 ctelorum
1729 833 1857 852 commove-

1075 864 1167 892 buntur
1183 865 1276 902 (lbid.)
1288 887 1296 900 ,
1313 867 1422 902 angelos
1435 873 1462 895 et
1476 869 1650 904 archangelos
1665 875 1692 896 et
1704 870 1857 898 omnesillas

1075 910 1279 945 inaspectahiles
1301 912 1450 941 Potestates
1475 914 1650 950 intelligens:
1671 919 1773 942 tremor
1796 916 1857 943 enim

1076 956 1136 983 illos
1147 957 1332 991 apprehendet
1352 959 1504 994 multusque
1518 959 1600 987 timor
1613 965 1641 987 et
1654 960 1760 987 horror.
1776 961 1810 988 At
1819 968 1859 988 cna

1072 1001 1116 1037 jus
1130 1003 1225 1037 gratia.
1241 1003 1294 1037 dic,
1310 1012 1411 1039 quaeso.
1430 1005 1548 1033 Virtutes
1557 1006 1637 1033 etiam
1649 1006 1700 1034 illae
1715 1007 1858 1041 percellun-

1075 1048 1136 1075 tur?
1147 1048 1252 1076 Merito.
1265 1049 1394 1077 Terribile
1407 1051 1459 1078 erit
1481 1052 1546 1079 illud
1559 1052 1685 1084 tribunal,
1695 1052 1729 1079 de
1743 1052 1858 1080 universa

1074 1093 1211 1122 hominum
1224 1099 1317 1122 natura
1331 1100 1393 1123 tunc
1401 1096 1572 1131 judicabitur,
1580 1102 1607 1125 et
1617 1098 1748 1125 rationem
1758 1098 1801 1126 illa
1808 1099 1859 1126 red-

1074 1139 1129 1173 det,
1145 1144 1173 1168 et
1192 1141 1302 1169 terribili
1325 1142 1448 1170 tribunali
1465 1143 1586 1171 adsistet.
1600 1142 1655 1171 Cur
1674 1149 1764 1172 autem
1777 1145 1858 1180 angeli

1074 1190 1138 1214 tunc
1151 1191 1278 1220 tremunt,
1291 1193 1318 1215 ct
1330 1188 1496 1224 incorporeas
1508 1189 1561 1217 illa:
1573 1188 1693 1218 Virtutes
1709 1190 1858 1218 formidant?

1074 1240 1163 1268 neque
1177 1234 1248 1261 enim
1264 1233 1299 1262 de
1312 1234 1364 1262 illis
1375 1235 1546 1270 judicabitur.
1557 1236 1788 1270 Quemadmodum
1796 1237 1861 1272 judi-

1074 1287 1106 1308 ce
1120 1284 1249 1308 nocentes
1258 1281 1453 1310 condcmnante
1464 1303 1471 1315 ,
1491 1286 1519 1310 et
1536 1283 1562 1310 in
1573 1282 1643 1311 solio
1655 1284 1765 1311 excelso
1778 1284 1862 1313 consi-

1074 1326 1165 1361 dente,
1178 1334 1230 1354 non
1245 1328 1332 1355 solum
1345 1333 1450 1361 sontes.
1463 1328 1510 1357 sed
1519 1334 1547 1356 et
1559 1329 1603 1364 qui
1616 1337 1650 1357 ex
1664 1329 1762 1358 eodem
1776 1331 1863 1358 ordine

1073 1374 1249 1401 circumstant
1259 1394 1267 1405 ,
1278 1381 1328 1401 nec
1338 1374 1494 1409 cujuSqnam
1508 1375 1571 1402 mali
1594 1375 1645 1403 sibi
1671 1376 1774 1403 conscii
1786 1381 1845 1403 sunt
1855 1397 1862 1409 ,

1074 1419 1248 1446 nihilominus
1260 1420 1355 1447 timent
1367 1425 1394 1447 et
1417 1420 1577 1448 horrescunt
1596 1421 1740 1448 formidine
1750 1421 1859 1455 judicis:

1074 1465 1109 1491 ita
1124 1469 1229 1496 ettunc,
1244 1473 1305 1492 cum
1321 1465 1355 1493 de
1369 1470 1464 1493 natura
1474 1465 1647 1500 judicabitur,
1659 1471 1686 1493 et
1699 1467 1817 1494 rationes
1830 1466 1862 1494 ob

1073 1512 1215 1539 ccmmissa
1229 1511 1332 1546 piacula
1346 1516 1521 1547 reposcentur
1534 1532 1542 1545 ,
1569 1512 1649 1540 etiam
1662 1512 1698 1540 illi
1716 1533 1723 1546 ,
1740 1513 1785 1548 qui
1803 1512 1864 1540 nihil

1074 1557 1123 1585 sibi
1139 1559 1278 1585 consciunt
1290 1558 1375 1594 angeli
1389 1580 1395 1590 ,
1411 1563 1439 1586 et
1453 1559 1562 1594 reliquae
1579 1559 1696 1587 Virtutes
1709 1563 1865 1587 metuuutet

1074 1608 1190 1630 tremunt
1208 1608 1317 1638 propter
1335 1604 1421 1632 minas
1440 1604 1550 1632 Iudicis.
1571 1605 1603 1632 Et
1625 1605 1676 1632 hoc
1688 1606 1799 1640 quidem
1813 1605 1863 1640 jam

1075 1649 1270 1676 intelleximus:
1293 1650 1369 1684 cujus
1380 1658 1443 1676 vero
1457 1650 1540 1684 gratia
1555 1650 1609 1685 (a),
1624 1655 1743 1685 etquare
1757 1658 1863 1678 crucem

1074 1694 1175 1722 hahcns
1190 1700 1318 1722 venturus
1331 1695 1391 1723 est?
1412 1696 1490 1722 Disce
1503 1699 1530 1722 et
1547 1695 1627 1730 hujus
1644 1696 1682 1723 rei
1697 1703 1818 1723 causam.
1833 1695 1866 1722 Ut

1073 1742 1145 1768 enim
1156 1749 1189 1769 ex
1205 1742 1269 1776 ipsis
1283 1742 1411 1776 operibus
1426 1742 1464 1769 illi
1476 1762 1483 1773 ,
1507 1741 1552 1776 qui
1573 1750 1636 1770 eum
1651 1743 1843 1770 cruciﬁxerunt
1857 1761 1866 1774 ,

1078 1788 1214 1822 propriam
1224 1788 1404 1823 insipientiam
1418 1793 1595 1822 cuguoscant,
1610 1787 1694 1822 ipsam
1708 1788 1762 1815 illis
1776 1793 1867 1815 osten-

1073 1833 1112 1860 dit
1122 1841 1239 1866 crucem,
1255 1841 1306 1868 qua
1321 1841 1414 1860 eorum
1429 1834 1605 1868 redarguatur
1618 1833 1730 1860 insania.
1745 1833 1782 1860 Et
1792 1838 1820 1860 ut
1830 1834 1867 1860 in-

1074 1880 1179 1914 telligas
1195 1901 1201 1911 ,
1220 1888 1280 1906 cum
1295 1885 1437 1915 propterea
1450 1887 1557 1907 crucem
1582 1879 1653 1907 ferre
1665 1900 1673 1913 ,
1689 1885 1718 1907 ut
1731 1879 1793 1906 illos
1807 1887 1868 1907 con-

1074 1925 1168 1952 fundat
1192 1930 1220 1953 et
1239 1926 1377 1959 increpet;
1401 1926 1463 1952 audi
1491 1926 1681 1961 evangelistam
1710 1925 1865 1953 dicentem.

1074 1970 1145 1998 Tum:
1160 1971 1290 2006 apparebit
1308 1972 1407 2006 signum
1424 1971 1486 1998 Filii
1501 1972 1626 2004 hominis,
1642 1976 1665 1998 et
1679 1971 1802 2007 plangent
1815 1980 1869 1998 ont-

1073 2024 1117 2042 uer
1135 2016 1212 2042 tribus
1233 2021 1305 2043 terra:
1326 2015 1404 2052 (Ibid.
1426 2024 1449 2044 υ.
1466 2016 1523 2051 50),
1540 2016 1660 2044 videntes
1674 2021 1869 2048 accusatorem,

1074 2067 1101 2089 ct
1115 2067 1290 2096 agnoscentes
1314 2066 1451 2096 peccatum
1477 2070 1565 2089 suum.
1592 2062 1625 2089 Et
1649 2062 1712 2096 quid
1737 2061 1868 2093 miraris,

1073 2107 1142 2142 quod
1166 2114 1272 2134 crucem
1289 2106 1378 2134 ferens
1393 2107 1501 2134 veniat?
1523 2106 1579 2142 ipsa
1594 2106 1704 2134 vulnera
1717 2114 1812 2134 secum
1829 2105 1871 2134 fe-

1074 2162 1136 2181 rens
1147 2154 1244 2181 veniet.
1264 2153 1297 2180 Et
1311 2153 1444 2180 undeuam
1460 2153 1543 2188 liquet
1557 2161 1618 2181 eum
1639 2161 1686 2181 sua
1697 2153 1818 2180 vulnera.
1827 2160 1872 2180 se.

1073 2206 1133 2227 cum
1154 2198 1283 2227 ferentem
1306 2202 1447 2225 venturum
1473 2205 1532 2226 esse
1551 2197 1631 2226 ‘iAudi
1654 2199 1812 2233 prophetam
1832 2197 1873 2224 di-

1073 2249 1196 2273 centem:
1214 2245 1335 2272 Videbunt
1349 2244 1375 2271 in
1390 2252 1464 2279 quem
1474 2245 1633 2279 con/iurant
1644 2243 1735 2279 (Zacli.
1751 2243 1797 2271 l2.
1814 2243 1871 2278 i0).

1072 2291 1147 2319 Sicut
1160 2291 1231 2319 enim
1245 2299 1306 2319 cum
1317 2291 1419 2318 Tltoma
1437 2290 1491 2326 egit
1505 2311 1514 2324 ,
1535 2290 1628 2324 volens
1652 2289 1869 2317 incredulitatem

1074 2337 1197 2372 discipuli
1210 2337 1363 2370 emendare,
1380 2336 1553 2371 ostenditque
1566 2336 1590 2364 ei
1603 2336 1715 2363 ﬁxuram
1730 2335 1872 2363 clavorum
1892 2371 1897 2378 _

1049 2396 1051 2406 ς
1074 2388 1102 2410 et
1112 2383 1183 2418 ipsas
1201 2383 1340 2411 cicatrices
1351 2403 1358 2416 ,
1381 2386 1409 2410 et
1421 2383 1458 2409 ait
1474 2390 1481 2409 :
1497 2381 1570 2408 Mitte
1581 2382 1687 2417 digitum
1701 2387 1773 2408 tuum
1795 2383 1847 2408 huc
1861 2401 1871 2415 ,

1059 2427 1061 2431 ’
1075 2433 1098 2454 et
1107 2429 1173 2462 infer
1188 2436 1289 2455 manum
1303 2433 1372 2454 tuam
1385 2427 1474 2462 (Joan.
1487 2427 1533 2454 ΞΟ.
1546 2427 1591 2460 27)
1601 2432 1635 2464 ,οι
1653 2427 1708 2454 vide
1718 2449 1724 2460 ,
1739 2428 1799 2462 quia
1814 2428 1870 2463 spi-

1074 2474 1136 2500 ritus
1148 2481 1248 2499 carnem
1263 2477 1285 2499 et
1295 2481 1352 2500 oua
1374 2481 1425 2500 non
1438 2473 1510 2500 habet
1525 2472 1607 2507 (Luc.
1630 2472 1676 2500 24.
1693 2473 1726 2500 59
1739 2473 1748 2508 )
1765 2493 1772 2504 .
1790 2478 1820 2501 ut
1831 2473 1872 2509 illi

1075 2522 1247 2550 monstraret,
1260 2525 1289 2545 se
1297 2525 1358 2546 vere
1372 2518 1568 2546 resurrexisse:
1583 2519 1620 2545 sic
1633 2524 1660 2545 et
1670 2522 1732 2545 tunc
1747 2519 1798 2546 fert
1811 2519 1875 2546 vul-

1075 2571 1138 2591 nera
1149 2568 1176 2591 et
1189 2571 1308 2595 crucem,
1324 2569 1352 2590 ut
1365 2565 1404 2592 eis
1418 2564 1582 2592 ostendatse
1592 2564 1669 2591 illum
1690 2571 1750 2591 esse
1763 2584 1772 2596 ,
1788 2572 1872 2600 quem

1074 2608 1271 2636 crucifixi-runt.
1293 2608 1415 2643 Magnum
1432 2617 1496 2644 ergo
1523 2609 1621 2636 bonum
1645 2614 1671 2636 ct
1693 2609 1830 2643 salutare,
1846 2614 1873 2638 et

1074 2654 1183 2682 evidens
1197 2659 1383 2688 argumentum
1397 2654 1494 2682 divina:
1509 2654 1715 2682 benevolentiae.

1109 2700 1136 2727 5.
1149 2700 1217 2733 Quin
1231 2699 1284 2727 imo
1297 2707 1349 2727 non
1365 2699 1450 2727 solum
1462 2708 1527 2727 crux
1537 2721 1544 2733 ,
1566 2699 1613 2728 sed
1632 2705 1660 2727 et
1675 2701 1730 2735 ipsa
1747 2700 1772 2727 in
1790 2708 1872 2728 crure

1074 2746 1176 2781 prolata
1186 2747 1265 2774 verba
1281 2746 1484 2773 iueuarrahilem
1499 2746 1556 2781 ejus
1570 2745 1763 2774 humanitatem
1779 2748 1873 2774 decla-

1106 2811 1142 2842 (a)
1155 2816 1224 2843 Hunc
1235 2811 1314 2837 locum
1333 2812 1398 2836 inter
1416 2811 1463 2835 alia
1482 2811 1560 2836 refert
1571 2815 1593 2836 s.
1606 2815 1654 2836 Leo
1666 2816 1727 2843 rapa
1738 2813 1768 2837 ad
1777 2812 1874 2839 taken-

1073 2842 1183 2875 Epistula!
1195 2843 1248 2873 434,
1258 2844 1301 2870 ubi
1311 2843 1389 2875 magis
1405 2848 1504 2866 sensum
1514 2849 1585 2874 quam
1594 2845 1670 2868 verm
1682 2850 1722 2875 ex]
1732 2845 1807 2870 ritnit.
