1976 3130
115 167 158 195 H5
611 168 654 196 nr.
673 167 787 196 cnucr.
807 162 1030 210 summoue
1048 160 1164 191 noutL.
1184 160 1216 187 ll.

114 230 172 254 rant.
187 223 250 252 Audi
271 222 325 258 ipsa
341 222 442 249 verba:
458 219 690 248 circumstantibus
702 217 773 245 enim
792 216 856 251 ipsis
870 223 885 242 a

113 271 194 305 quibus
205 269 342 297 cruciﬁxus
353 268 449 300 fuerat,
462 267 554 301 iraque
563 269 589 292 et
600 265 690 291 lurore
700 261 883 292 :estuantibus,

113 316 189 347 Pater,
204 314 300 348 inquit,
318 314 420 349 ignosce
437 312 490 339 illis
508 315 639 346 peccatum
659 309 706 336 hoc
721 315 730 335 :
749 316 800 335 non
819 307 886 334 enim

112 363 197 393 sciunt,
211 359 268 395 quid
287 364 363 394 agant
380 357 458 393 (Luc.
469 357 514 385 25.
528 355 585 393 54).
599 355 681 382 Vides
696 353 886 388 benignitatem

113 406 224 433 Domini?
244 404 384 432 cruciﬁxus
400 411 449 439 pro
469 396 684 437 cruciﬁgentibus
710 399 821 431 orabat,
836 399 886 425 etsi

112 452 144 479 tlli
156 450 345 479 subsannabant
356 455 381 477 et
391 448 537 476 illudebant
546 455 606 475 eum
618 447 735 474 dicentes
745 454 751 471 :
761 445 792 472 Si
803 444 887 472 Filius

113 497 153 525 Dei
163 505 195 529 es,
207 495 327 523 descende
337 495 368 522 de
379 503 454 522 cruce
465 493 569 529 (Matth.
582 493 627 520 27.
642 492 700 527 40).
717 491 795 526 Atqui
822 497 886 524 pro-

113 549 164 579 pter
176 542 223 569 hoc
236 542 320 577 ipsum
333 548 385 568 non
401 540 538 567 descendit
556 539 589 566 de
603 545 697 571 cruce,
712 537 783 572 quod
803 535 887 564 Filius

112 589 154 617 Dei
167 588 199 615 sit
214 596 221 614 :
234 587 293 614 ideo
303 586 374 614 enim
385 586 468 618 venit,
482 589 512 613 ut
524 584 722 619 cruciﬁgeretur
736 590 784 617 pro
798 582 885 609 nobis.

111 633 253 666 Descendat,
269 633 360 664 aiunt,
375 631 407 659 de
418 639 507 663 cruce,
521 635 549 657 ut
563 630 692 657 videamus
711 633 734 656 et
754 628 887 655 credamus

110 683 132 708 in
149 689 200 708 eum
215 679 300 715 (Ibid.
317 684 340 706 et
353 677 416 715 42).
430 678 538 705 Intuere
560 676 731 712 intpudentite
747 675 844 706 verba,
861 679 888 702 et

111 725 281 753 excusationes
296 723 501 751 incredulitatis.
514 722 663 750 Grandiora
674 721 746 754 fecit,
760 728 839 756 quam
854 721 888 747 sit

111 773 241 800 descensus
255 770 289 798 de
300 777 390 801 cruce,
403 774 430 797 et
444 776 497 796 non
511 767 684 796 crediderunt
697 776 704 794 :
722 771 750 794 et
765 774 836 793 nunc
849 766 888 792 di-

110 822 180 850 cunt,
194 815 329 844 Descende
345 815 380 843 de
399 822 496 847 cruce,
515 818 542 841 et
557 813 698 841 credemus
713 813 738 839 in
755 816 790 839 te.
807 812 888 839 Multo

109 863 183 897 majus
195 866 250 889 erat
263 865 397 889 mortuum
416 867 527 895 surgere
537 867 569 887 ex
583 859 717 894 sepulcro,
735 858 821 892 lapide
836 857 887 884 im-

109 909 194 945 posito,
208 915 286 943 quam
297 907 462 936 descendere
474 907 508 934 de
524 913 604 934 cruce
618 915 625 932 z
639 905 723 932 multo
734 904 820 938 majus
831 909 889 931 erat

109 954 300 990 quatriduanum
324 953 454 981 Lazarum
473 951 564 980 fasciis
581 951 729 979 involutum
741 972 749 984 ,
765 958 816 978 una
827 959 887 978 cttm

109 1000 154 1028 illis
165 1000 274 1028 educere
289 1007 322 1028 ex
337 1004 521 1027 monumento.
543 998 636 1026 Vidisti
650 998 772 1025 stultitiae
787 998 888 1025 verba?

108 1048 186 1075 vidisti
200 1047 311 1074 insaniae
324 1045 552 1081 magnitudinem?
566 1045 612 1072 sed
623 1044 761 1076 attettdite,
781 1051 887 1078 moneo,

110 1094 247 1128 diligenter,
259 1096 289 1120 ut
298 1092 345 1120 Dci
361 1093 518 1119 immensam
538 1091 728 1126 benignitatem
741 1097 887 1125 cognosca-

109 1139 137 1166 tis
150 1148 156 1166 :
177 1142 203 1165 et
221 1137 357 1172 quomodo
370 1137 414 1164 illa
430 1137 486 1172 ipsa
502 1144 595 1164 eorum
608 1136 716 1163 vesania
726 1156 733 1168 ,
747 1135 870 1162 Christus
880 1157 887 1169 ,

108 1186 171 1212 velut
183 1186 322 1212 occasione
335 1185 371 1211 sit
389 1192 452 1211 usus
477 1184 510 1211 ad
530 1184 646 1211 veniam.
672 1182 768 1215 Pater,
787 1184 888 1218 inquit,

109 1233 196 1266 ignosce
206 1231 257 1258 illis
268 1231 318 1258 hoc
329 1235 457 1266 peccatum
470 1238 479 1256 ι
489 1239 539 1257 non
549 1230 615 1256 enim
626 1230 709 1256 sciunt
719 1229 782 1266 quid
793 1229 890 1265 faciunt

110 1276 174 1310 (Luc.
187 1275 230 1303 25.
242 1276 300 1311 34).
317 1275 430 1303 Tantum
445 1283 498 1302 non
509 1275 558 1302 hoc
574 1275 682 1307 indicat,
698 1275 749 1302 Per
762 1283 832 1310 quat,
847 1275 890 1302 iu-

109 1322 165 1357 quit,
181 1321 337 1356 insipientes
347 1326 425 1353 sunt,
440 1328 487 1356 per
498 1320 591 1348 eadem
608 1321 730 1355 ignorant
742 1342 749 1352 ,
764 1321 834 1356 quod
849 1320 889 1348 l‘a-

110 1368 182 1394 ciunt.
197 1367 228 1394 Et
239 1367 276 1394 illi
292 1367 400 1402 quidem
416 1367 548 1399 dicebant,
563 1366 593 1394 Si
606 1366 691 1393 Filius
703 1366 752 1394 Dei
767 1375 803 1400 es,
819 1368 889 1394 salva.

109 1413 202 1448 teipsum
216 1412 324 1448 (Matth.
338 1412 383 1440 27.
395 1413 452 1447 40).
468 1412 526 1447 Ipse
540 1420 604 1440 vero
618 1413 745 1445 elaborat,
757 1412 890 1447 quomodo

111 1459 163 1486 illos
172 1459 282 1486 salvaret
293 1479 301 1491 ,
319 1459 378 1486 illos
392 1459 497 1494 inquam
508 1479 515 1492 ,
531 1467 545 1484 a
560 1459 655 1493 quibus
668 1459 810 1494 opprobria
826 1467 889 1495 pcr-

108 1505 260 1541 petiebatur,
282 1504 453 1537 illudebatur,
470 1510 496 1532 et
513 1505 639 1532 conviciis
658 1505 889 1540 proscindcbatur.

108 1551 201 1578 Dimitte
215 1551 276 1583 illis,
293 1551 395 1585 inquit,
412 1551 459 1577 hoc
475 1555 603 1585 peccatum
617 1558 625 1577 :
641 1559 691 1577 non
710 1551 776 1577 enim
807 1551 889 1578 sciunt

108 1597 160 1631 quid
173 1597 276 1631 faciunt.
295 1596 363 1630 Quid
377 1596 458 1631 ergo?
470 1604 533 1623 num
551 1596 648 1623 dimisit
665 1596 718 1623 illis
732 1601 867 1631 peccatum
878 1597 891 1624 2

110 1643 203 1669 Dimisit
215 1642 264 1674 eis,
276 1642 324 1677 qui
339 1642 521 1677 paenitentiam
536 1641 624 1669 subire
639 1642 788 1669 voluerint:
802 1642 825 1669 si
838 1650 891 1669 non

108 1689 242 1716 remisisset
256 1688 311 1715 illis
328 1692 482 1722 peccatutn,
505 1687 603 1714 Paulus
619 1695 671 1715 non
691 1687 786 1714 luisset
806 1687 892 1714 factus

109 1735 231 1769 apostolus
257 1743 264 1762 :
291 1734 314 1761 si
338 1741 392 1761 non
416 1733 563 1760 remisissot
587 1733 640 1760 illis
662 1738 815 1767 peccatum,
839 1741 892 1760 non

109 1781 187 1807 statim
202 1780 250 1808 tria
264 1780 349 1807 millia
363 1785 389 1807 et
410 1780 526 1814 quinque
541 1779 622 1806 millia
638 1787 724 1813 neque
738 1779 829 1806 multa:
843 1778 893 1806 Ju-

109 1827 214 1854 daaorum
223 1826 358 1862 myriades
367 1830 458 1861 postea
467 1825 651 1852 credidissent.
667 1824 735 1851 Audi
747 1824 817 1852 enim
830 1824 893 1859 qttid

110 1872 213 1899 lacubus
228 1872 407 1908 Jerosolymis
428 1871 499 1898 dicat
523 1871 556 1898 ad
575 1870 684 1897 Paulum
700 1879 706 1896 :
730 1869 804 1897 Vides
815 1891 822 1903 ,
838 1872 892 1905 {ra-

109 1923 155 1949 ter.
188 1922 247 1953 quot
279 1918 363 1944 millia
393 1916 543 1944 Judworum
565 1921 640 1950 sunt,
673 1917 715 1951 qui
734 1916 894 1943 crediderunt

109 1963 168 1997 (Act.
181 1963 225 1990 2t.
239 1963 301 2000 ac).

139 2009 263 2044 Frequens
276 2011 345 2037 circa
355 2010 492 2036 orationem
507 2017 553 2044 pro
569 2008 677 2036 inimicis
701 2009 896 2036 admonitio.—

112 2054 238 2083 lmitemur
249 2056 331 2090 igitur
342 2060 369 2082 et
382 2062 431 2082 nos
444 2055 595 2086 Dominum,
609 2058 637 2082 et
645 2062 692 2089 pro
703 2054 817 2082 inimicis
833 2062 894 2089 pre-

110 2108 201 2128 cemur.
217 2100 284 2135 Quae
298 2100 356 2128 heri
369 2100 470 2133 monui,
482 2100 637 2127 eorumdem
651 2103 678 2127 et
691 2107 763 2127 nunc
776 2107 895 2127 commo-

107 2146 214 2179 nel’acio,
229 2146 321 2174 sciens
334 2146 460 2180 prteclare
475 2145 537 2172 facti
552 2145 761 2180 magnitudinem
772 2166 779 2178 ,
792 2145 896 2172 imitare

111 2196 175 2218 tuum
191 2191 345 2219 Dominum.
358 2191 405 2218 Ille
415 2190 628 2226 cruciﬁgebatur,
640 2194 668 2218 et
678 2198 727 2226 pro
737 2191 897 2226 cruciﬁgen-

112 2238 173 2265 tibus
185 2239 288 2265 orabat.
303 2238 337 2265 Et
350 2237 484 2273 quomodo
499 2245 619 2272 possum,
635 2238 738 2272 inquis,
756 2237 896 2264 Dominum

111 2284 216 2311 imitari?
235 2284 264 2312 Si
289 2285 355 2311 velis
367 2306 374 2317 ,
388 2289 465 2319 potes
490 2293 496 2310 :
515 2284 538 2311 si
560 2284 617 2311 ﬁeri
640 2291 693 2311 non
709 2288 816 2318 posset,
842 2292 896 2311 non

111 2329 223 2362 dixisset,
238 2329 363 2356 Discitea
382 2338 421 2356 me
435 2329 495 2365 quia
510 2330 576 2356 mitis
588 2337 644 2355 sum
663 2334 684 2356 et
704 2329 805 2356 humilis
822 2330 898 2356 corde

113 2375 210 2410 (Matth.
223 2377 266 2404 ll.
282 2376 331 2412 29)
346 2385 352 2403 :
368 2376 391 2404 si
407 2376 486 2403 homo
500 2375 598 2402 imitari
614 2383 666 2402 nou
682 2376 826 2410 potuisset,
843 2383 896 2402 non

112 2422 212 2450 dixisset
230 2423 350 2450 Paulus:
371 2421 517 2449 Imitatores
537 2422 586 2448 mei
611 2426 703 2454 estote,
725 2422 789 2448 sicut
811 2426 834 2448 et
852 2430 897 2457 ego

112 2467 198 2495 Christi
211 2468 249 2506 (l.
260 2468 321 2497 Cor.
335 2469 378 2496 il.
394 2469 432 2502 l).
442 2469 572 2496 Caeterum
582 2468 604 2496 si
620 2468 689 2495 nolis
699 2468 795 2494 imitari
807 2468 897 2495 Domi-

114 2522 179 2546 num,
190 2515 294 2543 imitare
301 2523 472 2548 conservum,
484 2514 647 2549 Stephanum
659 2514 729 2547 dico,
742 2515 785 2549 qui
796 2515 898 2550 primus

114 2561 225 2596 martyrii
247 2561 318 2588 fores
337 2561 441 2595 aperuit
455 2569 461 2587 :
475 2561 527 2596 (ille
543 2560 684 2587 Dominum
705 2560 824 2587 imitatus
845 2564 896 2587 est.

113 2607 335 2638 Quemadmodum
359 2607 430 2634 enim
451 2607 580 2634 Dominus
599 2606 669 2633 inter
682 2613 744 2638 eos,
767 2613 782 2633 a
802 2606 898 2641 quibus

111 2652 247 2679 cruciﬁxus
254 2652 363 2685 .l'uerat,
384 2659 529 2686 suspensus
545 2659 592 2687 pro
605 2651 820 2686 crttciligenttbus
835 2658 897 2678 ora-

113 2697 166 2731 bat;
181 2698 221 2726 sic
240 2703 268 2726 et
288 2705 383 2726 servus
403 2698 473 2725 inter
484 2705 549 2730 eos,
572 2704 587 2724 a
602 2697 699 2731 quibus
720 2696 896 2729 lapidabatur,

113 2743 274 2778 constitutus,
285 2749 311 2771 et
327 2744 361 2770 ab
371 2743 444 2770 omni
459 2743 536 2771 turba
551 2742 682 2777 lapidibus
692 2743 824 2777 appetitus
834 2762 842 2775 ,
858 2742 898 2769 la-

113 2789 236 2826 pidesque
268 2789 335 2816 nivis
357 2789 441 2816 instar
455 2789 587 2816 irruentes
600 2788 751 2822 excipiens,
772 2789 899 2823 neglectis

113 2835 153 2868 qui
172 2835 232 2863 inde
244 2836 400 2863 oriebantur
413 2835 564 2867 doloribus,
581 2834 686 2862 dicebat
700 2843 706 2861 :
729 2834 838 2861 Domine
849 2855 855 2864 .
868 2843 899 2861 ne

114 2884 201 2908 statuas
214 2881 265 2910 illis
280 2881 325 2908 hoc
341 2886 468 2915 peccatum
483 2882 551 2915 (Act.
565 2882 591 2908 7.
606 2881 664 2917 59).
680 2881 784 2915 Vidisti,
802 2881 897 2916 quibus

276 2929 406 2958 ΡΑτιιοιη
430 2928 488 2957 (in.
514 2928 623 2960 XLIX.

1683 154 1735 182 416

943 214 1033 241 verbis
1047 214 1130 241 Filius
1153 217 1252 246 utatur,
1277 218 1303 241 et
1326 214 1460 248 quomodo
1480 221 1574 241 servus
1595 217 1675 241 oret:
1692 213 1736 241 illo

939 260 1014 292 dicit,
1024 259 1112 292 Pater,
1121 259 1218 286 dimitte
1229 259 1281 287 illis
1294 259 1341 286 hoc
1353 265 1500 294 peccatum;
1512 268 1562 286 non
1573 260 1640 286 enim
1654 259 1736 286 sciunt

938 307 1000 340 quid
1013 307 1110 343 faciunt
1124 306 1201 343 (Luc.
1221 306 1267 334 25.
1283 306 1327 341 ’54)
1345 315 1351 332 :
1367 306 1410 333 hic
1423 306 1496 337 dicit,
1512 305 1555 333 Ne
1569 310 1665 332 statuas
1685 305 1737 332 illis

940 357 988 383 hoc
1001 361 1144 391 peccatum.
1160 355 1195 383 Et
1208 359 1238 383 ut
1252 354 1384 389 intelligas
1398 354 1455 381 hate
1469 354 1543 381 illum
1556 354 1697 388 diligenter
1711 357 1738 379 et

940 407 1063 430 accurate
1075 410 1164 438 agerc,
1178 410 1232 429 non
1255 401 1411 436 simpliciter
1425 401 1528 433 orabat,
1551 408 1638 435 neque
1652 399 1737 426 obiter

941 454 968 476 et
978 449 1086 482 leviter,
1109 456 1194 484 nequc
1209 452 1294 480 stans,
1309 447 1355 474 sed
1371 447 1464 481 positis
1476 446 1597 481 genibus,
1612 453 1672 474 cum
1687 446 1738 473 do-

943 496 1002 524 lore
1015 501 1043 523 et
1056 495 1262 530 compunctione
1276 499 1302 521 et
1322 501 1382 521 cum
1397 493 1478 520 multa
1492 493 1736 520 commiseratione.

942 541 989 569 Vis
1005 541 1050 569 tibi
1065 541 1205 568 ostendam
1218 545 1245 568 et
1258 541 1337 567 alium
1351 540 1477 574 majorem
1492 546 1649 566 conservum
1665 537 1739 565 simi-

940 589 1003 616 liter
1025 584 1119 623 preces
1144 595 1194 622 pro
1217 587 1330 614 inimicis
1353 585 1527 613 fundentem?
1549 584 1608 612 audi
1632 585 1738 611 beatum

941 634 1049 662 Paulum
1067 643 1074 662 :
1089 639 1229 670 postquam
1253 637 1447 665 enumerasset,
1472 636 1571 667 quanta
1596 638 1738 666 perpessus

940 686 1029 714 esset;
1046 688 1107 708 nam
1127 681 1174 713 ait,
1191 681 1328 714 Quinquies
1349 679 1515 715 quadraginta
1529 687 1581 705 una
1594 678 1677 704 minus
1693 685 1738 704 ac-

940 727 1006 761 cepi,
1022 731 1059 753 ter
1076 727 1153 762 uirgis
1174 734 1253 753 «usus
1275 735 1341 758 sum,
1368 725 1444 752 semel
1459 725 1587 760 lapidatus
1608 732 1674 756 sum,
1702 728 1739 750 ter

944 773 1109 809 naufragium
1123 773 1171 807 feci
1185 773 1223 806 (2.
1239 772 1297 799 Cor.
1315 772 1358 799 Il.
1373 771 1417 798 24.
1431 771 1478 805 25)
1493 779 1501 798 :
1516 775 1542 798 et
1556 777 1615 798 cum
1630 776 1740 804 percen-

941 819 1040 846 suisset
1061 822 1144 845 totam
1168 818 1240 845 illam
1261 818 1367 850 seriem,
1388 822 1415 844 ct
1429 817 1535 844 insidias
1549 823 1614 851 quas
1629 816 1662 842 ab
1674 815 1739 850 ipsis

942 863 1059 898 quotidie
1074 863 1232 895 sustinebat,
1249 862 1322 889 addit
1334 867 1360 889 et
1375 862 1432 896 ipse
1448 871 1454 888 :
1471 862 1595 896 Optabam
1605 862 1740 888 anathema

940 917 993 936 esse
1007 917 1023 935 a
1035 909 1134 936 Christo
1147 917 1192 944 pro
1213 908 1331 944 fratribus
1346 908 1417 939 meis,
1440 907 1552 943 cognatis
1570 907 1631 933 meis
1652 915 1741 933 secum

940 954 1001 981 dum
1022 962 1139 988 carnem,
1159 955 1202 989 qui
1216 958 1274 980 sunt
1297 953 1424 981 Israelin
1441 953 1528 988 (Rom.
1550 952 1577 980 9.
1593 953 1631 988 5).
1645 952 1691 979 Vis
1713 956 1741 979 et

944 1001 1012 1028 alios
1026 1001 1116 1028 videre
1130 1008 1183 1027 non
1204 1007 1235 1027 ex
1250 1007 1330 1032 novo,
1345 999 1391 1026 scd
1410 1007 1443 1026 ex
1465 999 1547 1026 veteri
1570 1006 1676 1034 qttoque
1689 998 1741 1025 Te-

943 1051 1094 1080 stamento,
1116 1046 1160 1082 qui
1184 1046 1254 1073 idem
1276 1045 1417 1072 factitant?
1438 1045 1511 1073 Tunc
1531 1045 1601 1072 enim
1624 1046 1741 1073 maxime

945 1092 1130 1120 admirandum
1144 1096 1195 1122 cst,
1212 1091 1317 1126 quando
1330 1091 1379 1123 illi,
1395 1091 1491 1126 quibus
1503 1099 1555 1118 non
1571 1096 1611 1118 est
1624 1091 1740 1126 impera-

942 1143 999 1165 tum
1014 1138 1136 1165 inimicos
1149 1137 1268 1170 diligere,
1284 1137 1331 1164 sed
1350 1137 1457 1164 oculum
1471 1145 1519 1171 pro
1532 1137 1619 1170 oculo,
1636 1141 1663 1164 et
1675 1137 1740 1164 den-

941 1189 995 1210 tem
1009 1191 1056 1218 pro
1069 1183 1149 1210 dente
1166 1183 1262 1217 ejicere
1275 1182 1372 1217 (Exod.
1388 1183 1434 1209 21.
1450 1183 1494 1210 24.
1510 1182 1569 1219 25),
1583 1188 1610 1210 et
1624 1191 1672 1218 par
1683 1182 1742 1218 pari

943 1228 1052 1262 referre,
1077 1228 1111 1255 ad
1130 1228 1282 1264 apostolica:
1299 1228 1470 1263 perfectionis
1484 1229 1589 1256 culmen
1613 1229 1741 1258 evadunt.

946 1275 1015 1302 Audi
1031 1283 1105 1310 ergo,
1120 1274 1181 1310 quid
1197 1275 1268 1302 dicat
1285 1275 1398 1311 Moyses,
1413 1276 1492 1302 toties
1506 1283 1520 1302 a
1534 1275 1631 1303 Judmis
1645 1275 1741 1311 lapidi-

943 1321 994 1348 bus
1009 1320 1162 1355 appetitus:
1178 1319 1208 1347 Si
1226 1319 1331 1347 dimittis
1353 1320 1405 1347 illis
1420 1325 1547 1356 peccatum
1558 1342 1565 1353 ,
1586 1321 1682 1348 dimitte
1698 1321 1742 1348 :si

942 1375 999 1394 vero
1013 1375 1074 1399 non,
1088 1366 1143 1393 dele
1156 1370 1179 1393 et
1198 1375 1239 1393 me
1259 1366 1291 1393 de
1312 1365 1386 1399 libro,
1409 1374 1482 1401 quem
1503 1366 1624 1401 scripsisti
1645 1365 1741 1401 (Exod.

941 1414 989 1441 52.
1005 1414 1049 1440 5i.
1064 1413 1119 1448 52).
1133 1412 1215 1440 Vides
1228 1412 1373 1448 quemlibet
1383 1420 1414 1438 ex
1425 1411 1503 1447 justis
1517 1412 1630 1438 alienam
1643 1412 1743 1438 securi-

943 1464 1024 1487 tatem
1040 1459 1217 1494 pra‘posuisse
1240 1459 1316 1486 suae?
1336 1459 1406 1486 Nihil
1420 1459 1534 1494 peccasti
1549 1467 1555 1491 ;
1571 1467 1618 1486 cur
1630 1458 1670 1486 vis
1683 1466 1744 1486 esse

943 1506 1077 1542 particeps
1088 1505 1234 1541 supplicii?
1249 1505 1305 1533 Non
1320 1506 1419 1538 sentio,
1433 1505 1527 1540 inquit,
1542 1505 1706 1539 felicitatem,
1720 1505 1743 1532 si

943 1552 987 1580 alii
1009 1552 1087 1579 rebus
1101 1552 1220 1579 adversis
1240 1552 1436 1579 contlicleutur.
1452 1551 1596 1578 Possumus
1610 1557 1699 1578 autem
1713 1556 1741 1578 et

944 1599 1026 1626 aliutn
1047 1598 1184 1632 reperire,
1208 1598 1253 1632 qui
1274 1597 1389 1624 similem
1411 1597 1591 1632 precationem
1613 1596 1742 1623 instituat.

944 1645 1009 1672 Data
1022 1644 1093 1671 enitn
1114 1651 1196 1678 opera
1211 1643 1293 1670 allero
1307 1643 1388 1670 multa
1402 1643 1534 1678 exempla,
1549 1646 1578 1669 ut
1591 1642 1632 1669 vel
1647 1642 1685 1670 sic
1696 1649 1744 1669 uos

945 1691 1018 1725 ipsos
1037 1690 1212 1725 corrigamus,
1229 1690 1356 1724 gravique
1371 1689 1422 1716 hoc
1437 1689 1531 1716 morbo
1545 1688 1660 1715 animam
1676 1688 1743 1714 libe-

947 1744 1048 1770 remus,
1063 1743 1159 1771 nempe
1172 1744 1206 1762 ne
1219 1735 1289 1762 mala
1303 1735 1479 1770 itnprecemur
1495 1735 1619 1761 inimicis.
1636 1734 1702 1761 Audi
1717 1737 1744 1760 ct

946 1783 1054 1810 beatum
1067 1782 1205 1814 Davidem,
1219 1781 1283 1817 quid
1299 1781 1346 1813 ait,
1359 1782 1412 1808 Deo
1425 1781 1537 1813 irritato,
1553 1784 1580 1807 et
1591 1780 1645 1815 jam
1661 1780 1743 1806 misso

945 1829 1040 1863 angelo
1053 1828 1098 1862 qui
1108 1827 1302 1854 multitudinem
1315 1827 1419 1861 puniret
1432 1836 1438 1853 :
1449 1826 1540 1854 videns
1550 1826 1670 1860 angelum
1683 1826 1744 1851 stri-

946 1879 989 1901 cto
1003 1874 1090 1909 gladio
1101 1874 1270 1906 instructum,
1284 1873 1535 1908 ictumquejamjam
1548 1874 1719 1900 intentantem
1735 1881 1742 1900 :

946 1919 1014 1955 Ego,
1030 1920 1125 1954 inquit,
1140 1920 1183 1954 qui
1198 1925 1284 1954 pastor
1296 1927 1361 1951 sum,
1372 1919 1471 1954 peccavi
1486 1927 1496 1945 :
1510 1918 1546 1951 lii,
1560 1918 1602 1953 qui
1611 1926 1666 1944 oves
1674 1922 1742 1950 sunt,

946 1965 1008 2000 quid
1023 1964 1157 1999 fecerunt?
1177 1964 1237 1991 Fiat
1250 1973 1338 1991 manus
1354 1969 1397 1990 tua
1417 1972 1493 1999 super
1510 1972 1557 1995 me,
1572 1968 1595 1990 et
1609 1972 1684 1998 super
1698 1963 1744 1989 do-

947 2019 1016 2037 mum
1027 2010 1106 2045 patris
1116 2010 1165 2038 mei
1180 2010 1217 2044 (2.
1234 2010 1297 2045 Reg.
1314 2010 1358 2036 24.
1374 2010 1429 2044 17).
1448 2009 1526 2036 Vides
1541 2009 1636 2036 iterum
1647 2007 1743 2035 similia

947 2057 1079 2092 praeclare
1101 2056 1191 2083 facta?
1205 2056 1245 2083 vis
1258 2060 1286 2083 et
1299 2056 1380 2082 alium
1404 2055 1449 2082 tibi
1464 2055 1601 2081 ostendam
1624 2053 1692 2081 idem
1707 2054 1744 2080 la-

947 2102 1087 2130 cientem?
1102 2102 1208 2129 Samuel
1224 2101 1351 2136 propheta
1368 2109 1382 2127 a
1396 2101 1495 2128 Judmis
1509 2100 1604 2134 injuria
1619 2101 1741 2132 allectus,

949 2152 1128 2182 contemptus,
1144 2147 1271 2182 rejectus,
1288 2152 1314 2174 et
1329 2151 1400 2174 tanta
1415 2147 1556 2181 ignominia
1572 2151 1677 2184 notatus
1690 2151 1741 2177 est,

948 2199 977 2220 ut
991 2194 1060 2221 Deus
1076 2193 1132 2228 ipse
1147 2193 1171 2220 ci
1195 2193 1295 2228 aliquid
1309 2192 1497 2220 consolationis
1511 2191 1606 2218 all‘erre
1618 2191 1742 2217 voluerit.

949 2241 1106 2273 Attendite,
1132 2247 1200 2272 oro,
1227 2240 1376 2274 diligenter.
1405 2239 1476 2266 Dixit
1507 2238 1577 2266 enim
1610 2237 1644 2265 ad
1669 2238 1743 2265 illttm

950 2287 1019 2313 Deus
1042 2294 1049 2312 :
1075 2284 1135 2312 Non
1159 2290 1182 2311 te
1205 2285 1358 2320 abjecerunt,
1380 2284 1424 2310 sed
1446 2291 1485 2310 me
1509 2284 1546 2315 (l.
1569 2283 1634 2318 Reg.
1650 2283 1677 2311 8.
1703 2283 1742 2316 7).

949 2331 1018 2364 Quid
1045 2330 1126 2365 igitur
1149 2330 1212 2362 ille,
1239 2329 1301 2364 quid
1327 2330 1441 2363 rejectus
1464 2329 1566 2361 fuerat,
1591 2328 1743 2361 dedecore,

950 2383 1124 2413 contemptu,
1148 2381 1175 2404 et
1198 2377 1293 2412 injttria
1318 2377 1448 2404 allectus?
1471 2376 1540 2403 Audi
1563 2375 1626 2410 quid
1652 2375 1743 2402 dicat:

950 2424 1021 2451 Absit
1033 2428 1117 2449 autem
1132 2431 1147 2449 a
1157 2430 1196 2449 me
1213 2423 1259 2449 hoc
1275 2427 1404 2457 peccatum
1415 2421 1441 2448 in
1454 2420 1601 2452 Dominum,
1618 2426 1644 2447 ut
1654 2428 1746 2447 cessem

950 2477 1023 2496 orare
1037 2477 1081 2504 pro
1094 2469 1161 2495 vobis
1175 2469 1214 2503 (l.
1232 2468 1296 2502 Reg.
1308 2468 1351 2494 12.
1366 2467 1412 2503 25)
1427 2476 1433 2494 :
1449 2472 1588 2502 peccatum
1601 2467 1747 2494 arbitratus

949 2520 992 2543 est
1004 2523 1056 2543 non
1072 2523 1149 2543 orare
1164 2522 1211 2550 pro
1225 2514 1347 2541 inimicis.
1372 2514 1448 2541 Absit
1460 2521 1475 2541 a
1488 2521 1545 2545 me,
1562 2514 1655 2548 inquit,
1670 2518 1698 2540 ut
1711 2514 1745 2539 ita

950 2570 1059 2597 peccem
1070 2582 1077 2593 ,
1094 2566 1123 2588 ut
1136 2561 1254 2588 desinam
1270 2568 1318 2594 pro
1330 2559 1406 2586 vobis
1417 2567 1505 2586 orare.
1520 2559 1600 2586 Vides
1612 2559 1746 2594 quomodo

951 2608 1065 2642 quilibet.
1075 2615 1106 2634 ex
1119 2607 1198 2641 justis
1211 2606 1290 2645 hujus
1305 2606 1433 2640 praeclare
1449 2604 1511 2632 lacti
1527 2605 1687 2640 singularem
1701 2612 1745 2631 cus

952 2661 1008 2680 ram
1020 2653 1153 2685 habuerit,
1169 2651 1271 2678 Domini
1283 2651 1399 2686 vestigiis
1410 2651 1556 2678 insistens?
1570 2651 1746 2677 ltcsumamus

952 2700 1031 2734 igitur
1043 2699 1076 2726 de
1090 2699 1192 2733 integro
1205 2705 1264 2733 quae
1279 2697 1350 2725 dicta
1364 2702 1434 2725 sunt.
1452 2697 1580 2724 Dominus
1592 2697 1644 2723 ait:
1657 2696 1743 2726 Pater,

953 2745 1048 2771 dimitte
1059 2744 1110 2771 illis
1121 2744 1168 2770 hoc
1181 2749 1310 2777 peccatum
1319 2751 1328 2770 :
1338 2751 1387 2770 non
1398 2743 1463 2769 enim
1473 2742 1565 2774 sciunt,
1576 2741 1637 2773 quid
1650 2742 1746 2777 faciunt

953 2790 1029 2825 (Luc.
1041 2789 1087 2817 25.
1103 2790 1159 2824 54).
1168 2788 1317 2823 Stephanus
1330 2789 1413 2816 dixit:
1425 2788 1541 2820 Domine,
1552 2792 1684 2814 nestatuas
1693 2787 1745 2813 illis

952 2836 999 2863 hoc
1016 2840 1143 2870 peccatum
1159 2835 1227 2870 (Act.
1242 2835 1268 2862 'l.
1283 2835 1342 2870 59).
1367 2835 1465 2862 Paulus
1477 2835 1581 2862 dicebat
1596 2834 1745 2869 :-0ptabam

953 2881 1088 2925 anathema
1110 2888 1163 2907 esse
1184 2888 1199 2906 a
1221 2879 1321 2908 Christo
1342 2888 1388 2915 pro
1406 2880 1525 2916 fratribus
1547 2879 1618 2913 meis,
1632 2878 1745 2913 cognatis

1536 2925 1575 2955 26
