1976 3130
151 533 210 578 ΙΝ
242 527 558 578 HOMILIAM
587 527 662 572 DE
708 524 1211 571 RESURRECTIONE
1258 523 1647 571 MOBTUORUM

691 775 859 838 MUN
871 773 1092 838 lTUM.

118 1211 172 1245 Quo
188 1216 313 1246 tempore
326 1210 396 1237 hanc
413 1210 539 1237 habuerit
552 1211 691 1237 homiliam
703 1209 870 1245 Chrysosto-

90 1272 153 1295 mus,
167 1264 225 1300 ipse
240 1271 254 1290 a
273 1263 410 1298 principio
431 1270 481 1289 nec
494 1262 610 1290 obscure
630 1262 732 1289 indicat
746 1261 789 1289 bis
811 1268 871 1288 ver-

89 1319 132 1350 nis,
148 1318 216 1353 Περὶ
231 1318 375 1354 δογμάτων
388 1317 452 1352 ὑμῖν
463 1317 618 1353 ἔμπροσθεν
630 1317 807 1352 διελέχθημεν
822 1315 869 1342 καὶ

87 1371 129 1406 τῆς
143 1370 189 1398 τοῦ
202 1370 364 1406 μονογενοῦς
377 1370 442 1397 Υῐοῦ
461 1369 508 1396 τοῦ
529 1369 596 1396 Θεοῦ
618 1369 708 1405 δόξης,
726 1368 870 1404 ἐπιστομί-

88 1425 171 1457 ζοντες
184 1424 247 1455 τοὺς
265 1422 466 1458 καθαιροῦντας
486 1421 569 1449 αὑτοῦ
591 1422 640 1457 τὴν
656 1422 745 1454 ἀξίαν,
758 1423 806 1449 καὶ
822 1421 869 1448 τοῦ

87 1476 273 1511 γεγεννηκότος
288 1475 370 1502 αὐτὸν
390 1474 610 1510 ἁλλοτριοῦντας,
635 1474 672 1501 De
695 1475 757 1509 ﬁdei
773 1479 871 1502 nostra:

87 1529 258 1564 dogmatibus,
273 1529 355 1563 deque
371 1528 457 1564 gloria
472 1527 602 1563 unigeniti
622 1527 688 1554 Filii
706 1527 753 1554 Dei
766 1527 871 1562 pridem

87 1582 151 1616 apud
164 1589 208 1608 vos
229 1580 416 1612 disseruimus,
450 1581 602 1607 obturantes
631 1588 722 1607 eorum
737 1588 793 1614 ora,
824 1580 870 1616 qui

87 1635 191 1670 gloriam
206 1635 249 1661 illi
263 1635 427 1661 detrahunt:
457 1639 482 1661 et
497 1643 514 1661 α
533 1635 649 1670 genitore
681 1642 729 1661 suo
754 1635 870 1662 alienum

87 1688 183 1714 dicunt.
203 1687 357 1715 Concioncs
370 1696 435 1714 vero
450 1686 527 1724 [493]
542 1692 637 1714 contra
648 1687 809 1720 Anommos,
822 1687 869 1723 qui

88 1740 194 1774 gloriam
220 1738 357 1775 Unigeniti
377 1739 540 1767 labefactare
558 1740 709 1772 curabant,
734 1741 778 1768 hic
795 1749 873 1768 com-

90 1797 225 1824 memorat,
241 1800 311 1828 quas
326 1794 439 1820 ineunte
455 1800 528 1820 anno
556 1793 609 1821 386
636 1794 763 1825 absolvit.
798 1798 828 1822 ut
844 1794 872 1822 in

90 1843 184 1872 Monito
196 1845 229 1871 ad
245 1846 356 1873 easdem
370 1845 556 1881 probavimus.
580 1845 649 1873 Hinc
664 1854 730 1874 vero
746 1846 874 1880 arguitur

90 1896 301 1924 hancbomiliam
315 1897 367 1924 sub
380 1897 491 1925 initium
503 1898 627 1926 anni587
638 1899 760 1927 habitam
774 1899 870 1933 fuisse,

87 1955 112 1977 ei
129 1949 232 1985 quidem
250 1954 316 1978 ante
328 1949 574 1987 Quadragcsimam
594 1951 669 1980 illius
690 1952 765 1986 anni,
784 1960 867 1988 quam

228 2925 365 2957 ζἈτιιοι.
384 2929 441 2958 (in.
459 2929 493 2962 L,

925 1213 1009 1235 totam
1027 1208 1054 1235 in
1074 1209 1248 1244 dcplorandis
1273 1209 1506 1236 Antiochenurum
1526 1214 1587 1243 post
1605 1216 1715 1237 eversas

925 1265 1030 1289 statuas
1046 1262 1250 1290 calamitatibus
1274 1262 1456 1296 consumpsit.
1487 1260 1555 1288 Vide
1581 1260 1714 1289 Monitum

924 1314 957 1341 ad
972 1314 1098 1341 homilias
1115 1314 1174 1341 illas
1193 1314 1220 1341 in
1239 1313 1354 1349 hujusce
1371 1314 1436 1342 tomi
1453 1313 1596 1348 principio.

961 1366 1082 1402 Hujusce
1095 1374 1177 1402 porro
1194 1367 1336 1395 concionis
1356 1373 1546 1403 argumentum
1563 1367 1589 1394 in
1603 1367 1716 1394 exordio

922 1420 1019 1448 statuit
1037 1419 1066 1447 S.
1084 1419 1195 1448 Doctor.
1221 1420 1319 1456 Agitur
1342 1421 1375 1448 de
1404 1420 1616 1448 Resurrcctione
1642 1427 1717 1447 mor-

924 1477 1046 1505 tuorum,
1069 1473 1148 1507 cujus
1168 1473 1269 1500 veritas
1291 1474 1394 1508 passim
1410 1473 1564 1501 asscritur:
1588 1473 1621 1500 de
1638 1473 1717 1499 insti-

926 1526 1026 1553 tuenda
1061 1526 1214 1554 secundum
1243 1526 1327 1553 Deum
1344 1526 1417 1554 vita:
1436 1526 1470 1554 de
1496 1526 1629 1554 adeundis
1652 1534 1716 1561 pcr-

923 1586 1008 1614 pensa
1023 1578 1128 1613 prazmii
1147 1579 1336 1614 magnitudine
1361 1579 1502 1606 laboribus
1518 1589 1524 1606 :
1555 1579 1715 1606 nonnullam

926 1633 1061 1660 honorum
1075 1640 1189 1668 operum
1207 1634 1362 1661 mercedem
1377 1634 1459 1661 etiam
1475 1634 1503 1660 in
1524 1634 1576 1661 hac
1596 1634 1651 1661 vita
1668 1633 1716 1661 tri-

923 1686 982 1719 bui;
1002 1685 1082 1713 Pauli
1098 1686 1225 1721 exemplo
1255 1686 1459 1722 comprobatur.
1474 1686 1615 1715 Manicbmi
1632 1687 1714 1714 etiam

924 1740 1014 1768 obiter
1028 1739 1216 1772 confutantur,
1233 1740 1280 1776 qui
1296 1748 1411 1776 corpora
1428 1745 1456 1769 et
1470 1746 1594 1769 naturam
1616 1741 1715 1768 buma-

925 1800 988 1819 nam
1006 1800 1055 1828 per
1069 1799 1098 1820 se
1118 1793 1218 1820 malam
1234 1800 1296 1820 esse
1311 1793 1521 1820 mentiebantur.

962 1845 1217 1880 lnterpretationcm
1244 1846 1341 1873 incerti
1365 1845 1509 1881 cujusdam
1534 1846 1598 1879 viri,
1623 1846 1715 1874 multis

926 1898 952 1924 in
986 1898 1057 1925 locis
1077 1898 1253 1934 castigatam,
1279 1907 1294 1925 e
1315 1898 1426 1933 regione
1456 1897 1542 1926 Grzeci
1569 1902 1714 1926 contextus

926 1950 1072 1978 edidimus.
