1976 3130
107 179 154 206 U7
171 184 209 206 ur

608 181 651 209 DE
671 180 962 210 RESURRECTIONE
982 179 1214 209 MORTUORUH.

1617 179 1669 206 ΗΒ
1687 183 1725 206 ter

888 687 947 724 DE

313 954 968 1021 RESURRECTIONE
1016 955 1526 1021 MORTUOBUM

772 1254 1059 1309 HOMILIA.

145 2028 167 2055 l.
188 2027 286 2056 Futuri
308 2026 406 2062 judicii
426 2031 509 2054 metu;
533 2025 569 2053 ad
596 2026 678 2053 vitam
706 2025 899 2053 instituendam

105 2084 188 2114 Juvat.
203 2094 241 2100 —
261 2078 301 2106 De
317 2079 378 2107 ﬁdei
393 2083 493 2106 nostrte
513 2078 693 2114 dogmatibus.
708 2077 796 2113 deque
811 2077 898 2113 gloria

110 2132 240 2168 unigeniti
262 2131 324 2159 Filii
348 2131 395 2158 Dei
423 2131 527 2166 pridem
543 2131 614 2166 apud
633 2138 681 2158 vos
706 2130 897 2163 disseruimus,

110 2184 269 2212 obturantes
284 2184 475 2212 hareticorum
502 2192 558 2216 ora,
577 2184 624 2219 qui
651 2183 763 2219 gloriam
785 2184 824 2211 illi
849 2184 900 2211 de-

111 2238 232 2269 trahunt,
250 2241 279 2264 et
298 2245 313 2264 a
328 2236 457 2264 Genitore
479 2244 528 2264 suo
553 2236 627 2263 illum
644 2236 762 2264 alienum
783 2236 898 2264 dicunt:

111 2289 189 2318 hodie
206 2289 242 2317 de
257 2289 392 2320 moribus,
413 2289 500 2324 deque
525 2289 579 2317 vita
606 2289 772 2317 instituenda
795 2297 901 2317 sermo-

111 2351 171 2370 nem
185 2343 212 2370 in
228 2343 352 2370 medium
365 2342 462 2370 aﬂ'erre
477 2347 505 2370 et
519 2342 547 2370 in
559 2350 659 2378 genere
680 2343 826 2371 admonere
851 2344 900 2371 de-

112 2396 257 2423 crevimus.
285 2395 343 2422 lmo
376 2402 466 2422 sermo
495 2403 551 2422 non
585 2396 694 2424 moralis
721 2396 822 2430 solum,
853 2398 900 2425 sed

81 2466 87 2475 .-
114 2448 192 2476 etiam
219 2447 391 2484 dogmaticus
413 2447 486 2475 erit:
503 2451 614 2481 paratus
630 2447 704 2475 enim
728 2455 798 2480 sum.
820 2453 850 2476 ιιι
868 2449 901 2477 ad

113 2501 254 2528 materiam
277 2499 313 2528 de
327 2499 524 2527 resurrectione
543 2499 716 2527 descendam.
743 2500 819 2534 Quod
838 2509 902 2528 sane

115 2558 307 2589 argumentum
325 2553 429 2580 varium
455 2547 497 2579 ést
521 2557 549 2580 et
564 2552 704 2587 copiosum
719 2562 726 2579 :
743 2560 805 2580 nam
822 2557 850 2580 et
875 2553 902 2580 in

113 2605 156 2639 iis,
171 2614 233 2642 quae
251 2606 477 2638 ﬁdeisuntrnos
500 2605 600 2640 dirigit,
624 2609 652 2632 et
674 2605 757 2633 vitam
782 2612 902 2634 nostram

89 2654 94 2660 ”
115 2658 266 2693 componit,
287 2662 315 2685 et
340 2657 460 2685 divinam
487 2657 686 2692 providentiam
715 2659 749 2685 ab
776 2659 903 2686 omnibus

115 2710 358 2739 calumniatoribus
387 2710 514 2738 vindicat.
531 2710 564 2737 Et
588 2711 814 2745 quemadmodum
841 2720 903 2740 cum

116 2770 169 2790 non
191 2763 329 2795 creditur,
353 2762 437 2790 vitam
462 2767 582 2790 nostram
602 2763 746 2796 subvertit,
774 2765 905 2800 malisque

117 2816 254 2844 sexcentis
270 2815 374 2849 implet,
391 2822 499 2843 sursum
519 2815 701 2851 deorsumque
720 2817 798 2846 factis
817 2818 905 2845 omni-

949 2023 1001 2052 bus
1014 2033 1021 2052 :
1035 2025 1072 2052 ita
1083 2033 1144 2053 cum
1158 2024 1288 2058 creditur,
1306 2024 1504 2060 providentiam
1519 2025 1612 2054 multis
1621 2026 1736 2055 rationi—

949 2077 1001 2106 bus
1012 2077 1138 2110 adstruit,
1146 2082 1174 2106 et
1185 2085 1236 2105 nos
1246 2077 1279 2105 ad
1287 2077 1442 2113 diligentem
1452 2078 1560 2106 virtutis
1571 2087 1663 2107 curam
1674 2087 1736 2115 pro-

951 2134 1053 2162 movet,
1070 2129 1133 2157 vitia
1150 2137 1248 2165 magno
1270 2130 1361 2157 studio
1375 2130 1496 2165 expellit,
1513 2131 1604 2158 omnia
1619 2131 1738 2168 denique

951 2182 1146 2217 tranquillitate
1158 2182 1276 2217 complet
1295 2190 1326 2209 ac
1341 2189 1417 2217 pace.
1435 2183 1552 2216 Etenim,
1567 2188 1597 2211 ut
1609 2184 1682 2212 nulla
1698 2184 1735 2212 illi

951 2234 1061 2262 virtutis
1077 2242 1141 2262 cura
1153 2239 1205 2266 est,
1217 2234 1263 2270 qui
1283 2235 1512 2263 resurrectionem
1523 2244 1577 2263 non
1586 2240 1737 2272 exspectat.

950 2289 1051 2324 quique
1072 2288 1159 2315 credit
1180 2295 1210 2314 se
1229 2295 1283 2314 non
1308 2288 1475 2315 redditurum
1497 2289 1630 2317 rationem
1651 2289 1685 2317 de
1705 2289 1738 2316 iis

951 2349 1010 2377 quze
1018 2341 1062 2368 hic
1069 2345 1197 2376 operatus
1207 2346 1259 2374 est,
1268 2341 1315 2368 sed
1324 2341 1450 2376 opinatur
1461 2349 1504 2369 res
1515 2347 1621 2369 nostras
1633 2346 1738 2369 tantum

952 2393 1023 2421 inter
1030 2398 1159 2429 angustos
1168 2393 1308 2429 prasentis
1315 2393 1376 2421 vitm
1386 2393 1485 2421 limites
1494 2394 1637 2426 contineri.
1648 2402 1737 2429 neque
1767 2401 1772 2406 '

952 2447 1022 2474 ultra
1040 2454 1069 2474 se
1081 2447 1229 2474 extendere
1243 2456 1250 2473 :
1263 2446 1399 2482 quomodo
1421 2447 1494 2474 enim
1509 2446 1617 2474 virtutis
1634 2447 1686 2474 ulla
1712 2447 1738 2474 ei

952 2507 1016 2527 cura
1030 2503 1111 2530 esset.
1129 2499 1173 2534 qui
1191 2499 1292 2526 nullam
1306 2499 1427 2527 laborum
1453 2500 1660 2528 retributionem
1686 2500 1739 2528 sibi

955 2552 1101 2587 repositam
1116 2552 1272 2588 exspectat?
1282 2560 1371 2586 neque
1381 2560 1494 2587 peccare
1504 2553 1620 2585 desinet,
1637 2557 1665 2580 et
1676 2560 1740 2580 cum

954 2605 1021 2632 nihil
1035 2605 1226 2640 suppliciorum
1241 2605 1383 2631 imminere
1395 2604 1452 2631 suis
1464 2605 1534 2632 male
1545 2605 1613 2632 actis
1627 2603 1720 2632 credat
1731 2612 1738 2636 :

954 2658 1087 2694 permittit
1095 2666 1155 2686 sese
1164 2658 1243 2686 {tedis
1250 2659 1490 2693 concupiscentiis,
1501 2663 1527 2686 et
1537 2659 1562 2685 in
1571 2659 1674 2685 nullum
1683 2666 1738 2685 non

955 2712 1082 2747 peccandi
1091 2719 1177 2747 genus
1186 2712 1250 2739 ruit.
1260 2711 1297 2739 ita
1308 2715 1334 2738 et
1344 2712 1389 2746 qui
1399 2711 1449 2739 sibi
1461 2712 1607 2747 persuadet
1615 2711 1739 2738 futurum

955 2765 1099 2800 aliquando
1110 2764 1253 2800 judicium,
1269 2769 1297 2792 et
1311 2769 1374 2792 ante
1394 2764 1488 2792 oculos
1505 2763 1599 2792 statuit
1615 2762 1737 2790 terribile

956 2817 1021 2845 illud
1038 2818 1164 2850 tribunal,
1181 2821 1210 2844 et
1231 2817 1434 2845 indeclinabiles
1448 2816 1696 2852 expostulationes,
1712 2818 1741 2842 et
