1976 3130
213 153 266 181 με)

210 209 389 238 inevitabilem
411 210 569 237 sententiam
587 218 595 237 :
610 209 632 236 is
651 209 737 236 modis
752 209 873 235 omnibus
891 207 1001 235 conabi-

210 261 264 286 tur.
279 261 307 282 ut
328 255 434 282 studeat
448 254 629 289 temperantia:
651 259 678 282 et
701 253 818 289 a-quitati
840 258 919 288 atque
943 251 1003 279 abis

211 301 361 333 virtutibus,
377 305 403 327 et
426 300 534 335 effugiat
557 300 797 335 intemperantiam,
827 297 1002 326 temeritatem

211 346 351 379 oniniaque
375 345 424 373 alia
447 347 508 372 vitia
525 366 531 372 .
548 345 591 372 hic
601 353 643 379 lue
668 345 764 380 poterit
788 351 881 379 magna
906 343 1003 370 virtute

211 393 340 427 repellere
355 399 411 425 eos,
437 392 480 426 qui
505 391 622 418 divinant
645 390 838 417 calumniantur
861 389 1003 424 providen-

211 438 285 464 tiam.

233 482 411 510 -Providcnn'a
424 482 471 509 Dei
481 482 632 517 defenditur.
662 496 697 501 —
723 481 827 508 Etenim
853 487 916 507 vero
942 484 1005 506 sunt

212 529 343 561 nonnulli,
358 529 402 563 qui
417 528 460 555 ubi
474 527 591 555 viderint
609 531 747 555 mansuete
759 531 787 554 et
801 531 873 553 caste
885 530 913 553 et
932 525 1004 559 juste

211 576 331 603 viventes
346 574 483 602 modestiis
503 579 529 601 et
552 573 693 602 calumniis
717 573 811 608 premi,
825 572 869 599 vix
880 579 1004 599 necessa-

211 622 279 648 rium
303 621 400 647 victum
427 620 542 653 habere,
557 627 629 655 stupe
649 619 729 646 etiam
756 618 849 645 morbo
873 618 952 652 longo
977 623 1004 644 et

212 667 284 702 gravi
297 667 448 694 valetudine
460 666 600 698 macerari,
615 669 642 692 et
655 666 680 691 in
695 672 797 691 summa
807 685 814 696 .
827 664 899 691 omni
912 671 1005 691 carere

211 713 348 745 subsidio;
370 718 397 740 et
416 721 431 741 e
452 713 559 740 diverso
570 712 705 739 maleﬁcos
716 715 742 739 et
757 711 871 746 pollutos
884 710 1005 737 homines

212 759 343 794 planeque
355 758 499 794 ﬂagitiosos
513 758 624 785 affluere
641 758 757 790 divitiis,
773 757 902 790 deliciari,
915 755 1005 783 nitidis

211 805 331 833 vestibus
345 806 458 839 amiciri,
473 805 679 832 domestiCorum
692 811 786 839 agmen
804 808 863 838 post
873 811 902 831 se
915 801 1004 830 trahe-

211 859 251 884 re,
263 851 289 879 in
301 851 474 879 admiratione
487 858 558 884 esse,
579 851 748 886 magistratus
769 857 860 885 gerere
872 870 879 881 .
895 849 1004 876 multam

215 898 284 932 apud
311 897 499 932 Imperatorem
525 896 647 923 ﬁduciam
671 895 780 927 habere,
806 902 866 922 mox
885 894 1004 922 divinam

213 948 327 978 arguunt
339 943 541 978 providentiam,
559 948 585 969 et
600 942 692 969 dicunt
709 951 715 967 :
733 941 845 969 Ubinam
862 940 1005 975 providen-

213 990 247 1016 tia
262 988 323 1016 illa?
336 993 380 1015 aut
395 988 438 1015 ubi
448 988 549 1022 justum
562 987 690 1022 judicium
701 987 712 1013 ?
723 986 828 1014 sobrius
841 991 868 1013 et
879 987 1006 1013 innocens

213 1034 283 1061 male
298 1034 389 1067 habet,
404 1034 585 1068 intemperans
600 1037 626 1060 et
648 1038 787 1068 corruptus
806 1032 918 1060 feliciter
929 1033 983 1066 agit
997 1040 1003 1057 :

212 1085 239 1106 ct
252 1079 295 1107 hic
309 1080 415 1115 quidem
427 1078 596 1106 admirationi
607 1082 658 1110 est.
674 1079 717 1106 ille
730 1086 794 1106 vero
810 1078 923 1105 ludibrio
940 1086 946 1104 :
963 1077 1005 1104 hic

212 1126 291 1153 variis
305 1126 399 1153 fruitur
412 1125 514 1154 deliciis
524 1147 531 1158 ,
546 1126 590 1153 ille
604 1131 692 1153 autem
708 1125 785 1160 inops
803 1125 931 1152 extremis
946 1132 1006 1159 pes-

214 1171 353 1198 sumdatur
366 1171 551 1198 incommodis.
571 1170 638 1198 Tum
661 1170 739 1206 igitur
752 1171 773 1197 is
784 1191 791 1203 ,
807 1170 852 1205 qui
865 1169 899 1197 de
913 1170 1005 1196 futuris

211 1217 323 1249 dubitat,
347 1217 567 1244 conticescetzat
588 1217 634 1251 qui
661 1217 695 1244 de
723 1216 918 1243 resurrectione
937 1216 1006 1243 bene

210 1262 342 1295 senserit,
356 1267 383 1289 et
399 1261 533 1297 sapienter
546 1261 680 1296 disputare
697 1262 817 1295 noverit,
832 1261 908 1289 facile
930 1261 1006 1296 quid-

211 1308 273 1342 quid
289 1308 314 1334 id
332 1312 373 1335 est
386 1306 558 1342 blasphemia:
571 1307 669 1340 diluet,
681 1312 708 1335 et
725 1308 777 1335 illis
789 1313 841 1335 tam
854 1307 1005 1335 stomacha-

212 1353 300 1381 bunde
315 1353 509 1388 disputantibus
522 1353 592 1382 dicet
608 1362 615 1381 :
632 1355 798 1389 Compescite
819 1355 935 1390 linguam
957 1361 1005 1382 vo-

211 1405 305 1431 stram,
331 1404 358 1426 rt
382 1399 510 1426 adversus
538 1399 632 1433 Deum,
658 1401 702 1436 qui
725 1408 774 1428 vos
800 1401 871 1434 fecit,
893 1408 952 1428 eam
972 1408 1006 1428 ne

211 1446 382 1472 exacueritis.
404 1445 461 1472 Non
483 1446 554 1473 enim
578 1454 620 1473 res
635 1451 732 1473 tioser
745 1446 771 1473 iu
788 1446 837 1473 hac
851 1447 936 1474 solum
952 1447 1005 1473 vita

213 1492 320 1525 durant,
335 1493 380 1520 sed
393 1492 550 1520 festinamus
564 1493 596 1520 ad
613 1492 691 1519 vitam
711 1493 791 1520 aliam
807 1493 890 1520 multo
905 1494 1005 1528 longio-

212 1547 279 1571 rem,
304 1540 356 1566 iuno
377 1539 456 1567 ﬁnem
481 1540 591 1567 minime
613 1539 768 1571 habentem;
790 1545 816 1567 et
835 1540 870 1567 ibi
897 1541 1006 1567 omnino

213 1594 312 1620 pauper
324 1587 371 1613 iste
381 1607 387 1618 ,
401 1586 444 1620 qui
458 1586 529 1620 juste
546 1585 622 1618 vivit,
637 1585 757 1612 laborum
780 1593 889 1612 suorum
903 1593 1007 1613 merce-

212 1633 272 1659 dctn
287 1637 443 1667 accepturus
453 1638 493 1660 est
508 1640 514 1658 :
530 1633 711 1666 intemperans
726 1638 813 1659 autem
827 1637 855 1660 et
868 1633 1006 1660 maleﬁcus

212 1678 320 1704 malitiae
334 1685 390 1705 sua:
405 1678 554 1711 illicilaique
568 1677 708 1712 voluptatis
722 1677 832 1705 daturus
847 1682 888 1705 cst
900 1685 1003 1713 pmnas.

212 1724 327 1752 Proinde
342 1732 393 1751 non
403 1731 417 1751 a
432 1725 606 1760 prmsentibus
621 1724 707 1751 solum
720 1724 754 1751 de
764 1724 852 1751 divina
862 1725 1004 1760 providen-

213 1771 248 1796 tia
259 1770 417 1797 sententiam
433 1769 559 1802 feramus,
576 1769 623 1797 sed
635 1771 738 1797 etiama
755 1769 850 1798 futuris
867 1778 873 1797 :
889 1778 1005 1805 praesen.

213 1815 246 1841 tia
260 1823 299 1842 cet
307 1819 394 1842 tamen
409 1815 541 1850 quoddam
558 1820 629 1848 sunt,
655 1820 682 1842 et
701 1816 816 1849 labores,
831 1821 858 1844 et
872 1816 1003 1850 stadium;

212 1860 298 1886 futura
313 1867 376 1887 vero
401 1861 521 1895 praemia,
544 1868 660 1893 coruum,
684 1865 711 1889 et
730 1861 830 1889 bravia.
850 1863 925 1890 Sicut
941 1871 1005 1898 ergo

211 1906 318 1932 athletae
332 1906 357 1932 in
372 1905 486 1940 theatro,
500 1911 528 1934 et
545 1908 570 1933 in
585 1907 681 1934 sudore
691 1927 699 1940 ,
717 1913 743 1941 et
759 1909 883 1942 pulvere,
899 1913 925 1935 et
939 1913 1003 1935 :estu

211 1951 304 1983 multo,
321 1956 352 1981 et
364 1951 501 1978 laboribus
521 1957 547 1980 et
562 1953 688 1980 a-rumnis
708 1953 877 1988 pugnandum
892 1959 934 1981 est
949 1962 957 1980 :
970 1954 1003 1980 ita

210 1996 348 2030 etjustum
364 1996 408 2024 hic
423 1997 503 2023 multa
518 1998 650 2024 sustinere
663 2002 776 2032 oportet,
791 2002 818 2026 et
831 1998 900 2026 ferre
915 1998 1003 2026 omnia

211 2042 334 2075 viriliter,
347 2042 476 2076 siquidem
490 2043 632 2078 praeclaras
643 2043 697 2070 illic
706 2048 863 2078 accepturus
878 2049 918 2071 est
928 2052 1006 2072 coro-

213 2095 271 2116 nas.
293 2089 326 2115 Et
349 2088 371 2115 si
383 2094 445 2115 sunt
460 2088 589 2121 nonnulli,
609 2096 675 2123 quos
700 2089 837 2124 perturbat
863 2089 1003 2124 impiorum

213 2134 324 2161 felicitas
336 2155 344 2166 ,
360 2133 386 2161 lti
403 2142 491 2161 secum
506 2136 680 2169 perpendam,
695 2135 766 2169 quod
780 2136 1004 2170 quemadmodum

212 2184 240 2206 et
249 2179 376 2212 latrones,
400 2184 427 2206 et
442 2181 625 2215 sepulcrorum
647 2180 799 2213 etfossores,
811 2185 837 2208 et
852 2181 1002 2214 Ιιυιιιίυιόςιε,

210 2230 239 2252 et
251 2225 341 2260 pirata:
356 2226 507 2261 priusquam
517 2226 549 2252 ad
560 2225 677 2260 iudicem
690 2227 826 2254 trahantur
836 2247 842 2257 .
859 2227 949 2254 multis
958 2228 1006 2255 dc-

212 2270 280 2298 liciis
294 2270 418 2298 fruuntur
430 2292 438 2304 ,
454 2276 481 2298 et
495 2279 528 2298 ex
545 2273 630 2298 aliena
644 2272 795 2299 calamitate
815 2280 889 2299 suam
904 2274 1003 2300 consti-

213 2319 318 2344 tuentes
327 2317 515 2344 abundantiam
527 2338 534 2350 ,
551 2317 709 2352 iujustisque
723 2318 819 2352 opibus
834 2318 1003 2353 locupletati,

212 2362 331 2397 quotidie
344 2362 525 2395 inebriantur;
542 2363 585 2390 ubi
612 2368 700 2390 autent
721 2363 818 2398 judicis
845 2366 1004 2392 sententiain

213 2409 353 2441 subibunt,
369 2409 486 2436 omnium
508 2410 612 2437 illorum
639 2411 712 2438 luent
739 2419 843 2446 pmuam
859 2419 866 2439 :
880 2413 914 2440 ita
928 2418 955 2440 et
968 2413 1005 2440 illi

211 2454 256 2488 qui
265 2458 352 2480 scorta
363 2460 526 2488 tuercantur,
538 2461 564 2482 ct
574 2456 848 2491 Sybariticasmeusas
860 2458 1004 2492 instruunt,

213 2504 241 2525 et
253 2500 393 2533 supercilia
407 2501 553 2534 surriguut,
567 2507 593 2528 et
605 2502 674 2528 fastu
688 2503 712 2528 in
726 2501 785 2529 foro
794 2503 863 2537 pleni
876 2511 1006 2539 pauperes

214 2552 368 2580 opprnnuut
381 2555 387 2578 ;
402 2548 507 2581 quando
519 2548 668 2583 unigenitus
683 2550 728 2576 Dei
743 2549 825 2576 Filius
847 2550 934 2577 aderit
945 2558 1004 2578 cmu

167 2594 183 2629 ςί
213 2592 316 2626 angelis
325 2593 381 2618 suis
391 2612 398 2624 ,
413 2598 440 2620 et
457 2593 553 2620 sedens
570 2602 651 2628 super
666 2595 789 2622 thronum
804 2595 894 2629 illum,
914 2596 1006 2623 urbem

215 2643 346 2664 terrarum
367 2638 393 2664 iu
419 2639 534 2665 medium
560 2640 701 2668 adduxerit
717 2649 724 2668 :
741 2647 803 2669 tunc
815 2642 879 2669 nudi
894 2647 920 2670 et
933 2644 1006 2670 otnui

214 2691 263 2710 suo
275 2684 416 2718 splendore
430 2685 549 2713 destituti
563 2688 737 2721 adducentur,
753 2693 779 2715 et
792 2688 893 2715 nullum
907 2689 947 2717 vel
961 2689 1008 2716 ad-

214 2736 354 2762 Vocatutll,
372 2731 411 2757 vel
434 2737 572 2766 patronum
595 2733 723 2760 habentes
737 2755 744 2766 ,
760 2734 861 2770 absque
883 2735 958 2762 venia
980 2735 1006 2762 in

215 2775 306 2811 igneos
317 2776 410 2804 fluvios
421 2779 601 2812 proiiciantur.
615 2777 781 2815 Quapropter
791 2789 876 2816 neque
885 2781 934 2809 hos
945 2782 1008 2810 bea-

215 2828 257 2848 tos
270 2822 371 2850 dixeris
384 2824 417 2851 ob
433 2830 577 2859 pracscnltgs
591 2825 700 2853 delicias
710 2847 717 2858 ,
734 2827 779 2854 sed
797 2828 883 2863 potius
897 2827 966 2856 dcﬁe
981 2834 1008 2856 et

214 2869 324 2903 deplore
338 2869 372 2896 ob
387 2868 472 2897 futura
488 2869 618 2906 supplicia
630 2880 639 2905 ;
654 2879 740 2907 neque
751 2872 853 2908 justum
868 2874 940 2902 illum
957 2875 1006 2902 mi-

587 152 616 181 S.
638 151 774 180 JO.\N‘.-\'!S
787 150 1004 179 ειξιιῑδοδτυκ

1059 149 1202 179 ιῐίϋυίΕΡ.
1223 150 1492 179 CONSTANTINOP.
1798 151 1839 178 ιε’

1058 214 1147 233 serum
1162 207 1354 235 existimaveris
1367 208 1402 235 ob
1414 213 1570 243 prmsemem
1585 213 1768 242 paupertatem
1779 229 1789 241 .
1804 208 1849 237 sed

1056 261 1104 288 pro
1120 254 1197 280 beato
1213 253 1280 281 habe
1293 253 1328 281 ob
1341 254 1534 288 subsequentes
1548 254 1678 282 bouoiuzn
1693 254 1809 289 divitias,
1823 261 1850 282 et

1056 299 1082 325 in
1096 304 1141 327 tuo
1153 299 1243 326 animo
1253 307 1402 327 sermonem
1415 299 1484 327 hunc
1495 300 1528 328 de
1539 302 1733 328 resurrectione
1745 301 1848 329 radices

1056 352 1134 378 agi-re
1147 352 1211 373 cura
1226 354 1233 371 :
1248 350 1277 372 ut
1291 345 1312 372 si
1328 345 1412 372 bonus
1427 347 1508 373 fueris
1523 351 1550 373 et
1570 345 1679 374 tenteris
1689 367 1698 380 ,
1715 347 1851 382 probatior

1055 391 1162 422 evadas,
1176 391 1357 426 majoremque
1373 392 1535 420 alacritatem
1549 401 1596 427 per
1610 400 1683 428 spem
1699 393 1850 421 fulturarum

1056 437 1170 472 accipias
1183 448 1188 464 :
1201 439 1242 464 sin
1256 438 1340 465 malus
1352 459 1360 471 ,
1377 446 1390 465 a
1407 439 1506 466 malitia
1520 439 1633 466 desistas
1644 460 1653 472 ,
1667 443 1695 466 et
1708 439 1851 467 continen-

1057 483 1108 510 tior
1120 482 1168 510 ﬁas
1181 483 1216 510 ob
1229 483 1351 512 timorem
1365 483 1444 512 futuri
1458 485 1589 520 supplicii.

1091 529 1117 556 2.
1135 529 1236 557 Idcirco
1248 535 1274 558 et
1290 530 1387 559 Paulus
1400 530 1433 558 de
1446 531 1641 559 resurrectione
1652 532 1727 559 nobis
1738 532 1852 560 subinde

1056 574 1136 601 verba
1152 574 1223 608 facit,
1237 575 1461 610 quemadmodum
1477 581 1503 604 et
1520 577 1599 604 hodie
1613 577 1752 605 audivistis
1766 578 1851 612 ipstuu

1055 622 1213 648 clamantem
1224 643 1231 651 ,
1247 627 1274 648 et
1286 621 1418 649 dicentem
1435 632 1440 649 :
1456 623 1556 650 Scimus
1569 624 1633 649 ειιὶηι
1649 623 1717 658 quod
1733 625 1757 650 si
1776 629 1854 651 terre-

1056 671 1106 694 slre
1122 673 1233 694 nostrum
1252 668 1406 695 domicilium
1424 669 1577 696 tabernaculi
1593 670 1669 704 Itujus
1686 670 1851 701 dissolvatur.

1056 714 1158 739 doumm
1171 721 1202 739 er
1215 713 1267 740 Dea
1279 714 1396 740 habemus
1415 723 1464 740 non
1479 716 1651 750 mannfactmn
1660 737 1667 748 ,
1681 721 1814 746 mternmn,
1827 716 1853 742 iu

1055 759 1123 786 artis
1136 759 1172 793 (2.
1185 759 1244 786 Cor.
1295 760 1332 795 l).
1350 759 1403 786 lmu
1417 760 1496 787 altius
1509 768 1659 788 sermonem
1673 761 1816 794 ducamus,
1827 766 1853 787 ct

1057 805 1194 832 videamus
1217 805 1350 840 quomodo
1375 806 1400 833 in
1424 813 1574 833 sermonem
1597 806 1632 834 de
1655 807 1854 835 resurrectione

1057 850 1189 878 inciderit.
1204 850 1292 886 Neque
1307 851 1376 878 enim
1393 851 1548 886 simpliciter
1562 860 1647 886 neque
1661 852 1773 880 fortuito
1786 854 1854 881 hanc

1057 895 1133 922 nobis
1147 895 1245 923 afferre
1259 895 1328 923 solet
1340 896 1488 924 doctrinam
1505 907 1512 924 :
1526 898 1572 925 sed
1588 899 1649 933 quia
1664 898 1743 925 simul
1757 898 1854 926 docere

1057 943 1113 970 \ult
1127 951 1185 978 qum
1198 943 1284 970 futura
1306 948 1368 971 sunt
1384 965 1391 976 ,
1408 949 1434 972 et
1449 944 1561 972 athletis
1575 945 1680 979 pietatis
1692 945 1854 972 conﬁrmare

1057 989 1155 1016 studet.
1169 988 1245 1016 Nunc
1259 989 1363 1023 quidem
1379 990 1462 1024 gratia
1479 990 1526 1017 Dei
1539 991 1620 1017 multa
1637 998 1703 1026 pace
1718 990 1852 1018 fruimur:

1057 1036 1155 1063 etenim
1178 1037 1355 1071 Imperatores
1378 1038 1446 1072 piam
1468 1037 1622 1072 religionem
1647 1043 1807 1070 sectantur,
1826 1044 1854 1066 et

1058 1083 1193 1118 principes
1202 1083 1337 1110 veritatem
1347 1088 1520 1118 agnoverunt,
1532 1089 1558 1111 et
1570 1084 1669 1119 populi,
1682 1090 1709 1111 et
1720 1084 1853 1116 civitates.

1057 1135 1082 1157 et
1093 1137 1186 1165 gentes
1198 1130 1332 1158 erroribus
1342 1129 1457 1163 liberati,
1469 1130 1604 1158 Christum
1615 1139 1709 1159 omnes
1719 1131 1832 1158 adorant
1845 1139 1851 1156 :

1059 1181 1120 1203 tunc
1141 1180 1230 1204 autem
1255 1176 1280 1203 in
1301 1177 1430 1211 principio
1451 1177 1667 1212 prmdicalionis,
1686 1185 1748 1204 cum
1770 1184 1855 1212 nuper

1057 1221 1163 1257 pietatis
1181 1222 1283 1249 semina
1300 1223 1369 1257 jacta
1390 1227 1479 1250 essent
1491 1243 1498 1254 ,
1515 1219 1638 1257 magnum
1659 1223 1783 1258 pnelinm
1799 1228 1856 1250 erat

1058 1268 1249 1304 multiplevque
1269 1277 1300 1296 ac
1319 1270 1432 1296 varium.
1458 1270 1522 1297 Nam
1539 1270 1671 1305 principes
1686 1276 1712 1297 et
1732 1278 1811 1305 reges
1827 1276 1856 1298 ct

1057 1314 1196 1342 domestici
1211 1320 1237 1342 et
1259 1316 1364 1351 cognati
1380 1321 1404 1343 et
1420 1323 1513 1343 omnes
1532 1317 1721 1351 impugnabant
1738 1317 1830 1345 ﬁdeles
1847 1326 1854 1344 :

1058 1365 1263 1396 etrepugnaute
1285 1367 1377 1388 natura
1404 1362 1459 1396 ipsa
1483 1361 1580 1389 bellum
1601 1363 1748 1389 oriebatur.
1777 1363 1856 1390 l‘ater

1058 1408 1129 1435 enim
1144 1408 1226 1435 tilium
1241 1408 1361 1436 tradebat
1372 1415 1452 1442 smpe,
1464 1413 1492 1435 et
1507 1408 1586 1435 ﬁliam
1599 1414 1694 1440 mater,
1706 1413 1734 1436 et
1747 1416 1854 1436 servum

1058 1453 1149 1481 herus.
1173 1454 1264 1489 Neque
1280 1454 1350 1482 enim
1371 1455 1490 1481 civitates
1508 1455 1572 1482 sol-.e
1584 1476 1591 1486 ,
1608 1463 1694 1490 neque
1710 1456 1835 1490 regiones
1848 1477 1855 1487 ,

1058 1499 1104 1526 sed
1122 1503 1148 1525 et
1166 1498 1261 1526 domus
1277 1507 1473 1534 nunnmuquam
1491 1500 1516 1526 in
1533 1500 1633 1534 seipsas
1653 1505 1734 1527 secta:
1754 1506 1833 1528 erant
1847 1521 1855 1532 .

1058 1550 1169 1580 eratque
1184 1547 1311 1574 tumultus
1321 1567 1327 1577 .
1343 1547 1386 1581 qui
1405 1552 1467 1573 tunc
1485 1547 1611 1573 sinviebat
1624 1568 1631 1579 ,
1645 1548 1763 1575 atrocior
1776 1555 1856 1582 quam

1059 1593 1211 1619 Intestinum
1226 1593 1336 1627 quodvis
1352 1592 1461 1619 bellum.
1477 1592 1542 1619 Nam
1558 1592 1696 1620 facultates
1709 1593 1855 1627 rapieban-

1059 1643 1110 1669 tur,
1125 1637 1233 1665 libertas
1246 1638 1414 1665 auterebatur
1425 1658 1431 1670 ,
1447 1643 1474 1665 et
1487 1638 1546 1665 vita:
1560 1638 1707 1673 periculum
1729 1639 1856 1666 immine—

1058 1684 1100 1711 bat
1114 1692 1190 1717 ,,non
1205 1684 1274 1719 quod
1288 1684 1393 1711 barbari
1410 1684 1434 1710 in
1452 1692 1500 1711 nos
1517 1684 1694 1711 incursionem
1710 1684 1830 1712 facerent
1846 1706 1853 1715 ,

1057 1730 1104 1757 sed
1124 1731 1168 1765 qui
1184 1730 1340 1758 videbantur
1353 1730 1430 1757 nobis
1444 1738 1558 1764 pr.eesse
1570 1736 1596 1757 et
1610 1731 1743 1758 dominari
1755 1751 1762 1763 ,
1779 1731 1856 1766 pejus

1057 1784 1119 1809 erga
1142 1775 1262 1803 subditos
1275 1797 1281 1808 ,
1298 1784 1376 1811 quam
1397 1776 1540 1803 bellatores
1559 1784 1652 1804 omnes
1665 1776 1752 1803 allecti
1767 1782 1854 1804 erant.

1059 1822 1090 1848 lit
1104 1821 1155 1848 hoc
1169 1821 1286 1848 declarat
1299 1822 1406 1854 Paulus,
1421 1829 1453 1849 ac
1466 1822 1548 1849 dicit:
1561 1821 1643 1848 Grave
1655 1827 1783 1849 certamen
1796 1831 1856 1857 pas-

1060 1868 1158 1893 sionum
1181 1867 1333 1894 sustinuistis
1353 1876 1362 1894 :
1377 1873 1400 1894 et
1421 1868 1445 1894 in
1460 1868 1539 1894 altera
1558 1868 1658 1901 quidem
1673 1868 1815 1902 opprobriis
1831 1873 1857 1894 et

1058 1913 1259 1940 tribulationibus
1277 1913 1447 1948 spectaculum
1461 1914 1522 1948 [acti
1534 1922 1542 1940 :
1552 1915 1578 1940 in
1593 1914 1673 1940 altera
1692 1919 1777 1941 autem
1793 1915 1857 1940 socii

1060 1959 1144 1986 taliter
1158 1960 1356 1986 conversantium
1372 1959 1463 1993 e/fecti.
1480 1960 1549 1986 Nam
1559 1966 1582 1987 et
1593 1961 1701 1987 uinculis
1714 1961 1775 1987 meis
1787 1969 1857 1986 com-

1059 2005 1255 2039 pnticbamini,et
1262 2006 1425 2040 direptionem
1434 2006 1583 2040 facultatum
1590 2011 1728 2033 vestrarum
1735 2014 1789 2032 cum
1795 2013 1856 2041 gms—

1059 2051 1100 2077 tlio
1114 2051 1205 2078 tulistis
1217 2050 1308 2086 (Hebr.
1322 2051 1364 2078 10.
1376 2052 1484 2086 52-54).
1498 2053 1538 2078 Ad
1551 2052 1659 2079 Galatas
1671 2057 1760 2079 autem
1772 2052 1853 2078 dicit:

1062 2095 1142 2122 Tanta
1157 2097 1225 2131 passi
1237 2097 1296 2124 estis
1309 2099 1414 2132 frustra,
1425 2099 1447 2124 si
1462 2098 1536 2124 modo
1548 2102 1570 2124 et
1584 2099 1679 2133 [rustra
1693 2097 1764 2133 (Gul.
1776 2098 1801 2124 5.
1813 2098 1854 2131 Α).

1058 2141 1341 2170 Thessalonicensihus
1356 2151 1460 2178 quoque
1473 2163 1480 2174 ,
1495 2149 1521 2170 et
1535 2143 1752 2178 Philippensibus
1764 2165 1772 2178 ,
1787 2149 1814 2171 et
1829 2144 1854 2170 in

1057 2195 1156 2223 genere
1168 2190 1301 2222 omnibus,
1314 2190 1411 2217 Paulus
1424 2190 1554 2222 scribens,
1569 2190 1652 2217 multa
1666 2189 1798 2225 ejusmodi
1812 2195 1853 2218 te-

1058 2239 1153 2262 statur.
1175 2235 1267 2271 Neque
1283 2235 1333 2263 hoc
1348 2236 1434 2263 solum
1450 2240 1507 2263 erat
1521 2243 1601 2271 grave
1612 2256 1619 2268 ,
1633 2236 1704 2271 quod
1719 2235 1784 2262 foris
1801 2235 1854 2263 fre-

1057 2289 1143 2316 quens
1162 2281 1260 2309 bellum
1276 2282 1417 2317 gerebatur
1429 2303 1436 2315 ,
1453 2286 1478 2309 et
1492 2281 1646 2309 continuum
1659 2290 1667 2313 ς
1681 2281 1730 2309 sed
1744 2281 1814 2317 quod
1830 2286 1856 2309 et

1059 2327 1128 2356 inter
1149 2327 1240 2356 lideles
1255 2327 1328 2363 ipsas
1340 2332 1432 2355 exorta
1451 2329 1557 2355 fuerunt
1572 2328 1698 2354 nonnulla
1714 2327 1855 2359 scandala,

1059 2378 1086 2400 et
1099 2373 1168 2406 lites,
1182 2377 1210 2400 et
1222 2373 1415 2404 contentiones,
1430 2378 1456 2400 et
1469 2373 1653 2400 zemulationes
1667 2383 1674 2400 :
1687 2381 1748 2408 qua:
1760 2379 1788 2401 ct
1802 2373 1855 2408 ipsa

1060 2418 1211 2446 manifestat
1224 2419 1320 2446 Paulus
1334 2419 1425 2446 dicens
1440 2427 1446 2445 :
1463 2418 1539 2446 Foris
1549 2427 1650 2454 pugnis,
1667 2419 1737 2446 intus
1756 2419 1857 2446 timum

1060 2464 1097 2498 (2.
1110 2464 1168 2490 Cor.
1182 2464 1208 2490 7.
1222 2464 1261 2500 5).
1278 2463 1374 2492 Verum
1391 2465 1459 2501 istud
1475 2465 1560 2499 ipsum
1577 2464 1677 2492 bellum
1690 2464 1778 2491 multo
1787 2469 1856 2491 atro-

1061 2511 1117 2538 cius
1132 2516 1188 2538 erat
1203 2516 1230 2538 et
1249 2511 1361 2538 subditis
1375 2517 1402 2538 et
1417 2511 1625 2546 prmceptoribus
1641 2520 1648 2538 :
1666 2511 1789 2546 profecto
1805 2519 1855 2537 nou

1060 2560 1162 2583 tantum
1175 2557 1340 2583 inimicorum
1356 2556 1463 2583 insidias
1475 2556 1632 2583 formidabat
1647 2555 1759 2590 Paulus,
1771 2563 1855 2591 quan-

1061 2607 1116 2628 tum
1129 2601 1299 2635 domesticas,
1310 2606 1336 2629 et
1346 2610 1405 2637 qua:
1416 2602 1483 2628 intra
1496 2602 1642 2629 Eeelesiam
1653 2602 1854 2637 contingebant,

1062 2649 1152 2676 ruinas
1166 2653 1193 2676 et
1208 2649 1442 2683 transgressiones.
1465 2648 1530 2676 Nam
1543 2657 1604 2676 cum
1619 2648 1689 2683 apud
1705 2648 1855 2676 Cor'nthios

1061 2699 1192 2724 sc0rtatus
1204 2702 1275 2723 esset
1287 2696 1394 2730 quidam
1411 2696 1447 2729 (l.
1460 2695 1518 2723 Cor.
1533 2695 1560 2723 5.
1574 2700 1597 2722 et
1608 2695 1636 2722 2.
1650 2694 1711 2723 Cor.
1725 2695 1770 2730 2),
1785 2695 1855 2722 omni

1062 2746 1182 2777 tempore
1198 2742 1271 2769 illum
1285 2743 1378 2777 lugens
1390 2743 1586 2778 perseverabat,
1602 2743 1638 2770 ita
1649 2747 1678 2770 tit
1695 2743 1797 2774 viscera
1809 2749 1854 2768 sua

1061 2787 1250 2830 disrumperet,
1265 2794 1292 2816 et
1306 2796 1395 2817 amare
1408 2789 1528 2824 ejularet.
1840 2823 1843 2826 λ

1097 2833 1248 2861 Christiana-
1263 2835 1318 2861 eitce
1330 2834 1459 2870 perfectio.
1469 2849 1504 2854 —
1518 2834 1582 2861 Erat
1603 2839 1627 2862 et
1649 2833 1758 2862 tertium
1774 2841 1856 2869 genus

1065 2878 1197 2914 quoddam
1213 2887 1264 2907 non
1280 2880 1368 2907 minus
1379 2880 1561 2908 molestiarum
1571 2901 1579 2914 ,
1593 2888 1673 2915 quam
1688 2880 1788 2908 dictum
1804 2889 1856 2911 ese.
