1976 3130
119 144 165 170 ερι
653 143 697 170 DE
716 139 1000 169 RESUliRECTIONE
1020 140 1244 168 MORTUOBUM.

118 200 241 227 ﬁdelibus
248 200 375 234 atl'erens,
385 201 440 236 ipsa
451 201 552 228 scilicet
563 208 651 227 rerum
665 205 769 232 natura,
784 207 843 234 qute
858 198 912 226 fre-

116 250 227 280 quentes
238 246 347 274 labores
355 251 383 273 et
390 246 500 274 sudores
509 245 640 281 exigebat.
650 245 739 281 Neque
749 245 820 273 enim
830 245 914 272 facilis

119 297 145 318 οιι
171 291 240 319 levis
268 297 328 319 erat
352 292 409 325 via,
438 291 473 319 ad
494 300 572 326 quam
606 290 666 319 illos
691 291 823 319 ducebam
847 298 913 326 apo-

116 337 175 363 stoli
191 345 199 364 :
212 336 263 364 sed
279 345 373 373 aspera
387 344 414 364 et
427 337 579 373 inexpedita
593 358 601 370 ,
617 345 676 372 qute
691 337 808 364 animam
822 337 912 372 requi~

115 383 188 410 rebat
208 383 347 416 sobriam,
371 389 398 412 et
418 385 523 419 vigilem
536 405 542 416 ,
563 389 590 411 et
609 384 726 419 undique
747 384 912 419 diligentem.

115 428 262 464 Propterea
278 435 305 458 et
319 430 441 458 Christus
454 435 593 466 augustam
608 435 636 458 et
646 435 749 458 arctam
765 431 849 466 ipsam
865 438 913 457 vo-

114 475 192 503 carit.
208 475 305 511 Neque
320 477 390 503 enim
406 477 496 504 vivere
511 477 623 504 licenter
637 482 665 504 et
675 477 777 511 absque
789 483 859 505 metu
874 477 914 504 fas

114 526 169 549 erat
178 522 272 555 ,sicut
284 523 353 557 apud
367 527 460 558 gentes
471 523 499 550 in
512 523 675 557 turpitudine
686 528 710 551 et
724 523 854 551 ebrietate
865 545 872 555 .
887 529 914 551 et

114 567 297 602 helluatione,
315 573 342 596 et
351 569 468 601 deliciis,
483 573 510 596 et
525 569 588 596 luxu
601 578 608 598 :
620 569 668 596 sed
683 569 823 603 oportebat
833 570 913 597 etiam

114 614 219 641 frenare
233 614 401 641 iracundiam
411 635 418 647 ,
431 619 460 641 et
469 615 601 650 imperare
616 615 714 642 illicita:
725 615 915 649 concupiscen-

115 661 154 686 tia:
166 680 174 693 ,
187 664 215 687 et
228 659 371 694 despicere
381 668 446 695 opes
459 682 466 694 ,
481 665 508 688 et
518 661 675 688 conculcare
685 661 795 696 gloriam
807 682 814 694 ,
829 665 856 688 et
868 668 913 688 su-

114 707 245 740 periorem
261 713 324 733 esse
339 706 435 733 invidia
451 711 477 733 et
488 706 579 733 livore.
596 706 661 739 Quae
675 706 780 743 qualem
795 706 912 734 laborem

115 752 272 785 requirunt,
294 752 385 779 sciunt
406 752 438 784 ii,
454 752 497 786 qui
516 760 576 779 cum
593 753 645 779 illis
664 751 782 787 quotidie
799 757 913 779 certant.

113 797 179 832 Quid
192 797 268 824 enim
279 818 287 830 ,
303 797 358 832 dic,
373 805 431 827 oro.
446 797 566 825 infestius
584 797 672 824 illicita
686 797 913 833 concupiscentia,

114 850 170 876 qua:
184 841 270 869 veluti
288 842 396 870 rabidus
416 843 490 870 canis
509 844 534 869 in
555 850 603 870 nos
626 843 752 870 continuo
766 843 864 875 insilit.
887 848 914 870 et

113 887 231 924 quotidie
246 897 299 916 nos
313 889 436 916 obturbat
446 910 453 921 .
467 893 547 923 atque
560 889 628 916 adeo
640 896 707 922 opus
722 889 801 916 habet
815 896 910 923 perpe-

115 941 157 961 tuo
170 934 293 968 vigilanti
308 934 416 961 anima?
438 934 496 961 Jam
510 934 572 969 quid
587 934 704 961 amarius
719 934 779 961 ira?
792 934 855 961 Nam
869 935 913 969 ju-

114 980 230 1006 cundum
244 979 357 1014 quidem
369 984 410 1006 est
425 979 514 1007 ulcisci
529 987 589 1006 eum
600 999 607 1011 ,
622 979 666 1014 qui
680 987 728 1006 nos
743 979 835 1014 injuria
850 979 915 1006 affe-

115 1026 166 1058 cit,
182 1030 209 1052 at
226 1024 281 1053 hoc
296 1033 351 1054 non
365 1025 471 1052 licebat.
488 1025 555 1059 Quid
573 1024 650 1057 dico,
673 1033 725 1051 non
746 1025 853 1052 licuisse
876 1026 914 1053 ul-

114 1070 195 1097 cisci?
218 1070 278 1097 imo
292 1071 434 1105 oportebat
448 1075 476 1098 et
495 1070 715 1097 contristanlibus
735 1069 893 1098 benefacere
904 1092 912 1104 ,

116 1121 141 1144 et
154 1117 315 1143 scomntatis
330 1123 379 1144 nos
394 1116 586 1144 iucessantibus
597 1116 770 1148 benedicere,
786 1120 813 1143 et
828 1124 861 1144 ne
875 1117 916 1143 ul-

116 1162 167 1189 lum
181 1162 294 1197 quidem
312 1170 436 1197 umquam
447 1169 566 1189 amarum
579 1162 687 1189 verbum
703 1161 832 1197 proferre.
845 1163 915 1196 Quin

117 1213 142 1235 et
155 1207 352 1235 continentiam
367 1215 420 1235 non
433 1207 458 1234 in
473 1208 537 1234 solis
548 1208 672 1242 operibus
683 1228 690 1239 ,
708 1207 754 1234 sed
770 1212 796 1235 et
811 1208 913 1242 cogita-

117 1255 185 1282 tione
198 1254 257 1289 ipsa
274 1258 427 1281 monstrare
438 1258 552 1288 oportet.
567 1253 624 1280 Non
637 1253 708 1281 enim
723 1253 808 1280 solum
823 1253 856 1280 ab
872 1255 913 1281 in-

117 1300 292 1328 continentire
306 1307 404 1334 opere,
420 1300 467 1327 sed
481 1304 533 1327 eta
549 1299 593 1326 tali
605 1304 712 1334 aspectu
727 1299 913 1327 abstinendum

116 1351 155 1374 est
166 1367 173 1379 ,
184 1353 273 1381 neque
290 1354 323 1373 ex
336 1347 452 1373 formoso
463 1346 603 1373 mulierum
614 1351 726 1381 aspectu
735 1347 856 1382 voluptas
869 1355 914 1374 ac-

117 1393 236 1429 cipienda
251 1401 259 1420 :
275 1400 340 1420 nam
353 1398 380 1420 et
400 1393 435 1420 ob
450 1392 528 1420 talem
551 1392 802 1427 contemplationem
823 1398 913 1420 extre-

118 1447 186 1466 mum
200 1439 365 1473 supplicium
379 1439 521 1474 irrogatur.
534 1437 599 1465 Cum
615 1438 693 1473 igitur
703 1443 729 1465 et
741 1442 842 1465 tantum
857 1437 914 1466 bel-

119 1484 170 1512 lum
185 1484 218 1511 ab
234 1485 267 1511 iis
280 1505 289 1517 ,
312 1492 371 1520 qua:
385 1483 466 1517 foris,
489 1489 516 1511 et
535 1489 625 1511 tantus
647 1484 726 1511 timor
739 1485 772 1510 ab
787 1484 834 1517 iis,
855 1491 914 1518 quae

119 1531 184 1557 intus
196 1539 202 1556 :
216 1538 332 1565 magnus
346 1537 451 1565 quoque
464 1534 521 1557 erat
533 1529 608 1556 labor
622 1529 647 1556 in
659 1529 815 1556 exercendis
831 1529 915 1556 virtu-

119 1575 192 1604 tibus.
211 1576 424 1604 Acceditautem
439 1581 465 1603 et
475 1581 608 1611 quartum.
620 1575 685 1602 Nam
698 1576 826 1610 inexperti
837 1580 915 1602 erant

87 1634 106 1650 v'
120 1623 271 1648 certmninis
288 1623 372 1654 tanti,
387 1622 457 1657 quod
471 1622 626 1649 certandum
639 1626 696 1649 erat
711 1631 718 1649 :
735 1629 821 1656 neque
842 1622 913 1648 enim

119 1669 227 1703 apostoli
242 1676 310 1703 eos,
329 1670 373 1703 qui
393 1677 407 1695 a
422 1668 637 1703 pzogenitoribus
655 1668 710 1694 suis
727 1668 852 1702 pietatem
866 1675 913 1695 ex-

121 1718 259 1750 ceperant,
284 1714 448 1741 erudiendos
466 1713 552 1741 sortiti
574 1718 651 1746 sunt,
675 1712 723 1740 sed
743 1713 868 1740 educatos
888 1713 913 1739 in

121 1761 227 1787 mollitie
237 1765 266 1788 et
277 1760 399 1793 deliciis,
421 1764 448 1788 et
466 1759 613 1792 ebrietate,
635 1763 663 1787 et
683 1759 866 1794 turpitudine,
888 1764 915 1786 et

122 1805 333 1839 intemperantia.
349 1805 439 1840 Neque
454 1804 504 1831 hoc
516 1805 588 1839 parvi
601 1804 728 1831 momenti
743 1808 810 1837 erat,
823 1809 849 1831 ut
861 1804 914 1831 dif-

122 1849 212 1877 ficilius
226 1850 386 1878 redderetur
397 1855 532 1878 certamen
543 1871 550 1883 ,
563 1849 634 1885 quod
645 1857 703 1877 eam
717 1850 913 1885 philosophiam

122 1903 203 1931 neque
213 1896 355 1930 superiora
367 1900 495 1930 tempora,
509 1903 596 1930 neque
610 1900 734 1930 parentes
746 1895 894 1923 docuerant
906 1905 912 1922 :

122 1941 165 1968 sed
187 1946 249 1969 tunc
269 1943 386 1976 primunt
406 1941 439 1968 ad
462 1941 613 1976 hujusmodi
633 1941 777 1969 certamina
801 1941 915 1969 instrue-

122 1986 224 2014 bantur.

157 2043 182 2070 5.
196 2043 263 2070 Cum
279 2042 362 2078 igitur
377 2048 447 2070 tanta
462 2048 525 2070 tunc
538 2048 608 2071 esset
621 2044 749 2074 certandi.
757 2044 914 2077 difficultas,

123 2089 229 2122 Paulus,
246 2095 276 2117 ut
289 2090 422 2117 solaretur
434 2091 592 2118 certantium
609 2091 744 2123 laborem,
758 2091 870 2118 subinde
882 2092 915 2118 de

123 2137 316 2164 resurrectione
331 2144 481 2163 Sermonem
497 2136 621 2164 movebat
635 2145 641 2163 :
658 2141 685 2165 et
699 2145 750 2163 non
765 2136 814 2163 hac
828 2137 913 2164 solum

123 2181 311 2209 adhortabatur
337 2182 450 2209 athletas
466 2203 474 2214 ,
503 2181 550 2210 sed
574 2186 601 2209 ct
625 2190 733 2210 suarum
761 2183 913 2217 passionum

122 2229 290 2256 enarratione
308 2239 314 2256 :
328 2237 413 2264 eaque
426 2229 459 2256 de
473 2237 551 2256 causa
566 2233 707 2264 antequam
722 2229 747 2256 in
763 2237 913 2256 sermonem

109 2284 111 2287 τ
127 2272 159 2300 de
171 2274 366 2301 resurrectione
382 2274 496 2307 incidat,
511 2282 572 2303 suas
586 2275 725 2310 passiones
739 2275 862 2309 exponit,
877 2274 915 2302 sic

123 2318 229 2345 dicens:
247 2318 281 2346 In
303 2319 416 2346 omnibus
438 2320 585 2354 premimur,
608 2325 636 2347 al
661 2328 712 2347 non
734 2321 804 2347 anxii
829 2321 915 2347 reddi-

124 2373 196 2392 mur:
210 2365 356 2393 laboramus
366 2387 373 2399 ,
388 2370 414 2392 at
435 2374 484 2393 non
499 2366 657 2393 destituimur
672 2374 682 2394 :
697 2368 915 2402 persequutionem

124 2411 245 2443 patimur,
261 2416 288 2437 at
306 2420 355 2438 non
375 2412 401 2438 in
422 2420 451 2441 ea
463 2412 601 2439 descrintur
616 2420 625 2439 .'
641 2413 789 2448 dt‘jicintur,
815 2417 840 2439 at
865 2421 914 2439 non

126 2457 228 2489 perimus
241 2458 248 2473 ¹
265 2457 296 2492 (2
308 2457 367 2485 Cor.
383 2458 408 2486 4..
422 2459 447 2486 8.
461 2458 499 2494 9).
521 2459 622 2492 Quibus
635 2459 724 2486 verbis
747 2451 914 2494 quotidianas

125 2509 218 2530 mortes
232 2504 372 2539 designat,
387 2512 420 2532 eo
435 2505 504 2540 quod
523 2505 599 2540 quasi
616 2506 723 2532 animati
739 2506 834 2532 mortui
849 2514 916 2540 quo-

126 2548 183 2576 tidie
195 2550 227 2577 ad
243 2556 357 2580 mortem
379 2551 550 2578 tradebantur
564 2560 570 2579 :
584 2559 644 2578 cum
659 2559 722 2586 ergo
739 2551 796 2578 haze
814 2551 916 2585 inflige-

126 2600 229 2628 rentur,
252 2595 316 2624 hinc
336 2604 485 2623 sermonem
505 2596 575 2622 hunc
592 2596 625 2623 de
642 2597 836 2623 resm-rectione
859 2604 916 2622 mo-

127 2645 168 2667 vn.
183 2641 315 2668 Credimus
331 2643 396 2668 enim
407 2663 414 2674 ,
432 2642 484 2675 ait,
501 2643 568 2676 quod
585 2643 606 2669 is
620 2643 662 2677 qui
677 2643 806 2669 suscitauit
822 2641 914 2668 Domi-

128 2695 183 2712 num
195 2693 309 2714 nostrum
324 2687 340 2714 J
345 2697 413 2714 csum
427 2688 569 2721 Christum,
581 2693 603 2715 et
616 2696 661 2715 nos
677 2696 721 2723 per
732 2687 819 2714 Iesum
832 2688 915 2714 susci-

128 2732 183 2757 tulo’l
193 2752 200 2763 ,
212 2738 234 2759 et
249 2734 376 2760 vobiscum
389 2734 518 2760 tonstituct
535 2741 543 2760 .'
558 2738 689 2768 propterea
704 2733 776 2760 malis
790 2741 839 2760 non
856 2741 914 2759 sua-

158 2821 163 2834 ²
181 2820 253 2848 πέτην..
271 2827 377 2852 prmtor,
396 2827 421 2847 et
439 2823 473 2847 sic
483 2823 555 2847 totius
567 2823 694 2854 sequentia
708 2822 823 2853 phraseos
835 2822 858 2846 in
866 2822 915 2846 sin~

129 2856 208 2880 pum.

1706 142 1759 170 £2!

970 198 1110 224 cumbimur
1121 219 1129 230 ,
1151 198 1288 224 maximam
1301 199 1327 225 in
1343 199 1518 226 certatuinibus
1532 199 1592 234 ipsis
1607 199 1744 227 consolatio

970 242 1241 278 nent/tabentes,spent
1249 243 1433 279 futurorumﬁ‘.
1440 244 1501 273 Cor.
1509 246 1535 272 4.
1544 246 1585 273 Η.
1597 246 1651 281 l6).
1660 247 1692 274 Ει
1699 255 1753 275 non

970 288 1038 314 dixit
1049 288 1083 315 ad
1101 289 1174 323 ipsos
1187 289 1299 324 Propter
1312 290 1384 324 quod
1401 298 1434 317 ne
1448 293 1631 319 succumbatis
1651 293 1730 320 malis
1744 301 1752 321 :

967 336 1013 363 sed
1026 335 1090 371 quid
1108 335 1163 363 ait?
1180 334 1290 371 Propter
1309 337 1377 371 quod
1397 345 1448 364 non
1468 339 1653 366 succumbimus
1672 340 1756 368 malis.

970 381 1089 408 Declarat
1100 388 1128 409 se
1138 389 1243 416 quoque
1255 382 1281 408 in
1294 382 1430 410 continuis
1437 383 1677 412 conflictationibus
1687 392 1756 413 esse.

967 426 1112 454 Enimvero
1122 428 1149 454 in
1159 427 1304 464 Olympieis
1316 429 1504 456 certaminibus
1514 430 1612 457 athleta
1627 431 1694 458 intra
1705 438 1755 458 sta-

967 472 1039 499 dium
1054 477 1156 506 certat,
1180 474 1306 508 magister
1326 479 1414 501 autem
1438 474 1492 501 ludi
1516 475 1580 503 foris
1598 476 1759 509 considens.

967 518 1135 545 sermonibus
1156 518 1234 546 all‘ert
1257 519 1402 553 auxilium,
1425 525 1589 556 eatenusque
1613 526 1759 550 certantem

963 562 1105 591 dumtaxat
1117 563 1209 598 juvat,
1224 569 1355 599 quatenus
1372 565 1608 594 acclamationibus
1627 575 1759 596 sermoni-

967 609 1069 644 busque
1082 610 1151 637 valet
1164 619 1170 637 :
1184 618 1271 646 neque
1281 611 1351 638 enim
1363 611 1415 638 ulla
1425 610 1449 639 ei
1460 612 1517 646 lege
1527 613 1688 648 permittitur
1698 622 1759 650 pro-

967 656 1025 690 pius
1040 657 1166 684 assistere
1177 661 1203 683 et
1213 657 1334 685 manibus
1347 658 1420 685 illum
1433 658 1569 693 adjuvare.
1582 661 1616 687 At
1628 667 1704 688 secus
1716 669 1760 688 res

968 701 1065 729 habent
1086 703 1112 730 in
1132 703 1238 738 pietatis
1256 705 1456 731 certaminibus.
1481 705 1553 733 idem
1577 706 1648 734 enim
1671 712 1713 735 est
1734 713 1760 736 et

968 747 1066 775 athleta
1086 753 1113 776 et
1135 751 1262 784 magister
1279 750 1334 777 ludi
1350 759 1356 777 :
1372 755 1399 778 et
1419 751 1519 779 idcirco
1534 759 1585 779 non
1606 757 1681 780 extra
1703 758 1759 781 sta-

968 792 1041 820 dium
1059 794 1135 821 sedet
1150 802 1157 820 :
1172 795 1218 822 sed
1233 795 1366 830 ingressus
1379 796 1412 823 ad
1425 798 1570 825 certamina
1583 798 1639 833 ipsa
1651 819 1658 830 ,
1672 799 1760 827 firmat

967 840 1130 874 compugiles
1143 860 1150 873 ,
1165 841 1257 868 dicens
1271 850 1278 867 ε
1295 840 1405 876 Propter
1416 843 1483 878 quod
1496 844 1570 870 malis
1584 853 1633 871 non
1645 853 1761 872 succum-

969 885 1062 912 bimus.
1079 886 1112 913 Et
1126 894 1179 913 non
1200 887 1270 914 dixit
1282 909 1289 920 ,
1313 888 1425 924 Propter
1442 890 1513 924 quod
1533 890 1610 917 malis
1631 898 1682 918 nou
1698 899 1758 918 suc-

967 931 1080 963 cumbo,
1104 931 1150 959 sed
1161 952 1170 965 ,
1191 932 1268 959 Malis
1288 942 1339 960 non
1355 934 1537 962 succumbimus
1555 936 1676 964 laudibus
1690 937 1761 972 ipsos

967 976 1070 1011 erigere
1085 978 1188 1006 volens.
1202 979 1256 1006 Sed
1265 981 1378 1014 quamvis
1391 981 1465 1008 Immo
1480 987 1564 1009 noster
1578 988 1695 1011 externus
1706 992 1761 1012 cor—

967 1027 1101 1057 rumpatur
1113 1044 1120 1055 ,
1142 1028 1224 1051 tamen
1243 1024 1358 1052 internus
1377 1032 1512 1054 renouatur
1531 1028 1558 1054 in
1578 1029 1631 1056 dies
1649 1029 1761 1064 singulm

968 1067 1080 1103 (lbid.).
1107 1068 1173 1097 Vide
1199 1075 1298 1105 quanta
1330 1072 1365 1098 sit
1385 1071 1507 1107 Apostoli
1538 1074 1688 1108 prudentia.
1705 1076 1763 1104 Ad-

967 1115 1069 1141 monuit
1087 1114 1202 1149 primum
1223 1123 1270 1143 eos
1283 1116 1316 1144 ab
1329 1116 1518 1146 afflictionibus
1532 1127 1598 1154 quas
1618 1119 1739 1148 ferebant
1752 1143 1760 1154 ,

966 1157 1059 1187 dicens
1074 1168 1081 1186 ε
1098 1159 1131 1187 1η
1145 1161 1260 1188 omnibus
1273 1163 1410 1196 premimur
1422 1184 1429 1196 ,
1443 1169 1469 1190 at
1481 1172 1532 1191 non
1547 1165 1617 1192 anxii
1629 1166 1759 1194 reddimur

967 1203 1020 1238 (ΙΙ).
1031 1213 1045 1231 υ
1055 1206 1103 1241 .8).
1114 1205 1258 1234 Admonuit
1267 1208 1329 1235 item
1339 1216 1354 1235 a
1367 1205 1563 1238 resurrectione
1575 1211 1649 1244 Jesu,
1658 1211 1761 1246 dicens,

967 1248 1037 1276 Nam
1050 1252 1093 1286 qui
1104 1253 1231 1279 suscitavit
1243 1252 1331 1280 Iesum
1341 1275 1349 1287 ,
1361 1259 1384 1281 et
1399 1263 1444 1281 nos
1456 1256 1585 1283 suscitabit
1598 1255 1650 1292 (Ib.
1666 1266 1691 1285 υ.
1703 1258 1760 1293 14).

1003 1296 1089 1324 Etiam
1108 1298 1134 1324 in
1148 1298 1195 1325 hac
1209 1299 1259 1325 vita
1271 1308 1366 1327 merces
1381 1300 1502 1328 bonorum
1514 1309 1618 1336 operum
1631 1303 1761 1330 tribuitur.

966 1356 1002 1362 —
1013 1342 1090 1370 Nunc
1109 1343 1188 1370 aliam
1205 1345 1347 1379 quamdam
1369 1345 1528 1374 adhortandi
1544 1348 1673 1376 rationem
1688 1348 1762 1376 indu-

966 1388 1012 1415 cit.
1036 1388 1256 1425 Quandoquidem
1280 1391 1351 1418 enim
1378 1392 1500 1420 homines
1523 1393 1643 1429 plerique
1666 1395 1763 1430 pusillo

966 1434 1056 1461 animo
1069 1440 1148 1467 sunt,
1164 1440 1190 1462 et
1203 1436 1316 1469 infirmi,
1333 1444 1366 1464 ac
1386 1438 1496 1472 miseri,
1512 1446 1543 1466 ac
1565 1439 1627 1467 licet
1640 1447 1759 1468 resurre-

966 1480 1082 1508 ctionem
1098 1481 1168 1508 docti
1186 1483 1348 1517 negligentes
1362 1488 1434 1517 sunt,
1446 1489 1474 1512 ct
1485 1484 1520 1512 ob
1535 1486 1664 1521 temporis
1676 1486 1759 1522 longi~

967 1526 1086 1554 tudinem
1099 1527 1224 1555 vacillant
1241 1536 1273 1556 ac
1294 1529 1416 1557 recidunt
1429 1539 1436 1556 :
1450 1529 1511 1557 ideo
1525 1531 1604 1558 aliam
1625 1532 1677 1559 illis
1697 1538 1759 1562 ante

966 1573 1188 1600 resurrectionem
1198 1575 1335 1602 constituit
1346 1572 1496 1603 mercedem
1507 1584 1538 1603 ac
1549 1578 1761 1607 retributionem.

967 1618 1002 1647 Et
1013 1627 1136 1654 quamam
1149 1620 1208 1648 illa?
1220 1620 1331 1650 Tametsi
1342 1627 1458 1650 externus
1470 1623 1544 1650 homo
1554 1628 1638 1651 noster
1647 1632 1761 1652 corrum-

968 1665 1053 1700 pitur,
1066 1666 1179 1694 internus
1192 1671 1274 1694 tamen
1288 1667 1421 1695 innovatur
1434 1669 1461 1695 in
1471 1670 1525 1697 dies
1537 1670 1650 1705 singulas
1667 1671 1719 1707 (Ib.
1733 1681 1760 1699 ν.

968 1707 1024 1743 16).
1040 1708 1186 1735 Externum
1198 1708 1332 1736 hominem
1347 1717 1443 1745 corpus
1453 1731 1460 1743 ,
1478 1712 1610 1739 iuternutu
1622 1733 1629 1745 ,
1643 1714 1759 1741 animam

968 1758 1060 1781 vocat.
1078 1754 1152 1788 Quod
1171 1759 1260 1782 autem
1281 1755 1345 1782 dicit
1365 1756 1515 1790 ltujusinodi
1536 1761 1578 1784 est
1594 1766 1600 1783 :
1619 1763 1761 1793 antequam

968 1806 1156 1834 resurgamus,
1181 1804 1208 1826 et
1231 1804 1372 1836 antequam
1398 1801 1518 1829 fruamur
1541 1803 1624 1838 gloria
1652 1804 1759 1836 futura.

968 1845 1047 1871 etiam
1072 1852 1124 1872 non
1147 1853 1227 1880 parva
1250 1845 1292 1873 hic
1313 1846 1638 1875 laborutnremuneratio
1660 1849 1757 1883 datur,

967 1897 1028 1918 cum
1044 1890 1113 1918 inter
1126 1891 1263 1925 angustias
1285 1891 1355 1926 ipsas
1375 1892 1463 1918 anima
1484 1898 1574 1919 nostra
1595 1893 1702 1928 junior,
1717 1901 1761 1921 δεμ

969 1936 1082 1970 pientior
1095 1940 1122 1964 et
1133 1937 1217 1971 magis
1232 1937 1274 1972 pia
1288 1937 1394 1971 evadit,
1409 1937 1511 1973 majore
1526 1939 1608 1973 pollet
1622 1940 1760 1974 patientia,

968 1988 996 2010 et
1015 1983 1110 2010 fortior
1128 1988 1208 2018 atqtte
1230 1984 1397 2011 constantior
1410 1985 1538 2019 persistit.
1552 1985 1617 2012 Nam
1636 1986 1705 2014 sicut
1722 1986 1739 2013 ii
1751 2008 1760 2018 ,

967 2030 1011 2065 qui
1027 2030 1052 2057 in
1067 2030 1199 2065 corporali
1213 2031 1359 2058 certamine
1372 2035 1505 2066 pugnant,
1517 2036 1580 2059 ante
1592 2040 1718 2060 coronam
1733 2038 1762 2061 et

969 2076 1087 2103 braviutn
1111 2077 1136 2103 in
1162 2077 1354 2104 exercitatione
1377 2081 1403 2104 et
1423 2078 1545 2112 palaestra
1567 2078 1623 2113 ipsa
1638 2086 1760 2114 magnam

969 2123 1104 2158 accipiunt
1118 2123 1270 2151 mercedem
1281 2143 1289 2156 ,
1310 2131 1343 2150 eo
1358 2123 1428 2158 quod
1447 2131 1560 2158 corpora
1580 2131 1626 2151 sua
1643 2123 1760 2152 firmiora

968 2174 996 2196 et
1021 2169 1152 2196 validiora
1177 2169 1350 2196 exercitando
1378 2169 1498 2202 faciunt,
1524 2174 1552 2197 et
1578 2170 1759 2198 infirmitatem
1795 2161 1798 2166 ’

969 2222 1076 2242 omnem
1098 2214 1229 2249 elfugiunt
1245 2224 1252 2242 :
1268 2215 1302 2242 ita
1316 2219 1342 2242 et
1363 2222 1413 2242 nos
1426 2215 1533 2243 virtutis
1552 2220 1688 2243 certamen
1704 2224 1762 2244 cer-
1800 2245 1804 2248 ,

970 2265 1056 2287 tantes
1068 2281 1075 2293 ,
1099 2261 1253 2296 priusquam
1275 2260 1409 2295 aperiatur
1421 2260 1514 2288 etclam
1525 2282 1532 2294 ,
1549 2262 1700 2296 priusquam
1718 2261 1762 2289 Fi-

969 2305 1019 2332 lius
1033 2305 1079 2332 Dei
1092 2305 1169 2337 adsit,
1188 2305 1340 2340 priusquam
1355 2305 1545 2333 retributiones
1563 2307 1639 2334 nobis
1652 2306 1760 2338 dentur,

969 2359 1091 2386 magnam
1107 2351 1257 2379 mercedem
1279 2352 1443 2386 accipimus,
1467 2360 1500 2380 eo
1521 2352 1592 2387 quod
1609 2353 1697 2381 anima
1719 2361 1762 2381 sa-

969 2397 1076 2431 pientia:
1092 2397 1138 2424 fiat
1151 2395 1294 2424 anfantior.
1310 2397 1413 2424 Etenim
1432 2398 1477 2433 qui
1492 2405 1566 2426 mare
1585 2399 1740 2434 navigarunt
1753 2420 1760 2432 ,

968 2449 995 2471 et
1006 2444 1158 2471 innumeras
1172 2443 1302 2478 procellas
1318 2444 1449 2476 tulerunt,
1463 2448 1490 2472 et
1502 2445 1599 2473 multas
1615 2449 1760 2481 tempesta-

970 2493 1009 2516 tes
1024 2490 1143 2524 perpessi
1165 2493 1245 2523 sunt,
1265 2495 1293 2517 et
1307 2498 1367 2517 cum
1389 2490 1478 2518 multis
1491 2490 1583 2518 bestiis
1602 2496 1759 2523 certarunt.

969 2539 1150 2563 antemercem
1161 2535 1244 2570 ipsam
1253 2543 1305 2562 non
1317 2544 1425 2570 parvum
1435 2544 1449 2564 e
1459 2544 1539 2571 parva
1549 2538 1760 2574 peregrinatione

970 2582 1018 2608 ista
1045 2587 1182 2616 reportant
1207 2582 1327 2615 lucrum,
1351 2582 1487 2610 confidere
1508 2583 1612 2611 scilicet
1640 2588 1667 2611 et
1684 2592 1761 2611 mare

970 2631 1100 2660 temnere,
1115 2635 1146 2654 ac
1157 2627 1298 2662 intrepide,
1316 2628 1368 2654 imo
1381 2635 1442 2655 cum
1455 2628 1591 2664 voluptate
1605 2620 1761 2656 transmari-

969 2681 1017 2700 nas
1036 2673 1096 2701 illas
1110 2681 1188 2709 agere
1208 2674 1458 2709 peregrinationes:
1475 2675 1510 2701 ita
1531 2679 1558 2702 et
1579 2675 1623 2709 qui
1644 2670 1670 2701 in
1690 2682 1759 2709 pra:-

968 2720 1037 2746 senti
1057 2720 1108 2746 vita
1123 2724 1231 2754 propter
1245 2719 1379 2747 Christum
1401 2719 1497 2746 tnultas
1518 2719 1568 2747 fert
1581 2719 1738 2747 alllictionos
1750 2740 1758 2751 ,

969 2766 1105 2800 munitaque
1117 2766 1205 2800 gravia
1220 2766 1327 2800 patitur,
1343 2766 1423 2792 etiam
1437 2769 1498 2792 ante
1513 2772 1621 2800 regnum
1633 2765 1757 2792 caelorum

969 2819 1091 2846 magnam
1105 2811 1176 2838 illam
1191 2810 1394 2838 retributionem
1406 2810 1576 2845 assequitur:
1590 2809 1652 2836 dum
1663 2817 1757 2844 magna

973 2859 1015 2886 hic
1030 2858 1126 2893 potitur
1143 2857 1248 2891 fiducia,
1265 2857 1517 2892 animamquesuam
1531 2856 1565 2885 ita
1577 2855 1708 2885 excelsam
1723 2855 1773 2883 civ.
