1976 3130
213 143 264 171 823

213 199 267 225 ticit
279 217 287 230 ,
303 200 331 224 ut
343 194 455 231 posthac
473 195 561 230 gravia
575 194 665 222 omnia
678 194 752 229 quasi
771 203 787 221 e
800 192 907 221 sublimi
926 192 999 220 deri-

214 244 284 271 deat.

250 287 328 315 Pauli
340 295 433 315 merces
443 291 500 314 ante
512 287 726 314 resurrectionem.
736 299 774 306 -—
784 285 820 314 Ut
830 290 918 312 autem
929 283 1000 319 quod

212 334 336 366 dicimus,
351 333 437 361 adhuc
459 332 625 360 manifestius
650 336 738 367 pateat
752 352 761 365 ,
790 331 913 366 exemplo
936 330 1001 358 illud

214 380 350 408 declarare
363 379 493 406 volumus.
512 378 609 406 Paulus
622 378 676 410 ille,
690 378 833 405 exantlatis
854 378 1001 405 innumeris

214 425 300 458 malis,
316 432 404 452 nonne
418 425 534 459 insignes
548 423 736 451 retributiones
748 423 849 457 accepit
865 430 924 449 cum
938 423 1000 449 irri-

212 471 288 498 deret
311 475 446 506 tyrannos,
469 475 530 496 cum
557 467 712 496 furibundas
734 467 844 503 populos
869 467 1000 500 incitaret,

212 525 273 546 cum
295 525 389 544 omnes
412 524 504 551 paena:
526 520 720 548 contemneret,
748 516 949 551 impavidusque
974 520 1001 543 et

212 563 389 598 imperculsus
405 566 525 589 maneret
543 565 636 589 contra
659 561 768 593 bestias,
783 567 875 589 contra
889 563 999 594 ferrum,

211 610 238 637 in
251 609 330 641 mari,
341 609 367 635 in
383 608 544 642 praecipitiis,
557 607 582 634 in
595 607 778 640 seditionibus,
793 608 818 634 in
829 607 941 638 ltlSltltlS,
955 608 1000 634 tle-

212 655 292 690 niquc
307 655 334 681 in
348 653 424 681 malis
441 653 584 680 omnibus?
598 652 666 686 Quid
682 652 743 679 huic
756 652 871 679 conferri
897 652 1001 687 potest?

211 700 356 730 Enimvero
380 700 514 727 hominem
535 707 588 727 non
609 700 791 732 exercitatum,
807 704 833 727 et
854 699 918 726 nihil
939 699 1002 727 tnali

212 752 352 782 expertum
366 747 407 774 vel
421 747 487 774 levia
507 754 618 781 qua-que
634 746 739 773 turbare
760 747 845 773 solent
858 755 865 773 :
880 746 933 773 imo
947 753 999 773 non

213 793 300 820 solum
314 800 358 820 res
376 793 450 827 ipsae,
466 791 512 819 sed
525 796 553 819 et
568 791 639 819 leves
657 792 878 826 exspectationes,
897 796 924 819 et
937 792 999 826 quid

211 838 273 866 dico
286 837 358 866 leves
371 837 600 872 exspectationes?
614 838 694 864 etiam
706 845 793 864 rerum
810 838 909 863 mnhae
924 839 1000 872 pavi-

212 884 277 911 dum
291 883 405 911 reddunt
417 888 445 910 et
456 888 615 917 perterrent.
634 882 730 910 Verum
743 883 787 917 qui
800 883 961 910 exercitatus
974 883 999 909 in

211 935 347 957 certamen
363 929 518 963 ingreditur,
540 936 572 956 ac
595 928 677 955 multa
698 933 760 955 ante
775 929 842 955 mala
860 936 1000 962 perpessus

214 981 266 1007 est,
281 976 303 1003 is
317 976 440 1003 omnibus
454 980 545 1010 postea
559 975 682 1010 superior
694 975 774 1006 fit,ct,
791 981 926 1009 tamquam
938 982 1001 1008 gra-

214 1022 286 1050 culos
298 1022 467 1055 crocitantes,
489 1029 537 1049 eos
549 1021 593 1056 qui
609 1021 750 1053 minatttur,
770 1021 926 1048 contemnit.
943 1020 1000 1047 Non

212 1074 292 1102 parva
312 1072 401 1094 autem
416 1072 457 1094 est
472 1067 530 1094 bare
544 1074 654 1099 corona,
676 1074 762 1101 neque
775 1067 870 1101 exigua
886 1074 998 1098 merces.

211 1113 282 1149 quod
296 1113 373 1140 illum’
383 1113 449 1141 nihil
467 1113 642 1140 humanarum
662 1121 752 1141 rerum
774 1120 880 1140 movere
896 1113 975 1148 possit
992 1121 999 1139 :

212 1165 274 1186 nam
287 1165 346 1192 quae
360 1158 419 1186 aliis
440 1158 553 1187 multum
576 1158 740 1185 formidanda
756 1157 888 1190 videntur,
904 1158 937 1186 ab
951 1158 1001 1186 hoc

211 1203 287 1231 facile
301 1207 509 1231 contemnuntur
522 1212 529 1230 :
545 1209 572 1230 et
587 1209 695 1238 propter
708 1212 767 1239 qua:
786 1204 831 1231 alii
844 1208 959 1231 tremunt
974 1209 1001 1231 et

210 1253 284 1276 metu
303 1248 503 1284 obstupescunt,
524 1256 556 1276 ea
575 1249 685 1276 multum
706 1249 775 1276 ridet
793 1250 859 1284 ipsc,
881 1251 940 1284 quia
955 1258 1001 1284 per

211 1294 386 1322 excellentem
404 1295 557 1329 patientiam
577 1295 756 1330 angelicorum
770 1296 896 1322 virtutum
913 1296 999 1329 philo-

211 1339 333 1374 sophiam
346 1346 387 1368 est
406 1340 528 1376 adeptus.
550 1340 579 1369 Si
599 1341 670 1369 enim
689 1349 786 1376 corpus
807 1346 878 1369 recte
894 1343 998 1368 lnxtlutn

210 1385 334 1418 dicimus,
357 1386 428 1420 quod
442 1391 530 1421 potest
548 1387 648 1422 absque
667 1387 766 1415 offensa
783 1387 853 1414 ferre
868 1387 958 1422 frigus,
973 1392 1000 1414 et

211 1430 337 1463 calorem,
354 1435 382 1458 et
395 1432 502 1464 fatalem,
522 1438 549 1460 et
571 1432 698 1467 inopiam,
714 1437 740 1460 et
756 1433 804 1460 vite
817 1432 996 1465 difﬁcultates,

211 1482 396 1510 terumnasque
420 1476 486 1503 alias
509 1484 516 1503 :
539 1482 638 1511 quanto
662 1478 744 1511 magis
770 1478 873 1504 beatam
901 1485 998 1505 vocare

208 1513 316 1555 oportet
341 1521 456 1548 animam
484 1529 542 1556 quae
575 1522 686 1549 viriliter
711 1529 743 1549 ac
771 1522 874 1550 fortiter
904 1531 999 1551 clunes

209 1566 327 1592 omnium
347 1565 528 1593 molestiarum
553 1564 621 1594 ferre
641 1567 772 1597 incursus.
799 1573 825 1594 et
845 1575 891 1602 per
911 1569 999 1596 omnia

209 1618 320 1639 servare
339 1619 386 1641 cor
405 1619 481 1640 suum
503 1612 568 1639 nulli
582 1613 702 1640 servituti
725 1613 870 1641 obnoxium
893 1614 998 1648 potest?

211 1655 291 1685 Plane
313 1656 357 1684 hic
376 1658 460 1692 magis
483 1665 529 1685 rex
548 1663 599 1691 est,
621 1666 701 1693 quam
722 1658 771 1693 ipsi
792 1667 876 1694 reges.
898 1659 998 1695 Regem

209 1702 280 1729 enim
294 1701 433 1735 satellites,
447 1702 554 1734 milites.
578 1703 656 1730 amici
676 1707 703 1731 et
718 1704 817 1732 inimici
841 1713 912 1732 nunc
934 1705 999 1734 insi-

208 1748 319 1781 diando,
332 1756 402 1775 nunc
414 1753 506 1783 aperte
519 1750 571 1776 vim
584 1749 705 1777 faciendo
718 1750 853 1778 offendere
866 1758 976 1786 possunt
988 1762 996 1780 :

210 1793 272 1822 huic
293 1798 393 1827 autem,
414 1794 457 1821 cui
479 1795 583 1822 animus
602 1795 708 1830 qualem
730 1804 800 1824 nunc
822 1797 887 1830 dixi,
911 1805 997 1832 neque

209 1847 266 1872 rex,
283 1847 368 1875 neque
382 1840 504 1875 stipator,
520 1848 606 1875 neque
621 1841 768 1875 familiaris,
784 1850 869 1878 neque
883 1844 994 1876 amicus,

209 1893 296 1920 neque
316 1886 448 1919 inimicus,
462 1894 548 1922 neque
560 1887 681 1915 diabolus
700 1888 757 1923 ipse
769 1889 855 1924 aliqua
876 1897 908 1916 ex
921 1895 996 1924 parte

209 1932 305 1966 poterit
318 1940 424 1960 nocere.
438 1932 487 1966 Qui
509 1933 579 1960 enim
593 1939 692 1968 posset,
708 1942 768 1961 cum
785 1935 807 1962 is
821 1936 893 1962 omni
907 1936 996 1964 Sil)le

208 1978 236 2006 in
250 1977 301 2005 hoc
316 1971 459 2011 incumbat,
476 1986 509 2006 ne
523 1979 592 2006 inter
604 1980 671 2006 mala
686 1984 830 2014 computet,
845 1988 904 2016 quae
917 1981 995 2017 vulgo

207 2023 276 2055 mala
290 2023 382 2051 haberi
396 2024 500 2052 solent?

243 2068 269 2095 ι.
291 2068 362 2096 Talis
377 2075 434 2096 erat
448 2069 540 2097 beatus
555 2070 663 2104 Paulus,
676 2076 755 2106 atque
767 2077 906 2107 propterea
921 2073 993 2101 dire-

207 2113 253 2140 bat
267 2122 273 2140 :
287 2113 350 2146 Qui:
371 2122 416 2142 nos
433 2115 557 2150 separabit
570 2124 586 2141 a
605 2117 708 2143 caritate
727 2115 838 2144 Christi?
855 2118 992 2151 tribulatio,

207 2158 245 2187 vel
259 2159 386 2194 angustia,
401 2160 438 2186 vel
449 2161 617 2194 persequutio.
632 2162 672 2188 vel
682 2163 771 2197 fames,
784 2162 822 2189 vel
834 2163 944 2195 auditas,
957 2165 995 2190 uel

205 2203 316 2239 gladius,
336 2205 373 2231 vel
387 2206 546 2239 periculum?
558 2206 630 2233 Sicut
642 2207 763 2242 scriptum
784 2213 820 2235 est
831 2216 840 2235 :
853 2208 919 2241 Quia
932 2218 993 2244 pro-

206 2253 261 2282 pter
279 2254 303 2276 te
323 2254 402 2276 morte
421 2251 567 2285 con/icimur
589 2257 641 2278 tota
663 2252 713 2285 die,
737 2254 846 2288 reputati
864 2262 950 2282 sumus
967 2259 993 2281 ut

205 2303 262 2322 oves
275 2297 433 2324 "iactationis
443 2305 451 2323 :
463 2297 507 2324 sed
532 2298 558 2324 in
573 2298 624 2325 illis
636 2299 750 2326 omnibus
762 2301 859 2335 egregie
872 2302 993 2328 vincimus

204 2345 308 2375 ντοριεγ
317 2350 382 2372 eum,
395 2342 439 2378 qui
451 2351 496 2372 nos
511 2343 598 2370 dilexit
613 2343 698 2379 (Rom.
713 2345 741 2373 8.
756 2345 800 2373 55.
813 2346 904 2379 56.57;
920 2347 990 2374 Psal.

203 2385 308 2420 45,22).
319 2386 389 2414 Istud
398 2388 476 2415 etiam
487 2388 537 2416 hoc
547 2389 605 2416 loco
615 2390 751 2417 insinuans
759 2391 862 2421 dicebat
872 2392 992 2420 :Tametsi

203 2435 320 2458 externus
335 2432 408 2459 homo
423 2439 505 2460 noster
524 2436 704 2470 corrumpitur,
726 2437 838 2464 internus
854 2443 936 2468 tamen
953 2448 991 2465 re-

203 2479 309 2502 novatur
322 2477 348 2503 in
363 2477 415 2504 dies
433 2479 545 2513 singulos
564 2479 603 2515 (2.
621 2481 678 2508 Cor.
694 2482 720 2509 4.
735 2482 791 2517 lli).
807 2482 940 2514 lttlirmmn
963 2485 991 2513 lit

203 2528 310 2556 corpus,
324 2522 370 2553 ait,
385 2522 432 2551 sed
445 2524 557 2552 validior
570 2531 597 2553 et
611 2528 742 2561 potentior
756 2529 871 2561 animus,
885 2529 948 2564 quin
964 2535 990 2559 ct

204 2566 289 2593 multo
303 2567 415 2595 alacrior
430 2572 456 2599 ct
474 2570 577 2604 agilior.
598 2571 630 2598 Et
648 2572 718 2600 sicut
736 2574 823 2607 miles,
845 2575 866 2602 si
881 2576 990 2609 gestarit

201 2618 275 2638 arma
286 2619 347 2640 sese
359 2615 505 2649 gravantia,
518 2615 580 2644 licet
592 2617 733 2645 admodum
746 2624 870 2647 strenuus
880 2621 913 2647 sit
923 2626 949 2648 et
962 2611 987 2648 in

201 2657 294 2685 militia
322 2659 496 2694 exercitatus,
522 2669 576 2689 non
604 2667 645 2690 est
669 2665 765 2691 terrori
786 2664 916 2698 hOstibus,
943 2667 988 2701 qui

201 2704 288 2732 sciunt
302 2710 444 2734 armatura:
456 2708 611 2742 gravitatem
626 2709 721 2743 pedum
733 2711 866 2739 velocitati
888 2717 914 2740 et
928 2713 987 2740 bel-

201 2750 271 2778 landi
284 2751 341 2778 usui
361 2751 474 2780 obesse:
489 2753 531 2780 sin
552 2753 620 2781 levia
643 2757 814 2791 acceperitet
829 2758 986 2792 tractabilia,

199 2798 267 2823 sicut
279 2797 335 2825 avis
348 2798 433 2833 aliqua
448 2799 556 2826 obvium
571 2807 601 2828 se
614 2800 680 2829 feret
695 2802 825 2831 hostibus.
842 2803 886 2832 Sic
900 2809 928 2832 et
941 2805 986 2839 qui

200 2850 308 2878 eorum
327 2852 400 2873 suam
413 2852 465 2873 non
479 2846 608 2875 ebrietate
623 2855 708 2886 neque
725 2850 885 2886 indulgentia
900 2859 984 2887 neque

563 139 591 168 S.
610 137 747 167 JOANNIS
764 136 1001 166 CHRYSOSTOMI
1019 135 1176 164 ARCHIEP.
1196 135 1462 164 CONSTANTINOP.

1785 135 1838 164 £1".

1056 191 1159 218 deliciis
1174 191 1337 223 incrassarit,
1360 191 1406 218 sed
1417 191 1535 226 jejuniis,
1558 195 1586 219 et
1605 192 1844 226 prccibusdiotur-

1055 244 1142 272 naque
1155 236 1328 264 afﬂictiOnum
1344 237 1483 265 tolerantia
1497 237 1623 265 leviorem
1647 242 1673 266 et
1695 240 1841 267 tenuiorem

1055 282 1173 309 eﬂ'ecerit
1189 291 1194 307 :
1222 282 1291 310 sicut
1303 282 1416 309 volucris
1429 282 1516 318 aliqua
1531 290 1645 317 superne
1658 284 1795 317 devolans,
1809 287 1843 312 ita

1054 328 1142 355 valido
1163 329 1264 363 impetu
1278 329 1304 356 in
1319 329 1462 364 phalanges
1476 330 1627 357 daemonum
1650 331 1737 363 irruit,
1754 336 1782 358 et
1796 332 1845 358 ad-

1053 376 1186 402 versarius
1208 376 1318 402 virtutes
1340 375 1417 403 facile
1436 376 1536 403 invadit
1555 377 1660 412 sibique
1678 377 1795 412 subjicit.
1817 379 1845 406 la

1054 422 1126 450 hunc
1140 421 1247 449 modum
1270 427 1297 449 et
1317 422 1414 449 Paulus
1428 423 1518 450 multis
1537 423 1652 451 affectus
1670 424 1763 459 plagis,
1779 431 1805 452 et
1819 426 1846 452 in

1054 468 1158 496 vincula
1180 468 1326 503 coniectus,
1361 474 1388 496 et
1413 470 1507 504 ligneis
1533 470 1637 497 vinctus
1660 471 1845 505 compedibus.

1053 523 1152 550 corpus
1163 516 1270 551 quidem
1291 516 1383 544 habuit
1402 517 1478 544 valde
1496 516 1641 549 inﬁrmum,
1658 518 1847 554 laboribusque

1054 567 1243 595 emaceratum,
1255 562 1370 589 animant
1384 570 1447 590 vero
1461 563 1556 589 fortem
1569 568 1596 589 et
1607 563 1730 590 invictam
1747 573 1754 591 :
1768 571 1848 598 atque

1053 606 1121 633 adeo
1137 606 1212 634 fortis
1226 612 1283 635 erat
1293 609 1408 641 vinctus,
1421 614 1448 636 ut
1462 608 1495 635 ad
1510 609 1593 635 solam
1607 608 1665 643 ejus
1678 616 1770 636 vocem
1787 610 1847 637 fun-

1054 653 1177 680 damenta
1190 654 1306 682 carceris
1319 659 1561 686 commoverentur,
1586 659 1613 681 et
1627 654 1743 682 solutum
1757 663 1848 683 carce-

1054 699 1091 726 ris
1104 699 1241 727 custodem
1255 700 1370 727 vinctum
1385 699 1419 727 ad
1431 701 1512 736 pedes
1534 708 1596 728 suos
1613 700 1768 735 adduceret,
1785 710 1848 736 ase-

1054 744 1222 779 rireuturque
1233 745 1323 780 janua:
1336 745 1444 773 clausm.
1459 746 1548 781 Itaque
1561 746 1631 773 haud
1647 754 1757 781 parvam
1771 749 1849 774 nobis

1054 791 1262 819 consolationem
1279 792 1376 819 Paulus
1398 792 1530 823 exhibuit,
1551 800 1663 827 eamque
1681 794 1762 820 etiam
1786 799 1848 821 ante

1054 837 1288 870 resurrectionem,
1306 845 1400 872 nempe
1419 837 1489 872 quod
1512 837 1702 865 tentationibus
1723 838 1848 866 meliores

1053 886 1081 909 et
1106 883 1283 917 sapientiores
1310 882 1454 910 reddamur
1474 892 1480 909 :
1504 882 1603 910 idcirco
1628 882 1718 909 dicit:
1741 883 1848 918 Aﬂiictio

1054 928 1199 961 patientiam
1211 933 1340 962 operatur,
1357 928 1477 963 patientia
1493 928 1673 962 probationem,
1691 933 1714 954 el
1733 929 1848 963 probatio

1053 982 1133 1008 spem,
1144 982 1200 1008 spes
1214 982 1270 1000 vero
1283 982 1332 1000 non
1348 973 1482 1008 confundit
1507 973 1594 1007 (Rom.
1610 974 1637 1001 5.
1651 973 1678 1001 4.
1694 973 1734 1008 5).
1757 973 1791 1000 Et
1803 974 1848 1000 ite-

1053 1027 1111 1046 rum
1136 1019 1204 1046 alius
1231 1019 1336 1053 quidam
1350 1020 1436 1047 dicit:
1456 1019 1499 1046 Vir
1521 1020 1563 1054 qui
1587 1027 1637 1046 non
1658 1024 1782 1053 tentatur,
1799 1028 1848 1048 non

1054 1070 1088 1092 est
1104 1066 1223 1099 probatus
1237 1073 1246 1092 :
1262 1070 1284 1091 et
1296 1066 1338 1100 qui
1351 1074 1401 1092 nou
1424 1071 1460 1092 est
1470 1066 1598 1100 probatus,
1613 1066 1709 1093 nullius
1725 1066 1799 1101 pensi
1815 1075 1848 1092 est

1056 1109 1147 1146 (Erl-li.
1172 1111 1215 1137 56.
1238 1111 1291 1145 ll).
1317 1111 1351 1137 Et
1369 1112 1404 1137 ita
1424 1118 1477 1137 non
1496 1118 1587 1145 parum
1609 1111 1686 1138 nobis
1707 1111 1848 1138 conferunt

1053 1155 1211 1184 altlictiones
1225 1162 1286 1184 ante
1300 1157 1533 1188 resurrectionem,
1548 1165 1607 1185 cum
1619 1157 1706 1184 anima
1722 1157 1848 1184 reddatur

1054 1202 1189 1236 probatior
1203 1203 1339 1237 patientia,
1353 1208 1380 1231 et
1403 1203 1574 1238 intelligentia
1586 1204 1757 1238 praestantior
1775 1209 1802 1231 et
1815 1204 1848 1231 ab

1053 1248 1125 1274 omni
1147 1248 1228 1276 libera
1255 1249 1405 1276 formidine.
1431 1249 1466 1276 Et
1492 1249 1592 1276 idcirco
1615 1249 1803 1277 dicitzEtiam
1825 1251 1847 1277 si

1053 1299 1170 1321 externus
1183 1300 1267 1321 uoster
1281 1295 1355 1321 homo
1375 1300 1561 1329 corrumpatur,
1578 1295 1692 1322 internus
1707 1300 1793 1322 tamen
1806 1305 1847 1323 rc-

1053 1344 1160 1366 not'atur
1181 1340 1207 1366 in
1229 1340 1282 1368 dies
1302 1341 1415 1375 singulos
1437 1340 1474 1375 (2.
1499 1339 1559 1367 Cor.
1580 1341 1607 1368 4.
1624 1340 1679 1376 16).
1707 1341 1848 1374 Quomodo

1052 1392 1153 1420 qumso,
1167 1391 1308 1413 renovatur
1319 1387 1330 1412 ’ἰ
1343 1386 1478 1421 Eﬂ‘ugatur
1488 1386 1558 1414 enim
1572 1387 1659 1413 omnis
1672 1386 1847 1420 effeminatio,

1053 1431 1258 1466 exstinguuntur
1278 1432 1500 1466 concupiscentia:
1524 1431 1657 1464 absurdzc,
1681 1436 1707 1459 et
1724 1432 1847 1463 avaritia,

1052 1480 1079 1503 et
1103 1476 1189 1503 inams
1203 1477 1297 1511 gloria,
1323 1482 1350 1504 et
1371 1477 1396 1503 in
1419 1484 1522 1504 summa
1543 1476 1733 1503 interimuntur
1752 1485 1846 1505 onmcs

1053 1522 1111 1548 alim
1131 1522 1207 1549 mala:
1223 1530 1408 1557 perversatque
1430 1522 1614 1557 cogitationes.
1630 1522 1663 1550 Ut
1676 1530 1741 1557 ergo
1756 1523 1844 1551 anima

1052 1569 1163 1604 ignavia:
1176 1569 1358 1604 socurdizeque
1373 1569 1460 1596 dedita
1472 1569 1549 1596 facile
1560 1569 1709 1603 hujusmodi
1722 1568 1844 1596 affectio-

1051 1615 1129 1642 nibus
1141 1619 1183 1642 est
1197 1614 1310 1641 obnoxia
1325 1623 1332 1640 :
1349 1614 1383 1641 ita
1398 1614 1420 1641 si
1435 1613 1570 1641 continuis
1585 1619 1626 1641 est
1646 1614 1776 1648 implicita
1797 1622 1845 1649 pro

1050 1662 1148 1696 pietate
1166 1661 1365 1693 certaminibus,
1391 1669 1444 1688 non
1460 1666 1560 1687 tantum
1585 1660 1665 1686 habet
1685 1660 1743 1693 otii,
1767 1665 1795 1686 ut
1809 1661 1845 1688 de

1051 1707 1092 1734 his
1109 1707 1149 1734 vel
1173 1707 1272 1742 cogitet
1297 1706 1450 1741 aliquando,
1479 1706 1550 1734 euris
1563 1706 1687 1732 videlicet
1710 1706 1795 1740 ipsam
1811 1706 1846 1733 ah

1050 1752 1092 1780 his
1111 1752 1234 1779 omnibus
1251 1752 1284 1780 ad
1307 1753 1439 1787 palaestra:
1459 1752 1546 1779 studia
1568 1752 1753 1778 avocantibus.
1780 1751 1845 1778 Pro-

1050 1802 1141 1832 pterea
1156 1797 1270 1830 dicebat,
1289 1797 1430 1824 lnnovatur
1451 1798 1477 1824 in
1497 1797 1550 1823 dies
1565 1797 1688 1832 singulos.
1705 1797 1800 1824 Postea
1814 1801 1845 1824 ut

1049 1843 1137 1870 denuo
1159 1843 1260 1871 soletur
1271 1844 1374 1872 animas
1387 1844 1508 1872 dolentes
1523 1844 1548 1870 in
1570 1843 1649 1870 malis
1665 1844 1762 1878 quibus
1776 1843 1844 1870 afﬂi-

1049 1894 1164 1923 guntur,
1191 1893 1218 1916 et
1242 1888 1424 1923 philosophari
1447 1889 1599 1916 nescientes
1619 1896 1667 1922 spe
1692 1888 1842 1916 futurorum

1048 1934 1142 1969 erigat,
1155 1935 1193 1962 sic
1205 1935 1268 1962 dicit
1284 1945 1290 1962 :
1308 1935 1371 1968 Quae
1383 1935 1449 1962 enim
1464 1942 1529 1961 nunc
1539 1934 1598 1961 levis
1609 1939 1645 1961 est
1658 1934 1769 1969 aﬂtictio,
1781 1935 1843 1961 mire

1048 1988 1126 2014 supra
1150 1981 1252 2007 modum
1280 1986 1400 2007 attentum
1427 1980 1514 2015 gloriae
1541 1983 1641 2013 pondus
1672 1984 1791 2014 operatur
1814 1980 1842 2007 in

1048 2026 1128 2059 nobis,
1143 2026 1203 2052 dum
1213 2034 1265 2053 non
1275 2031 1416 2060 spectamus
1429 2034 1458 2052 ea
1468 2033 1523 2058 qua:
1535 2025 1657 2057 uidentur,
1671 2025 1715 2051 sed
1728 2032 1784 2058 quia
1791 2033 1842 2051 nan

1047 2072 1174 2099 videnlur.
1203 2071 1272 2098 Nam
1291 2079 1348 2106 qute
1367 2071 1493 2102 videntur,
1518 2071 1669 2105 temporalia
1691 2076 1751 2097 sunt
1765 2078 1844 2106 :qtta:

1047 2125 1104 2144 vero
1123 2126 1173 2144 non
1193 2117 1318 2149 videntur,
1340 2122 1434 2144 (eterna
1456 2116 1494 2153 (2.
1509 2115 1568 2144 Cor.
1581 2117 1608 2143 4.
1628 2116 1742 2150 17.18).
1759 2115 1840 2148 Quasi

1047 2162 1168 2190 diceret:
1183 2163 1297 2191 Plurima
1314 2163 1392 2198 igitur
1409 2167 1436 2189 et
1450 2163 1475 2188 in
1498 2161 1546 2188 hac
1566 2162 1619 2188 vita
1637 2160 1748 2188 afﬂictio
1763 2161 1841 2188 nobis

1046 2207 1114 2235 bona
1129 2208 1243 2242 confert,
1258 2216 1354 2243 nempe
1365 2207 1434 2243 quod
1448 2207 1566 2234 animant
1589 2211 1707 2233 nostram
1728 2206 1839 2240 sapien-

1047 2254 1140 2280 tiorem
1154 2253 1404 2288 prudentioretnqne
1423 2253 1511 2284 faciat,
1535 2252 1674 2278 innumera
1690 2259 1797 2286 quoque
1810 2256 1840 2277 et

1045 2299 1131 2325 ftttttra
1158 2299 1227 2326 bona
1251 2299 1377 2326 conciliat
1397 2307 1402 2324 :
1421 2306 1472 2326 non
1496 2306 1527 2325 ca
1555 2305 1614 2332 qua:
1642 2296 1778 2324 laboribus
1804 2304 1838 2324 ex

1045 2352 1122 2379 atquo
1145 2345 1338 2379 rependuntur,
1365 2345 1410 2371 sed
1433 2344 1562 2378 ampliora
1586 2343 1778 2370 certaminibus
1791 2342 1840 2369 de-

1044 2391 1141 2418 bentur
1161 2395 1214 2418 tatn
1239 2390 1386 2418 secundum
1401 2390 1566 2425 qualitatem,
1584 2396 1663 2424 quam
1688 2389 1836 2415 secundum

1044 2437 1228 2472 quantitatem.
1251 2437 1284 2464 Et
1304 2437 1382 2464 ambo
1396 2437 1443 2463 ista
1459 2435 1609 2467 declarans,
1623 2442 1684 2462 cum
1700 2435 1837 2469 magnitu-

1043 2482 1105 2511 dine
1121 2482 1296 2517 periculorum
1316 2482 1500 2510 excellentiam
1522 2481 1691 2515 prmmiorum
1717 2479 1835 2510 confert,

1042 2534 1069 2557 et
1094 2529 1205 2564 opponit
1227 2529 1384 2556 brevitatem
1411 2528 1564 2560 :eternitati,
1588 2526 1687 2554 levitati
1718 2526 1835 2560 pondus,

1042 2575 1178 2604 afflictioui
1199 2575 1319 2610 gloriam.
1343 2574 1458 2601 Afﬂictio
1481 2574 1572 2606 enim,
1599 2573 1651 2606 ait,
1678 2572 1837 2606 temporalia

1041 2626 1082 2648 est
1103 2625 1130 2648 ct
1151 2621 1233 2653 levis;
1250 2621 1390 2648 delectatio
1411 2624 1509 2652 autem,
1527 2620 1580 2647 imo
1592 2627 1645 2646 non
1661 2618 1739 2651 dixit,
1762 2617 1836 2645 dele-

1040 2669 1132 2702 ctatio,
1150 2668 1196 2695 sed
1209 2668 1302 2703 gloria,
1318 2675 1376 2702 quae
1390 2667 1567 2694 delectatione
1580 2665 1663 2692 multo
1678 2669 1721 2692 est
1735 2664 1832 2698 major,

1040 2719 1149 2746 mterna,
1163 2718 1190 2741 et
1211 2714 1336 2741 continua
1347 2733 1355 2746 ,
1371 2717 1398 2740 et
1421 2719 1514 2747 magna
1530 2720 1536 2738 :
1554 2711 1658 2746 pondus
1677 2715 1765 2737 autem
1789 2709 1832 2737 hic

1042 2769 1094 2788 non
1119 2767 1299 2788 aerumnosum
1320 2765 1348 2787 et
1369 2766 1522 2791 onerosum,
1543 2757 1590 2785 sed
1612 2756 1781 2792 magnificum
1803 2761 1829 2783 et

1040 2807 1185 2843 pretiosum
1208 2804 1308 2840 aliquid
1333 2809 1410 2833 vocat
1431 2803 1532 2839 vulgari
1551 2802 1758 2836 consuetudine,
1778 2809 1830 2828 oua

1040 2852 1155 2888 pretiosa
1166 2851 1292 2888 gravioris
1306 2857 1364 2879 esse
1378 2849 1501 2886 ponderis
1515 2849 1604 2878 dicere
1620 2848 1748 2876 solemus.
1764 2847 1830 2875 Cum
