1976 3130
733 58 753 85 /

122 184 173 213 125

123 242 201 276 igitur
214 239 290 272 dicit,
307 238 412 274 pondus
424 237 528 273 glorlat,
542 234 751 270 magnitudinem
763 231 857 267 gloria:
873 230 915 257 di-

121 287 168 314 cit.
182 284 221 313 Ne
232 284 283 312 hoc
303 289 422 318 reputes,
439 283 533 318 inquit,
548 280 619 316 quod
634 278 776 314 ﬂagellaris
786 281 813 304 ct
825 276 916 311 expel-

123 332 196 362 leris,
208 329 256 358 sed
272 330 361 364 potius
372 330 457 364 cogita
471 335 582 355 coronas
595 332 619 354 et
633 325 831 356 retributiones,
846 323 916 358 quod

123 378 175 405 illa:
190 377 335 413 longiores,
353 377 467 409 majores
479 380 505 402 et
520 373 648 401 clariores
662 372 715 399 sitit
729 370 915 405 prmsentibus,

123 424 279 458 nullutnque
298 423 378 450 linem
401 423 524 452 habeant,
541 424 586 447 aut
607 419 758 446 terminum.
776 418 810 443 At
833 416 915 448 enim,

123 471 220 504 inquit,
240 469 296 496 lncc
308 470 362 504 jam
378 467 539 502 experimur,
556 466 599 492 illa
614 472 676 491 rem
690 463 716 490 in
735 469 783 497 spe
795 467 857 488 sunt
871 469 917 495 po-

123 518 173 543 sita
189 525 196 543 :
213 520 241 542 ct
256 515 313 542 ltzec
331 514 436 549 quidem
453 516 591 547 apparent,
612 509 655 537 illa
671 516 735 535 vero
758 515 810 534 non
832 515 916 540 appa-

122 567 193 594 rent,
216 561 264 588 sed
287 561 394 588 excelsa
413 559 588 592 sultlintiaque
610 559 681 582 sunt.
699 554 755 582 lmo
775 552 915 580 iuvisibiiia

125 607 212 634 multo
226 607 310 641 magis
324 610 462 641 apparent,
481 611 559 637 quattt
571 601 692 632 visibilia,
710 599 859 634 poterisque
874 598 918 625 illa

122 653 209 687 magis
222 653 324 685 videre,
338 659 415 685 quatit
439 649 516 676 lucc:
540 648 597 674 hrec
619 647 690 674 enini
711 649 858 676 transeunt,
875 643 916 670 illa

122 703 213 725 autem
239 702 406 732 permanent.
430 696 576 729 Eapropter
597 692 670 719 addit
688 690 778 718 :Dum
798 698 844 716 nos
868 697 918 715 non

122 749 268 779 spectantes
281 752 309 770 ea
322 750 378 778 qnw
385 742 511 772 videntur,
526 739 569 766 sed
579 746 636 774 quae
649 746 700 764 non
714 736 829 763 videntur
840 743 849 762 :
862 742 918 770 qua:

122 791 191 817 enim
216 790 342 820 videnlur,
362 787 510 822 temporalia
523 794 532 813 :
544 793 600 822 qua:
618 792 668 811 non
686 783 810 815 ridentur,
825 787 919 809 aeterna

121 841 181 864 tum
195 836 234 871 (Ξ.
249 835 350 876 (ἔοικέ.
366 833 422 870 18).

158 882 189 909 5.
209 883 244 908 At
258 882 279 908 si
301 880 412 912 dixeris,
428 877 568 914 Quomodo
589 884 698 912 possum
712 875 802 902 videre
816 882 847 901 ea
860 882 919 908 qua:

124 935 178 954 non
195 927 329 959 ridentur,
343 930 371 953 et
384 933 414 952 ea
430 933 489 960 qua:
505 923 644 959 pratsentia
657 926 728 954 sunt,
742 929 794 948 non
812 920 920 947 videre?

123 982 138 1000 ε
152 973 327 1000 smeularibus
341 971 453 1006 negotils
475 976 499 997 te
511 970 544 997 ad
559 969 626 996 Itane
641 969 719 996 tidem
734 967 860 994 inducere
875 974 918 994 sa-

125 1025 224 1054 tagaut.
244 1018 309 1045 Nam
325 1019 351 1044 in
372 1017 452 1044 rebus
467 1016 545 1050 hujus
562 1013 653 1042 mundi
675 1021 753 1040 ttemo
767 1013 856 1039 statim
870 1010 925 1038 ali-'

123 1064 189 1099 quid
210 1064 275 1097 agit,
300 1063 351 1090 ttisi
380 1063 532 1097 priusquam
556 1060 644 1087 videat
668 1059 791 1090 visibilia,
820 1062 921 1092 spectet

125 1109 282 1137 invisibilia.
298 1109 387 1135 Dicam
406 1112 494 1134 autem
508 1106 658 1141 exemplum
672 1114 679 1133 τ
693 1105 841 1140 negotiator
851 1104 924 1145 tnui-4

126 1162 167 1183 tas
191 1155 245 1183 fert
269 1159 453 1189 tempestates,
476 1152 603 1180 ﬂuctuum
627 1151 751 1183 iusultus,
774 1150 919 1185 naufragia,

126 1201 263 1235 multaque
277 1201 328 1228 alia
345 1199 512 1227 incommoda
527 1207 533 1225 :
551 1206 643 1226 verum
665 1205 718 1224 non
734 1197 784 1224 nisi
798 1204 858 1224 cum
873 1203 921 1223 ne-

124 1248 302 1283 gotiationem
319 1246 481 1282 aliquamdiu
495 1245 655 1277 exercuerit,
674 1249 701 1272 et
714 1251 817 1272 merces
831 1243 923 1270 vendi-

125 1294 207 1326 derit,
233 1294 333 1321 divitiis
357 1293 439 1328 partis
462 1292 567 1319 fruitur.
593 1292 626 1318 Et
647 1290 800 1326 prmcedunt
814 1290 921 1325 quidem

126 1345 311 1374 tempestates,
333 1344 480 1374 sequttnlur
492 1343 580 1365 autem
597 1345 701 1365 merces
719 1346 725 1364 :
741 1341 767 1363 et
784 1336 853 1363 videt
865 1336 924 1370 qui-

125 1386 187 1412 dem
204 1385 315 1420 pelagns
335 1393 366 1412 ac
384 1385 488 1417 ﬂuctus,
509 1391 570 1411 cum
593 1391 609 1411 e
622 1383 698 1410 litore
715 1383 804 1416 solvil,
820 1389 923 1409 merces

126 1436 280 1458 autemnon
292 1431 425 1463 videntur,
442 1435 542 1457 tantuttt
555 1434 643 1457 autent
659 1433 810 1463 sperantur.
824 1429 858 1454 At
873 1426 923 1453 nisi

126 1476 159 1504 ad
175 1484 235 1504 eam
252 1477 388 1511 respiciat.
403 1484 463 1511 qua:
477 1484 529 1502 non
552 1479 661 1510 apparet
674 1479 702 1501 et
718 1474 814 1500 absens
829 1477 879 1505 est,
896 1476 924 1499 et

127 1529 181 1548 non
197 1522 223 1548 itt
239 1529 330 1554 ntanu,
343 1521 389 1548 sed
404 1522 429 1548 itt
445 1529 502 1555 spe,
519 1528 660 1555 numquam
681 1520 760 1547 etiam
783 1518 924 1553 prtesetttia

126 1572 154 1593 et
168 1575 229 1602 qua)
247 1571 376 1602 apparent
389 1566 539 1594 attentabit.
555 1565 684 1593 Similiter
695 1569 723 1592 et
735 1565 849 1600 agricola
858 1564 923 1598 jun-

126 1614 167 1648 git
191 1613 286 1644 bores,
312 1613 392 1640 trahit
414 1617 543 1644 aratrum,
568 1611 713 1647 profundos
737 1611 800 1638 facit
823 1611 923 1642 sulcos,

126 1661 285 1694 seminaque
299 1660 410 1694 spargit,
421 1664 448 1686 et
464 1659 564 1690 omnia,
577 1666 637 1693 qua:
652 1658 702 1685 sibi
714 1662 786 1690 sunt,
802 1657 928 1690 ittsumit,‘

127 1710 156 1731 et
167 1704 277 1739 frigora,
293 1709 321 1732 ct
333 1705 440 1739 glacies,
454 1709 481 1732 et
493 1704 601 1736 imbres,
613 1709 638 1731 et
651 1704 716 1730 alias
728 1702 780 1730 fert
790 1709 924 1730 :erumnas

129 1751 228 1778 multas
243 1758 250 1777 :
265 1750 424 1785 tandemque
443 1756 501 1785 post
515 1750 621 1783 labores
633 1753 780 1785 exspectat,
795 1753 823 1776 ut
836 1749 925 1776 videat

128 1804 241 1832 campos
254 1797 371 1824 virentes
380 1801 409 1823 et
424 1797 528 1831 plenam
541 1803 641 1824 aream.
653 1796 692 1823 Eu
703 1801 730 1823 et
740 1795 784 1823 ltic
799 1796 871 1830 prior
883 1800 925 1822 est

132 1844 220 1876 labor,
253 1844 386 1878 posterior
406 1851 470 1871 vero
494 1851 617 1870 merces:
635 1848 662 1870 et
684 1850 789 1870 merces
813 1842 923 1875 incerta,

132 1889 210 1918 labor
226 1898 290 1918 vero
303 1896 392 1918 certus
409 1895 436 1918 et
450 1891 605 1918 tnanil‘estus
619 1899 626 1918 :
642 1893 670 1917 et
682 1890 725 1917 illa
740 1889 849 1924 quidem
864 1893 924 1916 tau-

130 1942 188 1964 tum
199 1937 225 1964 itt
242 1945 300 1971 spe,
313 1938 388 1965 labor
400 1941 488 1965 autem
502 1938 528 1964 itt
545 1937 677 1965 manibus.
690 1936 880 1964 Verumtamen
898 1939 924 1963 et

131 1981 191 2017 ipse
215 1982 266 2009 nisi
282 1983 395 2017 primum
416 1984 483 2010 hanc
504 1987 616 2017 spectet,
638 1990 699 2017 qua:
720 1982 800 2009 dubia
821 1986 849 2009 et
871 1989 924 2008 nou

131 2037 274 2064 apparens,
288 2034 315 2057 et
325 2030 461 2064 corporeis
473 2030 557 2057 oculis
570 2029 752 2064 inconspicua,
768 2036 821 2056 non
835 2028 924 2055 solum

131 2083 186 2103 non
198 2075 292 2111 junget
304 2076 395 2107 boves,
418 2084 505 2110 neque
526 2081 643 2103 aratrum
668 2075 764 2108 trahet,
780 2083 866 2110 neque
879 2083 925 2103 se—

132 2121 205 2148 mina
225 2126 341 2156 sparget,
366 2121 413 2148 sed
428 2129 514 2156 neque
535 2129 659 2156 umquam
680 2121 713 2148 ad
738 2120 763 2148 id
777 2120 866 2155 operis
883 2120 925 2148 vel

132 2167 216 2194 domo
242 2168 404 2202 egredietur.
432 2167 572 2201 Quomodo
598 2168 678 2203 igitur
705 2167 847 2195 absurdttm
871 2175 925 2194 non

134 2213 216 2240 fuerit
243 2213 269 2239 itt
295 2213 375 2240 rebus
401 2214 572 2241 smcularibus
597 2221 651 2241 non
676 2218 819 2248 cottspecta
841 2213 923 2248 prius,

132 2266 213 2293 quant
228 2265 370 2293 conspecta
393 2267 449 2294 pra!
468 2259 553 2287 oculis
567 2259 677 2292 ltabere,
700 2265 727 2287 et
742 2263 805 2286 ante
824 2267 926 2286 merce-

131 2304 194 2331 dem
217 2306 349 2332 sustinere
375 2305 490 2338 labores,
515 2310 542 2332 et
565 2310 625 2340 post
648 2305 799 2333 exantlatos
822 2305 925 2332 labores

133 2351 202 2377 bona
217 2358 249 2378 ex
265 2351 296 2377 iis
311 2351 442 2378 manantia
454 2356 619 2386 exspectare,
628 2356 707 2386 atque
718 2359 769 2401 sps
779 2358 830 2377 non
844 2358 926 2385 appa-

133 2397 249 2424 rentium
264 2404 294 2424 ea
313 2404 372 2432 qum
385 2397 509 2424 videnlur
528 2397 650 2432 aggredi;
673 2398 698 2424 itt
720 2397 852 2424 iis'aulcm
866 2404 926 2431 qua:

134 2443 167 2470 ad
194 2443 280 2470 Deum
306 2446 432 2477 spectanl'
450 2443 582 2475 dubitare.
609 2443 741 2474 haesitare,
768 2448 796 2470 et
815 2449 926 2477 poscere

135 2489 287 2516 mercedem
307 2494 369 2516 ante
389 2489 506 2522 labores,
530 2497 643 2524 esseque
666 2489 746 2516 animi
762 2489 924 2524 abjcct’toris,

134 2536 216 2569 quam
230 2535 284 2562 sint
298 2535 421 2570 agricola:
434 2539 461 2562 et
477 2535 583 2562 nautte?
602 2535 658 2562 Non
679 2535 750 2562 enim
765 2535 790 2562 itt
804 2535 854 2562 ltoc
868 2534 926 2561 solo

135 2581 200 2615 ipsis
215 2580 337 2607 ridemur
349 2588 409 2608 esse
423 2580 580 2613 deteriores,
602 2581 670 2617 quod
686 2589 755 2616 :cgre
777 2582 861 2608 futura
876 2589 925 2609 ex-

135 2630 298 2660 spectamus,
321 2626 368 2654 sed
390 2627 469 2653 etiam
494 2627 520 2653 in
540 2627 593 2653 alio
613 2627 728 2661 quodam
751 2634 804 2654 non
824 2627 927 2654 minore

137 2672 199 2698 illis.
220 2671 255 2699 Et
271 2671 404 2706 quodnam
418 2677 459 2699 est
472 2672 543 2700 hoc?
555 2673 595 2699 illi
609 2673 679 2700 ettittt
695 2680 747 2700 non
767 2673 832 2700 satis
845 2673 928 2700 ﬁdere

138 2721 251 2750 possunt
266 2716 312 2745 lini
325 2724 390 2749 suo;
411 2723 527 2745 attamen
548 2725 597 2745 ttec
609 2718 648 2745 sic
661 2726 676 2744 a
690 2718 825 2746 laboribus
840 2718 929 2746 deter-

137 2768 230 2790 rentur
247 2772 253 2790 :
266 2769 295 2790 at
311 2769 339 2791 tu
355 2763 535 2798 lidrjnssorem
550 2771 706 2792 coronarum
727 2763 810 2792 habes
825 2764 876 2792 [ide
888 2764 931 2791 di—

136 2809 293 2842 gnissimum
308 2816 315 2835 :
328 2813 356 2836 et
377 2816 464 2844 neque
485 2810 522 2837 sic
546 2811 656 2838 imitaris
676 2811 780 2838 illorum
801 2818 932 2845 perseve-

137 2854 262 2881 rautiam.
291 2853 396 2881 Etenim
425 2862 620 2890 nonnumquam
645 2855 758 2891 agricola
788 2861 931 2890 postquam

122 2906 285 2928 ‘chelllcm
300 2900 404 2936 iecerit,
424 2908 514 2936 agrum
534 2902 654 2936 coluerit,
669 2903 723 2937 jam
747 2907 863 2939 Segetem
887 2904 929 2930 itt-

648 177 692 205 DE
713 170 997 203 RESURRECTIONE
1017 169 1242 198 MORTUORUH.

1709 169 1761 196 £26

971 235 1091 254 crescere
1109 226 1216 259 viderit,
1232 234 1279 262 spe
1301 231 1388 254 tamen
1402 234 1434 255 ac
1447 226 1621 254 retributione
1640 226 1760 254 laborum

970 272 1077 304 excidit,
1089 273 1111 299 si
1124 272 1165 299 vel
1179 272 1291 307 grando,
1306 272 1347 300 vel
1358 280 1455 305 erucze,
1472 273 1513 300 rel
1525 273 1643 305 locustar,
1657 274 1699 300 vel
1710 272 1760 300 alia

970 319 1091 353 qumdam
1107 319 1168 345 talia
1183 318 1337 350 acciderint,
1362 322 1390 346 et
1406 323 1469 354 post
1483 318 1580 346 ntultos
1593 318 1705 346 sudores
1716 326 1761 346 va-

970 365 1028 390 cuis
1047 364 1168 391 manibus
1190 364 1299 390 domum
1324 365 1483 399 regreditur.
1507 365 1638 392 Mercator
1655 372 1761 400 quoque

971 413 1030 443 post
1054 409 1158 444 longam
1185 409 1379 444 navigationem
1400 410 1500 436 ducens
1517 414 1652 437 oneratam
1673 410 1760 437 navim

970 462 1041 488 sepe
1060 455 1086 481 in
1101 455 1158 488 ipso
1174 460 1264 489 porttts
1280 455 1360 486 ostio,
1377 455 1538 481 irruentibus
1553 455 1648 488 ventis,
1666 456 1762 491 impin-

970 500 1007 534 git
1026 499 1052 535 in
1072 500 1220 534 scopulum,
1236 505 1263 527 et
1288 500 1331 527 vix
1348 500 1418 527 nudo
1442 508 1554 534 corpore
1568 501 1641 527 salvo
1654 501 1761 535 egredi-

972 551 1024 572 tur.
1049 546 1084 572 Et
1105 547 1131 573 in
1146 555 1262 579 suntma,
1279 547 1304 573 itt
1319 547 1491 574 smcularibus
1515 547 1627 581 negotiis
1639 546 1762 574 omnibus

971 599 1042 626 smpe
1059 592 1109 619 sub
1124 593 1205 620 liuent
1220 593 1350 627 ejusmodi
1364 593 1526 620 calatnitatcs
1549 593 1684 620 eveniunt.
1696 593 1763 620 ~th-

972 643 1058 666 tcrunt
1075 646 1127 666 non
1144 639 1213 666 idem
1229 640 1255 666 itt
1277 639 1329 666 tuis
1343 639 1472 674 contingit
1486 639 1692 671 certaminibus;
1715 639 1762 666 sed
1804 639 1810 652 λ
1824 645 1845 649 ί

971 693 1081 714 necesse
1105 686 1214 713 omnino
1234 690 1285 718 est,
1309 690 1337 712 ut
1357 685 1402 720 qui
1424 685 1575 718 certaverit,
1595 688 1624 712 et
1638 685 1762 720 pietatem

972 732 1152 763 seminaverit,
1169 732 1318 766 tttultosque
1337 731 1442 758 labores
1460 731 1560 763 tulerit,
1583 730 1662 758 linem
1678 731 1762 766 ipsum

971 784 1138 813 assequatur.
1157 777 1247 812 Neque
1260 779 1331 804 enitn
1345 778 1414 805 aeris
1428 778 1585 812 intemperie
1599 785 1685 813 neque
1697 785 1764 806 ven-

973 829 1060 851 torum
1081 828 1238 857 tempestate
1262 824 1382 850 laborum
1404 824 1541 850 mercedes
1563 823 1680 851 subverti
1701 823 1764 851 sinit

973 871 1058 902 Deus;
1071 870 1117 897 sed
1128 870 1251 904 reposita:
1261 873 1321 896 sunt
1334 869 1385 896 illa:
1397 870 1422 896 itt
1434 870 1585 896 ca-lestihus
1595 874 1622 897 et
1634 869 1765 904 intlepr.n~

972 916 1105 944 dabilibus
1126 916 1268 942 thesauris.
1285 915 1396 950 Propter
1419 915 1468 943 hoc
1488 921 1513 943 et
1528 915 1625 942 Paulus
1637 915 1762 943 dicebat:

972 963 1078 998 Aﬁlictio
1089 963 1234 998 patientiam
1244 967 1372 997 operatur,
1385 963 1504 996 patientia
1515 962 1693 996 probationem,
1706 971 1765 998 ρων

973 1009 1039 1035 batio
1053 1017 1132 1044 spem.
1146 1016 1202 1043 spes
1212 1013 1293 1034 autent
1303 1016 1353 1034 non
1363 1008 1494 1042 confundit
1506 1007 1591 1043 (ltotu.
1606 1008 1632 1035 5.
1649 1009 1675 1036 4.
1690 1008 1728 1043 5).

1011 1053 1198 1089 Temporalium
1207 1054 1367 1081 incertitudo.
1381 1068 1417 1074 —-
1427 1054 1508 1089 Igitur
1519 1061 1553 1081 ne
1564 1054 1664 1081 dixeris
1675 1055 1762 1083 I'utura

974 1100 1114 1128 invisibilia
1128 1100 1168 1126 :si
1181 1100 1251 1127 enittt
1263 1104 1386 1126 accurate
1400 1100 1553 1127 examinare
1565 1099 1692 1133 volueris,
1707 1100 1765 1127 lon-

974 1155 1006 1182 ge
1026 1146 1206 1174 manifestiora
1222 1146 1391 1179 videbuntur,
1412 1153 1490 1181 quam
1505 1146 1548 1172 illa
1571 1146 1641 1181 ipsa,
1664 1154 1724 1181 qua:
1740 1147 1765 1174 in

974 1193 1096 1220 manibus
1113 1196 1185 1219 sunt.
1200 1192 1276 1226 Quod
1294 1191 1379 1226 ipsum
1400 1191 1497 1219 Paulus
1510 1192 1586 1219 nobis
1604 1197 1765 1226 monstrans,

974 1238 1039 1266 dicit
1050 1247 1056 1264 :
1072 1237 1127 1264 Illa
1137 1237 1238 1272 quidem
1251 1242 1354 1268 talenta,
1368 1237 1422 1264 lucc
1434 1245 1491 1263 vero
1503 1238 1662 1272 tetnporalia,
1682 1238 1767 1265 nomi-

975 1291 1009 1311 ne
1043 1282 1226 1318 temporalium
1255 1282 1392 1309 declarans
1417 1282 1492 1309 ttobis
1518 1283 1766 1317 corruptibililatent

975 1329 1105 1364 ipsorum.
1114 1327 1179 1355 Nam
1188 1332 1328 1362 antequam
1340 1331 1495 1362 appareant.
1506 1328 1653 1363 aulugiunt,
1665 1335 1691 1356 et
1703 1336 1767 1356 avo-

976 1375 1031 1401 lant
1041 1380 1183 1409 antequam
1194 1374 1351 1406 consistant,
1370 1374 1582 1408 mutationesque
1593 1381 1686 1401 eorum
1700 1374 1767 1402 cele-

976 1428 1020 1448 res
1032 1424 1105 1452 sunt,
1116 1420 1216 1447 incerta
1230 1420 1371 1454 possessio.
1385 1419 1440 1446 lloc
1451 1420 1478 1445 in
1491 1419 1600 1453 divitiis,
1611 1419 1704 1454 gloria,
1720 1427 1768 1454 ρος

976 1472 1089 1500 tentotu,
1103 1466 1223 1502 corporis
1235 1466 1320 1494 forma
1338 1471 1381 1494 :et
1396 1465 1447 1493 ltoc
1457 1466 1484 1493 itt
1503 1473 1671 1502 quocumque
1684 1474 1769 1495 saecu-

977 1514 1025 1542 lari
1051 1514 1105 1541 alio
1132 1513 1203 1541 bono
1226 1512 1348 1540 contueri
1373 1512 1443 1539 licet.
1471 1511 1619 1546 Eaproptcr
1641 1512 1768 1547 propheta

976 1560 1176 1596 reprehendens
1197 1564 1307 1594 agentes
1330 1559 1355 1585 in
1375 1558 1497 1590 deliciis,
1514 1563 1541 1586 et
1561 1559 1587 1585 itt
1601 1559 1706 1588 divitias
1727 1560 1769 1587 vel

976 1607 1098 1642 quamvis
1124 1607 1201 1633 aliattt
1218 1613 1274 1633 rem
1290 1605 1463 1639 temporalem
1485 1606 1664 1639 insanientes,
1689 1607 1769 1641 Quasi

976 1653 1084 1685 stantia,
1110 1652 1191 1685 dicit,
1219 1656 1369 1687 repulerunt
1388 1651 1458 1684 lucc,
1481 1660 1531 1678 non
1549 1654 1623 1687 quasi
1647 1653 1769 1688 fugientia

981 1698 1069 1735 (Amos
1079 1699 1104 1725 6.
1119 1698 1158 1733 5).
1184 1697 1250 1725 Nam
1260 1699 1328 1725 sicut
1339 1698 1457 1724 umbraut
1470 1706 1548 1726 nemo
1559 1700 1768 1733 comprehende-

974 1745 1028 1777 rit.
1042 1745 1077 1772 ita
1090 1751 1179 1779 neque
1198 1743 1359 1779 temporales
1375 1751 1434 1777 res;
1450 1744 1496 1771 sed
1510 1752 1602 1772 eoruttt
1616 1745 1702 1781 aliqua
1717 1746 1769 1774 ﬁne

976 1798 1026 1818 Suo
1035 1795 1254 1818 consumntanlur
1264 1795 1290 1817 et
1301 1789 1491 1822 dissolvuntur,
1504 1790 1554 1817 alia
1565 1795 1626 1818 ante
1635 1792 1714 1818 linettt
1726 1799 1769 1820 re<

977 1837 1060 1864 locius
1074 1837 1170 1872 quovis
1193 1841 1310 1864 torrente
1330 1835 1463 1863 dilﬂuunt.
1491 1836 1586 1864 Futura
1607 1842 1696 1864 autent
1717 1845 1768 1865 non

977 1887 1040 1911 sunt
1050 1883 1112 1910 talia
1124 1891 1132 1909 :
1144 1882 1318 1910 mutationem
1333 1882 1403 1910 enim
1415 1882 1546 1914 nesciunt,
1560 1883 1769 1911 vicissitudinem

977 1937 1031 1956 non
1046 1929 1180 1964 patiuntur
1195 1936 1201 1955 :
1218 1936 1270 1955 non
1285 1935 1316 1955 ea
1331 1932 1409 1963 urget
1422 1932 1562 1960 senectus,
1585 1928 1683 1955 nullam
1703 1929 1771 1956 alte-

977 1976 1109 2004 rationem
1128 1976 1312 2010 experiuntur,
1328 1975 1376 2002 sed
1393 1979 1520 2009 perpetuo
1535 1974 1634 2009 vigent,
1646 1980 1673 2002 ct
1685 1975 1710 2002 itt
1724 1982 1770 2003 eo-

977 2023 1039 2050 dem
1052 2023 1151 2049 decore
1162 2025 1327 2056 permanent.
1342 2020 1432 2055 ltaque
1444 2020 1466 2047 si
1482 2028 1531 2055 qtta
1547 2025 1669 2055 oporteat
1681 2021 1770 2048 dicere

975 2068 1130 2099 (invisibilia,
1141 2067 1240 2094 incerta
1251 2071 1277 2093 et
1288 2066 1409 2098 obseura,
1423 2073 1454 2092 ea
1466 2070 1527 2092 sunt
1537 2066 1677 2100 prirsenlia
1692 2075 1698 2093 :
1709 2074 1769 2093 nam

977 2114 1048 2149 apud
1063 2113 1230 2149 possidentes
1244 2120 1297 2139 non
1311 2116 1435 2144 manent,
1451 2111 1498 2139 sed
1511 2111 1629 2146 quotidie
1647 2111 1770 2140 dominos

979 2165 1095 2192 mutant.
1111 2165 1138 2187 et
1151 2159 1186 2187 ab
1200 2160 1250 2186 illis
1262 2159 1295 2185 ad
1309 2159 1375 2186 alios
1391 2162 1544 2190 transeunt.
1563 2164 1590 2185 et
1610 2166 1714 2186 rursum
1736 2158 1771 2185 ab

979 2207 1032 2235 illis
1043 2207 1075 2234 ad
1088 2207 1165 2234 alios.
1177 2206 1320 2241 Postquam
1336 2205 1392 2232 haec
1405 2205 1493 2231 omnia
1508 2204 1606 2232 Paulus
1616 2204 1770 2236 declaravit,

980 2253 1091 2288 ideoqtte
1111 2253 1251 2288 prrcsentia
1273 2256 1454 2285 temporanea,
1471 2251 1557 2279 futura
1585 2259 1649 2279 vero
1670 2257 1771 2280 attcrna

980 2299 1100 2332 vocavit,
1112 2298 1146 2326 de
1167 2298 1361 2325 resurrectione
1373 2304 1524 2324 sermonem
1544 2297 1647 2324 orditur
1657 2296 1699 2325 Itis
1713 2305 1772 2325 ver-

974 2343 1040 2372 bis:
1058 2344 1159 2372 Scimus
1186 2343 1254 2378 quod
1276 2343 1297 2369 si
1324 2343 1447 2370 terrestris
1473 2347 1559 2370 nostra
1578 2343 1667 2370 damus
1694 2343 1772 2379 Itilqu

979 2392 1133 2420 tabernaculi
1166 2392 1328 2424 dissolvatur,
1364 2391 1468 2419 domum
1500 2399 1532 2419 ex
1565 2391 1621 2418 Deo
1653 2391 1772 2418 habemus

979 2448 1029 2466 non
1038 2440 1218 2473 ntamtfaclam,
1230 2443 1351 2465 internum
1361 2438 1387 2465 in
1397 2438 1464 2465 ca'lis
1480 2437 1516 2473 (2.
1529 2437 1588 2465 Car.
1604 2438 1630 2465 5.
1643 2437 1682 2473 1).

1014 2485 1040 2512 6.
1058 2484 1123 2512 Vide
1136 2484 1229 2511 iterum
1241 2491 1320 2519 quam
1334 2484 1440 2519 proprie
1451 2485 1530 2511 etiam
1546 2483 1596 2511 ltoc
1607 2483 1666 2510 loco
1679 2483 1772 2512 dietio-

980 2531 1057 2558 nibus
1073 2535 1171 2562 utatur,
1185 2535 1212 2558 et
1232 2531 1285 2556 vim
1299 2530 1438 2557 sententia:
1461 2536 1517 2556 sua:
1536 2529 1599 2564 ipsis
1620 2529 1772 2556 nominibus

975 2577 1105 2605 declaret.
1122 2576 1179 2603 Non
1195 2575 1265 2603 enim
1286 2575 1442 2610 simpliciter
1460 2575 1660 2602 tabernaculum
1675 2583 1772 2610 corpus

979 2623 1094 2653 vocavit,
1108 2621 1154 2648 sed
1165 2621 1263 2648 indicat
1277 2621 1353 2648 nobis
1363 2622 1444 2648 vitam
1459 2620 1527 2648 hanc
1541 2626 1698 2656 prtrscntem
1712 2628 1771 2648 mo-

981 2672 1149 2695 mentaneant
1171 2660 1231 2694 esse
1241 2687 1249 2699 ,
1264 2674 1296 2694 ac
1308 2666 1425 2693 declarat
1437 2666 1571 2700 quomodo
1585 2665 1771 2693 commutanda

979 2714 1015 2741 sit
1029 2713 1054 2740 in
1075 2712 1224 2743 meliorem.
1239 2712 1314 2747 quasi
1330 2711 1400 2739 dicat
1415 2719 1422 2738 :
1438 2711 1506 2744 Quid
1524 2711 1675 2747 ingemiscis
1688 2717 1715 2739 et
1731 2711 1771 2738 la-

981 2760 1121 2796 crymaris,
1136 2759 1242 2791 dilecte,
1254 2758 1329 2793 quod
1345 2758 1500 2786 verberibus
1515 2758 1636 2793 pulsaris,
1653 2757 1724 2791 quod
1739 2758 1772 2785 ab

982 2806 1118 2834 hominum
1133 2810 1204 2833 coetu
1218 2805 1369 2840 expelleris,
1381 2805 1451 2839 quod
1463 2805 1489 2832 in
1503 2811 1637 2831 carcerem
1654 2803 1772 2831 intrude-

982 2853 1036 2880 ris?
1050 2852 1119 2885 Quid
1145 2852 1221 2887 luges
1242 2850 1401 2879 amictiones
1423 2850 1482 2877 illas
1505 2849 1694 2885 particulares,
1712 2858 1772 2877 cum

985 2901 1127 2938 perfectam
1139 2899 1257 2934 corporis
1265 2898 1423 2926 solutionem
1435 2901 1589 2931 exspectare
1603 2895 1710 2929 debeas,
1720 2897 1773 2923 imo
