1976 3130
213 178 265 206 ιςῑτ
577 176 605 204 ε.
626 175 764 203 JOANNIS
784 172 1017 203 CllllYSOSTOMI
1038 172 1195 200 AllClllEP.
1216 173 1482 202 CONSTANTINOP.
1798 175 1851 203 1.28

206 231 267 264 non
278 233 432 271 simpliciter
443 233 574 269 corporis,
590 232 636 260 sed
648 231 826 267 corruptionis
839 233 864 258 iu
879 230 1002 265 corpore?

178 282 182 287 '
213 281 280 311 Nam
301 285 330 310 ut
344 279 477 312 ostendat,
492 279 561 314 quod
577 278 750 314 partiettlares
771 277 928 304 alﬂietiones
951 283 1003 302 non

214 327 300 354 solum
314 325 473 353 contristare
487 331 536 352 nos
555 332 607 351 non
622 323 744 355 debeant,
757 322 803 350 sed
821 328 847 350 et
860 321 1003 354 Ia'tillearc,

203 362 314 399 Vindicat
325 370 467 405 optandatn
479 377 538 397 esse
550 369 724 396 universalem
736 373 762 396 et
772 375 931 403 postremam
941 374 1005 394 con.

204 415 429 449 ‘summationem,
449 415 659 447 dissolutionem,
682 415 797 449 inquam,
814 421 861 448 per
880 417 1003 440 m0rtem.

215 463 259 490 Sic
272 462 342 489 cnim
356 462 437 489 dicit:
456 460 555 488 Etenim
569 460 595 487 iu
614 460 661 486 hoc
683 459 843 486 tabernaculo
864 459 1007 494 ingetttisci-

215 517 280 539 mus,
294 507 471 534 habitationem
483 511 604 539 nostram,
615 513 672 541 qua
683 506 713 532 de
725 506 786 532 rato
799 510 844 537 est,
858 504 1006 539 superindui

215 554 341 589 cupientes
365 553 408 588 (2.
439 553 501 581 Cor.
528 552 553 581 5.
578 550 624 584 2.)
651 551 764 578 Domum
777 556 863 577 autent
881 550 1004 578 taberna-

214 600 266 627 cttli
276 606 373 634 corpus
387 599 460 631 dicit,
473 606 529 625 rem
545 605 623 625 unam
637 597 740 625 duobus
755 597 906 624 nominibus
921 596 1005 631 expli-

215 645 300 672 cando
317 654 323 672 :
337 645 377 672 vel
389 644 496 672 domum
511 644 671 671 talternaCuli
686 648 763 670 vocat
777 643 885 676 dumos,
902 643 927 670 in
945 643 1005 678 qni-

216 691 265 718 bus
279 690 427 718 habitamus
437 710 445 722 ,
459 690 578 717 civitates
588 710 595 720 ,
614 695 640 716 et
656 688 766 723 ﬁguram
782 689 917 723 pra-sentis
934 689 1004 715 vine.

216 735 248 763 Et
261 742 313 762 non
329 735 484 770 simpliciter
495 734 561 762 dixit
577 743 584 761 2
600 733 661 762 Srio
679 743 685 760 :
701 734 747 760 sed
759 755 765 766 ,
779 733 878 760 Scimus
894 740 942 761 :et
956 742 1005 760 au—

214 781 328 809 ditorutn
349 781 506 808 sententiam
520 787 659 807 assumens
674 788 680 806 :
697 779 753 806 Non
775 779 808 806 de
824 779 901 806 rebus
919 780 1005 806 ambi-

213 829 272 863 guis
285 827 392 863 dispqu
404 849 410 859 .
426 828 510 863 inquit
522 849 528 857 .
544 836 595 854 non
611 828 643 854 de
656 828 687 854 iis
700 835 758 862 qua:
780 829 942 858 llt'SCittltllll',
958 826 1005 853 sed

213 874 247 902 de
261 875 356 910 quibus
374 874 533 909 jampridem
555 874 632 901 (idem
646 874 809 908 suscepistis.
824 873 963 900 credentes
979 873 1004 900 in

215 919 438 947 resurrectionem
452 919 554 946 Domini
571 928 576 945 :
593 924 619 946 et
631 918 666 946 ob
680 919 730 946 hoc
745 919 912 946 tabernacula
929 926 1006 945 voca-

213 974 272 994 mus
286 974 397 1001 corpora
410 973 502 993 eorum
513 987 520 997 ,
535 967 578 1001 qui
596 966 657 993 hinc
669 965 811 993 decedunt.
831 965 895 992 \‘idc
914 970 1004 992 autent

213 1012 347 1048 quomodo
360 1017 387 1040 et
401 1013 483 1039 verbo
498 1013 619 1047 apposite
633 1013 667 1039 sit
677 1019 741 1039 usus
767 1011 823 1039 Non
838 1013 913 1045 dixit,
929 1011 1006 1040 Occi-

212 1066 270 1086 sum
286 1063 343 1090 est,
366 1059 407 1086 vel
425 1058 569 1093 disparuit,
584 1059 629 1086 sed
644 1058 801 1086 Dissolutum
814 1065 849 1086 est
865 1067 938 1094 :quo
954 1059 1003 1086 de-

212 1104 333 1137 claravit,
348 1105 433 1139 ipsutn
452 1105 571 1138 dissolvi,
590 1111 616 1132 ut
629 1111 750 1140 resurgat
763 1105 887 1141 iulgidius
900 1127 907 1138 ,
921 1111 948 1133 ut
963 1107 1004 1133 itt-

214 1151 334 1178 veniatur
346 1151 443 1178 clarins
459 1161 465 1178 :
481 1151 549 1178 sicut
560 1152 638 1179 etiam
655 1153 759 1179 labores
770 1157 795 1179 et
807 1153 913 1187 pnemia
929 1159 1004 1180 com-
1016 1156 1028 1175 Υ

214 1197 324 1232 parabat
337 1205 351 1224 a
365 1197 505 1233 qualitate,
519 1198 666 1232 quantitate
679 1204 705 1225 et
720 1203 857 1233 tempore;
873 1199 907 1225 ita
923 1202 949 1226 ct
964 1199 1005 1226 hic

214 1242 286 1275 facit,
301 1251 397 1278 corpus
408 1243 559 1277 deciduuta,
578 1245 750 1278 tabernaculi,
766 1245 835 1280 quod
856 1251 943 1272 autem
961 1253 1004 1273 re—

213 1289 311 1324 surgit,
328 1290 424 1317 dotnus
444 1290 551 1317 nomine
565 1295 641 1317 vocat
655 1298 662 1316 :
679 1296 706 1318 et
721 1298 773 1317 non
787 1291 942 1326 simpliciter
956 1291 1004 1317 do-

214 1341 297 1368 mum,
311 1334 358 1361 scd
370 1340 511 1367 aeternam;
526 1342 574 1362 nec
590 1335 674 1362 solum
695 1340 838 1368 :cternam,
859 1336 905 1362 sed
927 1337 1006 1364 ca-le-

213 1384 280 1406 stent
295 1389 302 1407 :
317 1379 501 1407 excellentiam
516 1380 574 1414 ejus
586 1386 637 1407 tam
654 1388 669 1407 a
683 1386 812 1415 tempore,
828 1389 907 1408 unam
920 1390 934 1408 a
947 1382 1005 1408 loro

214 1426 391 1453 subindicans.
409 1426 470 1454 Haec
484 1427 555 1453 enim
575 1427 707 1454 terrestris
724 1431 781 1458 est,
804 1427 846 1454 illa
869 1428 1002 1454 emlcstis:

215 1471 272 1498 htec
288 1472 456 1506 temporalis,
474 1472 517 1499 illa
531 1476 639 1499 :eterna.
666 1472 698 1500 Et
724 1481 795 1500 nunc
812 1473 917 1507 quidem
938 1481 1006 1508 opus

215 1518 291 1545 nobis
304 1522 345 1546 est
358 1526 469 1553 corpore
482 1526 514 1545 ac
528 1518 662 1545 domicilio
677 1524 785 1553 propter
794 1519 880 1545 carnis
893 1519 1006 1546 inlirmi-

215 1568 295 1590 tatem
310 1571 318 1589 :
336 1568 397 1590 tunc
409 1571 471 1590 vero
485 1564 554 1590 idem
567 1567 595 1590 et
608 1570 704 1598 corpus
718 1564 769 1590 erit
782 1569 807 1590 et
821 1563 982 1591 domicilium
995 1571 1003 1590 :

216 1617 302 1643 neque
313 1614 391 1640 tecto,
404 1617 490 1643 neque
502 1609 562 1636 uliis
576 1609 731 1636 velamentis
741 1609 841 1637 habens
855 1617 932 1644 opus,
944 1617 1005 1636 curn

215 1668 263 1694 pro
276 1659 399 1687 omnibus
409 1659 450 1686 his
463 1659 576 1686 sul'liciat
592 1659 836 1694 incorruptibilitas.
853 1659 946 1686 Postea
962 1659 1004 1686 in-

215 1705 328 1732 dicando
343 1705 512 1732 eminentiam
527 1706 655 1731 bonorutn
672 1705 747 1731 nobis
761 1705 948 1738 repositorum,
964 1704 1005 1731 di-

215 1751 248 1777 cit
260 1759 267 1776 :
281 1750 379 1777 Etenim
388 1750 414 1776 in
428 1750 665 1786 Itocingemiscimus
676 1751 847 1776 tabernaculo.
863 1750 918 1777 Non
930 1750 1005 1782 dixit,

216 1795 379 1830 lngemisco;
404 1795 449 1823 scd
465 1803 633 1823 communem
653 1796 739 1822 reddit
761 1796 941 1823 sententiam:
961 1795 1007 1822 Et-

193 1835 196 1839 ’
216 1843 281 1868 enim
295 1841 322 1868 iu
334 1841 391 1874 hoc,
404 1841 498 1876 inquit,
512 1842 713 1877 ingemiscimus;
723 1841 816 1868 volens
828 1849 874 1869 eos
884 1842 916 1868 ad
931 1849 1005 1868 suam

216 1887 408 1921 philosophiam
429 1891 545 1917 trahere,
557 1891 583 1914 et
595 1887 634 1914 sui
647 1887 737 1922 judicii
755 1889 840 1914 facere
854 1888 1005 1923 participes.

217 1932 316 1959 Etenim
337 1933 363 1959 in
385 1933 639 1968 ltoct'ngemiscinms,
663 1933 830 1960 desiderantes
852 1933 1006 1959 domicilium

215 1985 328 2005 nostrum
341 1971 356 2004 ὲ
367 1978 428 2005 ccelo
440 1977 588 2013 superindui
604 1985 614 2005 :
635 1986 688 2004 non
707 1978 773 2005 dixit
786 1978 948 2012 simpliciter,
964 1977 1006 2004 In-

216 2023 278 2055 (iui;
292 2023 338 2050 sed
359 2022 514 2058 Snperindui
526 2031 537 2050 :
559 2028 585 2051 et
598 2023 697 2058 adjicit,
714 2023 744 2050 Si
757 2028 840 2050 tamen
851 2024 941 2055 vestiti,
955 2032 1006 2050 nou

216 2070 278 2096 nudi
297 2070 455 2097 inueniamur
473 2069 555 2106 (Ibid.
570 2077 595 2096 υ.
610 2070 649 2105 5).
666 2069 698 2097 Et
714 2070 818 2097 videtur
834 2070 940 2105 quidem
956 2070 1005 2097 ob-

216 2123 320 2142 scurum
336 2123 395 2143 esse
407 2136 414 2148 ,
431 2115 500 2150 quod
521 2115 620 2142 dictum
641 2119 698 2148 est;
715 2115 740 2142 lit
763 2123 826 2142 vero
842 2116 1005 2142 manifestius

219 2169 264 2195 per
278 2169 309 2188 ea
324 2169 382 2196 qua:
403 2161 552 2189 sttbduntttr
566 2171 572 2188 τ
590 2161 688 2188 Etenim
703 2162 745 2196 qui
759 2170 844 2189 stmms
859 2163 884 2188 iu
903 2162 948 2189 hoc
964 2167 1004 2188 ta-

215 2207 361 2241 bernaculo,
371 2208 554 2242 ingemiscimus
566 2208 670 2242 gravati,
685 2216 714 2234 eo
726 2209 793 2243 quod
807 2209 922 2235 uoluntas
936 2209 1002 2241 caui,

190 2250 195 2254 ’
216 2252 258 2278 sed
268 2253 412 2286 superindui
429 2252 508 2287 (Ibid.
524 2261 547 2280 υ.
563 2253 601 2288 4).

252 2341 376 2368 Adversus
389 2341 415 2368 Μ
419 2342 544 2369 artic/talos
558 2348 674 2370 naturam
689 2350 799 2371 nostram
818 2350 845 2371 ut
859 2345 952 2372 malam
966 2347 1004 2373 iu-

216 2392 349 2419 cusanlcs;
363 2395 407 2414 cur
419 2388 610 2424 ingentiscamas
621 2390 646 2416 in
662 2391 709 2417 hac
723 2391 780 2417 vita.
793 2407 828 2411 —
843 2391 923 2419 Vides
936 2401 1003 2427 quo-

216 2431 296 2460 modo
308 2432 349 2459 Siti
364 2433 445 2467 ipsius
456 2442 508 2461 non
522 2435 694 2466 obliviscitur,
711 2443 796 2470 neque
809 2441 884 2464 vocat
896 2437 1002 2465 domum

217 2478 266 2507 hoc
276 2486 383 2513 corpus,
397 2480 442 2506 sed
457 2480 666 2514 tabernaculum,
680 2481 718 2508 Eo
730 2482 796 2517 quod
809 2483 924 2509 nolumus
933 2485 1002 2518 exui,

215 2524 260 2552 sed
275 2525 443 2559 superindui?
458 2525 505 2553 Hic
519 2526 595 2554 letale
614 2527 709 2554 vulnus
725 2527 818 2563 inﬂigit
833 2528 881 2561 iis,
895 2529 938 2563 qui
955 2537 1002 2556 na-

216 2576 302 2599 turam
311 2570 430 2604 corporis
439 2575 465 2598 et
472 2579 578 2599 carnem
587 2578 703 2599 nostram
712 2578 845 2601 accusant.
856 2574 921 2608 Quia
932 2575 1002 2602 enim

215 2616 283 2643 dixit
295 2616 364 2651 quod
378 2617 583 2652 ingemiseimus,
599 2623 626 2645 et
636 2620 696 2646 exui
712 2620 832 2647 volumus
845 2629 851 2646 :
869 2625 897 2647 ιιι
909 2628 941 2647 ne
955 2628 1002 2654 pu-

215 2667 254 2690 tes
270 2663 339 2697 quod
354 2670 450 2698 corpus
462 2665 536 2698 qttasi
550 2665 646 2692 malttm
658 2666 774 2701 aliquod,
791 2672 815 2694 cl
828 2674 933 2693 causam
946 2675 1002 2693 ma-

215 2707 287 2738 litim.
304 2713 330 2735 et
345 2709 491 2741 inimicum,
508 2714 534 2736 ct
547 2709 649 2737 hostem
667 2711 764 2745 fugiat,
790 2711 848 2738 audi
870 2712 1002 2746 quotuodo

215 2754 391 2788 suspicionem
413 2755 529 2782 excludit
553 2764 559 2782 :
584 2757 698 2791 primum
717 2757 821 2792 quidem
836 2766 895 2784 cum
918 2756 999 2785 dicit:

216 2800 406 2833 lnqrvnistimus
427 2801 582 2828 domicilium
605 2808 717 2830 nostrum
740 2804 835 2830 cio/este
856 2805 1002 2839 διφυί-ἰηιίυί

215 2844 383 2875 desiderati/ett
397 2845 476 2882 (Ibid.
489 2855 511 2873 υ.
523 2847 563 2880 2).
586 2847 634 2880 Qui
651 2848 720 2875 enim
735 2849 939 2883 superinduitur,
957 2858 1000 2877 re-

215 2896 276 2922 tecta
291 2891 358 2916 aliud
375 2891 435 2926 quid
450 2891 623 2926 superinduit.
645 2891 742 2920 Deinde
757 2902 814 2920 rutu
832 2895 903 2927 dicit,
924 2895 996 2930 Inge-

1060 230 1187 257 misrimus
1199 232 1305 266 gravati,
1318 239 1346 258 eo
1356 231 1423 266 quod
1433 232 1549 258 nolumus
1564 233 1629 264 exui.
1643 233 1687 259 sed
1701 233 1850 266 superiudui

1059 276 1236 303 desiderantes.
1257 276 1332 310 Quod
1345 281 1433 304 autem
1448 277 1515 304 dixit
1534 277 1583 305 hoc
1596 283 1652 310 cst,
1668 286 1720 305 non
1741 286 1850 306 carnem

1060 323 1179 350 volumus
1197 323 1347 358 deponere,
1363 324 1409 351 sed
1426 327 1622 360 corruptionem
1639 334 1646 353 :
1667 334 1720 352 non
1735 334 1834 360 corpus
1849 347 1855 357 .

1058 369 1105 395 sed
1120 374 1243 396 mortem.
1265 369 1342 397 Aliud
1360 375 1401 397 est
1415 377 1522 404 corpus,
1537 371 1606 398 aliud
1621 379 1692 398 mors
1708 380 1715 398 :
1732 376 1759 399 et
1778 372 1852 400 aliud

1059 422 1166 449 corpus,
1180 415 1250 442 aliud
1264 416 1400 450 corruptio
1412 425 1419 442 :
1433 423 1519 451 neque
1531 423 1628 451 corpus
1642 417 1790 452 corruptio,
1805 426 1851 444 no-

1059 467 1110 494 que
1120 461 1254 494 corruptio
1271 465 1312 487 est
1324 469 1430 495 corpus,
1446 466 1472 488 et
1487 462 1656 497 corruptibile
1667 463 1774 497 quidem
1790 470 1852 490 cor-

1060 513 1107 540 pus
1121 511 1176 536 est.
1194 515 1244 533 non
1266 512 1354 534 autem
1377 508 1513 542 corruptio
1532 515 1649 542 corpus:
1671 509 1735 536 item
1754 517 1852 544 corpus

1059 551 1171 578 mortale
1185 556 1236 583 est.
1249 552 1297 579 sed
1311 560 1362 579 non
1384 560 1455 580 mors
1470 558 1521 580 est.
1537 553 1602 580 Nam
1615 561 1712 589 corpus
1729 562 1799 589 optts
1812 561 1854 584 est

1061 596 1117 628 Dei,
1134 597 1268 631 corruptio
1280 602 1367 624 autent
1383 603 1409 625 et
1425 606 1521 626 morsa
1535 604 1643 633 peccato
1657 600 1769 627 invecta:
1780 605 1852 627 sunt.

1060 642 1140 677 Igitur
1151 643 1198 675 ait,
1215 643 1238 669 id
1252 643 1322 678 quod
1334 644 1450 671 alienum
1463 649 1502 671 est
1516 652 1616 672 exuere
1629 646 1698 678 volo,
1713 653 1768 672 non
1781 646 1854 680 quod

1060 689 1195 723 propriutn
1212 698 1218 716 :
1234 690 1348 717 alienum
1364 697 1451 717 autem
1466 694 1522 721 est.
1538 699 1590 718 non
1605 698 1712 726 Corpus.
1729 691 1776 718 sed
1792 698 1853 718 cor-

1060 736 1158 770 ruptio.
1176 736 1208 762 Et
1220 741 1327 770 promer
1336 737 1439 769 hocait,
1455 736 1493 763 Eo
1504 737 1571 773 quod
1582 738 1699 764 nolumus
1712 738 1772 764 rami
1781 745 1791 764 :
1805 737 1855 764 hoc

1059 786 1110 814 est,
1126 781 1224 809 auferri
1237 790 1343 817 corpus,
1358 783 1405 810 sed
1421 783 1573 818 superindui
1589 783 1615 810 in
1631 791 1745 818 corpore
1764 783 1854 810 incor-

1058 829 1219 863 ruptionem.
1235 829 1338 863 Corpus
1350 829 1438 856 medio
1448 836 1477 856 se
1491 829 1570 856 modo
1583 829 1662 856 habet
1677 830 1748 856 inter
1763 836 1854 856 corru-

1060 874 1175 908 ptionem
1186 879 1212 901 et
1222 875 1457 908 incorruptionem.
1468 875 1544 902 Exuit
1556 875 1853 909 igilureorruptimtem,

1059 924 1086 946 et
1099 919 1184 946 induit
1196 920 1421 954 incorruptionem
1437 930 1444 948 :
1460 921 1629 956 abjicitquod
1645 921 1750 955 accepit
1764 930 1778 947 τι
1795 929 1855 955 pec-

1059 971 1129 998 cato,
1140 971 1167 993 et
1180 966 1297 1000 possidet
1307 967 1376 1001 quod
1390 967 1463 993 dedit
1477 967 1523 993 Dei
1534 967 1627 1002 gratia.
1640 967 1673 994 Ut
1684 967 1775 994 discas
1785 968 1855 1002 quod

1060 1019 1159 1039 exuere
1166 1019 1217 1038 non
1225 1012 1257 1039 de
1264 1019 1376 1046 corpore
1384 1012 1456 1045 dicit,
1469 1012 1514 1039 sed
1524 1013 1557 1039 de
1566 1013 1737 1047 corruptione
1746 1019 1772 1040 et
1783 1021 1856 1039 mor-

1059 1061 1095 1090 te,
1105 1057 1164 1084 audi
1172 1065 1212 1088 ea,
1224 1066 1282 1092 qum
1292 1066 1351 1084 mox
1362 1058 1545 1091 subjiciuntur.
1555 1058 1620 1085 Nam
1631 1063 1772 1093 postquam
1780 1059 1854 1091 dixit.

1060 1101 1186 1130 Nolumus
1196 1104 1263 1136 exui,
1277 1103 1322 1130 sed
1335 1104 1497 1138 superindui:
1506 1111 1558 1131 non
1575 1104 1651 1133 dixit.
1662 1104 1697 1132 Ut
1711 1105 1858 1131 absorbea-

1060 1154 1102 1176 tur
1113 1157 1210 1184 corpus
1220 1150 1253 1176 ah
1262 1150 1476 1184 inci-rporeilalc,
1489 1150 1536 1178 ενι]
1550 1150 1630 1185 quid?
1645 1149 1679 1178 Ut
1693 1150 1858 1177 absorbeatur

1059 1196 1199 1222 muta/itas
1207 1204 1222 1221 a
1232 1196 1289 1225 rita,
1303 1197 1352 1222 hoc
1361 1200 1411 1227 est,
1422 1201 1449 1222 ttl
1459 1200 1610 1228 evanescat,
1622 1201 1648 1223 ut
1657 1195 1812 1223 aboleatur:
1821 1196 1857 1222 ita

1057 1241 1229 1268 abolitionem
1239 1249 1290 1268 non
1300 1241 1418 1275 corporis
1426 1246 1509 1269 vocat.
1518 1241 1563 1268 sed
1572 1241 1752 1276 eorrup'ionis
1758 1246 1783 1268 et
1791 1249 1858 1268 mor-

1059 1288 1101 1315 tis.
1114 1287 1342 1315 Adveniensenint
1352 1288 1402 1314 vita
1417 1295 1468 1313 non
1477 1294 1574 1321 corpus
1586 1287 1674 1313 abolet
1688 1292 1715 1313 et
1728 1287 1854 1319 absumit,

1058 1333 1104 1360 sed
1125 1338 1237 1360 mortem
1259 1338 1285 1359 et
1308 1335 1504 1366 corruptionem
1527 1340 1586 1367 qua:
1606 1332 1669 1359 illud
1690 1333 1855 1360 invaserant.

1058 1379 1178 1407 Gemitus
1197 1387 1260 1413 ergo
1281 1379 1325 1405 ille
1346 1386 1397 1405 non
1421 1383 1527 1413 propter
1542 1385 1640 1413 corpus
1654 1383 1695 1405 est
1707 1399 1714 1408 ,
1729 1379 1774 1405 sed
1790 1386 1857 1413 pro-

1060 1430 1119 1460 pter
1130 1427 1326 1460 corruptionem
1340 1433 1400 1460 qua:
1415 1426 1450 1452 illi
1467 1426 1544 1452 inest.
1561 1425 1664 1452 Etenim
1677 1433 1775 1460 corpus
1788 1433 1854 1460 gra-

1059 1479 1091 1498 ve
1102 1477 1141 1499 εει
1153 1476 1179 1499 et
1189 1479 1332 1498 onerosum
1346 1479 1377 1498 ac
1389 1471 1540 1502 molestttm,
1552 1479 1604 1498 non
1619 1471 1767 1498 secundum
1779 1479 1855 1498 suam

1059 1524 1190 1550 naturam,
1208 1518 1255 1545 sed
1269 1517 1413 1545 secundutn
1429 1518 1626 1550 mortalitatem,
1640 1525 1700 1551 quae
1712 1522 1800 1552 postea
1817 1518 1856 1545 illi

1058 1564 1210 1598 supervenit
1224 1573 1230 1590 :
1247 1568 1430 1590 verumtamen
1445 1570 1541 1596 corpus
1556 1572 1607 1589 non
1619 1568 1658 1589 est
1669 1563 1856 1597 corruptiltile,

1058 1609 1105 1637 sed
1120 1610 1317 1644 incorruptibile
1332 1614 1359 1637 et
1379 1610 1537 1636 immortale.
1560 1609 1642 1636 Tanta
1657 1610 1756 1644 quippe
1771 1611 1857 1643 ipsius

1057 1660 1098 1684 est
1116 1656 1254 1686 nobilitas.
1272 1661 1298 1682 ut
1315 1657 1340 1682 in
1352 1656 1406 1690 ipsa
1420 1656 1592 1689 corruptione
1605 1663 1680 1682 suam
1696 1655 1856 1690 dignitatem

1059 1702 1214 1729 ostenderit.
1231 1701 1294 1728 Nam
1310 1702 1490 1736 apostolorum
1506 1701 1605 1728 umhrtL-
1619 1702 1789 1735 incorporeas
1803 1710 1856 1728 ex-

1059 1749 1182 1783 pulernnt
1197 1749 1307 1775 virtutes
1323 1757 1329 1775 :
1345 1749 1407 1775 item
1421 1747 1487 1775 cinis
1499 1752 1527 1774 et
1547 1747 1630 1780 pulvis
1644 1755 1738 1774 eorum
1751 1747 1855 1774 (ιι-ιιιιμ

1059 1803 1106 1822 nas
1120 1795 1179 1822 vicit
1191 1816 1198 1826 ,
1214 1799 1240 1821 et
1261 1794 1389 1823 amicula.
1406 1802 1465 1828 qua:
1485 1794 1589 1820 illorum
1604 1793 1773 1821 adhaeserant
1792 1801 1807 1820 c
1822 1803 1857 1819 -r-

1060 1840 1183 1874 poribus,
1205 1840 1314 1867 morbus
1339 1839 1481 1874 fugarunt,
1507 1839 1701 1873 sanitatemque
1731 1840 1852 1866 contttlc‘

1059 1889 1130 1912 runt.

1093 1931 1120 1957 7.
1143 1929 1216 1957 Unde
1226 1938 1359 1965 corporth
1376 1930 1463 1957 sordes
1482 1938 1512 1956 ac
1532 1931 1633 1960 vilitas;
1652 1929 1855 1964 corruptibilitas

1057 1976 1170 2010 corporis
1181 1975 1242 2010 quid
1257 1976 1344 2011 prosit.
1357 1990 1392 1995 —-
1403 1975 1471 2002 thil
1486 1983 1549 2010 erro
1565 1975 1628 2002 mihi
1642 1975 1674 2002 de
1690 1975 1857 2012 phlegmata,

1058 2026 1083 2048 et
1094 2020 1151 2052 bili,
1163 2025 1190 2048 et
1203 2020 1309 2053 sudore,
1324 2025 1350 2047 et
1363 2020 1496 2053 sordibus,
1509 2025 1588 2055 atque
1599 2021 1658 2047 aliis
1671 2021 1782 2052 datu-ris,
1794 2029 1857 2054 qua:

1057 2066 1177 2101 corporis
1189 2071 1355 2093 accusatores
1371 2071 1480 2093 narrant
1496 2074 1503 2093 :
1517 2074 1603 2100 neque
1622 2067 1692 2094 enim
1708 2075 1742 2094 ex
1760 2072 1856 2094 natura

1058 2113 1178 2147 c0rporis
1191 2111 1248 2139 lucc
1260 2112 1376 2144 luerunt,
1387 2112 1433 2138 sed
1447 2120 1460 2137 a
1475 2112 1619 2144 posteriore
1629 2113 1800 2146 corrupt'ouc
1813 2112 1855 2138 in.

1058 2163 1132 2186 vecta
1140 2163 1210 2185 sunt.
1224 2157 1290 2185 Nam
1303 2158 1324 2184 si
1337 2159 1396 2192 ejus
1405 2158 1527 2184 virtutem
1539 2158 1677 2185 addiscere
1691 2158 1774 2189 voles,
1786 2166 1855 2185 con-

1057 2205 1144 2232 sidcra
1168 2205 1346 2232 membrorum
1369 2204 1486 2230 omnium
1508 2204 1691 2231 formationem
1705 2225 1712 2236 ,
1730 2204 1854 2238 liguram,

1057 2251 1239 2286 operationes,
1262 2255 1431 2284 mutuamque
1445 2251 1613 2278 concordiam
1631 2260 1636 2276 :
1653 2256 1678 2277 et
1702 2251 1855 2278 thtll‘nliztS

1057 2296 1150 2331 quavis
1160 2296 1265 2323 civitate
1280 2296 1433 2330 dispositam
1448 2296 1555 2330 optimis
1571 2295 1671 2330 legibus
1683 2297 1833 2330 subet-nata
1845 2316 1853 2329 ,

1055 2349 1115 2377 quae
1131 2341 1234 2377 nonnisi
1248 2341 1380 2375 sapientes
1395 2341 1467 2367 cives
1482 2340 1578 2367 habeat
1588 2360 1596 2373 ,
1616 2340 1720 2367 videbis
1739 2341 1854 2376 diligen-

1056 2349 1115 2377 quae
1131 2349 1181 2368 1101]
1212 2349 1234 2367 SI
1248 2349 1380 2375 saplcntes
1395 2349 1467 2367 CIVCS
1482 2349 1578 2367 ηειυεςιι
1588 2360 1596 2373 ,
1616 2349 1720 2367 νιυουιε
1739 2349 1853 2376 autgen-

1056 2392 1108 2415 tem
1125 2349 1304 2414 menﬁtrorum
1323 2386 1391 2413 inter
1402 2393 1431 2413 se
1444 2385 1708 2413 administrationum.
1725 2387 1773 2414 Sin
1791 2395 1853 2414 sur-

1055 2441 1113 2460 sum
1127 2432 1250 2460 deorsum
1268 2432 1406 2466 obiterque
1425 2431 1481 2458 haec
1496 2432 1678 2466 prmtcrcurris
1689 2452 1696 2463 ,
1718 2437 1744 2459 et
1757 2432 1852 2466 objieis

1055 2480 1138 2506 solam
1160 2479 1406 2513 eorrttptihilitatem
1425 2484 1451 2505 et
1467 2478 1666 2509 mortalitatem,
1684 2487 1719 2506 ne
1734 2480 1775 2506 sic
1792 2480 1854 2514 qui-

1056 2526 1116 2553 dem
1128 2526 1212 2553 dcerit
1226 2526 1301 2552 nobis
1314 2526 1459 2559 responsio.
1478 2525 1544 2552 Nam
1561 2525 1631 2560 quod
1651 2525 1714 2553 hinc
1734 2526 1854 2554 lmmano

1054 2571 1145 2606 generi
1159 2579 1210 2598 non
1231 2571 1317 2598 solum
1337 2571 1401 2598 nihil
1424 2571 1528 2602 damni,
1542 2571 1588 2598 scd
1603 2572 1682 2598 etiam
1706 2573 1851 2606 plurimum

1055 2616 1186 2644 commodi
1201 2617 1354 2650 accesserit,
1370 2617 1430 2644 inde
1447 2617 1529 2651 liquet
1544 2625 1550 2643 :
1566 2617 1649 2644 sancti
1667 2618 1740 2644 enim
1756 2626 1852 2646 omnes

1056 2664 1082 2691 in
1097 2672 1208 2699 corpore
1222 2665 1340 2691 viventes
1352 2665 1499 2699 angelicum
1519 2665 1665 2693 exhibuero
1681 2666 1787 2693 vivendi
1802 2675 1850 2702 ge-

1056 2718 1114 2741 nus,
1130 2710 1283 2746 nullumque
1303 2710 1364 2738 hinc
1378 2711 1440 2745 ipsis
1452 2711 1484 2738 ad
1503 2711 1609 2738 virtutis
1630 2719 1740 2739 cursum
1755 2714 1851 2741 accidit

1054 2757 1251 2784 detrimentum.
1268 2758 1302 2784 lis
1326 2765 1389 2784 vero
1412 2757 1456 2792 qui
1475 2757 1509 2784 ad
1535 2757 1698 2792 impietatem
1723 2760 1849 2794 propensi

1054 2806 1145 2835 erant,
1168 2811 1219 2828 non
1235 2810 1325 2836 parum
1345 2803 1532 2837 impedimento
1549 2803 1597 2830 fuit
1613 2804 1736 2838 corporis
1754 2812 1849 2831 corru-

1055 2848 1109 2882 ptio
1122 2869 1128 2880 ,
1145 2856 1178 2874 ne
1195 2848 1296 2883 longius
1310 2855 1356 2882 per
1370 2849 1533 2883 iniquitatem
1554 2856 1630 2876 suam
1646 2848 1847 2885 progrederen-

1056 2900 1107 2921 tur.
1123 2895 1189 2922 Cum
1212 2895 1279 2922 enim
1302 2895 1422 2923 homines
1441 2896 1579 2929 nonnulli,
1596 2896 1675 2924 etiam
1697 2899 1802 2924 moi-toti
1819 2903 1844 2924 et
