1976 3130
134 165 184 193 ιὲθ

135 222 234 258 patibili
253 222 304 249 hoc
324 220 482 257 corpuscqu
495 219 651 248 circumdati
664 239 671 252 ,
695 219 811 255 mquales
825 227 855 247 se
870 219 926 246 Deo

133 278 191 297 esse
203 269 254 296 sibi
271 269 321 295 visl
335 269 398 300 sint,
413 272 440 295 et
452 267 483 294 ad
498 266 577 294 talem
590 266 701 302 gloriam
714 266 763 293 sibi
773 265 927 293 adscriben-

131 316 192 342 dam
208 314 292 341 multa
309 314 392 341 moliti
401 313 539 348 sint,quos
551 320 602 339 non
613 320 646 340 ex
659 311 841 339 stolidioribus
850 311 929 338 deco-

134 362 246 395 pissent,
258 360 280 387 si
294 367 347 387 non
358 359 472 394 passioni
482 357 700 393 corruptionique
712 357 857 385 obnoxium
867 364 928 384 cor-

133 416 198 441 pus,
215 412 309 441 utpote
321 411 422 434 certum
440 405 600 432 inﬁrmitatis
614 412 668 431 sum
682 404 818 435 indicium.
843 403 930 431 sortiti

134 452 266 480 fuissent?
277 452 344 486 Quia
355 459 420 486 ergo
429 458 526 486 corpus
536 450 625 477 obstat
638 450 776 485 impietati,
788 457 847 485 quze
857 457 930 477 sum-

133 507 174 526 ma
188 504 230 526 est
241 498 354 532 malitia,
369 503 396 526 et
409 499 435 525 in
445 497 545 525 sanctis
565 496 658 530 efﬁcit,
671 501 700 524 ut
717 496 813 524 anima:
826 496 931 523 fortitu-

133 545 224 571 dinem
244 544 382 572 declarent
399 552 405 571 :
419 551 499 578 quam
515 543 619 570 veniam
634 546 831 578 consequentur
844 542 872 575 ii,
885 541 930 577 qui

133 592 219 625 ipsum
235 594 378 622 accusant,
403 594 430 617 et
444 589 543 616 malum
557 588 692 616 clamant?
711 587 768 616 Non
786 587 856 615 enim
875 588 932 614 11100

133 637 219 664 solum
245 636 323 663 nobis
345 635 378 663 de
401 635 447 662 illo
461 634 572 662 dicenda
594 638 754 669 suppetunt;
778 633 825 661 sed
851 633 931 660 etiam

135 682 204 718 quod
219 681 283 710 hinc
298 682 375 709 nobis
399 681 432 709 ad
453 681 500 708 Dei
523 680 644 708 notitiam
660 684 732 715 patet
745 680 798 707 via.
818 679 846 708 Si
860 680 931 708 enim

137 727 278 754 invisibilia
295 727 353 762 ejus
367 734 382 753 a
401 726 554 754 conditione
572 726 662 753 mundi
678 726 704 752 in
718 724 828 752 factoris
843 724 933 752 consi-

139 772 243 801 derata,
253 768 460 804 conspiciuntur
471 769 559 804 (Rom.
569 769 595 796 1.
609 769 655 805 20)
670 775 697 797 et
710 770 776 798 ﬁdes
787 777 821 798 ex
832 770 926 798 auditu

139 822 182 845 est
192 816 283 851 (Rom.
293 815 337 843 10.
351 815 405 850 17),
417 815 483 843 satis
494 815 680 848 manifestum,
689 816 762 850 quod
774 823 821 850 per
832 817 926 844 oculos

141 868 167 890 et
176 870 258 890 aures
269 862 464 890 manudocitur
475 862 577 893 anima,
591 865 620 888 ut
632 862 867 897 agnoscatDeum,
879 863 927 898 qui

142 909 214 936 illam
228 908 302 935 fecit.
318 907 423 935 Idcirco
438 908 510 935 istuc
526 907 614 942 ipsum
632 907 732 935 Paulus
745 913 818 935 amat
832 913 859 935 et
870 910 928 936 cla-

143 959 205 987 mat,
221 954 315 982 dicens
329 954 401 988 quod
413 952 544 979 Nolumus
559 953 626 979 iltud
637 954 708 985 exui,
717 954 761 980 sed
772 954 927 988 superindui

143 1002 191 1032 ipsi
203 1000 431 1028 immortalitatem
446 1000 483 1030 (2.
502 999 563 1027 Cor.
580 1000 607 1027 5.
622 998 661 1033 4).

174 1045 376 1072 ﬂesurrccnonis
389 1045 480 1072 veritas
495 1046 624 1080 probatur.
636 1060 671 1066 —
682 1046 772 1081 Neque
791 1054 855 1074 vero
870 1047 934 1074 mihi
970 1039 978 1050 ’

140 1089 202 1117 illud
219 1091 341 1125 objicias,
356 1099 408 1126 quo
423 1093 505 1126 passu
518 1092 597 1120 modo
610 1100 748 1127 resurgere
763 1101 870 1129 corpus,
885 1094 932 1121 ﬁe-

141 1136 215 1172 rique
231 1138 410 1171 corruptionis
425 1137 560 1166 immune?
579 1139 644 1166 Cum
667 1139 740 1167 enim
755 1140 802 1167 Dei
818 1140 934 1175 potentia

140 1187 278 1216 operatur,
294 1183 376 1217 illud,
399 1184 557 1218 Quomodo,
582 1193 633 1212 non
647 1190 687 1213 est
699 1185 860 1214 addendum.
881 1186 933 1214 Sed

140 1228 200 1262 quid
215 1228 248 1256 de
264 1228 320 1256 Deo
333 1229 447 1265 loquor?
462 1230 587 1265 Teipsum
603 1231 664 1259 fecit
679 1233 758 1266 Deus,
773 1237 801 1260 ut
814 1240 935 1260 resurre—

140 1274 234 1302 ctionis
244 1282 319 1303 esses
331 1276 431 1310 opifex,
448 1276 473 1304 id
488 1277 558 1312 quod
571 1282 643 1313 patet
653 1278 679 1305 in
694 1279 850 1312 seminibus,
866 1279 933 1306 arti-

141 1319 203 1353 bus,
228 1321 400 1357 materiisque
424 1323 601 1350 metallorum.
627 1323 732 1351 Etenim
754 1325 857 1352 semina
883 1325 934 1352 nisi

141 1366 212 1400 prius
228 1367 377 1395 moriantur
390 1372 417 1395 ct
430 1373 585 1404 putrescant
605 1374 632 1397 et
645 1377 861 1406 corrumpantur,
882 1379 934 1399 non

139 1413 246 1447 pariunt
266 1414 379 1449 spicam.
404 1414 478 1443 Sicut
498 1416 576 1451 igitur
598 1417 642 1452 qui
668 1417 743 1445 vides
766 1418 802 1446 ibi
823 1426 936 1454 granum

139 1459 209 1493 quod
222 1461 404 1495 corrumpitur
416 1466 442 1489 et
451 1462 613 1494 dissolvitur,
624 1471 676 1491 non
686 1464 792 1492 dubitas
803 1465 836 1492 de
847 1473 937 1494 resur-

140 1505 268 1535 rectione.
281 1505 330 1533 sed
344 1507 520 1535 certissimam
532 1507 786 1537 demonstrationem
796 1509 861 1538 facis
877 1519 884 1538 :
896 1515 936 1539 et-

139 1550 210 1577 enim
222 1550 244 1578 si
255 1551 291 1578 ita
305 1557 436 1586 maneret,
447 1557 475 1580 et
485 1561 537 1581 non
548 1560 772 1589 corrumperetur,
786 1556 828 1584 vel
838 1555 935 1584 dissol-

140 1600 256 1629 veretur,
265 1601 367 1624 oertum
379 1598 448 1633 quod
460 1607 603 1634 numquam
617 1607 767 1636 resurgeret
779 1609 786 1628 :
801 1601 840 1629 sic
850 1602 935 1637 cogita

139 1642 208 1669 etde
218 1650 334 1678 corpore
345 1648 390 1671 tuo
404 1653 411 1671 :
428 1653 488 1672 cum
502 1646 575 1674 vides
586 1648 797 1682 corruptionem.
811 1652 873 1676 tunc
887 1657 936 1684 po-

140 1688 274 1717 tissimum
296 1690 331 1718 de
354 1692 551 1720 resurrectione
570 1693 767 1728 philosopharc.
783 1694 849 1721 Nam
864 1702 937 1722 mors

139 1734 204 1761 nihil
218 1735 292 1763 aliud
305 1741 362 1769 est,
379 1745 458 1772 quam
471 1737 547 1772 plena
560 1740 737 1775 corruptionis
749 1741 935 1776 consumptio:

142 1788 227 1816 neque
239 1783 312 1810 enim
327 1791 400 1811 mors
421 1785 579 1820 simpliciter
592 1793 702 1821 corpus,
717 1787 766 1814 sed
786 1789 937 1823 corruptio-

142 1836 201 1857 nem
216 1830 340 1865 corporis
353 1830 478 1858 absumit.
493 1832 550 1860 Hoc
563 1833 643 1860 etiam
663 1833 690 1861 in
702 1834 872 1862 metallorum
883 1842 939 1862 ma-

143 1875 216 1902 teriis
223 1875 300 1903 vides
312 1877 429 1904 evenire.
441 1876 552 1905 Terram
563 1878 634 1905 enim
645 1879 734 1906 aureis
744 1879 874 1907 ramentis
887 1879 940 1915 ple-

142 1928 201 1949 nam
213 1922 350 1957 accipiunt
360 1923 418 1958 ejus
427 1924 493 1951 artis
506 1924 595 1959 periti,
608 1930 635 1952 et
645 1924 671 1952 111
683 1925 867 1954 conﬂatorium
879 1927 940 1954 mit-

143 1971 230 1995 tentes
254 1968 354 1995 faciunt
374 1976 468 1996 aurum
486 1977 493 1997 :
510 1974 537 1997 et
550 1978 584 1998 ex
599 1978 679 1998 arena
700 1971 805 2007 aliaque
828 1974 939 2001 materia

143 2020 237 2048 purum
253 2015 351 2042 vitrum
365 2016 518 2043 coniiciunt.
534 2016 592 2044 Jam
615 2017 637 2044 si
651 2021 751 2045 tantum
771 2023 859 2054 potest
872 2019 941 2055 ignis

144 2060 193 2093 vis,
209 2065 269 2092 cur,
283 2068 386 2096 quasso,
401 2069 453 2089 non
468 2067 492 2090 et
508 2063 596 2090 divina
609 2064 712 2098 gratia?
725 2064 758 2092 Et
772 2066 831 2100 quis
844 2066 942 2094 mentis

143 2113 255 2140 compos
270 2106 329 2134 ha-c
343 2107 465 2136 diceret?
487 2108 577 2144 Cogita
591 2111 728 2144 quomodo
743 2115 769 2139 te
781 2119 796 2139 a
812 2112 942 2147 principio

145 2151 216 2185 fecit,
229 2160 280 2180 nec
294 2153 346 2180 erit
360 2154 428 2188 quod
443 2154 477 2182 de
494 2156 689 2184 resitrrectione
703 2157 831 2193 ambigas.
847 2158 942 2186 Nonne

146 2203 244 2226 terram
257 2200 372 2235 aecepit,
388 2205 415 2228 et
436 2201 582 2229 formavit?
596 2203 700 2230 tametsi
715 2204 778 2239 quid
792 2205 941 2239 operosius,

144 2254 177 2273 an
191 2246 301 2274 formari
313 2252 408 2275 eterra
421 2256 529 2277 carnem
542 2254 569 2277 et
581 2258 672 2283 venas,
683 2257 710 2278 et
722 2257 821 2283 cutem,
833 2256 860 2280 et
870 2259 943 2286 ossa,

147 2296 174 2319 ct
190 2292 284 2326 libras,
299 2298 327 2320 et
342 2301 448 2328 nervos,
464 2300 491 2322 et
505 2297 629 2328 arterias,
644 2302 671 2325 et
684 2297 906 2332 instrumentalia,
917 2303 945 2326 et

146 2338 278 2373 simplicia
293 2347 405 2374 corpora
414 2361 421 2373 ,
435 2341 527 2369 oculos
538 2363 546 2376 ,
560 2350 640 2370 aures
649 2364 656 2375 ,
669 2351 748 2371 nares
759 2364 766 2376 ,
779 2344 871 2379 pedes,
888 2353 946 2372 ma-

148 2391 208 2417 nus,
224 2389 252 2412 et
266 2385 363 2420 cuique
383 2386 477 2414 horum
501 2392 554 2415 tam
572 2389 705 2424 propriam
723 2398 801 2425 quam
821 2398 945 2418 commu-

149 2436 209 2457 nem
225 2430 280 2457 indi
296 2433 490 2467 operationem,
506 2441 539 2461 an
558 2436 738 2470 corruptiliilia
754 2437 822 2464 facta
838 2437 945 2466 efﬁcere

150 2474 381 2511 incorruptibilia?
393 2479 489 2506 Annon
502 2480 576 2507 vides
587 2481 721 2516 quomodo
735 2483 873 2511 uniformis
888 2485 946 2519 qui-

151 2520 209 2548 dcm
219 2526 302 2554 terra,
311 2531 408 2558 corpus
416 2530 504 2552 autem
519 2527 680 2555 multiforme
690 2532 718 2556 et
728 2529 840 2562 varium,
850 2538 946 2565 nempe

152 2566 176 2594 in
194 2568 406 2603 operationibus,
420 2571 554 2599 coloribus
566 2593 573 2605 ,
594 2572 752 2608 ﬁguratione
762 2595 769 2607 ,
785 2576 907 2603 essentiis
921 2581 947 2604 et

152 2611 209 2639 aliis
222 2614 367 2641 omnibus?
380 2615 427 2643 Dic
442 2617 522 2651 igitur
535 2619 597 2653 quid
613 2619 648 2647 ila
663 2619 696 2647 de
716 2620 811 2649 futuris
825 2621 947 2650 dubitas?

154 2659 185 2686 Et
195 2661 259 2695 quid
282 2669 350 2696 opus
367 2667 408 2690 est
426 2663 516 2692 dicere
535 2665 569 2692 de
593 2667 767 2702 corporibus?
791 2668 946 2702 Quomodo,

153 2714 253 2741 quaeso,
266 2707 331 2736 fecit
345 2709 455 2737 virtutes
474 2712 628 2745 immensas,
647 2717 748 2742 turmas
761 2714 884 2742 0101051011
897 2722 948 2742 1111-

154 2753 274 2786 gelorum
284 2760 313 2782 et
327 2755 559 2791 archangelorum,
573 2759 764 2795 superioraque
776 2761 815 2788 his
831 2760 948 2796 agmina?

155 2798 217 2832 Dic,
235 2807 302 2832 oro,
318 2801 427 2830 modum
438 2823 445 2834 ,
462 2810 515 2838 quo
531 2803 601 2831 fecit.
618 2805 666 2832 llic
686 2805 748 2833 nihil
775 2805 865 2834 dicere
878 2807 948 2834 aliud

155 2855 263 2881 possum
274 2868 286 2882 ο
305 2856 385 2884 quam
398 2850 469 2885 quod
482 2851 538 2878 sola
553 2852 674 2879 voluntas
687 2852 720 2879 ad
736 2853 792 2880 111110
804 2853 946 2881 suffecerit.

157 2893 260 2929 Lrgonc
277 2894 322 2929 qui
338 2898 376 2922 tot
397 2895 569 2932 incorporeas
585 2898 707 2926 formavit
724 2899 870 2932 exercitus,
897 2898 946 2927 ho-

651 161 697 188 DE
713 161 1001 189 RESURBECTIONE
1021 159 1248 189 1101110οῆ011.

1724 162 1776 191 £50

983 219 1063 246 minis
1076 225 1175 253 corpus
1187 222 1342 252 corruptum
1355 225 1484 246 renovare
1503 217 1599 247 iterum
1610 238 1619 253 ,
1637 223 1664 246 et
1678 218 1704 245 111
1717 226 1774 246 ma-

979 264 1068 300 jorem
1081 264 1230 300 provehere
1249 264 1404 299 dignitatem
1420 265 1531 300 nequit?
1555 265 1587 293 Et
1605 273 1665 300 quis
1684 265 1724 293 sic
1737 266 1776 292 in—

983 316 1105 339 sensatus
1123 315 1180 343 est,
1206 311 1250 346 qui
1264 311 1298 338 de
1319 310 1361 339 his
1375 310 1488 344 dubitet,
1512 316 1538 339 et
1553 311 1775 339 resurrectionem

984 357 1040 386 fore
1054 358 1155 385 inﬁcias
1165 357 1225 385 eat?
1238 357 1279 384 Ad
1290 357 1357 389 11100,
1371 357 1394 385 si
1410 365 1462 385 non
1474 358 1587 393 resurgit
1601 365 1708 394 corpus,
1724 365 1775 384 non

984 404 1098 438 resurgit
1111 403 1211 430 homo;
1227 403 1308 430 homo
1321 403 1392 430 enim
1413 411 1466 430 non
1481 408 1522 431 est
1541 404 1627 430 anima
1645 404 1712 436 sola,
1730 403 1777 431 sed

983 456 1080 484 corpus
1094 453 1121 476 ct
1133 449 1231 476 anima.
1245 448 1274 477 Si
1288 456 1352 484 ergo
1365 449 1452 476 anitna
1472 449 1528 476 sola
1549 455 1680 484 resurget,
1697 449 1778 477 dimi—

984 494 1057 522 dium
1067 495 1166 522 animal
1179 499 1310 529 resurget,
1321 499 1348 522 et
1359 495 1393 522 ita
1409 503 1462 521 non
1473 495 1603 530 integrum
1616 502 1624 526 ;
1635 495 1701 522 alias
1714 502 1778 523 vero

984 540 1017 567 de
1032 540 1119 567 anima
1131 547 1184 567 non
1194 540 1302 575 proprie
1315 540 1412 567 dicitur
1420 540 1591 567 resurrectio.
1607 540 1780 568 Remrreetio

984 586 1055 613 enim
1075 585 1134 621 ejus
1144 590 1185 613 est
1196 585 1267 621 quod
1290 586 1403 618 cecidit,
1418 590 1445 614 et
1459 586 1530 622 quod
1544 586 1701 614 dissolutum
1711 591 1754 615 est
1770 596 1777 613 :

984 633 1072 660 anima
1084 637 1172 660 autem
1189 641 1242 660 non
1257 633 1422 666 dissolvitur,
1442 633 1489 660 sed
1503 640 1610 668 corpus.
1625 632 1693 667 Quid
1715 640 1780 668 ergo

985 679 1011 706 id
1024 684 1074 711 est,
1088 679 1158 714 quod
1170 681 1208 707 ait
1222 689 1227 706 :
1243 679 1272 707 Si
1283 680 1382 714 quidem
1394 685 1418 707 et
1428 680 1519 713 induti,
1532 688 1582 707 non
1595 680 1657 706 nudi
1665 680 1779 707 int-enia-

985 733 1042 752 mur
1056 725 1093 761 (2.
1101 725 1160 753 Cor.
1171 726 1197 754 5.
1208 727 1235 761 5)
1244 727 1255 753 1
1265 726 1466 754 Sacramentnm
1477 734 1601 761 magnum
1613 731 1639 753 et
1648 726 1780 754 inelfabilo

985 771 1063 798 nobis
1075 771 1109 799 ibi
1131 772 1312 799 adumbratur.
1333 772 1416 806 Quale
1430 776 1518 799 autem
1541 771 1614 799 hoc?
1633 772 1734 807 Nempe
1753 772 1779 799 id

985 816 1056 851 quod
1070 821 1097 844 et
1110 817 1136 844 in
1152 817 1269 851 Epistola
1283 817 1315 844 ad
1329 817 1481 845 Corinthios
1495 817 1560 844 dicit
1582 826 1589 844 :
1610 816 1704 845 Omnes
1722 818 1780 853 qui-

986 861 1042 888 dem
1060 870 1218 896 resurgemus
1228 883 1235 895 ,
1255 863 1426 897 unusquisque
1438 867 1521 889 autem
1532 863 1559 889 111
1570 871 1617 890 suo
1630 863 1718 889 ordine
1731 863 1740 897 (
1750 863 1775 889 1.

986 908 1044 935 Cor.
1060 909 1103 936 l5.
1119 909 1164 936 22.
1178 909 1242 945 ‘23).
1263 909 1331 943 Quid
1344 914 1432 937 autem
1446 914 1501 942 est,
1516 909 1586 945 quod
1602 909 1645 937 1110
1665 909 1782 937 dicitur?

987 955 1043 983 1100
1057 955 1188 988 videlicet,
1204 956 1275 991 quod
1286 955 1406 989 Graccus,
1420 960 1446 982 et
1456 955 1574 987 Judmus,
1591 959 1618 982 ct
1629 954 1782 986 11011-0110115,

986 1005 1013 1028 et
1028 1002 1114 1028 omnis
1129 1002 1219 1034 homo,
1235 1002 1279 1037 qui
1293 1002 1364 1029 venit
1388 1001 1414 1028 in
1431 1002 1501 1029 hunc
1515 1001 1642 1029 mundum
1656 1021 1664 1034 ,
1690 1000 1716 1028 in
1737 1000 1782 1027 illo

987 1046 1030 1074 die
1041 1051 1161 1082 resurget
1175 1055 1181 1073 :
1198 1053 1225 1075 et
1238 1048 1289 1075 hoc
1301 1048 1386 1083 ipsum
1409 1048 1544 1080 declarat,
1558 1047 1650 1075 dicens
1665 1056 1672 1074 :
1688 1046 1781 1074 Omnes

987 1093 1087 1128 quidem
1099 1102 1150 1120 non
1160 1094 1321 1126 dormiamus,
1347 1103 1433 1121 omnes
1443 1099 1528 1122 autem
1540 1093 1738 1125 immutabimur,
1754 1094 1781 1120 in

988 1144 1113 1167 momento
1123 1160 1129 1172 ,
1144 1140 1170 1166 in
1182 1140 1234 1166 ictu
1244 1140 1310 1167 oculi
1323 1161 1331 1174 ,
1347 1141 1373 1167 in
1392 1141 1525 1168 novissima
1540 1140 1598 1167 tuba
1611 1140 1637 1175 (1
1662 1139 1721 1167 Cor.
1737 1139 1781 1167 15.

986 1187 1031 1213 51.
1047 1185 1105 1220 52).

1023 1233 1049 1261 8.
1061 1233 1127 1268 Quia
1138 1241 1201 1268 ergo
1211 1234 1360 1261 communis
1373 1238 1413 1261 cst
1426 1233 1550 1261 omnibus
1562 1232 1723 1261 resurrectio
1731 1253 1738 1265 ,
1755 1237 1784 1260 et

988 1279 1038 1315 piis
1046 1284 1073 1308 et
1085 1279 1184 1315 impiis,
1199 1286 1226 1308 et
1238 1280 1316 1308 malis
1329 1284 1356 1308 et
1367 1280 1444 1307 bonis
1459 1279 1622 1312 hominibus,
1636 1283 1662 1306 ut
1678 1286 1712 1306 ne
1723 1278 1784 1306 ideo

990 1331 1065 1361 putes
1081 1326 1206 1362 injustum
1218 1326 1351 1362 quoddam
1371 1326 1427 1353 ﬁeri
1443 1325 1574 1361 judicium
1587 1346 1595 1357 ,
1611 1332 1697 1360 neque
1710 1324 1785 1352 dicas

988 1372 1058 1408 apud
1086 1377 1112 1400 te
1132 1373 1219 1407 ipsum
1235 1381 1241 1399 :
1257 1372 1389 1407 Quidnam
1405 1372 1455 1399 hoc
1478 1372 1543 1400 est?
1558 1379 1608 1406 ego
1619 1391 1628 1403 ,
1643 1371 1687 1406 qui
1701 1370 1784 1398 multo

989 1418 1078 1446 studio
1093 1423 1119 1446 et
1134 1419 1224 1446 labore
1235 1423 1261 1446 et
1277 1419 1303 1445 in
1319 1418 1426 1445 miseria
1440 1417 1504 1450 vixi,
1520 1424 1630 1451 resurgo
1643 1438 1650 1448 ,
1665 1421 1693 1444 et
1707 1415 1783 1444 Gne-

989 1472 1046 1497 ctts,
1060 1470 1087 1492 et
1100 1465 1205 1500 impius,
1221 1469 1248 1492 et
1262 1465 1414 1498 idololatra,
1424 1469 1451 1492 et
1461 1461 1625 1499 qui‘ignorat
1636 1463 1783 1493 Christum.

989 1512 1069 1539 etiam
1086 1511 1142 1546 ipse
1153 1512 1279 1546 resurgit,
1293 1515 1320 1539 et
1332 1511 1413 1539 simili
1428 1511 1532 1538 ltonore
1548 1517 1652 1537 mecum
1667 1509 1785 1537 fruitur?

991 1562 1062 1586 utne
1077 1558 1138 1585 talia
1149 1558 1242 1585 dicens
1255 1558 1435 1591 conturber-is,
1446 1557 1506 1584 audi
1522 1557 1584 1591 quid
1596 1557 1677 1584 dicit:
1695 1555 1785 1591 Siqui-

990 1603 1047 1630 dem
1060 1603 1153 1635 induti,
1165 1611 1215 1630 non
1227 1603 1289 1630 nudi
1299 1603 1456 1629 inveniamur
1465 1601 1503 1633 (2.
1515 1601 1573 1629 Cor.
1585 1601 1612 1629 5.
1627 1601 1664 1636 5).
1677 1601 1709 1628 Et
1717 1608 1785 1636 quo-

990 1648 1071 1676 modo
1090 1648 1155 1676 dicit
1178 1656 1250 1682 eum,
1276 1648 1320 1684 qui
1343 1648 1451 1675 indutus
1466 1651 1507 1675 cst
1521 1647 1745 1681 incorruptionem
1759 1651 1786 1674 et

992 1696 1220 1723 immortalitatem
1231 1715 1237 1726 ,
1253 1694 1365 1721 inveniri
1388 1694 1487 1721 nudum
1499 1693 1510 1720 1
1526 1693 1654 1721 Videlicet
1668 1694 1689 1720 si
1703 1692 1786 1728 gloria

991 1742 1143 1777 privamur,
1160 1746 1188 1768 et
1207 1740 1302 1768 ﬁducia
1325 1739 1358 1767 ad
1382 1740 1463 1767 Deum
1478 1739 1657 1766 destitnimur.
1680 1737 1786 1766 Etenim

993 1792 1161 1823 peccatorum
1173 1794 1279 1821 quoque
1293 1792 1407 1820 corpora
1421 1784 1630 1820 incorruptiliilia
1646 1788 1788 1818 resurgunt

991 1839 1019 1862 et
1032 1833 1192 1862 immortalia
1211 1842 1217 1860 :
1234 1833 1281 1861 scd
1301 1832 1344 1860 hic
1357 1832 1443 1860 honor
1461 1831 1607 1860 fomentum
1622 1836 1649 1859 et
1662 1831 1788 1859 viaticum

993 1881 1058 1916 ipsis
1064 1881 1115 1909 erit
1125 1881 1314 1916 suppliciorum
1324 1884 1351 1908 et
1362 1880 1487 1907 ultionis:
1497 1879 1706 1914 incorruptibilia
1715 1879 1787 1906 enim

992 1932 1149 1962 resurgunt,
1165 1932 1195 1954 ut
1207 1934 1315 1962 semper
1324 1930 1448 1954 urantur.
1461 1924 1528 1952 Nam
1540 1932 1600 1952 cum
1615 1924 1660 1952 ille
1675 1925 1742 1960 ignis
1755 1924 1789 1951 sit

993 1973 1225 2009 inexstinguihilis,
1238 1980 1306 2007 opus
1316 1976 1358 2000 est
1371 1972 1422 1999 illis
1433 1970 1592 2006 corporibus
1602 1991 1608 2002 ,
1620 1978 1679 2004 qua:
1690 1974 1717 1997 et
1733 1971 1788 2005 ipsa

994 2028 1138 2056 numquam
1150 2023 1350 2047 consumantur.
1361 2019 1511 2054 Eapropler
1520 2016 1602 2045 dicit:
1614 2017 1646 2045 Si
1655 2017 1754 2052 quidem
1766 2021 1789 2043 et

994 2067 1087 2100 induti,
1097 2075 1147 2093 non
1159 2066 1220 2093 nudi
1232 2065 1400 2092 inveniamur.
1415 2064 1472 2092 Non
1485 2063 1558 2091 enim
1570 2063 1622 2090 hoc
1631 2063 1718 2090 solutn
1730 2068 1789 2096 est,

994 2112 1064 2148 quod
1080 2112 1216 2147 qumritur,
1232 2116 1260 2138 ut
1279 2117 1449 2144 resurgamus
1462 2113 1490 2137 et
1503 2109 1729 2136 immortalitatem
1751 2107 1787 2134 in-

995 2159 1108 2186 duamus
1123 2166 1131 2185 :
1144 2157 1190 2185 sed
1204 2162 1232 2184 ut
1242 2165 1302 2184 cum
1323 2155 1548 2184 resurrexerimus
1558 2175 1566 2186 ,
1579 2153 1717 2188 indutique
1732 2152 1790 2181 fueo

995 2207 1079 2233 rimus
1095 2205 1323 2241 immortalitatem
1337 2223 1344 2237 ,
1360 2210 1412 2230 non
1425 2201 1591 2229 inveniamur
1609 2199 1671 2227 nudi
1682 2207 1697 2226 a
1708 2199 1790 2235 gloria

997 2252 1146 2286 liduciaque
1160 2258 1222 2286 erga
1244 2251 1337 2281 Deum,
1354 2256 1421 2276 neve
1433 2248 1486 2283 igni
1500 2247 1536 2274 illi
1549 2246 1701 2278 tradantur;
1718 2250 1745 2273 et
1757 2245 1792 2273 ob

996 2298 1048 2325 hoc
1059 2297 1123 2325 dicit
1138 2306 1144 2324 :
1158 2296 1187 2324 Si
1200 2295 1300 2331 quidem
1313 2300 1336 2322 et
1346 2294 1429 2321 induti
1441 2314 1449 2326 ,
1474 2301 1526 2320 non
1547 2292 1609 2320 nudi
1623 2292 1791 2319 inveniantur.

997 2344 1059 2372 Post
1074 2343 1131 2370 11100
1147 2342 1243 2370 iterum
1258 2341 1309 2368 fide
1322 2340 1470 2376 digniorem
1481 2338 1516 2366 de
1529 2337 1726 2365 resurrectione
1737 2344 1793 2364 scr-

997 2397 1104 2418 monem
1115 2388 1204 2416 reddit
1218 2397 1225 2415 :
1239 2392 1265 2415 ct
1280 2395 1340 2415 cum
1360 2386 1427 2414 dixit
1446 2385 1562 2413 luturum
1579 2383 1613 2412 Ut
1632 2383 1794 2410 absorbentur

997 2435 1105 2462 mortale
1124 2435 1172 2461 ltoc
1184 2442 1199 2460 a
1212 2434 1262 2460 uita
1275 2432 1362 2469 (Ibid.
1378 2440 1402 2458 υ.
1416 2431 1462 2466 4),
1476 2430 1578 2465 adjicit,
1595 2429 1645 2463 Qui
1655 2434 1739 2455 autent
1749 2435 1795 2454 non

999 2481 1057 2518 fecit
1071 2481 1104 2508 ad
1116 2481 1162 2507 hoc
1175 2480 1258 2515 ipsum
1271 2478 1339 2506 Deus
1350 2477 1432 2513 (Ibid.
1447 2485 1472 2504 υ.
1484 2476 1521 2511 5)
1535 2485 1542 2508 ;
1558 2483 1589 2503 110
1601 2477 1623 2502 si
1634 2475 1754 2507 diceret,
1772 2474 1793 2500 Λ

1000 2527 1133 2562 principio
1149 2530 1257 2562 propter
1269 2525 1320 2552 hoc
1333 2524 1469 2552 hominem
1483 2522 1616 2553 formavit,
1631 2521 1726 2556 inquit.
1741 2526 1796 2547 non

999 2579 1029 2602 ut
1048 2578 1156 2609 pereat,
1179 2572 1227 2600 sed
1245 2577 1273 2599 ut
1293 2572 1326 2600 ad
1348 2570 1576 2605 incorruptionem
1597 2572 1699 2604 pergat.
1715 2566 1751 2594 Ita
1769 2571 1797 2593 ut

999 2620 1106 2657 quando
1117 2625 1229 2648 mortem
1243 2619 1372 2654 permisit,
1384 2618 1435 2644 hoc
1449 2618 1533 2652 ipsam
1545 2615 1658 2650 consilio
1669 2613 1797 2649 permise-

1001 2667 1051 2700 rit,
1068 2671 1098 2694 ut
1112 2666 1243 2701 supplicio
1260 2665 1417 2701 prudentior
1427 2663 1512 2691 factus
1531 2667 1559 2690 et
1580 2662 1688 2693 melior,
1710 2659 1795 2695 pOSsiI

1001 2713 1088 2741 denuo
1112 2712 1146 2740 ad
1173 2711 1400 2740 immortalitatem
1426 2709 1529 2737 reduci.
1546 2708 1642 2736 natum
1655 2705 1795 2741 0111110111·-

1001 2767 1073 2788 11111111
1089 2759 1140 2787 1100
1153 2759 1305 2790 consilium,
1320 2762 1348 2786 et
1366 2757 1424 2784 lucc
1436 2756 1569 2784 sententia
1590 2753 1624 2780 ab
1638 2753 1713 2780 initio
1726 2751 1796 2786 apud

1002 2807 1101 2838 Deum,
1111 2811 1190 2841 atque
1203 2806 1253 2833 hac
1263 2806 1366 2833 ratione
1382 2804 1496 2840 primum
1511 2802 1644 2830 hominem
1661 2800 1796 2832 formavit,

1002 2853 1082 2888 idque
1094 2852 1183 2880 statim
1199 2852 1277 2880 nobis
1298 2859 1332 2880 ex
1354 2849 1492 2886 pfommiis
1519 2848 1584 2884 ipsis
1607 2844 1794 2874 subindicavit.

1005 2898 1060 2927 Nisi
1075 2899 1144 2926 enim
1168 2898 1295 2926 voluisset
1315 2897 1347 2924 ab
1361 2897 1434 2924 initio
1449 2896 1527 2923 nobis
1539 2893 1743 2922 resurrectionis
1753 2891 1795 2927 ja-
