1976 3130
195 158 244 186 431

197 224 264 242 uuas
278 216 393 251 aperire,
410 224 462 244 non
485 219 651 252 permisisset
672 220 782 247 Abelem
800 221 871 248 otnni
895 221 992 249 virtute

198 262 336 297 pneditum
350 283 357 293 .
381 262 532 299 factumque
557 265 606 292 sibi
624 266 738 293 amicum
749 286 756 299 ,
771 275 831 301 qua:
844 274 939 302 passus
951 272 993 295 est

198 309 262 344 pati.
282 307 358 336 Nunc
380 314 468 336 autem
492 310 568 338 nobis
591 315 621 338 ut
645 311 941 348 demonstraret,quod
957 313 990 340 ad

197 355 276 381 aliam
292 355 374 382 vitam
388 356 543 390 pergimus,
565 361 593 384 et
615 357 687 385 aliud
707 358 840 393 quoddam
863 359 991 386 steculum

195 401 274 436 jnstis
297 402 417 431 relictum
444 409 485 430 est
501 424 508 436 ,
530 404 555 430 in
567 412 620 439 quo
639 413 752 432 coronas
763 410 791 432 et
803 406 992 434 retributiones

198 447 248 474 sibi
263 448 394 482 repositas
412 449 544 484 accipiattt
564 458 570 476 :
588 450 720 484 permisit,
736 455 765 478 ut
782 451 804 478 is
815 451 860 486 qui
876 451 991 486 primum

197 491 239 520 hic
252 492 324 528 juste
343 494 456 526 vixerat.
474 494 595 522 laborum
607 503 716 523 suorum
732 497 869 524 mercedes
880 498 923 525 hic
937 505 991 525 non

196 539 347 574 acciperet,
367 541 414 568 sed
439 541 502 568 hinc
514 541 618 575 abiens,
633 542 761 570 clamaret
773 551 820 578 per
829 551 860 571 ea
874 551 933 579 qua:
948 544 991 572 hic

198 593 292 620 passus
307 590 358 619 est,
370 591 397 614 et
409 587 442 614 ad
457 596 550 615 omnes
561 589 663 616 diceret
676 596 683 614 :
700 589 764 616 Post
778 590 846 618 hanc
858 591 938 618 vitam
950 595 991 618 est

197 631 284 666 aliqua
305 637 331 659 et
353 641 455 660 merces
479 637 507 660 et
528 635 719 662 remuneratio.
743 635 886 670 Propterea
909 636 990 664 etiam

198 676 290 704 Enoclt
307 680 452 712 transtulit,
464 685 491 707 et
504 680 588 707 Eliam
601 681 699 716 rapuit,
716 689 765 716 per
775 689 822 709 eos
829 682 990 711 adumbrans

196 722 292 757 dogma
308 726 521 753 resurrectionis.
539 726 644 754 Sufﬁcit
667 727 748 762 igitur
762 727 795 754 ad
820 733 991 762 argumento-

197 777 256 795 rum
270 770 374 804 copiam
394 771 449 797 sola
464 771 610 799 conditoris
631 773 748 807 potentia
765 781 772 799 :
786 777 814 800 at
834 774 856 801 si
876 775 935 808 quis
951 779 993 802 est

196 813 346 847 inﬁrmior,
367 820 394 843 et
407 816 485 844 aliam
503 817 611 852 insuper
623 818 876 846 demonstrationem
892 820 991 848 habere

195 860 261 892 vult,
275 865 302 888 et
325 862 419 896 pignus
434 863 529 890 t'utnr:e
545 865 748 893 resurrectionis
759 886 765 897 ,
781 867 859 893 etiam
876 867 989 902 idipsum

197 906 273 933 nobis
284 907 354 934 Dens
368 915 461 943 magna
476 909 634 937 liberalitate
646 914 673 937 et
682 911 759 945 copia
770 911 845 939 dedit
855 933 861 944 ,
875 912 990 947 Spiritus

195 953 299 980 scilicet
323 954 445 988 gratiam.
470 955 601 988 Quocirca
622 963 682 983 cum
707 956 804 984 Paulus
825 957 860 985 de
871 965 990 985 resurre-

194 998 283 1025 ctione
311 999 362 1026 ﬁde
383 999 492 1035 dignum
517 1008 668 1029 sermonem
691 1002 830 1031 habuisset
843 1011 876 1031 ex
891 1004 990 1032 Christi

194 1045 404 1077 resurrectione,
419 1053 452 1073 eo
465 1046 534 1081 quod
549 1047 620 1075 Dens
630 1048 688 1082 ejus
703 1054 796 1076 auctor
805 1054 886 1081 esset.
904 1050 988 1078 addu-

193 1089 271 1116 citet
286 1089 338 1117 hoc
351 1090 452 1118 dictum
466 1099 473 1117 :
486 1092 519 1119 Et
538 1093 715 1121 arrltabonem
735 1094 813 1122 nobis
832 1095 922 1126 dedit,
936 1103 988 1123 non

193 1143 273 1170 opum
290 1144 340 1164 nec
355 1137 411 1164 auri
427 1145 477 1166 nec
491 1139 604 1173 argenti,
619 1139 666 1166 sed
679 1140 859 1168 arrhabonem
874 1141 989 1176 Spiritus

194 1181 232 1216 (‘2.
248 1181 307 1209 Cor.
324 1183 352 1210 5.
376 1183 415 1218 5);
430 1184 545 1211 arrhabo
565 1190 654 1212 autem
671 1193 733 1220 pars
755 1190 796 1213 est
807 1187 905 1219 totius,
916 1191 943 1213 et
955 1187 989 1215 de

193 1232 252 1254 toto
264 1228 342 1255 ﬁdem
358 1228 430 1256 facit.
445 1228 511 1256 Nam
527 1230 595 1257 sicut
608 1231 634 1257 in
647 1231 786 1264 conviviis,
797 1232 841 1267 qui
856 1233 989 1266 acceperit

193 1274 383 1306 arrhabonem,
399 1274 479 1303 ﬁdem
493 1275 584 1308 habet,
597 1281 625 1303 et
638 1285 749 1304 securus
771 1282 813 1305 est
828 1278 862 1306 de
877 1283 932 1305 toto
946 1287 989 1306 re.

194 1318 267 1353 liquo
281 1328 288 1346 :
302 1320 336 1346 ita
351 1324 378 1347 et
390 1325 417 1347 tu
437 1328 498 1348 cum
511 1323 647 1357 acceperis
661 1322 837 1350 arrhaboncm
849 1346 856 1356 ,
872 1324 986 1359 Spiritus

193 1364 261 1392 dona
282 1365 408 1400 inquam,
427 1374 479 1394 non
500 1368 555 1402 jam
575 1367 698 1396 dubitare
723 1369 805 1396 debes
827 1369 861 1397 de
882 1370 988 1398 ceteris

193 1410 271 1437 bonis
290 1412 337 1438 tibi
353 1413 489 1446 repositis.
504 1413 555 1447 Qui
569 1414 640 1441 enitn
654 1414 774 1441 excitasti
793 1420 928 1448 mortuos,
942 1416 985 1450 qui

193 1464 272 1484 curas
284 1465 389 1491 caecos,
413 1458 550 1486 daemones
567 1460 692 1494 expellis.
711 1460 831 1495 leprosos
857 1462 984 1495 mundas,

193 1503 302 1530 morbos
329 1504 472 1537 emendas,
502 1511 615 1533 mortem
639 1506 737 1539 solvis,
754 1512 780 1534 et
807 1513 845 1534 tot
861 1513 987 1543 tantaque

193 1553 270 1583 potes
282 1549 368 1577 facere
384 1550 410 1578 in
423 1551 510 1587 fragili
521 1557 548 1579 et
561 1553 665 1580 mortali
681 1560 792 1587 corpore
803 1574 810 1586 ,
823 1562 901 1589 quant
915 1562 987 1582 asse-

193 1595 284 1628 queris
295 1596 415 1627 veniam,
428 1596 462 1624 de
484 1598 681 1626 resurrectione
701 1598 826 1626 dubitans
843 1599 854 1626 Ἰ
875 1599 902 1627 Si
915 1600 985 1627 enim

192 1648 253 1668 cum
266 1642 382 1669 nondum
399 1644 601 1671 resurrectionis
616 1649 719 1678 tempus
733 1645 850 1678 advenit,
865 1646 912 1674 sed
925 1654 985 1674 cum

192 1686 280 1714 adhuc
291 1693 422 1722 certatur,
439 1694 526 1716 tantas
539 1690 632 1716 tribuit
647 1690 693 1717 tibi
709 1698 822 1718 coronas
837 1691 907 1719 Deus
922 1700 987 1720 :co—

193 1732 246 1766 gita
258 1739 356 1768 quanta
373 1734 542 1768 prmmiorum
558 1740 678 1771 tempore
689 1736 756 1763 bona
767 1736 812 1763 tibi
822 1737 932 1766 daturus
940 1739 983 1766 sit.

192 1778 229 1804 At
242 1778 263 1805 si
278 1779 339 1814 quis
349 1779 437 1813 dicat,
461 1780 514 1808 Sed
537 1788 588 1808 non
604 1782 725 1809 videmus
739 1782 795 1810 haec
814 1783 888 1818 signa
916 1792 986 1812 nunc

192 1822 267 1857 ﬁeri,
290 1833 377 1861 neque
399 1827 475 1854 nobis
490 1832 562 1854 tanta
576 1829 659 1855 virtus
672 1829 824 1856 concredita
839 1834 879 1857 est
899 1839 906 1857 :
920 1830 985 1858 illud

563 161 592 189 S.
613 161 752 190 JOANNIS
770 163 1010 190 CIIRYSOSTOMI
1030 162 1188 191 ARCHIEP.
1209 162 1476 194 CONSTANTINOP.

1785 167 1838 194 ιδῑ

1044 222 1239 257 responderint.
1255 222 1320 250 nihil
1335 223 1452 257 diti'erre,
1465 224 1523 252 sive
1535 231 1616 254 nunc.
1629 224 1687 252 sive
1699 223 1763 251 olim
1781 225 1840 252 hac

1045 267 1114 295 facta
1142 268 1205 295 sint.
1235 268 1299 296 Nam
1325 277 1384 304 qua:
1397 269 1470 304 prius
1481 269 1515 297 ab
1533 269 1661 304 apostolis
1674 275 1738 297 sunt
1751 271 1819 297 iacta
1831 292 1838 302 ,

1046 318 1177 340 testantur
1188 321 1236 349 per
1248 322 1356 341 omnem
1369 315 1462 342 orbem
1484 315 1622 348 Ecclesize,
1634 319 1660 342 et
1682 316 1789 350 populi,
1814 321 1840 343 et

1045 358 1167 386 civitates
1177 380 1183 391 ,
1206 363 1234 386 et
1255 364 1347 393 gentes
1358 367 1416 394 qua:
1429 360 1461 387 ad
1478 360 1575 388 idiotas
1588 368 1619 388 ac
1633 361 1784 396 piscatores
1799 369 1843 388 re-

1044 409 1197 431 currerunt.
1212 404 1304 440 Neque
1319 405 1390 432 enim
1404 405 1452 432 toti
1467 406 1524 433 orbi
1545 406 1748 441 praevaluissent
1764 406 1841 434 illito

1045 449 1105 480 rati,
1120 455 1147 477 et
1162 450 1264 485 inopes,
1276 454 1304 478 et
1316 458 1445 486 pauperes
1457 472 1465 484 ,
1479 455 1507 478 et
1518 451 1584 478 viles
1594 452 1614 484 ‘,
1636 451 1688 479 nisi
1702 452 1840 479 miraculis

1044 494 1140 529 adjnti.
1148 495 1247 523 Verum
1258 503 1306 523 nec
1318 502 1344 523 tu
1355 497 1447 531 gratia:
1457 496 1572 531 Spiritus
1587 496 1672 524 factus
1685 504 1715 524 es
1725 505 1837 532 expers;

1045 540 1093 568 sed
1114 541 1260 568 etiamnum
1286 542 1368 569 multa
1384 547 1493 570 manent
1511 543 1662 570 donationis
1680 543 1751 570 illius
1764 550 1839 578 sym-

1045 588 1117 620 bola,
1129 593 1208 623 atque
1224 589 1265 620 iis.
1277 596 1336 624 qua:
1351 594 1507 616 enttmerata
1522 593 1601 622 sunt,
1617 589 1703 616 multo
1715 589 1818 624 majora
1829 610 1838 621 ,

1044 638 1071 660 et
1093 633 1178 668 magis
1198 633 1364 661 admiranda.
1389 634 1446 661 Non
1458 635 1528 661 enim
1552 634 1655 669 :cqttale
1667 638 1727 667 est,
1741 641 1838 668 corpus

1045 683 1178 706 mortuum
1198 679 1329 707 suscitare
1340 684 1369 706 et
1387 680 1504 707 animam
1517 687 1532 706 a
1545 679 1662 714 peccatis
1673 679 1791 706 occisam
1804 679 1838 705 ab

1032 717 1155 752 interitu
1180 725 1315 757 liberare,
1340 725 1412 760 quod
1439 733 1488 760 per
1513 725 1673 760 baptismum
1706 724 1761 752 ﬁt:
1784 732 1838 751 non

1043 771 1146 806 :equale
1160 775 1211 801 est.
1225 771 1324 805 pellere
1341 771 1462 798 morbum
1478 771 1584 803 carnis,
1599 775 1626 797 et
1642 770 1761 804 abjiccrc
1771 777 1838 805 pon-

1043 815 1093 843 dus
1107 821 1277 850 peccatorum
1295 824 1303 843 :
1325 824 1377 843 nou
1392 820 1434 843 est
1447 816 1566 851 mquale,
1589 815 1695 844 oculum
1707 821 1838 843 creatum

1043 863 1185 890 restituere
1197 883 1204 895 ,
1221 867 1248 890 et
1261 863 1378 890 animam
1392 863 1595 891 obtenebratam
1615 863 1761 890 illustrare.
1781 862 1837 890 Nisi

1043 909 1115 935 enim
1135 916 1207 936 nunc
1225 909 1305 936 etiam
1325 913 1396 936 esset
1409 908 1525 936 arrhabo
1540 909 1665 944 Spiritus,
1683 915 1773 944 neque
1791 908 1839 935 ba-

1043 954 1139 989 ptisma
1154 954 1302 981 adhibitum
1314 960 1402 987 esset,
1419 962 1506 990 neque
1518 959 1688 990 peccatorum
1701 954 1837 987 remissio,

1043 1007 1128 1035 neque
1141 1000 1243 1034 justitia
1257 1004 1285 1028 et
1298 1000 1474 1028 sanctiﬁcatio
1493 1000 1561 1028 facta
1586 1005 1658 1028 esset
1693 1008 1782 1035 neque
1797 1000 1839 1027 ad<

1043 1046 1178 1080 optionem
1192 1046 1304 1073 ﬁliorum
1320 1046 1365 1073 Dei
1379 1046 1585 1081 accepissemus,
1597 1053 1684 1080 neque
1698 1046 1838 1080 percepis-

1042 1099 1132 1119 semns
1147 1092 1292 1127 mysteria:
1308 1100 1404 1127 corpus
1429 1093 1500 1120 enim
1524 1097 1552 1120 et
1568 1093 1679 1127 sanguis
1705 1093 1839 1128 mysticus

1042 1146 1095 1165 non
1116 1138 1182 1165 ﬁunt
1199 1138 1299 1173 absque
1314 1138 1429 1173 Spiritus
1450 1139 1534 1173 gratia
1552 1147 1559 1166 :
1574 1146 1660 1173 neque
1680 1138 1838 1166 sacerdotes

1042 1183 1246 1216 habuissemus;
1263 1191 1349 1219 neque
1364 1185 1435 1212 enim
1450 1184 1498 1211 has
1517 1184 1699 1212 ordinationes
1719 1185 1778 1212 sine
1792 1183 1837 1211 tali

1041 1229 1171 1263 descensu
1185 1229 1242 1256 ﬁcri
1254 1233 1296 1256 est
1311 1230 1447 1264 possibile.
1461 1230 1513 1257 Sed
1530 1230 1611 1257 multa
1623 1230 1673 1257 alia
1695 1237 1837 1264 possemus

1041 1276 1130 1303 dicere
1139 1276 1231 1310 gratia:
1244 1276 1360 1311 Spiritus
1374 1275 1506 1312 symbola.
1518 1276 1610 1311 itaque
1628 1277 1708 1304 etiam
1731 1281 1757 1303 tu
1772 1276 1837 1311 Spi-

1040 1323 1106 1349 ritus
1118 1321 1295 1349 arrhabonem
1307 1322 1401 1355 habes,
1412 1326 1439 1349 et
1451 1328 1565 1350 mortem
1579 1323 1675 1349 anima:
1687 1322 1837 1357 pellis,c:c~

1039 1368 1200 1402 citatemque
1209 1368 1409 1402 cogitationum,
1419 1372 1445 1395 et
1453 1369 1532 1394 vitam
1548 1368 1646 1395 exuisti
1659 1367 1834 1395 immundam.

1039 1412 1078 1440 Ne
1094 1412 1172 1447 igitur
1186 1412 1338 1440 dubitemus
1351 1413 1385 1440 de
1399 1413 1510 1446 futuris,
1527 1415 1676 1448 prmscrtim
1696 1421 1759 1440 cum
1775 1413 1834 1440 talia

1039 1458 1222 1492 acceperimus
1246 1459 1373 1493 pignora;
1390 1459 1436 1486 sed
1459 1459 1636 1494 undequaque
1655 1459 1689 1486 de
1712 1466 1835 1486 resurre-

1039 1503 1132 1530 ctione
1157 1511 1308 1531 scrmonem
1338 1504 1451 1531 solidum
1467 1504 1638 1539 colligentes,
1654 1505 1738 1531 vitam
1755 1505 1836 1532 tantis

1038 1549 1172 1585 dogmatis
1189 1550 1295 1584 dignam
1309 1551 1494 1582 exhibeamus,
1508 1555 1538 1578 ut
1556 1555 1583 1578 et
1602 1558 1779 1585 assequamur
1792 1550 1836 1578 hic

1039 1595 1106 1623 bona
1122 1596 1275 1627 immobilia,
1285 1604 1345 1631 qua:
1354 1604 1504 1624 sermonem
1513 1605 1545 1624 ac
1555 1602 1672 1624 mentem
1689 1597 1834 1624 ltumanam

1039 1642 1240 1669 transcendunt.
1255 1642 1320 1676 Qua:
1332 1650 1381 1670 nos
1390 1650 1484 1670 omnes
1493 1643 1600 1678 assequi
1614 1644 1764 1679 contingat,
1774 1651 1835 1678 gra-

1039 1687 1074 1714 tia
1098 1692 1125 1715 et
1145 1688 1308 1724 benignitate
1329 1689 1434 1716 Domini
1460 1689 1545 1717 nostri
1564 1689 1627 1716 Jcsu
1651 1688 1773 1722 Christi,
1787 1696 1835 1724 per

1037 1740 1133 1767 quem,
1162 1737 1189 1760 et
1211 1741 1271 1760 cum
1292 1741 1346 1769 quo
1372 1734 1443 1761 Patri
1457 1735 1540 1770 gloria
1562 1735 1694 1769 simulque
1722 1733 1834 1770 Spiritui

1038 1784 1132 1806 sancto
1145 1799 1152 1811 ,
1170 1779 1196 1806 in
1210 1779 1308 1807 saecula
1322 1780 1490 1807 saeculorum.
1506 1780 1600 1808 Amen.

1071 1837 1078 1852 ¹
1097 1835 1175 1867 Colb.,
1184 1836 1322 1868 piscatores,
1334 1843 1386 1868 pro,
1400 1836 1466 1862 viles.

864 2011 1314 2026 ξεν-ξπ

927 2139 1006 2172 ΜοΝ
1011 2142 1106 2172 [TUM

238 2233 340 2262 Eodem
362 2235 421 2271 ipso
435 2243 508 2263 anno
522 2235 578 2263 hac
597 2236 694 2262 concio
711 2233 803 2262 habita
819 2239 872 2268 est,
889 2243 945 2270 quo
959 2236 1078 2263 secunda
1103 2235 1148 2263 illa
1162 2236 1196 2263 de
1209 2235 1278 2264 Juda
1292 2235 1448 2271 proditore;
1466 2236 1595 2264 videlicet
1608 2237 1634 2263 in
1662 2236 1707 2264 die
1731 2237 1832 2264 "(qu

200 2290 328 2318 reclioms
355 2290 461 2319 Domini
489 2291 732 2327 Quadragcsimam
749 2291 822 2320 illam
842 2298 1038 2328 consequente,
1059 2294 1085 2321 in
1098 2301 1151 2329 qua
1172 2294 1282 2330 triginta
1299 2294 1368 2322 duas
1390 2294 1496 2329 priores
1509 2295 1535 2322 in
1551 2293 1679 2322 Genesim
1707 2294 1832 2322 homilias

201 2347 344 2374 habuerat.
362 2347 461 2375 Eodem
477 2354 567 2376 autem
579 2350 638 2384 ipso
651 2357 724 2377 anno
738 2355 800 2385 post
820 2349 925 2378 Pascha
943 2351 1155 2386 Chrysostomus
1169 2351 1296 2379 homilias
1312 2351 1372 2379 illas
1388 2359 1485 2379 novem
1501 2351 1606 2383 habuit,
1622 2359 1740 2387 qttarum
1758 2352 1832 2387 prio-

205 2410 248 2430 res
261 2404 382 2439 quinque
397 2405 424 2432 in
454 2406 617 2441 principium
635 2407 764 2435 Actorum
783 2407 883 2436 habitae
897 2414 980 2439 sunt:
1001 2409 1166 2444 posteriores
1180 2417 1244 2437 vero
1256 2415 1375 2446 quatuor
1402 2409 1440 2437 De
1456 2410 1606 2438 mutatione
1622 2410 1779 2437 nominum.
1805 2408 1832 2437 id

204 2467 295 2489 autem
314 2467 407 2498 aperte
423 2464 626 2492 demonstratur
641 2465 668 2493 in
680 2465 793 2494 Monitis
808 2467 841 2494 ad
856 2467 964 2494 easdem
992 2467 1150 2499 conciones,
1173 2467 1220 2495 ubi
1233 2467 1291 2502 ipse
1302 2467 1514 2503 Chrysostomus
1539 2467 1695 2496 luculentus
1711 2468 1789 2495 testis
1804 2467 1832 2494 in

199 2521 318 2548 medium
333 2521 456 2550 atl'ertur.
474 2522 513 2551 Eo
527 2523 655 2552 lectorem
673 2525 818 2558 mittimus,
832 2533 937 2553 necnon
951 2526 983 2553 ad
995 2525 1126 2554 Monitum
1141 2526 1268 2561 superius
1283 2526 1316 2553 ad
1334 2525 1465 2554 Homilias
1480 2525 1514 2554 de
1529 2524 1600 2553 Juda
1618 2526 1777 2561 proditore:
1790 2533 1832 2552 res

200 2579 264 2606 item
279 2580 404 2616 pluribus
419 2587 515 2616 agetur
533 2583 566 2610 ad
581 2582 712 2611 llomilias
723 2584 750 2611 in
763 2585 900 2614 Genesim.

235 2647 310 2675 Hane
325 2655 408 2683 porro
425 2648 583 2676 concionem
600 2651 641 2678 sic
654 2657 788 2679 memorat
809 2652 1022 2689 Chrysostomus
1039 2653 1150 2681 homilia
1172 2661 1180 2680 ι
1198 2654 1223 2681 in
1243 2655 1405 2690 principium
1417 2655 1559 2687 Actorum,
1581 2661 1644 2690 qua
1657 2654 1742 2690 paulo
1767 2658 1828 2689 post

201 2702 420 2732 Resnrrectionis
433 2704 505 2733 diem
517 2704 610 2734 habita
627 2712 676 2739 est.
693 2717 769 2738 num.
787 2710 805 2737 2
821 2720 827 2737 :
849 2710 910 2738 Non
937 2716 997 2738 nuit
1011 2712 1094 2747 igitur
1105 2712 1205 2738 malum
1218 2711 1329 2745 divitiis,
1347 2711 1393 2740 sed
1413 2711 1568 2748 illegitimate
1591 2719 1685 2740 earum
1699 2719 1764 2739 usus
1787 2719 1827 2747 es;

196 2763 308 2797 malum,
322 2768 347 2790 et
359 2763 427 2791 sicut
444 2772 527 2799 nuper
541 2765 573 2792 de
586 2765 710 2794 ebrietate
724 2767 801 2795 verba
817 2768 928 2803 faciem,
945 2777 996 2795 non
1024 2769 1114 2796 riuum
1136 2769 1305 2801 accusabam,
1335 2769 1430 2805 quippe
1444 2778 1504 2797 cum
1524 2769 1611 2797 omnis
1625 2775 1752 2797 creatura
1778 2768 1828 2795 Dei

196 2821 263 2848 bona
280 2822 326 2855 sit,
343 2830 402 2857 φιίε
416 2831 475 2850 eum
488 2824 635 2859 gratiarum
652 2826 753 2853 actione
769 2827 927 2862 percipitur;
944 2827 989 2855 sed
1004 2827 1102 2855 malum
1118 2836 1206 2861 tuum,
1221 2833 1272 2857 etc.
1291 2827 1358 2861 Quae
1371 2827 1452 2857 verba
1468 2835 1531 2857 cum
1545 2828 1598 2857 hac
1611 2828 1746 2857 concione
1758 2827 1828 2855 mire
