1976 3130
113 154 167 183 £55

582 157 627 185 DE
644 155 940 186 RESURBECHONE
959 156 991 183 D.
1013 156 1046 185 Ν.
1066 157 1147 186 JESU
1168 157 1318 188 CHRISTI.

1689 161 1747 194 431

116 256 1743 272 W

615 350 771 397 ADVE
784 351 923 397 usus
960 342 1254 399 EBBlOSOS

191 463 231 487 ετ
250 465 292 487 ne
312 465 584 493 BESURRECTIONE,
610 466 716 488 δεκΜο
738 467 872 490 manus
900 459 943 491 IN‘
959 469 1074 491 sane“
1097 469 1136 491 ET
1156 466 1262 492 MAGNA
1285 470 1436 494 nomch
1460 472 1586 494 PASCHE
1609 460 1664 503 (α).

141 617 167 644 l.
188 616 246 644 Veri
254 618 346 652 iejunii
355 618 566 654 ratio.—Jejunii
578 619 710 647 sarcinam
721 619 903 655 deposuimus,

106 663 153 690 sed
170 670 205 690 ne
226 662 345 691 fructum
365 664 459 699 jejunii
478 664 644 699 deponamus
658 673 665 692 :
680 672 822 700 possumus
833 666 904 694 enim

105 709 199 744 jejunii
212 710 346 737 sarcinam
362 712 496 745 deponere
510 716 537 738 et
558 711 653 745 jejunii
679 711 792 739 fructum
810 712 904 739 decer-

108 763 180 790 pere.
198 755 330 783 Prazteriit
344 756 420 783 labor
429 756 612 789 certaminum,
631 756 678 784 sed
699 764 750 784 non
765 761 906 792 prmtereat

107 802 225 828 studium
242 806 315 829 recte
337 802 466 830 factorum
484 803 633 838 :jejunium
656 803 730 835 abiit,
746 803 792 831 sed
813 803 905 838 religio

107 853 216 875 maneat
231 857 238 873 :
254 848 309 875 imo
324 855 388 875 vero
400 855 433 875 ne
441 848 571 883 jejunium
583 848 690 884 quidem
704 848 778 876 abiit.
794 849 906 876 Verum-

108 896 294 923 tamenmolite
311 896 404 923 limere
419 905 425 922 :
446 896 496 923 hoc
509 897 580 924 enim
594 896 658 929 dixi,
681 903 733 923 non
749 901 778 924 ut
795 897 905 924 alteram

108 941 186 968 vobis
211 941 448 976 Quadragesimam
474 941 689 977 promulgarent.
712 942 760 970 sed
781 946 809 969 ut
830 941 906 969 vobis

108 989 233 1016 eamdem
255 989 379 1016 virtutem
396 988 581 1016 annuntiarem
605 997 612 1014 :
628 988 757 1023 jejunium
778 987 907 1023 praeteriit

108 1034 262 1067 corporale,
278 1033 326 1061 sed
337 1033 467 1068 jejunium
481 1041 535 1060 non
550 1034 678 1069 prmteriit
692 1034 828 1068 spiritualc
838 1043 844 1060 :
856 1033 907 1060 hoc

109 1080 206 1107 melius
219 1084 260 1107 est
282 1079 336 1111 illo,
349 1084 375 1107 et
400 1079 465 1106 illud
488 1083 596 1114 propter
616 1080 666 1107 hoc
683 1085 724 1107 est
744 1080 905 1108 institutum.

109 1125 350 1159 Quemadmodum,
365 1133 426 1153 cum
446 1125 613 1160 jejunaretis,
626 1126 746 1153 dicebam
761 1126 836 1152 vobis
849 1125 906 1152 iieri

110 1179 200 1206 Insse,
215 1176 246 1198 ut
259 1172 318 1207 quis
330 1171 476 1206 jejunando
484 1179 536 1199 non
548 1171 662 1206 jejunet,
676 1172 712 1198 ita
723 1177 750 1199 et
763 1179 832 1199 nunc
845 1172 906 1199 dico

110 1217 167 1244 ﬁeri
184 1224 273 1253 posse,
291 1223 319 1244 ut
333 1218 392 1253 quis
415 1224 468 1244 non
486 1217 631 1252 jejunando
654 1217 764 1252 ieiunet.
782 1217 906 1252 Enigma

109 1263 224 1290 fortasse
237 1263 339 1291 videtur
354 1263 379 1290 id
393 1263 464 1298 quod
478 1263 578 1291 dictum
592 1268 643 1296 est,
659 1271 751 1291 verum
770 1270 819 1298 ego
832 1271 908 1298 qua»

110 1309 192 1336 stioni
213 1309 374 1337 solutionem
392 1309 534 1344 adjungam
555 1312 620 1344 :qui
640 1309 698 1337 iieri
713 1314 799 1344 potest
807 1313 836 1336 ut
848 1309 908 1344 quis

106 1353 256 1389 jejunando
271 1363 323 1382 non
335 1355 436 1390 jejunet
448 1354 460 1382 ?
470 1355 536 1383 Cum
552 1355 612 1390 quis
622 1363 635 1382 a
646 1354 712 1383 cibis
723 1354 828 1390 quidem
844 1355 908 1382 abs-

110 1401 188 1433 tinet,
202 1409 254 1428 non
274 1401 389 1429 abstinet
406 1406 496 1429 autem
507 1409 520 1428 a
535 1403 660 1436 peccatis.
673 1401 723 1435 Qui
739 1405 826 1436 potest
838 1400 907 1434 fieri,

112 1451 141 1474 ut
161 1454 214 1474 non
232 1447 380 1481 jejunando
399 1448 458 1482 quis
472 1447 594 1483 jcjnnet?
613 1447 680 1475 Cum
702 1447 762 1483 quis
776 1447 909 1475 alimentis

110 1493 220 1528 quidem
236 1493 341 1525 fruitur,
355 1499 492 1529 peccatum
508 1501 571 1522 vero
585 1502 638 1521 non
660 1498 764 1528 gustat;
786 1494 836 1520 hoc
850 1500 908 1521 mc-

112 1539 164 1567 lius
178 1545 219 1567 est
231 1540 278 1567 illo
288 1540 428 1575 jejunium,
441 1548 528 1576 neque
540 1541 635 1567 melius
646 1544 758 1573 tantum,
770 1539 817 1567 scd
828 1540 909 1567 etiam

111 1585 197 1612 levius
211 1595 219 1613 :
235 1586 305 1613 illius
318 1586 410 1621 jejunii
431 1591 550 1621 tempore
564 1586 639 1613 multi
653 1586 774 1621 corporis
789 1585 909 1613 imbecil-

112 1631 214 1660 litatem
243 1632 446 1666 obtendebant,
469 1632 611 1660 molestum
640 1632 794 1667 pruritum:
816 1631 910 1659 Scabie

111 1678 230 1713 repletus
242 1686 314 1712 sum,
325 1679 417 1714 inquit,
432 1678 550 1706 illuviem
566 1686 618 1706 non
638 1678 695 1706 fero
710 1686 717 1705 :
739 1685 815 1713 aqua:
833 1682 910 1712 potus

112 1732 158 1752 me
172 1728 285 1752 enecat:
299 1725 371 1752 olera
384 1725 525 1760 degustare
544 1733 596 1753 non
612 1733 731 1760 possum.
744 1725 825 1752 Multa
840 1725 912 1760 ejus.

112 1770 188 1798 modi
201 1771 246 1806 qui
268 1776 323 1798 tum
336 1771 457 1799 dicerent
468 1772 608 1800 audiebam
622 1772 720 1799 multos
737 1780 743 1798 :
760 1772 793 1800 dc
808 1771 858 1798 hoc
869 1771 911 1805 je—

112 1817 192 1852 junio
205 1818 215 1834 ¹
230 1818 296 1845 nihil
310 1818 361 1846 tale
375 1818 427 1846 dici
449 1823 546 1854 potest.
567 1819 668 1846 Fruere
686 1819 799 1852 balneis,
811 1826 912 1846 mensa:

115 1865 249 1900 particeps
263 1869 332 1897 esto,
346 1865 400 1892 vini
415 1871 489 1893 utere
511 1870 575 1901 potu
596 1865 750 1897 moderato;
775 1865 838 1893 licet
862 1865 911 1893 de-

112 1915 226 1946 gustare
240 1917 337 1938 carnes
350 1911 458 1946 pariter,
474 1917 512 1938 est
529 1911 573 1946 qui
587 1911 816 1946 prohibeat-nemo
831 1920 838 1939 :
852 1918 912 1939 om-

116 1956 197 1985 nibus
211 1957 310 1991 fruere,
323 1962 424 1984 tantum
438 1957 541 1985 abstine
556 1965 570 1984 a
586 1961 704 1992 peccato.
720 1957 801 1985 Vides
813 1961 842 1985 ut
854 1964 913 1984 om.

116 2003 196 2030 nibus
207 2002 285 2030 facile
297 2003 331 2030 sit
347 2002 397 2030 hoc
405 2002 552 2037 jejunium?
566 2002 622 2030 Non
635 2002 756 2037 corporis
772 2002 912 2030 imbecilli-

115 2054 199 2077 tatem
212 2050 273 2077 licet
281 2050 427 2078 obtendere
439 2059 446 2077 :
459 2057 561 2077 merum
572 2049 715 2077 estaninue
722 2054 795 2077 recte
804 2049 911 2077 factum.

118 2096 213 2124 Potest
223 2096 303 2124 etiam
314 2096 444 2131 quispiam
458 2103 510 2123 non
521 2095 636 2123 bibendo
644 2096 732 2123 vinum
745 2095 833 2122 ebrius
841 2102 912 2131 esse,

115 2149 144 2171 et
160 2143 250 2170 vinum
265 2142 380 2170 bibendo
390 2143 496 2170 sobrius
508 2149 578 2170 esse.
589 2143 677 2178 Atque
687 2142 841 2170 ebrietatem
852 2149 914 2170 esse

118 2190 222 2224 absque
237 2190 299 2216 vino
312 2189 386 2216 disce
408 2196 440 2216 ex
456 2188 586 2224 propheta
600 2188 716 2220 dicente,
736 2187 781 2215 Va:
798 2188 841 2223 qui
853 2187 915 2215 ebrii

118 2237 179 2264 estis
192 2236 284 2271 absque
298 2237 355 2263 riuo
367 2235 443 2272 (lsai.
454 2236 498 2264 28.
515 2235 586 2271 i),et
600 2236 735 2271 quomodo
749 2235 806 2263 ﬁeri
828 2239 916 2270 potest

119 2289 150 2310 ut
161 2283 264 2318 absque
279 2282 341 2309 vino
355 2282 413 2317 quis
429 2282 591 2310 inebrietur?
604 2282 669 2309 Cum
689 2281 915 2316 perturbationum

120 2336 224 2356 nierum
241 2328 364 2363 religiosa
379 2328 493 2360 ratione,
505 2327 546 2362 pia
561 2327 720 2362 cogitatione
730 2327 839 2355 minime
850 2330 917 2354 tem-

121 2373 238 2409 peraris.
254 2373 347 2400 Potest
360 2377 388 2400 et
407 2373 503 2408 aliquis
525 2373 640 2400 bibemlo
656 2372 745 2399 vinum
758 2373 848 2399 ebrius
863 2379 916 2399 non

121 2428 182 2447 esse
198 2429 204 2446 :
220 2427 254 2447 ac
266 2420 292 2446 ni
306 2420 341 2446 ita
356 2423 436 2450 esset.
459 2427 510 2446 non
529 2419 581 2446 hoc
595 2419 736 2446 Timotheo
756 2419 851 2446 Paulus
864 2418 916 2445 im-

122 2470 255 2501 perasset,
268 2465 303 2493 ad
315 2473 376 2492 eum
391 2465 511 2492 scribens
524 2465 550 2492 in
565 2465 621 2492 haec
636 2464 714 2494 verba
727 2472 734 2492 :
747 2463 848 2491 Modico
861 2464 918 2491 vino

122 2518 194 2539 tuere
206 2517 309 2547 propter
320 2511 477 2538 stomachum
492 2516 561 2537 tuum
576 2515 599 2537 et
621 2513 758 2546 frequentes
772 2515 828 2536 tuas
842 2509 917 2544 inﬁr-

123 2559 224 2585 mitates
235 2558 272 2593 (l.
289 2557 354 2584 Tim.
372 2558 397 2585 5.
409 2556 465 2592 25).
477 2557 546 2584 Nihil
558 2557 654 2591 quippe
662 2556 732 2583 aliud
743 2556 917 2588 estebrietas,

124 2613 204 2639 quam
221 2604 303 2631 animi
316 2604 350 2631 de
362 2603 449 2630 nativa
463 2603 575 2630 sanitate
588 2603 751 2633 deturbatio,
763 2602 920 2637 depravatio

125 2651 372 2683 ratiocinationutn,
386 2651 484 2677 mentis
496 2649 615 2684 penuria,
628 2649 747 2677 vacuitas
757 2649 918 2676 intellectus.

126 2696 178 2724 Ista
194 2703 258 2724 vero
270 2703 324 2723 non
338 2695 454 2723 ebrietas
468 2695 550 2722 efﬁcit
563 2699 664 2721 tantum
684 2702 717 2722 ex
731 2694 803 2727 vino.
825 2701 919 2722 verum

126 2742 243 2770 ebrietas
264 2741 345 2769 etiam
359 2748 393 2769 ex
412 2741 450 2768 ira
469 2744 496 2769 et
514 2740 658 2775 cupiditate
675 2747 689 2767 a
707 2740 808 2768 ratione
822 2740 919 2768 aliena.

156 2843 168 2859 '
187 2845 243 2874 μοι.
255 2843 281 2874 2.
295 2846 323 2867 et
332 2843 427 2868 Coislin.
440 2842 538 2871 addunt,
546 2841 677 2874 spirituali.

159 2873 196 2906 (tt)
211 2873 303 2900 dottam
327 2881 382 2899 cum
403 2878 443 2899 tus.
466 2877 523 2905 Reg.
540 2873 618 2905 2424,
639 2874 680 2898 ubi
702 2873 827 2901 admodum
849 2879 922 2904 pauca

960 621 1025 649 Nam
1036 622 1258 657 quemadmodum
1271 622 1370 650 febrem
1385 624 1495 659 gignunt
1509 625 1614 660 vigilim,
1628 626 1710 662 gignit
1722 632 1747 655 et

959 667 1085 702 fatigatio,
1101 668 1185 704 gignit
1193 669 1307 702 tristitia,
1319 670 1402 704 gignit
1411 677 1516 704 quoque
1526 671 1631 698 vitiatus
1642 671 1748 705 humor,

959 717 986 740 et
998 713 1104 741 diversa
1119 713 1224 747 quidem
1238 718 1278 741 est
1292 722 1382 746 causa,
1399 723 1449 741 una
1461 723 1524 742 vero
1535 717 1622 750 passio
1635 717 1748 751 etzegri-

960 759 1023 787 tudo
1039 766 1045 786 :
1061 760 1100 787 sic
1113 765 1140 788 et
1156 760 1181 787 in
1196 760 1254 787 istis
1271 760 1426 788 ebrietatem
1441 760 1509 796 parit
1527 761 1632 796 quidem
1648 762 1749 794 vinum,

960 805 1028 839 parit
1045 809 1071 832 et
1085 805 1224 840 cupiditas,
1245 807 1312 840 parit
1333 810 1360 833 et
1374 805 1471 834 humor
1486 811 1626 842 corruptus
1639 815 1645 838 ;
1666 812 1692 835 et
1706 807 1749 834 di-

960 859 1035 878 versa
1050 851 1156 886 quidem
1177 856 1218 878 est
1240 851 1360 883 materia,
1379 860 1430 879 una
1451 860 1514 880 vero
1532 853 1619 888 passio
1634 857 1661 880 et
1673 853 1750 887 :rgri-

961 896 1034 923 tudo.
1048 896 1234 923 Abstineamus
1247 896 1282 924 ab
1294 896 1421 924 ebrietate
1438 906 1444 924 :
1467 905 1520 924 non
1534 897 1604 930 dico,
1619 898 1751 925 abstinea-

960 949 1020 969 mus
1032 949 1046 968 a
1064 942 1143 974 vino,
1161 942 1220 975 sed,
1242 942 1275 969 ab
1296 942 1424 970 ebrietate
1438 942 1627 974 abstineamus,
1644 950 1696 971 non
1710 943 1751 970 vi-

961 995 1024 1014 num
1038 986 1119 1015 efficit
1133 987 1288 1015 ebrietatem
1303 996 1310 1013 ε
1325 993 1367 1015 est
1387 988 1457 1015 enim
1480 988 1525 1016 Dei
1544 993 1682 1021 creatura;
1704 989 1751 1017 Dei

960 1040 1042 1067 porro
1050 1037 1170 1060 creatura
1179 1033 1244 1060 nihil
1256 1033 1337 1061 efficit
1349 1034 1410 1060 mali
1423 1041 1430 1061 :
1441 1034 1487 1061 sed
1502 1034 1623 1063 voluntas
1637 1034 1752 1069 maligna

960 1078 1042 1106 efficit
1057 1079 1223 1106 ebrietatem.
1239 1080 1324 1114 Atque
1346 1083 1375 1106 ut
1394 1080 1463 1106 scias
1481 1078 1558 1106 aliter
1577 1079 1657 1106 etiam
1674 1087 1753 1115 posse

959 1125 1111 1160 quempiam
1126 1125 1228 1153 ebrium
1242 1125 1298 1153 fieri
1311 1133 1363 1153 non
1377 1126 1433 1154 solo
1448 1126 1519 1158 vino,
1534 1125 1594 1153 audi
1608 1126 1669 1161 quid
1680 1126 1752 1153 dicat

961 1173 1059 1201 Paulus
1074 1182 1082 1200 :
1100 1172 1188 1200 Nolite
1200 1172 1319 1200 inebriari
1334 1174 1391 1200 vino
1403 1172 1508 1207 (Ephes.
1521 1173 1547 1200 5.
1564 1173 1620 1207 18),
1633 1172 1752 1200 indicans

961 1219 1037 1246 aliter
1059 1219 1139 1247 etiam
1159 1219 1248 1247 ebrios
1267 1226 1327 1246 esse
1350 1226 1397 1246 nos
1421 1226 1508 1253 posse.
1527 1218 1615 1245 Nolite
1633 1218 1752 1244 inebriari

961 1267 1029 1298 vino,
1053 1264 1079 1292 in
1101 1273 1151 1298 quo
1170 1269 1205 1292 est
1226 1264 1327 1291 luxuria
1351 1271 1360 1291 :
1386 1263 1499 1291 mirabili
1521 1263 1633 1298 quadam
1649 1264 1753 1290 ratione

962 1310 1052 1345 paucis
1074 1309 1162 1337 verbis
1184 1317 1291 1337 onmem
1308 1309 1443 1337 ebrietatis
1462 1308 1656 1336 accusationem
1679 1315 1753 1335 cout-

963 1358 1056 1391 plexus
1068 1360 1118 1384 est.
1132 1355 1200 1390 Quid
1220 1360 1271 1389 est,
1288 1355 1376 1382 Nolite
1389 1355 1507 1382 inebriari
1525 1354 1594 1386 vino,
1612 1354 1639 1380 in
1653 1361 1702 1388 quo
1716 1357 1753 1380 est

961 1403 1085 1430 luxuria?
1096 1402 1258 1430 Lusuriosos
1280 1403 1348 1429 inter
1366 1401 1478 1436 juvenes
1498 1407 1544 1428 eos
1558 1406 1693 1432 vocamus,
1707 1398 1754 1434 qui

962 1458 1022 1477 cum
1039 1453 1173 1485 paternam
1194 1453 1355 1484 acceperunt
1375 1448 1564 1480 hereditatem,
1579 1451 1672 1474 cuncta
1687 1452 1752 1473 con-

963 1496 1050 1524 festim
1064 1496 1217 1531 dilapidant,
1233 1502 1282 1523 nec
1301 1493 1467 1529 perpendunt
1480 1493 1523 1521 cui
1538 1492 1652 1520 dandum
1668 1492 1711 1524 sit,
1726 1496 1754 1519 et

962 1543 1069 1579 quando
1083 1543 1117 1570 sit
1129 1542 1255 1575 dandum,
1269 1541 1398 1569 sednullo
1417 1539 1521 1567 delectu
1534 1544 1559 1567 et
1570 1543 1655 1566 vestes
1668 1542 1694 1566 et
1704 1545 1753 1565 au-

963 1598 1022 1618 rum
1035 1595 1060 1617 et
1070 1593 1208 1624 argentum
1221 1594 1366 1622 omnesque
1377 1591 1500 1622 paternas
1515 1593 1579 1621 opes
1592 1586 1617 1612 in
1632 1583 1754 1611 meretri-

963 1644 1008 1664 ces
1019 1640 1046 1664 et
1059 1635 1206 1670 impudicos
1218 1634 1390 1663 distribuunt.
1404 1633 1466 1660 Tale
1476 1632 1600 1668 quiddam
1615 1636 1656 1659 est
1667 1630 1755 1659 ebrie-

964 1688 1004 1710 tas
1017 1691 1023 1708 :
1036 1681 1303 1716 tamquamjuvenem
1318 1679 1482 1708 luxuriosum
1497 1677 1624 1705 invadens
1639 1681 1754 1705 mentem

966 1728 1110 1760 ebriorum,
1125 1727 1228 1754 ratione
1242 1725 1362 1753 servituti
1373 1724 1532 1760 mancipata,
1548 1728 1652 1751 nostras
1662 1729 1755 1750 omnes

965 1773 1047 1801 animi
1059 1779 1198 1801 sensorum
1213 1779 1280 1807 opes
1294 1770 1486 1799 incoasidcrate
1498 1777 1530 1797 ac
1541 1769 1599 1796 sine
1613 1768 1664 1796 ulla
1674 1767 1756 1795 animi

964 1818 1111 1846 attentione
1123 1817 1194 1853 cogit
1205 1815 1351 1845 etl‘undere.
1365 1815 1415 1849 Qui
1429 1815 1519 1843 ebrius
1528 1819 1579 1846 est,
1594 1814 1678 1842 nescit
1692 1813 1755 1849 quid

965 1864 1106 1893 dicendum
1119 1864 1164 1897 sit,
1187 1864 1250 1900 quid
1271 1863 1428 1895 tacendum;
1452 1861 1498 1889 sed
1519 1866 1648 1898 perpetuo
1662 1865 1757 1896 patens

966 1912 1091 1947 nullaque
1107 1911 1271 1938 obstructum
1284 1910 1364 1945 janua
1386 1913 1427 1936 est
1449 1915 1479 1935 os
1493 1907 1574 1943 ejus:
1600 1915 1653 1934 non
1673 1905 1756 1933 vectis

966 1959 1101 1994 appositus
1112 1962 1152 1985 est
1161 1957 1252 1989 labris,
1268 1963 1319 1984 non
1332 1955 1422 1990 janua.
1437 1954 1486 1989 Qui
1501 1954 1590 1982 ebrius
1603 1957 1654 1985 est,
1667 1952 1758 1986 dispo-

967 2012 1031 2032 nere
1045 2010 1181 2032 scrrnones
1195 2009 1259 2030 suos
1273 2002 1299 2029 in
1311 2001 1411 2036 judicio
1426 2000 1520 2032 nescit,
1540 1999 1637 2026 mentis
1651 1997 1758 2025 divitias

967 2050 1152 2078 administrare
1160 2049 1244 2076 nescit
1256 2057 1263 2076 :
1275 2055 1327 2076 non
1337 2047 1410 2075 novit
1419 2046 1476 2074 huic
1484 2045 1589 2081 quidem
1600 2043 1756 2075 recondere,

968 2097 1013 2124 illa
1027 2104 1090 2124 vero
1103 2094 1263 2130 expendere,
1285 2093 1331 2122 sed
1353 2092 1443 2120 omnia
1463 2092 1506 2119 illa
1529 2091 1561 2118 ad
1577 2091 1711 2125 impensas
1731 2093 1758 2116 et

967 2143 1111 2171 effusiones
1124 2141 1306 2169 traducuntur.
1319 2139 1485 2174 Spontaneus
1498 2142 1538 2165 est
1550 2136 1624 2164 furor
1633 2136 1758 2165 ebrietas.

969 2189 1083 2224 proditio
1111 2187 1322 2223 cogitationum;
1342 2185 1458 2214 ebrietas
1479 2183 1590 2212 ridicula
1609 2182 1758 2214 calamitas,

969 2234 1078 2262 morbus
1092 2233 1183 2261 sannis
1197 2232 1341 2268 expositus,
1355 2230 1520 2258 voluntarius
1533 2229 1649 2262 dzemon,
1666 2231 1694 2256 et
1703 2227 1759 2262 ipsa

970 2281 1108 2308 molestior
1119 2279 1231 2307 insania.

1006 2327 1034 2354 2.
1047 2325 1183 2353 Εὺνίειαιὶδ
1205 2325 1335 2359 imago.—
1347 2322 1404 2350 Vin‘
1431 2326 1458 2349 tn
1473 2320 1585 2351 discere,
1609 2327 1662 2354 quo
1682 2322 1762 2353 pacto

971 2372 1135 2400 dminoniaco
1144 2371 1233 2398 ebrius
1248 2370 1283 2397 sit
1295 2368 1428 2396 deteriori
1441 2367 1599 2395 Miscremur
1608 2366 1666 2400 ejus
1674 2364 1720 2400 qui
1744 2372 1759 2391 a

971 2418 1102 2445 daemonio
1120 2420 1239 2449 vexatur,
1253 2420 1280 2443 at
1290 2414 1361 2442 hunc
1375 2413 1464 2441 odisse
1486 2412 1620 2443 solemus;
1633 2411 1671 2438 illi
1693 2417 1760 2438 con-

971 2465 1103 2497 dolemus,
1114 2463 1176 2491 huic
1189 2467 1278 2490 autem
1291 2462 1430 2489 irascimur
1448 2463 1475 2486 et
1489 2458 1666 2493 indignamur.
1690 2455 1761 2489 Quid

973 2511 1007 2538 ita
1024 2510 1080 2546 (b)?
1094 2510 1166 2537 Illius
1180 2508 1249 2536 enim
1261 2507 1368 2536 morbus
1382 2506 1489 2542 injuria,
1501 2504 1578 2540 hujus
1599 2511 1661 2532 vero
1677 2503 1762 2538 negli-

972 2556 1060 2592 gentia
1072 2561 1112 2583 est
1125 2555 1296 2590 appellandus
1308 2562 1316 2588 ;
1331 2554 1356 2581 in
1367 2554 1413 2581 illo
1421 2553 1522 2580 insidia:
1536 2551 1712 2583 inimicorum,
1733 2550 1761 2577 in

974 2603 1025 2630 hoc
1038 2602 1139 2630 insidia:
1149 2601 1336 2632 consiliorum;
1351 2607 1399 2627 nec
1412 2600 1489 2626 aliter
1502 2597 1611 2626 allectus
1621 2601 1661 2624 est
1670 2595 1761 2623 ebrius

973 2657 1005 2677 ac
1018 2649 1197 2677 dremoniacus
1208 2656 1215 2676 :
1228 2648 1325 2683 pariter
1332 2646 1528 2680 circumagitur,
1541 2643 1637 2678 pariter
1647 2642 1680 2670 de
1692 2645 1762 2670 statu

974 2696 1072 2724 mentis
1081 2695 1199 2730 dejectus
1211 2698 1263 2728 est,
1283 2693 1383 2728 pariter
1406 2691 1532 2724 concidit,
1547 2689 1646 2725 pariter
1671 2687 1762 2714 oculo-

975 2750 1034 2770 rum
1053 2741 1168 2777 pupillas
1181 2743 1349 2775 contorquet,
1374 2738 1473 2773 pariter
1485 2736 1577 2772 iacens
1591 2735 1617 2762 in
1633 2739 1704 2762 terra
1715 2739 1763 2769 pe-

975 2842 1120 2868 dlscrimiua.
1131 2843 1191 2870 Item
1201 2845 1256 2864 cum
1268 2842 1326 2870 Reg.
1338 2837 1410 2870 202],
1422 2841 1512 2863 etcum
1521 2833 1663 2860 coisllniatto
1669 2830 1724 2858 ιω.

1008 2872 1045 2904 (b)
1060 2873 1102 2898 ttlc
1112 2869 1213 2898 multum
1224 2867 1366 2900 variat'tteg.
1374 2867 1399 2893 Ξ.
