1976 3130
200 148 250 176 ιῖιέί

199 207 248 233 des
259 205 340 240 jactat
355 215 361 232 :
377 213 498 241 spumam
509 214 542 234 cx
553 215 599 234 ore
613 206 727 242 projicit,
750 209 778 233 et
792 205 826 232 ita
850 204 986 232 fetentem

198 251 309 278 salivam
319 250 440 284 edundit,
454 256 534 286 atque
547 259 578 279 es
591 251 649 287 ejus
663 251 823 279 intolerabili
838 250 933 278 foetore
946 257 989 276 re-

201 297 299 332 pletum
314 302 365 324 est.
395 297 556 331 Injucundtts
569 298 662 325 amicis
676 302 718 325 est
736 296 776 324 vir
795 295 936 331 ejusmodi,
949 294 987 321 ri-

202 341 301 369 .liculus
315 342 440 374 inimicis,
456 343 664 376 contemptibilis
679 342 796 374 famulis,
812 342 887 368 uxori
901 341 989 375 ingra.

202 394 250 420 :ns,
267 387 391 414 omnibus
405 387 523 420 odiosus,
539 387 602 423 ipsis
613 387 704 414 bestiis
718 386 856 414 molestior
871 394 878 412 2
897 385 987 412 bestia:

196 441 315 468 eousque
325 434 418 460 bibunt
429 441 567 469 quousque
582 434 631 461 fert
643 434 712 465 sitis,
727 437 754 460 et
767 432 937 468 cupiditatem
952 431 988 458 si—

199 484 272 506 stunt
283 479 456 506 necassitate:
468 479 510 506 hic
520 478 721 514 intemperantia
733 478 902 513 cupiditatem
912 482 987 503 tran-

195 524 270 556 silit,
283 530 311 552 et
320 525 421 552 ratione
435 525 588 552 carentibus
602 532 615 551 a
631 524 732 551 rati0ne
744 524 856 551 alienior
865 528 985 558 apparet.

196 568 295 597 Verum
308 571 370 597 illud
382 571 464 598 multo
475 570 667 598 intolerabilius
680 575 730 602 est,
743 568 813 604 quod
826 569 934 596 morbus
948 573 987 596 tot

198 617 275 643 malis
290 615 451 649 redundans,
462 621 554 651 totque
564 623 655 644 secum
669 616 798 642 invehens
809 614 985 647 calamitates,

196 669 228 688 nc
242 662 341 689 crimen
351 661 456 696 quidem
465 667 598 694 censetur;
607 661 654 689 sed
666 661 691 688 in
707 660 817 688 divitum
827 660 927 687 mensis
936 659 986 688 hu-

195 707 237 742 jus
259 708 430 743 turpitudinis
444 708 527 743 gratia
543 716 629 743 pugna
641 708 726 735 oritur
735 711 816 742 atque
829 712 965 734 certamen
976 726 983 739 ,

195 758 274 789 atque
286 753 354 781 inter
367 761 396 781 se
408 754 501 789 majori
514 754 602 781 studio
613 753 787 785 contendunt,
797 752 856 788 quis
867 753 984 787 seipsum

195 800 278 835 magis
290 799 408 834 infamet,
425 801 485 836 quis
509 800 637 835 majorem
659 799 838 828 snbsannandi
864 800 983 827 occasio-

197 852 258 872 nem
274 845 402 879 prtcbeat,
426 846 486 880 quis
507 852 604 873 nervos
629 844 743 880 amplius
761 843 896 879 infringat,
924 851 984 880 qus

193 891 282 918 viresI
296 891 408 926 amplius
421 891 551 924 debilitet,
573 891 633 927 quis
653 898 820 918 communem
842 891 982 918 Dominum

194 937 300 970 gravius
314 936 400 964 irritet
415 946 420 963 :
434 945 465 964 ac
491 937 581 965 videre
596 942 637 964 est
651 937 766 964 stadium
794 942 984 972 certamenque

193 981 364 1013 diabolicum.
380 982 476 1010 Ebrius
496 982 609 1010 mortuis
623 982 747 1010 miserior
760 986 801 1009 est
816 991 822 1009 :
851 982 981 1018 siquidem

196 1027 240 1056 ille
253 1034 332 1054 sensu
346 1028 488 1055 destitutus
500 1033 580 1062 jacet,
596 1035 683 1063 neque
698 1027 765 1055 bona
778 1028 831 1055 ulla
847 1028 890 1055 vel
913 1029 980 1055 mala

191 1076 279 1106 potest
289 1073 406 1107 operari;
416 1073 458 1100 hic
468 1081 531 1101 vero
542 1073 575 1100 ad
585 1074 653 1101 mala
661 1074 830 1109 exsequenda
843 1079 981 1109 promptus

190 1119 365 1150 n>st,etanima
377 1119 402 1146 in
416 1126 527 1155 corpore
538 1125 671 1155 tamquam
680 1119 706 1148 in
714 1125 888 1148 munumento
896 1119 981 1149 defos-

190 1170 219 1189 sa
235 1168 368 1191 mortuum
383 1171 481 1200 corpus
493 1165 657 1195 circumfert.
674 1165 754 1194 Vides
770 1171 799 1194 ut
811 1167 934 1194 miserior
945 1167 980 1194 sit

189 1209 364 1244 d.cmonioco,
377 1215 405 1238 ut
419 1211 503 1247 magis
512 1219 592 1247 quam
604 1213 702 1240 mortui
719 1220 800 1240 sensu
815 1213 980 1240 destitutus?

190 1255 249 1283 Vin‘
262 1261 290 1283 tu
303 1257 389 1284 dicam
404 1257 430 1284 id
441 1257 513 1292 quod
525 1257 566 1285 his
580 1258 704 1286 omnibus
717 1258 803 1294 majus
822 1264 863 1286 est
877 1264 904 1287 et
915 1267 979 1294 gra-

189 1309 197 1325 \
207 1301 265 1328 ius?
279 1301 376 1330 Ebrius
390 1303 471 1330 homo
491 1303 518 1331 in
543 1311 653 1338 regnum
667 1304 796 1332 caelorum
812 1305 912 1332 intrare
925 1312 978 1332 non

188 1352 275 1382 potest
288 1355 294 1374 :
310 1349 370 1382 quis
383 1347 441 1375 haec
454 1348 537 1376 dicit?
547 1349 654 1378 Paulus.
673 1349 763 1377 Nolite
784 1358 868 1378 ενι-αττ
879 1358 888 1378 :
901 1359 979 1385 neque

188 1393 329 1427 t'ornicm‘i,
342 1402 420 1428 neque
431 1395 505 1422 idolis
515 1396 655 1428 seruientes,
673 1404 752 1431 neque
765 1396 885 1428 adulteri,
898 1405 978 1431 neque

187 1439 285 1471 molles,
308 1448 386 1475 neque
403 1440 575 1468 "uasculorum
599 1442 781 1475 concubitores,
806 1451 886 1479 neque
896 1444 975 1478 fures,

187 1492 266 1519 neque
275 1485 356 1518 avari,
369 1493 447 1521 neque
457 1486 558 1518 ebriosi,
572 1495 651 1522 neque
663 1488 790 1521 maledici,
803 1497 882 1524 neque
901 1497 977 1524 rapa-

187 1537 225 1556 τιτι
245 1538 350 1565 regnum
371 1529 420 1558 Dei
439 1532 601 1565 possidebunt
620 1532 665 1569 (i.
682 1533 740 1560 Cor.
756 1534 782 1561 6.
797 1534 823 1561 9.
847 1534 902 1570 10).
919 1536 978 1562 Λυο

187 1575 247 1603 disti
271 1576 377 1611 qualem
393 1577 419 1604 in
434 1577 538 1605 turbam
562 1578 649 1613 ipsum
664 1579 828 1615 conjecerit?
840 1580 906 1609 Cum
925 1582 976 1609 im-

187 1621 305 1655 pudicis,
329 1630 390 1649 cum
411 1624 620 1658 seortatorihus,
643 1633 704 1652 eum
731 1625 888 1660 idololatris,
913 1635 974 1655 cuin

186 1667 312 1702 adulteris
322 1690 329 1701 ,
344 1677 404 1697 cum
427 1670 581 1703 maledicis,
595 1679 656 1699 eum
671 1671 768 1706 avaris,
795 1680 855 1701 eum
869 1674 974 1709 rapaci-

185 1715 243 1742 lnts.
261 1715 328 1749 Quid
342 1716 510 1751 ergo?dicet
523 1718 628 1753 aliquis,
647 1719 752 1747 idemne
774 1724 816 1747 est
836 1719 927 1748 ebrius
948 1725 975 1750 et

181 1761 351 1796 impudicus?
361 1762 431 1790 idem
446 1763 535 1791 ebrius
550 1769 578 1791 et
591 1764 748 1793 idololatra?
761 1766 818 1794 Noli
833 1767 898 1795 mihi
918 1768 975 1796 haec

186 1806 314 1841 ubjieere,
329 1808 365 1836 mi
378 1808 459 1836 homo
474 1818 481 1836 :
495 1810 568 1845 leges
581 1811 684 1839 divinas
695 1820 745 1848 ego
763 1813 882 1845 recitavi,
897 1822 912 1842 a
931 1822 974 1843 me

185 1852 316 1880 rationem
327 1861 362 1881 ne
375 1854 465 1889 exigas
478 1864 484 1882 :
501 1855 610 1884 Paulum
625 1857 770 1894 interroga,
788 1863 842 1886 tum
863 1859 919 1894 ipse
931 1868 975 1887 rc—

183 1899 325 1933 spondebit
339 1909 346 1927 :
360 1909 424 1928 num
437 1902 507 1929 enim
520 1910 580 1931 cum
592 1903 656 1938 ipsis
666 1908 712 1932 aut
732 1905 845 1933 seorsim
857 1906 891 1934 ab
908 1906 974 1941 ipsis

184 1946 315 1981 supplicio
324 1947 474 1987 addicatur,
489 1956 541 1976 non
557 1957 664 1984 possunt
676 1951 765 1979 dicere
783 1960 790 1978 :
815 1960 896 1987 porro
918 1961 972 1981 non

185 1991 274 2019 minus
285 1985 363 2027 quain
378 1993 555 2025 idololatram,
568 1995 641 2023 illum
661 2005 675 2023 a
691 2004 774 2031 regno
794 1985 920 2025 celerum
931 2006 974 2026 ex-

183 2037 282 2068 cidere,
301 2037 326 2064 id
341 2046 405 2065 vero
424 2039 522 2074 oppido
547 2041 721 2069 confirmabo.
738 2042 804 2070 Cum
819 2043 898 2077 igitur
921 2043 973 2072 hoc

182 2082 208 2110 in
230 2083 353 2111 confesso
374 2084 419 2117 sit,
434 2085 497 2119 quid
512 2094 527 2113 a
542 2094 585 2113 me
595 2087 722 2122 deinceps
743 2088 873 2116 rationem
891 2097 971 2124 repo-

183 2128 237 2158 scis
247 2128 280 2156 de
294 2130 393 2163 peccati
405 2132 544 2158 mensura?
556 2133 620 2160 Cum
632 2134 703 2160 enim
714 2138 791 2162 extra
800 2134 871 2162 fores
886 2143 973 2163 rema-

181 2179 253 2207 neat,
265 2182 325 2202 cum
339 2183 355 2203 a
370 2183 452 2211 regno
470 2177 586 2210 excidat,
609 2186 669 2206 cum
688 2187 785 2215 expers
804 2180 849 2207 fiat
867 2181 969 2214 salutis,

181 2226 241 2246 cum
256 2220 289 2248 ad
302 2221 459 2256 supplicium
471 2223 628 2251 amandatur
636 2229 777 2259 :rternutn,
789 2225 852 2260 quid
866 2231 892 2253 tu
907 2227 971 2255 mihi

182 2271 349 2299 peccatorum
363 2275 500 2296 mensuras
515 2273 542 2296 et
555 2269 674 2298 bilances
682 2276 710 2299 et
721 2272 833 2300 trutinas
843 2272 947 2308 profers
960 2274 972 2301 ?

181 2309 289 2346 indigna
305 2319 414 2346 prorsus
425 2321 468 2341 res
481 2319 522 2342 est
536 2315 664 2349 ebrietas,
677 2317 855 2351 dilectissimi,
877 2324 904 2347 et
917 2319 972 2346 im-

181 2362 293 2390 portuna
313 2357 402 2385 valde.
423 2358 480 2386 Non
496 2367 556 2389 mea
570 2369 618 2389 vos
632 2366 734 2397 spectat
756 2363 843 2391 oratio
857 2372 864 2390 :
880 2365 948 2393 absit
963 2374 970 2392 :

180 2402 258 2437 plane
272 2403 402 2438 siquidem
415 2405 497 2433 credo
507 2412 622 2434 vestram
638 2408 754 2439 animam
766 2408 800 2437 ab
813 2410 971 2445 aegritudine

181 2447 230 2477 hac
244 2453 272 2475 et
295 2450 388 2478 morbo
408 2459 467 2479 esse
490 2452 635 2482 immunem
651 2463 660 2482 :
678 2462 709 2483 ac
728 2460 824 2484 vestra:
850 2458 971 2486 sanitatis

179 2499 365 2528 argumentum
381 2500 431 2529 est,
443 2497 514 2531 quod
530 2497 572 2525 hic
586 2500 738 2533 versemini,
753 2502 824 2537 quod
845 2502 898 2530 huc
911 2503 972 2531 dili-

178 2543 274 2573 genter
297 2543 474 2575 conveniatis,
501 2544 571 2578 quod
586 2550 686 2574 attente
707 2547 840 2576 audiatis:
867 2557 946 2577 nemo
960 2571 969 2583 ,

178 2585 225 2619 qui
236 2585 298 2613 vino
311 2586 470 2622 inebrietur,
484 2589 633 2619 divinorum
644 2599 706 2620 esse
721 2594 834 2629 cupidus
850 2596 970 2630 eloilniu-

178 2638 239 2662 rum
254 2637 352 2666 potest.
377 2631 464 2661 Nolite
477 2635 595 2664 inebriari
608 2639 664 2665 vino
675 2659 682 2671 ,
707 2639 733 2666 in
748 2647 797 2675 quo
809 2645 846 2668 ert
855 2641 968 2676 luxuria,

177 2677 222 2704 ard
237 2678 376 2714 imitemini
396 2680 495 2713 Spiritu
517 2681 624 2717 (Ephes.
647 2684 673 2712 5.
696 2685 749 2720 l8).
775 2686 906 2716 Prtcclara
929 2693 970 2717 est

177 2722 238 2751 hate
261 2725 395 2754 ebrietas:
422 2726 472 2756 hac
497 2729 611 2764 Spiritus
625 2732 733 2766 crapula
758 2737 828 2761 tuam
852 2735 968 2764 animam

177 2776 284 2804 sopora,
300 2779 335 2800 ne
345 2773 474 2802 ebrietate
488 2783 598 2810 sapores
611 2785 618 2804 :
634 2785 790 2814 prmoccupa
812 2786 928 2808 mentem
942 2787 970 2810 et

176 2838 340 2896 "anno,
354 2846 464 2873 mentem,
484 2850 537 2875 pro,
547 2843 610 2870 vires
619 2851 629 2871 :
641 2853 695 2877 quas
704 2846 778 2873 lectio
789 2854 837 2874 non
850 2853 888 2875 est
898 2856 969 2881 sper-

555 148 584 177 S.
604 146 744 178 JOANNIS
771 141 1010 173 CHRYSOSTOMI
1030 138 1188 171 ARCHIEP.
1208 138 1476 171 CONSTANTINOP.

1782 140 1836 169 ‘35

1043 202 1228 237 cogitationes,
1237 208 1271 229 ne
1280 200 1368 228 locum
1378 198 1518 235 impudens
1531 198 1576 226 ille
1586 197 1694 226 morbus
1705 196 1835 225 inveniat.

1042 248 1187 282 Propterea
1200 254 1253 274 non
1267 246 1344 279 dixit,
1361 245 1509 280 Partleipes
1526 249 1613 272 estote
1632 244 1758 279 Spiritus,
1786 244 1834 271 sed

1042 292 1188 328 Implemini
1202 291 1302 328 Spiritu
1317 300 1327 318 :
1339 291 1372 318 ad
1388 298 1523 318 summum
1537 298 1622 326 usque
1631 295 1751 318 mentem
1766 295 1832 317 tam-

1043 347 1123 374 quam
1135 339 1243 366 calicem
1261 338 1342 372 imple
1363 337 1476 373 Spiritu,
1500 342 1528 364 ut
1542 337 1607 364 nihil
1627 336 1754 372 deinceps
1770 337 1832 372 inji-

1041 393 1102 412 cere
1113 385 1196 419 possit
1209 384 1332 412 diabolus
1345 393 1351 411 :
1366 391 1419 411 non
1434 383 1505 411 enim
1521 384 1614 418 quovis
1625 383 1706 411 modo
1721 385 1830 419 partici-

1042 439 1087 466 pes
1098 440 1145 458 nos
1159 431 1214 458 fieri
1231 430 1330 465 Spiritu
1345 429 1399 465 jam
1412 434 1527 465 oportet,
1541 430 1589 457 sed
1603 430 1703 465 Spiritu
1714 431 1831 467 impleri,

1041 477 1159 512 psalmis,
1176 477 1293 512 hymnis,
1307 477 1419 504 canticis
1429 477 1624 512 spiritualibus,
1640 478 1737 512 quibus
1750 477 1832 505 hodie

1040 523 1132 558 repleti
1145 524 1210 551 estis
1226 531 1233 550 :
1249 528 1411 558 quapropter
1420 523 1454 550 de
1470 524 1643 559 temperantia
1657 529 1745 552 vestra
1764 532 1831 552 ρους

1041 568 1104 596 fido.
1119 569 1265 596 Praeclarus
1279 574 1322 597 est
1335 569 1413 597 nobis
1425 569 1563 597 ebrietatis
1576 569 1647 597 calix
1665 579 1672 597 :
1697 575 1739 598 est
1762 571 1831 598 calix

1039 615 1185 647 ebrietatis,
1199 616 1243 650 qui
1269 615 1474 650 temperantiam
1490 615 1585 651 gignit,
1604 623 1657 643 non
1672 615 1830 651 paralysim.

1038 660 1165 694 Quisnam
1182 661 1226 688 ille
1241 661 1342 695 porro?
1355 661 1429 689 Calix
1441 661 1598 696 spiritualis,
1610 662 1678 689 calix
1693 662 1831 692 saluutris.

1037 707 1106 734 calix
1129 707 1285 742 impollutus
1313 707 1445 735 Dominici
1472 707 1608 742 sanguinis
1632 717 1638 734 :
1665 715 1718 735 non
1747 708 1832 743 gignit

1037 752 1194 781 ebrietatem
1206 753 1250 780 ille
1262 753 1342 786 calix,
1361 761 1415 781 non
1425 753 1570 788 paralysim
1580 753 1672 788 gignit.
1685 753 1742 781 Non
1758 754 1831 781 enim

1037 799 1111 827 vires
1126 800 1256 832 dissolvit,
1269 800 1317 828 sed
1330 800 1401 828 vires
1416 800 1531 834 excitat,
1549 800 1593 828 ille
1602 807 1701 828 nervos
1716 807 1772 827 non
1787 800 1830 827 in-

1037 845 1138 881 fringit,
1152 846 1198 874 sed
1220 846 1335 873 intendit
1349 855 1355 873 :
1370 845 1542 873 sobrietatem
1555 847 1654 881 quippe
1672 846 1771 878 aliert;
1786 846 1831 873 ille

1035 892 1136 927 angelis
1149 893 1314 920 venerandus
1328 898 1382 927 est,
1405 893 1571 920 daemonibus
1599 893 1763 926 tremendus,
1779 893 1830 921 ho-

1035 939 1151 966 minibus
1163 941 1305 972 pretiosus,
1316 939 1429 967 Domino
1443 940 1575 967 amabilis.
1587 940 1667 968 Vides
1681 940 1746 975 quid
1759 941 1830 968 dicat

1036 984 1118 1012 David
1133 985 1167 1013 de
1181 985 1313 1020 spirituali
1326 986 1410 1013 calice
1423 986 1485 1017 isto,
1505 986 1550 1021 qui
1571 987 1724 1021 propositus
1747 991 1789 1013 est
1803 987 1831 1013 in

1035 1031 1084 1059 ltac
1100 1039 1191 1060 tnensa
1202 1032 1213 1058 τ
1228 1031 1332 1059 Parasti
1343 1033 1369 1059 in
1376 1038 1509 1067 campum
1525 1041 1578 1060 meo
1587 1042 1699 1061 "tensam
1708 1033 1831 1061 aduersus

1034 1085 1085 1109 eos,
1101 1077 1272 1112 quitribttlant
1285 1086 1323 1105 me
1337 1087 1346 1104 :
1361 1079 1527 1114 impinguasli
1539 1080 1564 1105 in
1575 1080 1630 1106 oleo
1641 1084 1718 1114 caput
1732 1087 1828 1109 meum,

1033 1129 1056 1150 et
1067 1123 1136 1152 calta:
1149 1129 1208 1151 tuus
1223 1124 1350 1152 inebrians
1364 1134 1440 1160 quant
1455 1126 1595 1161 praclarum
1618 1132 1655 1154 est
1668 1126 1756 1161 (Psal.
1779 1127 1828 1154 22.

1032 1169 1071 1203 5).
1086 1170 1190 1198 Etenim
1207 1179 1241 1198 ne
1255 1171 1347 1198 audito
1369 1172 1477 1199 nomine
1503 1171 1642 1200 ebrietatis
1662 1173 1752 1200 subito
1771 1180 1829 1200 me-

1034 1221 1134 1249 tueres,
1147 1221 1174 1243 et
1185 1217 1315 1252 ejusmodi
1332 1221 1440 1252 putares
1453 1225 1524 1251 esse,
1540 1223 1570 1245 ut
1584 1218 1769 1246 inﬁrmitatem
1786 1219 1829 1246 in-

1031 1263 1120 1296 ducat,
1139 1263 1262 1299 adjunxit
1286 1271 1347 1292 esse
1358 1265 1516 1299 pra-clarum
1527 1269 1553 1292 et
1577 1265 1694 1292 firmum.
1722 1265 1830 1292 Novum

1031 1309 1169 1337 tbrietatis
1183 1317 1276 1344 genus,
1291 1310 1373 1337 robur
1388 1310 1507 1337 immittit
1520 1315 1548 1338 et
1561 1310 1676 1338 validum
1692 1311 1780 1338 reddit
1795 1319 1830 1337 ac

1031 1360 1166 1390 potentem
1184 1365 1191 1383 :
1206 1356 1304 1391 quippe
1313 1356 1383 1391 quod
1402 1363 1434 1384 ex
1450 1356 1579 1391 spirituali
1601 1362 1675 1392 petra
1691 1356 1830 1391 profluxe-

1029 1401 1066 1429 rit
1079 1411 1086 1429 :
1098 1410 1150 1430 non
1165 1407 1207 1431 est
1226 1403 1381 1438 depravatio
1404 1404 1607 1438 cogitationum,
1623 1404 1669 1431 sed
1696 1404 1829 1438 spiritua-

1030 1448 1093 1476 lium
1107 1449 1296 1484 cogitationum
1311 1449 1500 1477 accumulatio.

1066 1496 1093 1523 5.
1113 1495 1168 1524 liae
1182 1496 1311 1524 ebrietate
1331 1496 1397 1524 ebrii
1425 1497 1520 1529 simus,
1547 1497 1582 1525 ab
1593 1496 1637 1524 illa
1656 1504 1722 1524 vero
1741 1496 1828 1524 absti-

1029 1548 1149 1573 neamus,
1166 1549 1200 1569 ne
1213 1547 1371 1576 praesentem
1387 1542 1581 1570 solemnitatem
1607 1542 1739 1570 dedecore
1762 1542 1827 1570 affl-

1028 1587 1129 1614 ciamus
1142 1595 1149 1614 :
1163 1595 1216 1614 non
1226 1588 1297 1615 enim
1312 1593 1388 1615 terra:
1403 1593 1516 1622 tantum,
1530 1588 1576 1616 sed
1592 1593 1619 1616 et
1632 1588 1688 1616 (ιωιί
1698 1594 1739 1616 est
1753 1596 1830 1624 pne.

1028 1641 1090 1660 sens
1112 1633 1287 1666 solemnitas;
1309 1633 1388 1662 hodie
1404 1634 1530 1669 gaudium
1545 1634 1625 1662 estin
1646 1639 1727 1668 terra,
1743 1635 1828 1662 hodie

1027 1678 1152 1714 gaudium
1178 1679 1205 1706 in
1223 1680 1309 1707 cado:
1324 1679 1347 1707 si
1367 1680 1438 1707 enim
1461 1687 1518 1708 uno
1540 1685 1681 1715 peccatore
1692 1688 1828 1708 converso

1026 1726 1151 1762 gaudium
1164 1730 1206 1753 est
1218 1727 1245 1753 in
1259 1731 1328 1754 terra
1343 1731 1371 1754 et
1382 1726 1448 1754 eaalo
1475 1727 1486 1761 (
1500 1726 1565 1755 Luc.
1581 1727 1624 1754 l5.
1641 1726 1693 1757 l0)
1705 1747 1713 1760 ,
1738 1728 1827 1755 multo

1027 1772 1112 1807 magis
1125 1777 1230 1800 extorto
1241 1772 1276 1801 de
1287 1773 1385 1801 diaboli
1401 1773 1524 1801 manibus
1539 1779 1595 1802 toto
1609 1774 1677 1802 orbe
1690 1779 1826 1802 terrarum

1026 1819 1150 1854 gaudium
1168 1820 1222 1847 erit
1244 1819 1271 1847 in
1291 1820 1368 1847 caelo.
1384 1819 1460 1848 Nune
1475 1821 1610 1848 exsultant
1631 1820 1729 1855 angeli,
1750 1827 1825 1847 nunc

1026 1864 1148 1892 lit-tantur
1159 1865 1323 1901 archangeli,
1338 1873 1410 1894 nunc
1421 1865 1566 1894 Cherubim
1577 1871 1605 1894 ot
1614 1866 1755 1901 Seraphim
1771 1865 1825 1894 hoc

1026 1910 1163 1938 nobiscum
1184 1910 1281 1938 festum
1303 1911 1440 1939 celebrant
1453 1920 1460 1938 :
1474 1919 1528 1938 non
1542 1911 1602 1939 illos
1613 1911 1698 1946 pudet
1709 1919 1822 1939 conser-

1025 1962 1139 1988 vorum,
1168 1956 1217 1984 sed
1244 1956 1343 1984 nostris
1363 1956 1441 1984 bonis
1465 1957 1640 1992 gratulantur.
1665 1957 1720 1984 Etsi
1749 1959 1824 1985 enim

1024 2007 1146 2030 nostrum
1159 2008 1201 2031 est
1211 2003 1281 2038 quod
1293 2012 1309 2031 a
1325 2003 1438 2031 Domino
1450 2005 1601 2039 accepimus
1619 2005 1732 2038 donum,
1745 2013 1823 2033 com-

1025 2049 1113 2076 munis
1127 2053 1170 2077 est
1183 2053 1270 2076 tamen
1285 2055 1381 2077 etcum
1400 2050 1453 2077 illis
1465 2050 1598 2085 voluptas.
1619 2050 1672 2079 Sed
1688 2051 1752 2086 quid
1770 2059 1823 2086 ego

1024 2103 1172 2124 conservos
1184 2097 1384 2124 commemoro?
1396 2097 1482 2132 ipsum
1504 2097 1644 2125 Dominum
1659 2097 1767 2125 illorum
1790 2105 1822 2124 ac

1025 2146 1147 2169 nostrum
1166 2143 1304 2170 nobiscum
1322 2143 1461 2171 celebrare
1485 2143 1581 2170 festum
1600 2151 1654 2171 non
1677 2143 1777 2178 pudet:
1794 2148 1821 2170 at

1024 2188 1087 2223 quid
1093 2196 1142 2223 ego
1150 2196 1242 2216 rursus
1251 2196 1302 2216 non
1312 2197 1372 2216 eum
1384 2189 1483 2224 pudere
1490 2189 1552 2217 dico
1557 2188 1713 2221 ?Desiderio,
1723 2189 1820 2225 inquit,

1024 2235 1164 2262 desideraui
1177 2235 1224 2262 Itoe
1239 2235 1342 2262 Pascha
1365 2235 1520 2262 manducare
1531 2235 1658 2262 uobiscum
1671 2235 1757 2272 (Luc.
1773 2236 1820 2264 22.

1025 2281 1059 2308 45
1073 2279 1101 2316 ):
1115 2280 1186 2316 quod
1205 2280 1229 2308 si
1253 2281 1363 2308 Pascha:
1378 2280 1473 2308 festum
1497 2281 1635 2308 celebrare
1655 2281 1820 2308 desideravit

1025 2327 1181 2359 nobiscum.
1208 2326 1277 2354 haud
1301 2327 1410 2356 dubium
1435 2327 1500 2362 quin
1529 2331 1557 2355 et
1582 2327 1819 2355 Resurreetionem

1024 2381 1142 2409 quoque.
1154 2373 1266 2407 Quando
1280 2373 1359 2408 igitur
1374 2373 1461 2409 angeli
1474 2373 1600 2408 gaudent,
1614 2378 1642 2401 et
1653 2374 1819 2410 archangeli,

1024 2419 1196 2454 omniumque
1220 2419 1507 2447 Dominus-cmlestium
1527 2420 1655 2447 virtutum
1679 2420 1819 2448 nobiseum

1024 2464 1120 2492 festum
1144 2465 1322 2498 concelebrat,
1346 2473 1407 2501 quae
1422 2465 1529 2493 tandem
1551 2472 1694 2501 superesse
1712 2467 1821 2494 occasio

1024 2511 1137 2539 tristitize
1150 2512 1262 2546 potest?

1061 2555 1142 2584 Nulla
1155 2565 1318 2592 personarum
1333 2557 1462 2584 distinctio
1476 2557 1503 2585 in
1517 2557 1714 2592 participatione
1723 2557 1821 2594 Myste-

1024 2603 1261 2631 ﬂorum-Nullus
1277 2611 1375 2638 pauper
1389 2604 1424 2632 ob
1439 2610 1620 2639 paupertatem
1634 2605 1670 2632 sit
1684 2611 1798 2634 mlestus
1812 2615 1820 2638 ς

1024 2649 1081 2677 haec
1092 2651 1162 2677 enim
1177 2649 1319 2678 celebritas
1333 2656 1375 2677 est
1384 2650 1529 2685 spiritualis
1545 2660 1552 2678 :
1566 2651 1656 2679 nullus
1670 2651 1748 2680 dives
1758 2652 1822 2680 effe-

1023 2700 1098 2724 ratur
1111 2695 1146 2723 ob
1160 2695 1284 2728 divitias;
1299 2695 1363 2723 nihil
1390 2697 1460 2724 enim
1477 2704 1510 2724 ex
1538 2697 1658 2732 pecuniis
1681 2697 1715 2725 ad
1743 2698 1823 2733 hujus

1022 2740 1186 2769 celebritatis
1193 2741 1350 2776 voluptatem
1359 2747 1446 2776 potest
1452 2743 1582 2770 conferre.
1592 2743 1658 2771 Nam
1666 2744 1693 2771 in
1702 2748 1821 2772 externis

1023 2787 1129 2822 quidem
1143 2793 1170 2815 et
1184 2788 1356 2816 saecularibus
1367 2789 1451 2822 festis,
1462 2789 1506 2817 ubi
1522 2790 1634 2818 multum
1650 2799 1767 2823 merum.
1777 2792 1821 2819 ubi

1023 2841 1114 2861 mensa
1125 2833 1223 2862 referta
1247 2839 1275 2862 et
1294 2835 1328 2863 ad
1351 2835 1500 2864 satietatem
1514 2838 1686 2872 comessatio,
1702 2838 1749 2866 ubi
1765 2843 1820 2866 tur-

1024 2879 1115 2914 pitudo
1135 2884 1161 2908 et
1184 2880 1264 2914 risus,
1280 2881 1324 2909 ubi
1337 2882 1423 2910 omnis
1449 2889 1544 2918 pompa
1566 2884 1685 2912 satanica
1702 2893 1709 2912 :
1725 2885 1822 2913 tuente
