1976 3130
141 153 193 182 ιω

142 218 244 248 pauper
261 210 370 244 quidem
397 210 542 243 subtristis,
564 210 656 237 hilaris
678 214 767 237 autem
781 213 822 237 est
843 209 935 237 dives:

141 258 206 294 quid
215 258 251 285 ita
262 258 274 285 τ
286 257 354 292 Quia
367 257 442 285 dives
454 256 559 292 quidem
571 257 707 291 opiparam
723 263 842 284 mensam
855 263 938 291 appo-

142 305 192 336 nit,
217 304 375 338 deliciisque
402 303 515 338 amplius
540 302 657 329 fruitur:
684 309 783 336 pauper
807 306 896 329 autetn
923 309 938 328 a

143 355 301 387 paupertate
313 350 479 385 prohibetur,
490 357 524 377 ne
534 353 633 376 tantam
649 348 872 383 magniﬁcentiam
884 355 939 382 pra:

142 404 174 425 se
190 396 272 424 ferat:
287 396 330 423 hic
341 404 405 423 vero
421 396 485 422 nihil
501 395 554 423 tale
568 400 624 422 est:
639 402 690 422 una
705 393 779 421 diviti
789 399 816 421 et
830 393 939 428 pauperi

143 450 237 471 mensa
250 446 292 470 est
309 451 316 468 :
341 442 403 469 licet
417 442 490 469 dives
515 441 549 468 sit
573 440 714 476 quispiam,
735 439 801 467 nihil
824 438 940 473 adjicere

143 496 244 516 mensae
258 492 361 522 potest;
378 487 441 514 licet
454 494 554 522 pauper
573 487 618 520 sit,
635 486 719 513 nihilo
731 484 857 512 deteriori
873 492 939 511 con-

144 535 246 561 ditione
260 534 296 560 ob
311 538 492 568 paupertatem
507 533 534 560 in
555 533 588 560 iis
601 540 660 568 qua:
678 532 713 559 ad
725 531 941 560 communionem

144 581 291 614 pertinent,
310 580 379 611 erit;
394 578 482 606 divina
496 579 568 606 enim
579 583 621 606 est
635 578 734 613 gratia:
751 583 777 605 et
799 577 863 613 quid
889 577 941 604 mi-

145 626 214 652 raris
229 625 251 653 si
268 625 344 653 diviti
358 630 385 652 et
399 625 528 660 pauperi?
544 625 595 660 Ipsi
608 625 679 652 enim
700 623 856 660 Imperatori
882 623 941 650 dia-

142 670 251 699 demate
272 671 398 698 reditnito
418 692 426 704 ,
454 678 572 705 purpura
597 670 756 702 convestito,
782 669 825 697 cui
849 668 942 696 mundi

145 717 266 752 regimen
277 721 322 745 est
333 717 518 749 commissum,
535 716 573 743 illi
598 715 765 750 Imperatori,
789 719 817 742 ct
832 714 941 750 pauperi

144 764 180 791 ad
194 764 393 799 elcemosynam
415 762 519 791 sedenti
529 770 579 789 una
595 767 636 790 est
663 769 755 789 mensa
783 761 918 796 proposita
933 769 956 807 ε.

147 810 209 837 talia
218 814 281 837 sunt
296 809 434 837 Dotninica
441 809 528 842 dona;
543 816 596 836 non
610 815 659 843 pro
671 808 775 835 ratione
784 807 943 841 dignitatum

143 854 285 890 distinguit
295 854 510 882 communicandi
520 854 662 886 rationem,
673 852 722 881 sed
733 859 782 888 pro
790 851 943 880 conditione

144 902 294 930 voluntatis
306 909 338 929 ac
352 901 459 928 mentis.

183 948 225 984 (a)
240 947 250 985 [
264 948 332 975 Cum
346 948 418 976 enim
431 947 530 975 videris
543 947 571 975 in
584 946 698 974 ecclesia
709 945 786 974 diviti
800 951 944 980 pauperem

146 995 312 1027 adstantem,
322 995 426 1029 privato
442 994 541 1021 homini
554 993 714 1028 principem,
727 991 860 1027 plebeium
873 989 943 1025 opti-

145 1043 224 1073 mati,
240 1048 302 1069 eum
324 1041 370 1076 qui
392 1040 456 1067 foris
471 1040 528 1074 ejus
542 1040 689 1074 potentiam
717 1038 858 1070 tremebat,
873 1036 945 1064 intus

145 1087 236 1115 eidem
251 1088 378 1122 potentia:
390 1087 448 1114 sine
459 1085 600 1114 formidine
613 1085 750 1112 admotum
763 1093 770 1119 ;
785 1084 870 1119 cogita
882 1082 945 1119 quid

147 1133 185 1160 sit
195 1132 258 1160 illud
276 1141 284 1160 :
299 1132 372 1159 Tunc
382 1140 433 1159 una
447 1136 562 1167 parcetur
572 1131 649 1165 lupus
656 1139 712 1158 cum
721 1130 794 1166 agnis
809 1128 883 1165 (leui.
901 1129 944 1156 11.

148 1179 190 1214 6).
201 1179 307 1214 Lupum
318 1183 396 1206 vocat
406 1178 543 1214 Scriptura
553 1178 673 1211 divitem,
682 1185 778 1212 agnum
791 1183 945 1212 pauperem.

149 1225 185 1254 At
196 1234 249 1262 quo
264 1231 344 1261 pacto
353 1225 552 1260 intelligendum
559 1224 855 1258 illud,Communicabit
869 1224 947 1258 lnptts

148 1279 210 1299 cum
225 1279 305 1306 agno,
321 1271 546 1306 quemadmodum
561 1270 636 1298 dives
650 1278 711 1298 cum
731 1270 864 1304 paupere?
879 1269 947 1296 Ani-

151 1324 225 1343 mum
239 1316 383 1351 diligenter
397 1316 516 1344 adverte.
541 1316 619 1344 Stant
640 1323 712 1350 saepe
723 1315 799 1342 dives
810 1318 836 1341 et
849 1321 949 1349 pauper

151 1363 178 1389 iu
201 1362 315 1389 ceclesia
336 1371 343 1388 :
364 1362 447 1389 instat
469 1361 535 1389 hora
562 1361 711 1389 divinorum
736 1361 946 1395 mysteriorum:

151 1409 256 1443 ejicrtur
268 1408 353 1442 dives,
367 1414 458 1442 utpote
470 1415 522 1436 non
534 1408 662 1439 initiatus,
673 1415 775 1444 pauper
789 1415 854 1434 vero
866 1407 948 1434 intro-

153 1456 267 1483 mittitttr
292 1456 319 1482 in
347 1455 462 1483 etelestia
486 1455 673 1487 tabernacula;
694 1462 780 1489 neque
798 1453 950 1487 indignatur

152 1501 244 1534 dives;
260 1501 333 1529 novit
348 1501 419 1528 enim
434 1508 462 1528 se
475 1501 590 1528 alienum
599 1508 658 1530 esse
671 1508 685 1527 a
694 1500 790 1527 divinis
803 1499 948 1535 mysteriis.

154 1546 208 1574 Sed
219 1566 227 1579 ,
240 1546 381 1574 odivinatn
395 1546 506 1582 gratiam
522 1546 529 1573 ι
546 1553 599 1573 non
623 1545 708 1573 solum
731 1553 764 1572 ex
778 1545 824 1573 Dei
838 1552 950 1572 munere

154 1599 202 1627 par
216 1592 321 1627 utrique
335 1591 422 1619 honor
434 1596 475 1619 est
488 1593 513 1619 in
525 1591 635 1620 ecclesia
646 1599 654 1625 ;
665 1591 712 1618 sed
727 1592 806 1618 etiant
819 1590 951 1618 stantibus

154 1639 284 1667 ambobus
294 1646 394 1674 panper
407 1639 480 1666 diviti
492 1639 661 1673 anteponitur
674 1638 699 1665 in
711 1638 816 1673 pietatis
829 1638 950 1670 ratione;

157 1685 276 1720 nihilque
289 1689 399 1720 prosunt
410 1685 448 1712 illi
462 1684 561 1712 divitia:
573 1685 631 1712 sine
646 1683 754 1718 pietate,
770 1683 835 1711 nihil
846 1683 951 1710 ﬁdelem

156 1730 227 1758 bedit
236 1735 389 1765 paupertas,
405 1730 510 1765 quando
525 1738 585 1757 cum
599 1729 694 1757 ﬁducia
707 1729 740 1757 ad
753 1737 858 1757 sacrutn
871 1736 952 1756 acce~

158 1775 197 1803 dit
208 1776 302 1803 altare.
319 1776 382 1803 llmc
392 1780 480 1802 autem
494 1775 565 1808 dico,
580 1775 722 1808 carissimi,
739 1775 772 1803 de
784 1774 954 1803 catechume-

158 1822 210 1855 nis,
223 1830 277 1850 non
289 1829 356 1850 vero
369 1822 527 1857 simpliciter
539 1821 573 1849 de
586 1822 724 1849 divitibus.
748 1822 952 1854 Animadverte,

155 1868 263 1900 dilecte,
279 1869 414 1903 quomodo
427 1876 459 1896 ex
484 1868 596 1895 ecclesia
611 1868 720 1895 recedat
735 1867 868 1901 dominus,
890 1867 953 1895 dum

158 1913 294 1950 mysteriis
307 1914 463 1941 admovetur
475 1913 561 1941 ﬁdelis
581 1914 743 1942 domesticus
757 1922 764 1941 :
780 1914 881 1941 recedit
903 1913 954 1941 do-

157 1961 241 1994 mina,
257 1966 285 1989 et
299 1965 389 1988 manet
400 1961 505 1988 ancilla.
523 1960 591 1988 Deus
608 1961 705 1996 quippe
719 1969 769 1988 non
780 1961 872 1996 accipit
895 1969 954 1995 per-

156 2015 246 2035 mam
262 2006 371 2034 hominis
384 2007 392 2042 (
404 2006 489 2034 Galat.
504 2006 532 2033 2.
548 2007 594 2042 6).
608 2006 665 2034 Non
678 2011 718 2034 est
733 2007 822 2041 itaque
836 2007 863 2033 in
871 2006 957 2034 eccle-

158 2053 198 2080 sia
211 2059 307 2080 servus
321 2057 348 2080 et
361 2052 429 2079 liber
441 2061 447 2079 :
460 2052 507 2079 sed
518 2060 578 2079 eum
593 2053 667 2080 novit
686 2052 821 2087 Scriptura
837 2059 955 2085 servum,

158 2100 203 2135 qui
219 2105 330 2135 peccato
339 2099 460 2127 subditus
472 2104 522 2128 est.
544 2099 610 2126 Nam
625 2099 674 2133 Qui
690 2099 751 2134 facit
764 2104 902 2134 peccatum,
918 2099 959 2126 in-

158 2146 228 2181 quit,
249 2153 337 2172 seram
359 2150 396 2172 est
410 2145 507 2180 peccati
521 2143 618 2181 (Joan.
631 2144 657 2172 8.
670 2145 741 2179 34);
754 2149 781 2172 et
800 2147 861 2172 eum
884 2145 959 2172 novit

159 2191 284 2223 liberum,
297 2191 342 2225 qui
357 2198 405 2226 per
418 2191 533 2218 divinam
547 2190 660 2225 gratiam
670 2190 796 2217 liberatus
807 2190 871 2227 est.]

195 2236 262 2265 Cum
277 2237 371 2264 cadent
392 2236 486 2264 ﬁducia
498 2241 526 2264 et
543 2236 689 2269 lm‘pcrator
699 2241 725 2263 et
741 2244 842 2272 pauper
849 2236 882 2264 ad
891 2236 960 2264 hanc

162 2292 285 2314 mensam
313 2284 443 2312 accedunt
456 2305 464 2317 ,
489 2291 549 2311 cum
564 2283 658 2311 eodem
674 2284 788 2316 honore,
811 2285 866 2311 imo
880 2285 959 2312 etiam

165 2337 287 2366 persaepe
311 2337 371 2357 cum
392 2329 495 2358 honore
521 2337 621 2364 pauper
643 2329 765 2364 ampliori
783 2339 790 2357 :
811 2329 875 2365 quid
904 2330 961 2357 ita?

163 2377 238 2412 Quod
252 2376 402 2411 Imperator
409 2375 515 2411 quidem
530 2376 663 2403 sexcentis
676 2376 790 2411 negotiis
811 2376 961 2411 implicatus

165 2428 300 2458 tamquam
312 2422 386 2449 navis
398 2421 512 2457 undique
524 2427 688 2457 aspergatur,
698 2430 728 2449 ac
735 2422 815 2449 mttlta
823 2422 963 2450 contrahat

167 2473 293 2504 peccata;
319 2476 420 2503 pauper
435 2473 523 2496 autem
538 2468 572 2496 de
594 2469 748 2496 necessario
769 2473 870 2495 tantum
891 2469 963 2496 victu

167 2514 310 2547 sollicitus,
322 2514 489 2549 negotiorum
500 2518 636 2548 expertem
652 2521 683 2540 ac
694 2514 863 2549 tranquillam
875 2519 963 2541 trans-

169 2560 241 2593 igcns
261 2559 344 2586 vitam
356 2580 363 2591 ,
385 2559 456 2586 velut
471 2559 497 2585 in
512 2563 588 2594 portu
604 2559 710 2590 sedens,
726 2567 785 2586 cum
797 2560 880 2586 multa
892 2567 965 2586 secu-

169 2606 247 2632 ritate
262 2605 295 2632 ad
313 2612 432 2632 mensam
444 2605 562 2632 accedat.
578 2605 682 2632 Rursus
696 2605 722 2632 in
736 2605 852 2632 externis
863 2605 964 2632 solem-

169 2653 295 2680 nitatihus
308 2660 409 2686 pauper
427 2652 535 2686 quidem
550 2652 575 2679 in
601 2659 727 2685 maerore,
745 2651 819 2679 dives
833 2656 922 2679 autem
938 2652 964 2679 in

170 2697 303 2725 hilaritate
315 2703 446 2730 versatur,
463 2705 515 2725 non
525 2697 560 2725 ob
571 2705 688 2725 mensam
703 2702 816 2731 tantum,
828 2698 873 2726 sed
885 2698 965 2726 etiam

170 2746 205 2771 ob
215 2744 393 2771 vestimenta:
408 2743 477 2779 quod
493 2742 564 2771 enim
578 2743 604 2771 in
631 2751 724 2772 mensa
738 2744 789 2771 illis
802 2745 900 2777 evenit,
916 2744 967 2773 hoc

170 2789 235 2816 etin
260 2788 428 2816 vestimentis
447 2789 592 2824 patiuntur.
607 2788 673 2817 Cum
689 2789 760 2816 enim
773 2790 849 2825 inops
867 2790 966 2825 pretio-

202 2856 413 2897 (Jomuiuueiuis
421 2855 573 2888 clauduntur,
586 2855 610 2882 iu
621 2855 688 2882 Edlto
695 2855 808 2887 deerant,
817 2861 900 2888 exque
908 2858 965 2888 Reg.

172 2887 195 2912 1.
207 2887 335 2919 desumpta
347 2891 411 2912 sunt.

624 151 668 180 DE
687 151 972 180 RESURRECTIONE
992 151 1024 179 Β.
1043 150 1076 178 Ν.
1090 149 1171 178 .IESU
1191 149 1336 178 CHRISTI.

1731 147 1784 176 ηε

991 208 1056 237 siori
1068 207 1193 236 amictum
1201 207 1268 235 stola
1281 207 1376 235 viderit
1386 207 1551 242 opulentum,
1563 206 1726 242 percellltur,
1741 215 1785 233 sc-

992 263 1046 290 que
1067 261 1122 289 prte
1143 253 1268 281 omnibus
1293 253 1425 282 infelicem
1451 253 1533 281 ducit.
1550 253 1598 280 Hic
1611 259 1675 280 vero
1689 257 1716 279 et
1736 251 1784 279 ista

992 301 1095 328 sublata
1110 305 1150 328 est
1164 300 1273 336 penuria
1292 308 1299 327 :
1315 307 1396 326 unum
1409 299 1480 327 enim
1504 299 1573 334 apud
1597 306 1690 326 omnes
1703 298 1786 325 vesti-

993 351 1111 374 mentum
1127 350 1168 374 est
1192 346 1308 374 salutare
1328 345 1472 372 lavacrum.
1500 345 1656 380 Quicumque
1678 344 1744 371 enim
1759 343 1786 369 in

994 393 1094 421 Christo
1105 392 1227 428 baptizatt'
1236 392 1307 424 estis,
1315 391 1442 419 Christum
1451 391 1569 417 induistis
1580 390 1677 426 (Galat.
1688 390 1715 417 5.
1726 388 1785 424 27).

995 439 1033 468 Ne
1056 439 1136 475 igitur
1150 439 1278 466 ebrietate
1299 437 1496 465 solemnitatem
1524 436 1600 464 istam
1627 435 1787 463 dehoneste-

994 485 1184 518 mus;etenim
1206 484 1335 511 Dominus
1357 487 1447 510 noster
1461 486 1488 511 et
1501 481 1596 509 divites
1619 486 1644 507 et
1659 486 1788 514 pauperes

995 533 1094 569 pariter
1106 532 1256 564 honoravit,
1270 537 1297 558 et
1311 538 1403 559 servos
1417 534 1443 558 et
1455 529 1594 561 dominos;
1609 527 1655 555 sed
1670 527 1703 554 ob
1719 527 1788 555 hanc

995 588 1058 615 erga
1079 587 1129 607 nos
1157 578 1368 606 benevolentiam
1394 575 1536 604 Dominum
1566 579 1788 601 remuneremur:

994 627 1094 662 optima
1108 633 1187 661 porro
1203 629 1244 652 est
1256 623 1436 652 remuneratio
1460 619 1628 649 conversatio
1639 619 1738 646 munda
1763 623 1791 646 et

995 679 1071 699 mens
1083 671 1182 699 sobria.
1198 670 1260 697 Ilmc
1272 669 1427 696 soletnnitas
1445 671 1472 694 et
1487 665 1661 702 panegyricus
1675 670 1791 691 conven-

996 722 1039 746 tus
1051 725 1104 745 non
1118 716 1238 752 pecuniis
1253 715 1353 751 indiget
1365 721 1451 750 neque
1463 712 1625 749 sumptibus,
1635 711 1682 739 sed
1695 710 1790 738 volun-

995 768 1050 793 tate
1059 771 1091 792 ac
1101 767 1190 791 mente
1202 762 1301 798 optima
1318 771 1325 789 :
1343 761 1408 789 tales
1422 760 1494 788 enim
1515 759 1560 786 hic
1571 761 1694 794 prostant
1717 764 1789 784 mer-

996 810 1140 839 ces:niltil
1153 816 1311 844 corporeum
1338 808 1382 835 hic
1407 806 1552 838 venditur;
1567 804 1615 833 sed
1639 803 1790 830 divinorum

996 856 1097 884 auditio
1110 855 1285 891 eloquiorum,
1302 860 1394 889 preces
1408 857 1523 887 patrum,
1537 849 1736 878 benedictioues
1748 855 1791 875 sa-

997 901 1148 934 cerdotum,
1161 899 1302 928 concordia
1317 903 1345 927 et
1364 906 1414 934 pax
1425 902 1452 926 et
1465 903 1624 930 consensus,
1644 893 1792 930 spiritualia

997 947 1078 979 dona,
1095 946 1232 982 spirituale
1252 945 1376 979 pretium.

1033 991 1235 1020 Resurrectionis
1247 990 1341 1018 Christi
1352 990 1460 1024 fructus.
1473 1003 1510 1009 —
1519 987 1628 1015 Festum
1643 986 1695 1014 hoc
1705 985 1794 1013 maxiv

997 1046 1069 1066 mum
1095 1037 1261 1065 celebremus
1276 1040 1303 1064 et
1317 1035 1430 1068 illustre,
1448 1034 1473 1061 in
1487 1041 1540 1069 quo
1563 1033 1690 1060 Dominus
1703 1039 1795 1059 resur»

997 1084 1066 1112 rexit
1076 1092 1082 1110 :
1092 1083 1257 1111 celebremus
1266 1086 1354 1108 autem
1366 1079 1430 1107 illtid
1447 1087 1506 1107 cum
1517 1077 1613 1113 gaudio
1626 1076 1796 1111 simulatque

998 1138 1058 1161 cum
1066 1131 1161 1166 pietate
1173 1138 1180 1162 ;
1194 1127 1340 1157 resurrexit
1353 1125 1425 1153 enim
1438 1124 1567 1152 Dominus
1581 1129 1725 1157 secumque
1736 1129 1796 1149 sus-

998 1178 1089 1206 citavit
1118 1177 1212 1204 orbcm
1240 1179 1391 1205 terrarum,
1416 1171 1473 1206 ipse
1507 1168 1637 1205 siquidem
1666 1167 1796 1202 disruptis

999 1223 1094 1252 mortis
1105 1221 1219 1249 vinculis
1237 1218 1394 1247 resurrexit.
1410 1215 1536 1244 Peccavit
1555 1214 1675 1241 Adamus
1688 1217 1715 1240 et
1725 1219 1797 1240 mor-

1000 1276 1061 1298 tntis
1074 1273 1131 1296 cst:
1148 1272 1175 1294 at
1187 1274 1241 1294 non
1259 1264 1383 1300 peccavit
1397 1262 1532 1294 Christus,
1550 1265 1577 1288 et
1602 1264 1645 1287 est
1663 1263 1796 1286 mortuus.

1002 1316 1109 1344 Novum
1124 1318 1166 1343 est
1179 1313 1230 1341 hoc
1247 1317 1274 1340 et
1286 1309 1461 1341 admirabile;
1479 1308 1522 1335 ille
1537 1305 1667 1341 peccavit,
1679 1310 1705 1332 et
1724 1311 1798 1331 mor-

1002 1367 1063 1389 tuus
1074 1365 1132 1394 est;
1148 1360 1190 1386 hic
1205 1366 1257 1386 non
1272 1355 1400 1392 peccavit,
1415 1359 1443 1381 et
1453 1357 1573 1380 mortuus
1586 1356 1627 1379 est
1642 1349 1723 1385 :quid
1739 1349 1773 1376 ita
1786 1348 1800 1375 τ

1001 1407 1058 1442 Quo
1069 1407 1090 1434 is
1105 1406 1148 1441 qui
1160 1403 1277 1440 peccavit
1290 1407 1317 1430 et
1329 1405 1449 1428 mortuus
1461 1402 1512 1431 est,
1535 1398 1593 1432 ejus
1600 1403 1682 1432 opera
1692 1395 1736 1430 qui
1746 1402 1799 1421 non

1002 1453 1120 1490 peccavit
1140 1451 1247 1487 quidem
1260 1471 1267 1483 ,
1283 1453 1406 1477 mortuus
1424 1451 1465 1473 cst
1485 1449 1572 1472 autem
1585 1464 1591 1476 ,
1607 1442 1701 1470 mortis
1716 1448 1800 1468 nexus

1002 1487 1086 1535 possit
1098 1498 1222 1526 evadere.
1236 1496 1274 1523 lla
1288 1496 1316 1522 ﬁt
1330 1499 1356 1522 et
1371 1494 1397 1521 in
1412 1491 1548 1528 pecuniis:
1561 1496 1745 1524 smpenumero
1757 1487 1800 1515 de-

1002 1533 1046 1574 bet
1054 1544 1195 1580 quispiam,
1204 1547 1297 1570 etcum
1305 1549 1357 1569 non
1367 1541 1461 1567 habeat
1471 1539 1538 1567 unde
1548 1539 1642 1568 solvat,
1654 1536 1679 1564 in
1688 1533 1802 1565 vinculis

1003 1591 1155 1623 detinetur;
1171 1589 1239 1616 alius
1246 1589 1290 1623 qui
1301 1594 1355 1614 non
1368 1587 1459 1620 debet,
1472 1585 1518 1613 scd
1531 1585 1610 1612 habet
1623 1582 1693 1610 unde
1702 1580 1800 1610 solvat.

1004 1644 1064 1665 eum
1079 1636 1125 1672 qui
1140 1634 1270 1662 obnoxius
1281 1637 1322 1661 est
1334 1632 1448 1660 liberare
1463 1631 1530 1658 solet
1545 1638 1553 1657 :
1568 1629 1608 1657 sic
1622 1633 1650 1655 et
1663 1626 1754 1655 evenit
1771 1625 1800 1652 iu
1814 1649 1815 1652 η

1005 1683 1124 1714 Adamo;
1135 1680 1250 1709 debebat
1265 1679 1393 1711 Adamus,
1406 1686 1421 1704 a
1436 1676 1543 1705 diabolo
1558 1673 1737 1705 detinebatur,
1753 1671 1801 1698 sed

1006 1728 1077 1757 unde
1096 1727 1212 1755 solveret
1233 1733 1286 1753 non
1303 1724 1437 1752 habebat:
1453 1730 1505 1749 non
1528 1720 1644 1748 debebat
1666 1717 1800 1748 Christus,

1005 1781 1082 1801 neca
1097 1771 1203 1800 diabolo
1225 1769 1410 1802 detinebatur,
1432 1767 1479 1795 sed
1497 1766 1616 1793 debitum
1637 1766 1740 1799 poterat
1753 1768 1805 1788 nu-

1005 1828 1111 1848 merare
1127 1828 1134 1847 :
1145 1818 1227 1851 venit,
1241 1822 1354 1845 mortem
1369 1814 1496 1852 persolvit
1509 1820 1556 1848 pro
1568 1819 1600 1840 eo
1611 1811 1656 1846 qui
1669 1818 1684 1837 a
1696 1807 1820 1839 diabolus

1006 1867 1184 1897 detinebatnr,
1194 1869 1223 1892 ut
1234 1864 1308 1891 illum
1322 1862 1482 1891 exsolveret.

1043 1913 1070 1940 4.
1082 1911 1162 1939 Vides
1170 1911 1297 1946 prmclara
1310 1907 1512 1938 resurrectionis
1525 1905 1637 1934 ell‘ccta?
1652 1903 1705 1930 Nos
1717 1900 1805 1935 uupli~

1008 1960 1031 1987 ei
1047 1963 1134 1986 morte
1155 1957 1253 1985 mortui
1272 1962 1395 1986 eramus;
1419 1953 1553 1988 duplicem
1580 1951 1668 1985 itaque
1683 1955 1804 1975 resurre-

1011 2005 1128 2032 ctionem
1153 2005 1339 2038 exspectemus
1369 2009 1375 2027 :
1398 2000 1456 2034 ipse
1484 1997 1598 2032 simplici
1617 1999 1738 2025 mortuus
1764 1996 1806 2019 est

1012 2056 1117 2083 morte;
1133 2053 1276 2084 propterea
1299 2046 1412 2081 simplici
1427 2051 1534 2080 quoque
1553 2040 1750 2073 resurrectione
1764 2046 1807 2066 re-

1012 2097 1136 2125 surrexit.
1149 2095 1216 2129 Quid
1231 2094 1288 2121 ha‘c
1296 2093 1346 2120 sibi
1360 2091 1474 2119 volunt?
1488 2090 1618 2120 Mortuus,
1635 2087 1754 2121 inquam,
1766 2089 1808 2112 cst

1014 2143 1143 2175 Adanins,
1156 2145 1183 2168 ct
1197 2146 1310 2175 corpore
1324 2143 1352 2167 et
1363 2137 1451 2165 anima
1465 2145 1471 2164 :
1487 2139 1608 2163 mortuus
1630 2136 1672 2160 est
1698 2134 1819 2166 peccato.

1013 2193 1041 2215 et
1055 2192 1160 2215 natura.
1186 2185 1219 2212 In
1243 2191 1399 2220 quocumque
1426 2181 1467 2209 die
1491 2178 1648 2208 comederitis
1672 2178 1704 2204 de
1717 2177 1808 2212 ligno,

1014 2239 1095 2262 morte
1108 2232 1251 2260 moriemini
1266 2230 1380 2267 (Gemﬁ.
1400 2229 1456 2264 l7).
1481 2226 1561 2265 Atqui
1587 2233 1641 2253 lion
1654 2223 1746 2252 eadem
1766 2221 1809 2248 die

1013 2286 1136 2309 mortuus
1149 2285 1191 2307 est
1203 2282 1298 2306 natura
1309 2298 1317 2311 ,
1331 2276 1378 2305 sed
1401 2279 1511 2311 peccato
1529 2278 1570 2301 est
1583 2276 1704 2300 mortuus
1717 2270 1725 2286 ι
1737 2290 1745 2303 ,
1759 2269 1805 2296 illa

1015 2335 1088 2356 mors
1101 2332 1144 2355 est
1158 2327 1265 2358 animm,
1275 2325 1332 2352 hare
1343 2331 1415 2351 mors
1428 2326 1470 2350 est
1480 2320 1610 2355 corporis.
1625 2317 1677 2346 Sed
1687 2325 1748 2345 cum
1763 2323 1810 2345 att.

1014 2373 1096 2401 dieris
1119 2376 1233 2399 mortem
1254 2377 1314 2399 esse
1326 2369 1438 2402 animm,
1454 2367 1506 2394 noli
1520 2366 1587 2393 mori
1608 2365 1723 2392 animam
1738 2362 1811 2390 arbi-

1017 2419 1082 2447 trari
1099 2427 1106 2446 :
1122 2422 1164 2445 est
1178 2417 1249 2445 enim
1265 2414 1425 2443 immortalis
1435 2422 1442 2445 ς
1454 2420 1547 2440 verum
1568 2411 1665 2438 anima:
1679 2415 1753 2436 mors
1767 2412 1809 2435 est

1015 2469 1152 2501 peccatum
1163 2468 1188 2491 el
1200 2462 1358 2498 supplicium
1367 2465 1495 2488 aeternum
1511 2467 1517 2485 :
1533 2462 1675 2493 propterea
1689 2456 1725 2483 ait
1736 2454 1817 2482 Chrix

1017 2516 1073 2539 stus
1086 2533 1093 2544 ,
1109 2510 1196 2537 Nolite
1221 2509 1308 2537 timere
1333 2516 1375 2534 ea:
1398 2508 1440 2541 qui
1452 2505 1569 2533 occidunt
1584 2511 1687 2538 corpus,
1702 2503 1815 2530 animum

1019 2563 1102 2585 autent
1113 2565 1164 2584 non
1177 2558 1282 2591 possunt
1296 2553 1424 2584 occidere;
1440 2552 1485 2579 sed
1498 2552 1581 2587 potius
1592 2551 1675 2579 timete
1688 2556 1762 2580 eum,
1772 2547 1813 2581 qui

1019 2609 1100 2641 potest
1124 2608 1146 2630 et
1170 2602 1282 2629 animum
1311 2605 1334 2628 et
1355 2607 1449 2634 corpus
1471 2597 1575 2634 perdere
1611 2596 1638 2623 in
1675 2595 1816 2630 gehennam

1020 2639 1131 2686 (Matth.
1144 2648 1189 2677 10.
1203 2647 1251 2683 23)
1264 2656 1270 2673 :
1288 2645 1359 2682 quod
1375 2651 1464 2672 autem
1478 2648 1520 2671 est.
1533 2643 1677 2678 perditttm,
1694 2639 1814 2667 subsistit

1020 2697 1138 2732 quidem,
1152 2695 1198 2722 sed
1215 2695 1299 2721 aciein
1313 2692 1452 2720 oculorum
1468 2691 1526 2726 ejus
1541 2690 1585 2725 qui
1600 2687 1727 2723 perdidit,
1737 2686 1811 2720 fugit.

1022 2743 1120 2770 Verum
1131 2745 1160 2768 ut
1170 2740 1302 2772 dicebant,
1316 2739 1413 2773 duplex
1425 2738 1449 2764 in
1460 2736 1537 2764 nobis
1550 2742 1622 2763 mors
1632 2737 1689 2766 est;
1701 2739 1816 2767 quapro-

1021 2793 1080 2824 pter
1094 2793 1120 2817 et
1134 2788 1266 2824 duplicem
1285 2786 1341 2814 lieri
1357 2786 1384 2813 in
1403 2784 1481 2813 nobis
1494 2780 1717 2811 resurrectionem
1729 2785 1811 2813 opor-

1023 2855 1139 2918 μὶεὲιῗ.
1148 2854 1174 2886 t,
1181 2857 1269 2881 natm
1278 2856 1366 2882 autem.
1378 2850 1497 2884 nouerit“
1504 2847 1658 2881 urinaeque
1666 2847 1774 2871 morm
1782 2845 1817 2869 αι
