1976 3130
189 143 244 172 839

187 204 227 227 tet
240 208 246 226 :
263 199 290 226 in
305 198 414 227 Christo
426 197 540 233 simplex
551 205 625 225 mors
633 197 682 225 fuit
694 206 702 224 ι
714 205 767 225 non
778 197 849 225 enim
863 196 985 225 Christus

189 243 325 279 peccavit,
340 243 387 271 sed
405 243 462 278 ipsa
475 249 548 270 mors
561 242 675 278 simplex
688 247 799 278 propter
810 249 859 270 nos
870 246 911 270 est
923 249 984 270 sus-

187 293 352 324 eepta:non
371 289 443 316 enim
462 293 576 316 mortem
600 287 693 315 debuit
716 288 777 322 ille,
804 295 892 323 neque
913 288 985 316 enim

191 343 253 364 reus
264 340 322 363 erat
341 334 584 371 peccati,quocirca
600 341 649 361 nec
663 334 774 362 mortis:
786 338 927 370 propterea
940 334 986 362 ille

193 381 296 416 quidem
305 381 501 408 resurrectione
506 379 620 414 simplici
626 386 640 406 a
649 379 762 414 simplici
771 383 857 406 morte
866 386 986 408 resurre-

192 427 231 454 xit
242 436 248 454 :
262 434 310 454 nos
320 430 421 459 autem,
433 426 477 462 qui
487 425 584 461 duplici
592 430 676 453 morte
683 426 781 453 mortui
794 425 986 461 sumus,dupli-

192 473 216 500 ci
237 479 343 508 quoque
357 471 552 500 resurrectione
559 471 722 507 resurgimus
737 480 744 498 :
767 471 985 507 unaquideman-

189 524 233 546 tea
249 519 456 551 resurreximus,
467 525 526 553 quze
533 521 574 545 est
585 525 600 544 a
612 522 722 553 peccato
735 526 742 544 :
754 516 903 552 consepulti
914 516 986 544 enim

190 565 340 599 sumusipsi
350 564 376 592 in
384 563 524 599 baptismo,
535 568 561 592 et
569 563 787 592 consurreximus
796 570 858 590 cum
868 563 926 598 ipso
938 570 987 598 per

191 611 371 645 baptismum.
386 610 442 638 Una
457 610 514 638 lucc
528 610 691 638 resurrectio
703 614 745 637 est
760 609 882 637 liberatio
893 616 908 636 a
922 616 986 644 pec-

191 656 258 684 catis
267 665 274 690 ;
285 655 368 683 altera
380 663 443 684 vero
452 656 612 684 resurrectio
620 655 788 690 estcorporis
796 664 806 682 τ
815 655 888 683 dedit
900 653 986 690 majo-

194 710 264 737 rem,
275 707 401 738 esspecta
413 703 494 730 etiam
506 702 637 730 minorem
653 711 659 729 :
674 701 732 730 haec
747 701 820 730 enim
830 701 915 730 multo
931 709 990 729 ma.

194 748 239 782 jor
252 752 294 775 est
307 748 350 775 illa
360 748 458 776 :multo
471 748 541 775 enim
553 747 638 783 majus
653 752 695 776 est
708 755 723 775 a
736 748 854 783 peccatis
868 748 988 780 liberari,

193 801 273 828 quam
283 800 380 828 corpus
393 800 536 829 resurgens
548 793 657 821 inttteri.
671 793 814 828 Propterea
820 793 917 821 cecidit
927 801 988 820 cor-

195 846 256 873 pus,
268 838 329 873 quia
343 839 462 873 peccavit
479 848 485 866 :
501 839 523 866 si
537 839 618 874 igitur
642 839 801 875 principium
823 839 936 867 cadendi
949 842 991 867 est

196 889 353 919 peccatum,
368 885 528 920 principium
541 884 698 921 resurgendi
712 889 755 914 est
766 892 782 913 a
798 890 908 921 peccato
921 885 989 913 libe-

194 931 258 958 rari.
286 930 492 958 Resurreximus
515 930 643 966 deinceps
670 931 867 961 resurrectione
883 931 991 966 majori,

195 975 299 1010 abjecta
313 976 385 1010 gravi
414 980 500 1003 morte
520 976 634 1010 peccati.
645 980 673 1004 et
690 977 775 1004 veteri
798 981 877 1004 exuta
892 982 967 1004 veste
981 985 989 1004 :

196 1029 229 1048 ne
245 1021 324 1056 igitur
336 1020 370 1048 de
385 1021 480 1048 minori
495 1021 682 1056 desperemus.
701 1021 757 1049 Hac
768 1026 794 1050 et
810 1030 858 1049 nos
871 1022 934 1050 olim
947 1030 992 1050 re-

198 1066 364 1094 surrectione
378 1067 592 1100 resurreximus,
611 1067 719 1102 quando
730 1067 853 1102 baptizati
867 1067 966 1095 fuimus
981 1088 990 1101 ,

198 1116 277 1146 atque
288 1111 315 1138 hi
329 1112 372 1147 qui
385 1111 441 1139 beri
455 1113 559 1148 vesperi
573 1112 733 1148 baptismate
742 1112 814 1148 digni
826 1113 908 1140 habiti
918 1119 991 1147 sunt,

200 1157 225 1184 bi
236 1158 296 1192 agni
313 1158 434 1192 praeclari
451 1158 470 1184 ¹.
485 1158 684 1186 Nudiustcrtius
697 1159 839 1186 cruciﬁxus
851 1163 892 1186 est
912 1159 993 1187 Chri-

201 1209 272 1238 stusI
284 1205 331 1232 sed
341 1210 419 1232 nocte
433 1205 567 1240 praeterita
579 1205 725 1233 resurrexit
739 1214 747 1232 :
761 1211 788 1233 et
801 1205 828 1232 hi
841 1205 992 1233 nudiuster-

202 1250 254 1276 tius
265 1257 282 1277 a
292 1255 400 1284 peccato
410 1249 609 1283 detinebantur,
622 1250 670 1278 sed
683 1250 763 1278 simul
778 1258 839 1278 cum
851 1258 885 1278 eo
900 1259 993 1278 resur-

199 1300 325 1322 vexerunt
339 1305 346 1323 :
361 1295 406 1323 ille
425 1303 538 1330 corpore
559 1300 680 1323 mortuus
700 1301 740 1324 est
752 1317 761 1330 ,
777 1301 804 1324 et
824 1303 937 1331 corpore
951 1304 996 1324 re—

202 1342 337 1368 surrexit:
351 1341 378 1368 hi
391 1342 490 1369 mortui
504 1347 614 1376 peccato
627 1346 714 1375 erant,
726 1346 754 1369 et
769 1349 784 1368 a
799 1342 914 1377 peccatis
926 1341 996 1370 libe-

203 1387 253 1413 rati
266 1391 479 1415 resurrexerunt.
497 1387 536 1414 Ac
550 1391 620 1414 terra
636 1387 744 1421 quidem
760 1393 843 1414 verno
858 1386 909 1415 hoc
928 1391 997 1414 tem-

203 1439 268 1467 pore
287 1439 363 1459 rosas
376 1437 403 1460 et
425 1432 509 1461 violas
520 1432 642 1468 aliosque
654 1432 736 1460 ﬂores
750 1432 827 1459 nobis
837 1432 910 1464 edit;
922 1439 998 1468 aqua:

205 1485 272 1506 vero
296 1483 364 1506 terra
388 1478 466 1506 nobis
481 1483 586 1514 pratum
610 1478 794 1507 delectabilius
808 1478 997 1506 exhibuerunt.

203 1525 243 1552 Ne
255 1525 359 1552 mireris
367 1524 437 1560 quod
451 1525 484 1553 ab
496 1525 572 1560 aquis
585 1524 666 1553 ﬂores
678 1524 868 1560 germinarint;
884 1532 933 1553 nec
941 1525 999 1560 ipsa

204 1577 273 1598 terra
289 1578 324 1597 ex
338 1571 445 1606 propria
455 1575 561 1604 natura,
573 1571 620 1599 sed
631 1578 663 1598 ex
678 1571 781 1598 Domini
796 1571 922 1599 mandato
932 1579 998 1607 ger-

204 1624 266 1644 men
282 1616 355 1644 edit:
371 1617 493 1644 animalia
505 1624 611 1652 quoque
623 1622 697 1644 motu
710 1616 820 1653 pratdita
833 1617 858 1644 in
869 1617 1000 1652 principio

206 1663 263 1691 edit
275 1670 406 1698 aquarum
421 1667 515 1690 natura
530 1671 538 1695 ;
556 1661 707 1690 Producant
718 1663 800 1696 enim,
815 1662 912 1698 inquit,
927 1670 1001 1699 aqua

205 1708 305 1744 reptilia
316 1709 457 1735 animarum
470 1709 602 1735 viventium
614 1707 690 1743 (Gen.
707 1709 732 1736 L
747 1708 793 1744 20)
809 1717 817 1742 ;
837 1713 864 1736 et
887 1707 999 1735 manda-

208 1760 262 1781 tum
284 1761 351 1788 opus
367 1754 474 1786 evasit,
501 1754 598 1789 illaque
612 1754 708 1782 animae
736 1762 832 1789 expers
855 1755 1002 1782 substantia

209 1801 325 1827 animata
342 1801 450 1835 protulit
463 1801 600 1829 animalia.
620 1801 657 1828 lta
673 1808 744 1828 nunc
758 1801 840 1828 etiam
855 1801 1003 1837 producant

209 1853 295 1880 aquze,
318 1853 369 1873 non
392 1845 495 1880 reptilia
510 1846 655 1874 viventium
680 1846 842 1879 animarum,
858 1847 905 1874 sed
921 1847 1001 1882 spiri—

209 1891 288 1918 tualia
307 1891 387 1918 dona.
413 1891 601 1919 Produxerunt
625 1897 682 1919 tum
695 1900 771 1928 aqua:
786 1893 872 1927 pisces
890 1891 1004 1920 rationis

211 1943 335 1973 expertes
349 1946 379 1965 ac
395 1944 500 1971 mutos;
517 1947 587 1966 nunc
610 1939 714 1967 ratione
729 1940 857 1975 praeditos
870 1947 902 1967 ac
919 1940 1002 1975 spiri-

209 1984 294 2013 tuales
307 1982 392 2018 pisces
406 1983 573 2017 effuderunt,
599 1985 686 2020 pisces
696 2007 704 2019 ,
724 1994 791 2021 quos
816 1986 928 2021 apostoli
942 1991 1005 2014 sunt

211 2030 315 2065 piscati.
337 2028 423 2056 Venite
444 2030 533 2063 enim,
551 2031 645 2066 inquit,
663 2037 685 2058 et
699 2031 792 2063 faciant
814 2040 856 2058 car
870 2032 1004 2064 piscatores

211 2078 341 2106 hominum
357 2077 461 2114 (Matth.
477 2078 503 2105 4.
522 2077 565 2113 l9)
578 2087 584 2104 :
599 2077 656 2105 hinc
668 2082 709 2105 est
724 2078 767 2105 illa
783 2079 894 2113 piscatio
909 2078 942 2106 de
953 2086 1004 2113 qua

211 2130 266 2151 tum
275 2125 432 2160 loquebatur
445 2134 451 2151 :
466 2132 551 2152 novus
564 2132 655 2152 revera
672 2125 827 2160 piscaliunis
837 2125 932 2153 modus
942 2135 948 2152 :
960 2126 1006 2160 qui

212 2170 347 2204 piscantur
357 2178 389 2198 ex
404 2170 481 2206 aquis
495 2170 620 2205 ejiciunt,
635 2177 686 2197 nos
711 2171 737 2198 iu
758 2178 840 2205 aquas
861 2171 1004 2206 injicimus,

211 2220 292 2251 atque
308 2216 343 2242 ita
360 2217 505 2251 piscamur.
533 2215 594 2243 Fuit
613 2216 676 2242 olim
696 2221 723 2243 et
742 2220 830 2243 stante
854 2216 1005 2244 Judzeornm

214 2261 275 2296 lege
289 2262 388 2296 piscina
407 2270 416 2288 :
431 2261 505 2289 disce
526 2261 588 2296 quid
603 2263 718 2297 potuerit
733 2262 776 2288 illa
792 2262 904 2297 piscina,
917 2267 944 2289 ut
957 2262 1006 2290 Ju-

214 2308 318 2335 tlaicam
332 2308 419 2335 discas
433 2312 589 2344 egestatem,
605 2315 633 2336 ut
647 2308 752 2336 divitias
766 2308 854 2337 discas
867 2309 1005 2337 Ecclesiaa.

213 2354 319 2381 Piscina
332 2358 390 2381 erat
404 2362 548 2390 aquarum,
562 2354 677 2390 illucque
691 2354 801 2390 angelus
816 2354 1005 2388 descendebat,

213 2404 241 2425 et
255 2407 337 2435 aquas
353 2400 492 2434 movebat;
509 2400 605 2428 deinde
619 2405 678 2435 post
692 2409 767 2436 aqua:
777 2402 923 2429 motionem
936 2410 1008 2438 :cger

215 2454 284 2473 unus
298 2446 512 2480 ingrediebatur,
529 2452 556 2474 et
573 2447 718 2478 satiabatur
728 2446 818 2482 (Joan.
832 2448 857 2475 5.
873 2447 900 2475 2.
915 2448 982 2483 sqq.)
999 2457 1006 2476 :

216 2499 285 2518 unus
298 2492 370 2518 solus
381 2492 524 2526 quotannis
537 2492 689 2525 sanabatur,
702 2493 844 2527 statimque
852 2494 933 2528 gratia
948 2501 1008 2521 con-

216 2537 388 2570 sumebatur,
413 2545 467 2564 nun
492 2542 601 2571 propter
616 2537 673 2572 ejus
686 2539 730 2572 qui
747 2538 829 2565 dabat
848 2543 1006 2574 egestatem.

216 2583 263 2610 sed
279 2588 387 2618 propter
402 2591 494 2610 eorum
510 2584 555 2618 qui
569 2584 735 2618 accipiebant
755 2584 945 2613 inﬁrmitatem.
958 2585 1009 2613 De-

215 2629 364 2657 scendebat
386 2630 460 2664 igittu
479 2631 589 2665 angelus
604 2631 629 2658 in
646 2631 785 2666 piscinam.
796 2637 822 2659 et
838 2639 933 2666 aquam
949 2640 1008 2660 mo-

220 2676 311 2709 vebat,
327 2684 358 2704 ac
372 2677 518 2704 satiabatur
531 2685 598 2704 unus
614 2687 620 2704 τ
634 2678 774 2705 descendit
792 2678 918 2706 Dominus
929 2687 1010 2715 ange-

216 2722 304 2749 lorum
319 2723 344 2749 in
357 2722 501 2750 Jordauem
513 2743 520 2756 ,
533 2728 560 2750 et
579 2731 674 2758 aquam
697 2724 788 2755 movit,
805 2729 886 2758 atque
900 2725 1009 2751 univer-

216 2774 277 2794 sum
291 2772 421 2794 terrarum
437 2768 529 2795 orbem
542 2769 657 2795 sanavit.
672 2768 816 2803 Propterea
836 2770 889 2798 illic
903 2769 1009 2805 quidem

220 2820 254 2846 ts,
271 2813 314 2847 qui
330 2818 389 2847 post
409 2814 522 2848 primum
543 2813 677 2841 Secundus
691 2814 879 2848 descenderatl
901 2816 1011 2844 minimc

251 2871 259 2885 ‘
276 2873 304 2895 tte
311 2876 334 2901 g.
345 2870 370 2901 2,
379 2868 404 2896 hi
416 2868 508 2895 circuli
517 2867 643 2900 praetori.

549 141 580 170 S.
594 140 733 169 JOANNIS
750 139 989 169 CHRYSOSTOMI

1050 139 1164 168 ηριιιει».
1183 131 1455 169 εοΝεΤΑΝτιΝορζ

1776 140 1830 169 ιω

1038 197 1197 230 sanabatur;
1216 196 1316 225 Judads
1332 198 1430 232 quippe
1451 196 1535 232 gratia
1547 197 1608 224 data
1621 202 1681 225 erat
1695 196 1811 224 inﬁrmis
1822 217 1832 230 ,

1037 243 1130 278 egenis
1143 251 1150 270 :
1165 242 1210 271 hic
1221 250 1284 270 vero
1296 246 1356 278 post
1366 243 1480 277 primum
1494 242 1627 271 secundus
1636 263 1644 276 ,
1657 247 1719 278 post
1733 249 1832 270 secun-

1039 289 1103 316 dum
1115 289 1219 321 tertius,
1237 291 1298 323 post
1317 288 1423 316 tertium
1436 291 1546 322 quartus
1561 296 1567 314 :
1581 289 1641 315 licet
1652 289 1759 320 decem,
1770 286 1833 315 licet

1038 334 1149 370 viginti,
1164 334 1226 362 licet
1238 338 1357 368 centum,
1372 333 1434 361 licet
1446 333 1536 361 decies
1548 333 1630 366 mille,
1644 333 1707 360 licet
1722 333 1833 360 univer-

1038 388 1097 408 sum
1121 379 1213 407 orbem
1237 383 1368 407 terrarum
1393 378 1535 406 immiseris
1562 379 1588 405 in
1615 378 1764 413 piscinam,
1781 385 1834 406 non

1038 426 1204 454 consumitur
1219 426 1315 461 gratia,
1326 433 1379 453 non
1393 425 1549 453 exhauritur
1559 424 1658 452 donum
1669 445 1678 457 ,
1704 432 1758 451 non
1772 424 1834 450 lati-

1038 480 1083 500 ces
1095 472 1266 508 inquinantur
1275 480 1282 499 :
1292 479 1377 499 novus
1389 471 1553 506 purgationis
1566 470 1662 498 modus
1675 479 1682 496 :
1697 477 1753 497 non
1761 470 1831 498 enitl

1040 524 1082 547 est
1099 519 1246 554 corporalis
1261 528 1268 546 :
1282 526 1344 546 nam
1358 518 1385 546 in
1397 518 1556 552 corporibus
1577 517 1698 552 quidem,
1710 523 1765 551 quo
1778 516 1831 550 plu-

1040 573 1083 593 res
1095 565 1249 598 abluuntur,
1265 573 1298 592 eo
1308 565 1424 600 majores
1438 563 1531 592 sordes
1541 563 1633 591 latices
1649 562 1832 596 contrahunt;

1040 612 1083 640 hic
1098 620 1162 640 vero
1173 619 1226 647 quo
1245 612 1336 647 plures
1350 611 1472 644 abluunt,
1485 617 1520 637 eo
1536 609 1658 644 puriores
1672 608 1803 636 evadunt.

1074 658 1101 686 5.
1119 657 1200 685 Vides
1221 656 1431 692 magnitudinem
1453 655 1539 683 doni?
1562 656 1596 682 At
1615 659 1644 682 tu
1669 654 1735 682 doni
1757 653 1836 688 hujus

1040 703 1254 739 magnitudinem
1269 709 1412 736 conserva,
1426 701 1463 729 mi
1475 700 1566 728 homo.
1581 699 1640 727 Non
1655 700 1720 727 licet
1734 699 1782 726 tibi
1796 699 1837 726 in-

1041 750 1198 779 differenter
1213 749 1321 781 vivere;
1338 748 1425 784 legem
1445 747 1493 775 tibi
1512 746 1562 782 ipsi
1594 753 1656 774 cum
1676 746 1752 773 omni
1776 744 1838 772 dili-

1040 797 1129 833 gentia
1143 796 1324 831 scisce;agon
1339 799 1382 822 est
1403 797 1432 821 et
1453 793 1524 820 lucta
1549 792 1672 828 quaedam
1694 791 1755 818 lucc
1770 791 1839 823 vita;
1867 795 1878 807 λ

1041 843 1085 878 qui
1099 847 1188 869 autem
1203 841 1230 869 in
1242 848 1329 876 agone
1336 839 1485 873 contendit,
1494 838 1529 866 ab
1539 839 1664 866 omnibus
1675 844 1705 864 se
1711 836 1840 864 abstinet.

1044 888 1124 916 Visne
1132 888 1263 923 optimum
1275 886 1418 922 quemdam
1440 893 1472 913 ac
1484 893 1606 913 securum
1620 888 1694 912 recte
1709 884 1842 910 factorum

1042 933 1151 961 modum
1165 937 1192 960 te
1204 932 1335 960 doceam?
1348 930 1414 966 Quae
1437 931 1562 958 nimirum
1578 929 1757 957 indiﬂ'erentia
1781 928 1842 963 qui-

1043 979 1104 1008 dem
1118 979 1250 1011 vidcntur,
1275 978 1324 1006 sed
1346 981 1454 1012 peccata
1474 977 1598 1011 pariunt,
1609 983 1642 1003 ex
1655 979 1747 1003 mente
1761 974 1842 1009 pella-

1043 1032 1192 1053 mus:nam
1209 1024 1280 1051 inter
1300 1023 1420 1051 actiones
1443 1021 1566 1058 quedam
1587 1021 1696 1056 quidem
1718 1024 1842 1055 peccata,

1044 1071 1167 1107 quaedam
1191 1078 1257 1098 vero
1281 1078 1334 1098 non
1360 1074 1485 1106 peccata,
1510 1069 1559 1096 sed
1583 1073 1756 1104 peccatorum
1782 1070 1844 1094 sunt

1045 1125 1133 1146 causae
1146 1124 1155 1145 :
1169 1117 1210 1144 sic
1223 1116 1293 1144 risus
1307 1115 1415 1152 quidem
1435 1119 1573 1150 peccatum
1598 1119 1692 1142 natura
1713 1121 1769 1141 non
1784 1118 1841 1145 est;

1047 1163 1077 1190 lit
1090 1167 1179 1190 autem
1195 1167 1349 1198 peccatum,
1362 1162 1385 1189 si
1400 1161 1470 1189 ultra
1481 1160 1589 1188 modum
1600 1160 1756 1188 effundatur
1767 1166 1843 1187 :nam

1045 1217 1079 1236 ex
1094 1209 1149 1236 risu
1164 1208 1279 1242 facetis,
1292 1215 1325 1236 ex
1344 1207 1447 1235 facetiis
1461 1207 1606 1235 verborum
1620 1206 1802 1237 obscmnilas.
1813 1212 1845 1232 ex

1047 1256 1223 1284 obscoenitate
1236 1254 1378 1282 verborum
1391 1253 1477 1288 turpia
1492 1252 1573 1286 facta,
1587 1260 1620 1280 ex
1630 1252 1755 1287 turpibus
1769 1251 1846 1278 factis

1048 1302 1177 1337 supplicia
1191 1301 1326 1334 oriuntur,
1344 1307 1376 1327 ac
1386 1307 1472 1335 pinnae
1487 1308 1494 1327 :
1508 1298 1573 1326 tolle
1585 1298 1666 1334 igitur
1680 1302 1762 1326 antea
1777 1297 1847 1324 radi-

1049 1356 1119 1381 cem,
1133 1353 1161 1376 ιιι
1174 1353 1258 1375 totam
1273 1346 1457 1382 aegritudinem
1480 1345 1575 1373 tollas:
1586 1345 1608 1372 si
1624 1346 1695 1372 enim
1717 1343 1797 1371 nobis
1813 1344 1847 1371 ab

1049 1396 1082 1422 iis
1092 1403 1152 1431 qua:
1166 1394 1344 1422 inditl‘ereutia
1353 1397 1415 1421 sunt
1423 1399 1578 1425 caveamus,
1592 1398 1741 1426 numquam
1756 1390 1785 1417 iu
1803 1397 1845 1421 ca,

1049 1448 1109 1476 qua:
1141 1440 1272 1475 prohibita
1302 1443 1386 1472 sunt,
1417 1438 1599 1473 prolabemur.
1633 1437 1671 1464 Ita
1704 1436 1846 1463 mulierem

1049 1486 1188 1521 aspexisse
1203 1484 1360 1513 indill’erens
1384 1483 1476 1512 multis
1491 1483 1615 1515 videtur;
1632 1487 1660 1509 at
1673 1489 1706 1509 ex
1733 1481 1786 1508 hoc
1800 1488 1847 1508 cu-

1052 1532 1149 1568 piditas
1171 1532 1269 1559 laseiva
1291 1531 1428 1566 gignitur,
1450 1537 1486 1557 ex
1512 1529 1660 1564 cupiditate
1684 1527 1848 1559 fornicatio,

1051 1586 1083 1606 ex
1109 1578 1285 1606 fornicatione
1313 1584 1419 1604 rursum
1438 1576 1600 1611 supplicium
1631 1583 1663 1602 ac
1690 1581 1784 1610 penna.
1813 1574 1848 1601 Ita

1051 1624 1167 1652 delicate
1178 1624 1268 1650 vivere
1287 1630 1320 1650 ac
1330 1623 1401 1650 laute
1415 1621 1482 1649 nihil
1497 1629 1578 1657 grave
1588 1628 1648 1648 esse
1663 1620 1788 1653 videtur;
1804 1627 1849 1648 ve-

1051 1677 1111 1698 rum
1125 1669 1186 1696 inde
1197 1668 1325 1701 ebrietas,
1340 1675 1452 1703 quaaque
1465 1675 1499 1695 ex
1509 1667 1639 1694 ebrietate
1650 1667 1720 1694 mala
1731 1673 1850 1693 sexcen-

1052 1720 1079 1744 ta
1109 1719 1266 1743 nascuntur.
1295 1714 1432 1742 Tollamus
1476 1714 1556 1748 igitur
1591 1714 1689 1748 ubique
1725 1716 1850 1747 peccato-

1053 1770 1114 1790 rum
1141 1762 1282 1797 priucipia.
1308 1760 1410 1788 ldcirco
1437 1760 1556 1795 quotidie
1580 1760 1706 1788 continua
1729 1759 1851 1786 doctrina

1055 1808 1221 1844 perfruimini
1248 1817 1255 1835 :
1279 1807 1378 1835 idcirco
1401 1810 1504 1841 septem
1518 1806 1622 1833 dierum
1644 1805 1733 1840 spatio
1755 1811 1852 1832 conse-

1054 1858 1169 1889 quenter
1181 1853 1322 1881 collectam
1333 1853 1435 1888 agimus
1448 1851 1498 1888 (a),
1510 1858 1542 1878 ac
1551 1851 1717 1885 spiritualem
1731 1857 1852 1877 mensam

1054 1900 1131 1928 vobis
1153 1900 1328 1935 apponimus,
1349 1903 1378 1926 ut
1396 1902 1488 1925 nostra
1507 1905 1588 1932 opera
1613 1897 1712 1924 divinis
1736 1896 1851 1932 eloquiis

1056 1946 1240 1982 perfruamini,
1255 1950 1284 1973 ut
1296 1953 1343 1973 vos
1358 1945 1470 1980 singulis
1483 1944 1577 1972 diebus
1590 1943 1763 1975 instruamus,
1774 1947 1854 1978 atque

1055 1992 1184 2020 adversus
1194 1992 1327 2019 diabolum
1338 1998 1471 2018 armemus
1486 1999 1492 2016 :
1513 1997 1582 2016 nunc
1595 1990 1666 2016 enim
1680 1989 1796 2016 ferocius
1812 1988 1853 2015 in-

1056 2038 1128 2065 vadit
1143 2047 1150 2065 :
1166 2042 1266 2073 quanto
1277 2037 1363 2071 majus
1377 2041 1418 2064 est
1432 2036 1532 2063 donum
1545 2057 1553 2068 ,
1570 2040 1642 2062 tanto
1665 2035 1747 2062 etiam
1770 2034 1854 2068 majus

1057 2089 1097 2112 est
1114 2084 1223 2112 bellum.
1236 2083 1262 2110 Si
1274 2083 1344 2110 enim
1367 2090 1428 2109 cum
1442 2089 1522 2108 unum
1548 2082 1573 2108 in
1586 2081 1708 2116 paradiso
1722 2080 1833 2107 vidisset
1846 2100 1853 2112 ,

1057 2130 1166 2158 minime
1180 2130 1256 2161 tulit,
1270 2136 1331 2155 cum
1345 2133 1398 2155 tam
1419 2127 1518 2154 multos
1529 2126 1618 2153 videat
1643 2126 1670 2153 in
1686 2126 1754 2153 czulo
1768 2147 1775 2157 ,
1794 2125 1836 2152 dic
1846 2146 1853 2156 ,

1057 2183 1148 2212 quaeso
1160 2196 1168 2209 ,
1184 2175 1228 2210 qui
1243 2173 1330 2202 feret?
1352 2173 1520 2208 Exasperasti
1542 2173 1656 2199 belluam
1666 2193 1673 2201 .
1689 2171 1738 2198 sed
1756 2171 1810 2198 noli
1824 2171 1854 2198 ti-

1058 2230 1148 2254 mere;
1165 2221 1292 2256 majorem
1315 2220 1427 2254 gratiam
1447 2218 1592 2253 accepisti,
1614 2218 1733 2253 gladium
1753 2225 1855 2245 exacu-

1058 2274 1131 2300 tum;
1147 2267 1193 2294 illo
1206 2274 1292 2302 punge
1306 2269 1467 2300 serpentem.
1480 2264 1581 2291 idcirco
1592 2264 1664 2290 illum
1676 2264 1748 2290 Deus
1762 2263 1855 2290 adver-

1059 2321 1117 2340 sum
1131 2317 1156 2340 te
1169 2312 1321 2346 exasperari
1335 2310 1469 2345 permisit,
1485 2315 1513 2336 ut
1528 2309 1623 2336 virium
1640 2314 1747 2336 tuarum
1759 2314 1853 2344 poten-

1059 2360 1121 2387 tiam
1134 2359 1191 2394 ipso
1203 2358 1384 2393 experimento
1394 2363 1550 2391 cognoscas.
1576 2355 1609 2382 Et
1631 2354 1856 2389 quemadmodum

1059 2413 1119 2433 cum
1134 2404 1250 2439 optimus
1261 2403 1390 2436 palaestra:
1401 2401 1525 2436 magister
1533 2400 1683 2435 squalidum
1692 2401 1854 2435 quempiam.
1878 2397 1891 2417 θ

1060 2455 1214 2480 enervatum
1225 2449 1352 2477 athletam
1367 2456 1398 2476 ac
1410 2448 1563 2482 despectum
1573 2447 1718 2481 acceperit,
1737 2447 1782 2474 ubi
1797 2454 1856 2473 eum

1060 2505 1168 2526 unctum
1180 2496 1345 2529 instruxerit,
1359 2495 1519 2526 exercuerit,
1529 2494 1717 2529 corpulentum
1735 2493 1857 2520 reddide-

1060 2546 1106 2578 rit,
1116 2543 1324 2577 otiarideinceps
1335 2549 1388 2569 non
1398 2541 1479 2572 sinit;
1491 2547 1585 2568 verum
1594 2539 1620 2566 in
1629 2539 1777 2566 certamina
1785 2539 1856 2572 jubet

1060 2590 1234 2622 descendere,
1247 2594 1276 2617 ut
1289 2597 1350 2617 eum
1367 2588 1463 2615 doceat
1475 2586 1649 2622 experientia.
1665 2591 1795 2621 quantum
1811 2586 1857 2619 ipsi

1062 2637 1143 2664 robur
1155 2635 1281 2663 iudiderit
1296 2643 1303 2667 ;
1318 2635 1353 2662 ita
1368 2633 1490 2661 Christus
1502 2633 1582 2660 etiam
1600 2631 1681 2663 fecit;
1695 2636 1801 2666 poterat
1822 2631 1856 2658 si-

1061 2683 1168 2718 quidem
1183 2681 1318 2709 inimicum
1329 2688 1346 2708 e
1365 2680 1453 2708 medio
1468 2679 1576 2711 tollere,
1599 2678 1647 2705 sed
1662 2683 1691 2704 ut
1703 2678 1797 2712 gratia:
1811 2685 1855 2704 es-

1062 2728 1225 2761 ecllentiam,
1241 2734 1272 2754 ac
1281 2727 1386 2754 virtutis
1398 2725 1553 2761 spiritualis,
1564 2731 1644 2759 quam
1655 2732 1689 2752 ex
1701 2724 1856 2758 baptismate

1062 2779 1157 2801 nactus
1177 2780 1217 2805 es,
1240 2771 1447 2806 magnitudinem
1472 2770 1579 2801 discas.
1597 2773 1686 2796 tecum
1700 2769 1773 2796 illum
1795 2776 1855 2795 cnn-

1094 2840 1132 2871 (a)
1148 2843 1246 2871 Septem
1264 2839 1360 2865 dierum
1376 2838 1453 2871 spatio
1469 2837 1578 2872 quotidie
1590 2837 1855 2868 ωιιιὶοωιιιιιιπώτι·
