1976 3130
144 185 188 214 ιιι

144 241 211 278 ςτεάὶ
224 240 285 268 sinit
297 260 306 273 ,
332 247 365 267 ac
379 239 476 267 multas
490 239 536 266 tibi
550 239 704 266 occasiones
717 238 869 274 suppeditat
882 246 929 266 co-

145 294 274 315 ronarum.
288 285 391 313 Idcirco
406 289 507 320 septem
529 284 753 319 consequentibus
777 284 819 312 his
836 284 929 312 diebus

143 333 294 360 conciouum
305 330 426 359 doctrina
439 330 568 363 t'ruimini,
579 335 607 357 ut
622 330 647 357 in
662 329 792 357 luctarum
808 330 928 364 palmstra

144 380 278 413 diligenter
297 377 482 405 instituantini.
503 377 626 410 Alioquin
643 381 731 403 autem
755 376 834 404 etiam
850 376 929 410 spiri-

144 425 223 452 tuales
236 428 297 450 sunt
311 424 409 457 nuptiae
424 431 453 448 ea
466 443 474 454 ,
489 429 546 456 qmc
556 421 609 456 jam
626 421 705 454 ﬁunt;
718 421 744 448 in
758 422 856 455 nuptiis
867 428 930 449 vero

141 470 173 497 ad
188 474 288 503 septem
304 469 363 496 dies
379 468 485 495 thalami
501 473 631 504 pl'oSInltl.
650 467 792 502 Propterea
808 475 855 494 nos
865 475 930 502 quo-

141 524 189 551 que
205 516 260 550 lege
271 516 409 542 sanximus
419 515 503 546 vobis,
519 519 548 540 ut
561 514 603 540 hic
615 518 717 548 septem
728 513 831 541 dierum
845 514 930 548 spatio

142 563 171 588 ad
186 568 276 588 saeros
287 560 418 587 thalamos
440 567 486 586 vos
498 559 597 587 sistatis
611 560 630 586 '.
647 559 744 587 Verum
760 560 814 587 illic
824 560 930 594 quidem

143 612 197 642 post
211 611 314 640 septem
329 606 386 633 dies
407 607 565 633 solvuntur:
585 606 627 632 hic
651 610 749 637 autem,
765 606 786 633 si
802 607 878 638 velis,
904 607 930 633 in

142 661 213 682 sacro
226 652 346 679 thalamo
366 656 492 686 perpetuo
513 656 583 679 stare
599 656 689 685 potes;
704 656 783 686 atque
806 651 831 678 in
845 659 932 679 saecu-

142 698 235 727 iaribus
246 698 355 732 quidem
365 697 463 732 nuptiis
476 701 532 731 post
545 705 624 723 unttm
637 697 677 723 vel
689 697 801 723 alterum
813 704 931 724 mensem

141 751 234 779 sponsa
251 751 304 771 neu
322 744 388 770 adeo
408 751 506 778 sponso
526 749 566 770 est
586 744 707 770 amabilis
721 753 727 769 :
741 743 783 770 hic
794 751 857 770 vero
880 752 932 770 non

144 793 176 818 ita
187 812 194 824 ,
208 790 254 817 sod
268 795 369 825 quanto
392 790 517 824 temporis
533 790 561 816 tit
574 789 657 824 major
671 797 826 823 progressus
836 811 843 820 .
861 794 933 818 tanto

142 836 304 863 ardentiores
315 836 404 870 sponsi
419 840 480 862 sunt
492 843 612 867 amores;
629 840 700 862 tanto
712 837 849 863 suaviores
860 843 919 863 com
928 853 935 856 -

144 884 249 917 plcxus,
265 887 341 909 tanto
355 882 518 916 spiritualior
531 889 699 916 congressus,
716 882 737 908 si
749 881 889 917 diligentes
903 890 934 909 ac

172 951 180 966 ι
197 952 276 1004 [δεῖΞῶ
275 955 351 979 unus,
363 951 453 980 septem
464 947 560 973 dierum
581 948 658 980 spatio
669 949 702 974 ad
713 955 810 974 sacram
828 955 935 974 mensam

172 988 178 1004 ς
189 987 219 1004 ita
280 997 287 1003 .

143 987 178 1006 Μυῒ
189 987 287 1005 statuas.

631 180 664 208 lN
683 178 921 208 ASCE'SSIO‘NEM
941 179 971 206 D.
992 179 1024 206 Ν.
1043 178 1123 205 JESU
1144 179 1287 208 CHRISTI.

1721 183 1775 212 MS

966 256 968 259 ι
984 238 1122 273 vigilantes
1136 239 1228 266 simus.
1255 239 1282 266 ln
1295 242 1451 275 corporibus
1464 250 1555 270 rursus
1566 247 1625 278 post
1642 244 1771 278 juventu-

987 290 1039 311 tem
1055 290 1178 312 senectus
1192 294 1199 318 ;
1217 286 1258 313 hic
1279 291 1338 321 post
1350 293 1511 316 senectutem
1531 289 1655 324 juventus
1666 311 1672 321 ,
1687 295 1713 317 et
1731 290 1773 325 ju-

984 335 1082 357 ventus
1106 339 1165 365 qua:
1190 331 1269 358 linem
1295 332 1395 360 nullum
1421 333 1519 367 habet,
1545 335 1567 362 si
1602 336 1773 364 voluerimus.

983 375 1076 411 Magna
1089 377 1184 411 gratia,
1199 377 1245 404 sed
1261 379 1346 412 major
1361 380 1411 406 erit
1422 380 1444 407 si
1465 381 1625 409 voluerimus
1640 391 1647 408 :
1664 390 1773 416 magnus

968 426 1039 449 .crat
1051 423 1129 449 etiam
1144 423 1250 455 Paulus,
1262 432 1321 450 cum
1336 425 1512 459 liapIiZaretur
1524 435 1530 459 ;
1543 433 1569 454 at
1583 428 1664 454 multo
1676 428 1771 456 deinde

981 468 1067 501 major
1081 473 1122 495 est
1138 469 1222 497 lactus
1236 479 1243 496 :
1260 478 1318 497 cum
1336 471 1508 505 pra-dicaret,
1533 473 1714 501 eonl'undebat
1728 474 1773 502 Ju-

985 512 1074 546 d:eos;
1105 518 1195 547 postea
1221 520 1313 550 raptus
1328 521 1368 543 est
1396 516 1421 543 in
1439 518 1605 551 paradisum,
1621 519 1645 544 in
1668 520 1774 546 tertium

982 559 1076 586 ca‘lmn
1090 559 1218 587 ascendit.
1235 560 1324 596 Itaque
1337 562 1411 589 nobis
1434 562 1513 589 etiam
1527 563 1587 590 licet
1599 571 1730 596 crescere,
1752 566 1774 591 si

983 604 1113 636 velimus,
1145 610 1173 632 et
1197 606 1318 633 collatam
1347 615 1394 641 per
1416 608 1574 642 baptismum
1596 611 1707 643 gratiam
1730 617 1778 637 au-

983 656 1045 683 gere
1059 658 1065 675 :
1084 649 1161 676 benis
1174 655 1261 677 autem
1276 652 1400 685 operibus
1412 657 1532 687 augetur,
1547 661 1578 680 ac
1593 655 1620 680 lit
1636 654 1776 687 illustrior,

971 694 1123 729 .luccmque
1138 695 1215 722 nobis
1228 697 1433 730 Spit-ndidiorem
1449 699 1608 733 suppeditat.
1621 700 1726 733 Quodsi
1741 700 1776 728 ita

985 739 1041 772 fiat,
1060 741 1140 767 inulta
1159 749 1219 768 cum
1241 743 1371 770 tiduciain
1384 745 1509 771 conclave
1536 747 1626 779 sponsi
1652 754 1702 773 una
1715 754 1774 773 cum

988 786 1046 820 ipso
1071 787 1242 819 intrabimus,
1257 793 1284 815 et
1297 789 1328 815 iis
1343 789 1418 816 bonis
1432 791 1608 825 perfruentur,
1629 799 1687 826 qua:
1700 799 1777 826 repo-

987 833 1035 858 sita
1050 837 1110 860 sunt
1123 833 1155 859 iis
1181 834 1225 867 qui
1237 834 1350 868 diligunt
1373 835 1460 862 illum.
1481 835 1545 869 Quae
1561 836 1639 863 nobis
1651 837 1775 863 omnibus

987 878 1113 912 consequi
1128 878 1214 911 detur,
1238 880 1320 914 gratia
1335 885 1362 907 ct
1383 881 1543 915 benignitate
1566 882 1669 909 Domini
1694 884 1776 910 nostri

985 921 1047 949 Jesu
1061 923 1174 955 Christi,
1190 932 1249 951 eum
1274 933 1328 960 quo
1342 926 1410 953 l’alri
1425 931 1451 953 et
1465 925 1572 960 Spiritui
1589 931 1680 955 sancto
1694 928 1777 963 gloria

988 975 1014 996 et
1027 969 1150 998 adoratio
1170 972 1195 998 in
1211 973 1306 999 saecula
1322 973 1489 1000 surculorum.
1507 975 1601 1001 Amen.

1087 1101 1206 1114 -“...”
1128 1100 1764 1118 *κῆρε-Ἥ

667 1200 706 1231 IN
728 1200 919 1231 HOMILIAM
939 1200 988 1231 DE
1009 1201 1252 1232 ASCENSIONE.

146 1291 198 1319 lata
216 1294 375 1326 statuerint,
390 1298 420 1320 ut
435 1298 512 1321 extra
526 1294 659 1321 civitatem
683 1294 771 1326 hodie,
785 1300 810 1321 et
829 1294 932 1330 quidem
947 1295 974 1321 in
990 1294 1038 1321 hoc
1059 1295 1115 1322 loco
1126 1294 1331 1322 conveniremus.
1347 1295 1418 1331 Ergo
1437 1304 1470 1324 ex
1485 1296 1537 1323 lata
1554 1296 1613 1331 lege
1625 1296 1773 1331 quotannis

143 1355 216 1377 extra
233 1350 333 1377 urbem
348 1350 375 1377 in
388 1350 429 1378 die
444 1350 619 1382 Parasceves.
632 1350 666 1378 de
678 1359 734 1386 quo
749 1352 850 1387 agitur,
866 1359 899 1378 co
914 1351 941 1378 in
957 1353 1017 1380 loco
1047 1356 1197 1379 conventus
1216 1351 1387 1380 habebantur
1404 1361 1411 1379 :
1425 1360 1475 1380 nec
1488 1358 1577 1389 potest
1589 1354 1726 1389 quidpiam
1740 1363 1774 1383 ex

145 1414 222 1442 supra
235 1406 329 1434 allatis
345 1407 434 1434 verbis
453 1407 485 1435 ad
497 1415 598 1435 annum
617 1407 792 1435 statttendum
804 1407 912 1442 'colligi.

175 1476 224 1506 llic
235 1477 315 1506 vides
331 1486 459 1514 magnam
474 1478 597 1506 Flaviani
611 1478 775 1506 Antiocheni
791 1477 913 1512 episcopi
925 1485 990 1513 erga
1005 1478 1135 1513 reliquias
1148 1481 1298 1514 martyrum
1317 1478 1497 1506 reverentiam
1516 1485 1524 1506 :
1540 1487 1603 1506 nam
1621 1488 1683 1507 cum
1694 1485 1774 1508 antea

141 1539 190 1567 sub
201 1538 328 1567 ecclesiae
342 1537 666 1574 pavimentoiacuissentl
679 1545 727 1566 eas
739 1537 805 1565 hinc
819 1537 932 1565 eductas
947 1537 974 1564 in
991 1537 1112 1570 sublimi,
1127 1544 1197 1572 puro
1216 1536 1373 1572 mundoque
1387 1536 1448 1565 loco
1460 1537 1562 1572 posuit,
1581 1542 1610 1565 ut
1623 1539 1714 1575 populi
1726 1547 1774 1567 νου

141 1598 269 1626 nerationi
289 1602 425 1634 paterent.

172 1668 430 1703 luterpretationem
444 1668 558 1696 Gerardi
578 1667 678 1701 Vossii,
691 1668 786 1695 multis
798 1668 824 1694 in
842 1668 910 1695 locis
926 1667 1111 1698 emendatam,
1131 1674 1146 1693 c
1160 1665 1271 1701 regione
1291 1665 1378 1693 Graeci
1395 1669 1488 1694 textus
1502 1667 1653 1701 posuimus.

144 1949 174 1972 IN
195 1942 410 1973 ASCEN§IONEM
431 1948 545 1970 DOMINI
567 1948 680 1970 NOSTRI
693 1948 767 1970 JESU
788 1948 926 1977 CHRISTI,

986 1948 1052 1970 RMO
1074 1949 1249 1971 RECITATUS
1271 1948 1304 1970 IN
1325 1948 1489 1971 MABTYRIO
1503 1947 1702 1975 ROMANESUE,
1726 1948 1778 1970 UBI

180 2001 361 2023 IABTYRUM
387 1999 543 2027 CORPORA,
580 1999 638 2020 SUB
667 1998 850 2021 ΡΑνιΜΕΝτο
880 1999 981 2021 PBOPE
1016 1999 1187 2021 CADAVERA
1217 1999 1456 2021 HERETICORUM
1481 1999 1625 2026 CONDITA,

1659 1999 1778 2021 ABLATA

180 2053 343 2080 FUBRUNT,
361 2052 401 2073 ΕΤ
422 2050 573 2072 EDITIORB
595 2050 673 2072 LOCO
694 2050 873 2071 SEPARATIM
896 2050 1033 2072 SEPULTA
1055 2041 1103 2080 (α).

795 2133 911 2142 -_—

179 2183 267 2211 ι.οπ
281 2188 355 2210 extra
376 2182 500 2209 civitatem
513 2186 649 2208 conventus
669 2180 777 2208 habitus.
795 2197 830 2201 —
848 2182 934 2210 Etiam

145 2237 204 2257 cum
216 2229 306 2257 crucis
320 2227 474 2255 memoriam
490 2227 653 2254 recoluimus
662 2247 668 2258 ,
684 2231 757 2253 extra
772 2226 863 2254 urbem
877 2227 935 2261 ejus

146 2276 343 2303 solemnitatem
366 2274 580 2302 celebravimus:
595 2277 622 2300 et
643 2280 712 2299 nunc
725 2273 831 2307 quando
849 2273 937 2300 cruci-

146 2321 187 2348 ﬁxi
198 2321 385 2348 ascensionem
398 2319 510 2354 agimus,
527 2318 655 2345 illustrem
676 2317 746 2345 ltunc
758 2323 839 2352 atque
856 2318 938 2346 reful-

146 2371 249 2401 gentem
273 2365 358 2397 diem,
381 2369 455 2392 extra
470 2364 603 2391 civitatem
616 2370 708 2390 rursus
726 2362 821 2390 l'cstum
834 2363 936 2398 peragi-

146 2432 212 2488 αἶα)
227 2431 319 2456 rellata
334 2437 388 2456 cum
401 2435 452 2466 uss.
464 2430 544 2477 Regiis
555 2429 633 2466 19.70..
642 2429 713 2458 2027,
726 2432 751 2454 et
761 2429 832 2464 2424,
845 2433 871 2454 et
883 2436 937 2464 eum

185 2463 282 2487 bertino
294 2462 365 2486 2-HT).
389 2465 477 2488 nemus
498 2460 568 2488 -424.
581 2467 604 2484 In
618 2460 695 2488 titulo.
709 2464 853 2485 Romanasne
862 2479 868 2488 .
882 2464 904 2484 et
913 2467 937 2484 m

185 2459 282 2487 bertino
294 2462 365 2486 2-HT).
389 2462 477 2492 Regius
497 2459 568 2492 (ξω,
581 2462 604 2484 in
618 2460 695 2489 titulo,
709 2459 853 2492 Romanasne
862 2479 868 2490 ,
882 2464 904 2484 et
913 2459 938 2492 in

147 2497 281 2525 martyrum
304 2499 405 2525 corpora
416 2490 466 2525 suo
475 2491 614 2525 pavimento
625 2497 698 2522 prope
711 2491 830 2525 cadat-era
840 2490 938 2525 lucreti-

148 2522 228 2549 cornfn
240 2523 349 2556 conditu,
361 2529 416 2556 quo:
426 2522 506 2556 ablata
518 2523 614 2556 fuerunt
623 2525 646 2556 et
654 2522 787 2556 separatim
803 2522 904 2556 sepulltt,
916 2525 939 2546 et

148 2555 264 2585 quomodo
274 2552 449 2585 explicandum
457 2553 555 2585 uerbum
570 2552 658 2585 Christi
670 2552 753 2585 dicens
767 2558 776 2577 :
792 2561 803 2575 ί
818 2552 938 2576 Invenien-

148 2583 186 2610 tur
198 2585 254 2611 duae
265 2583 382 2610 rmlentcs
391 2583 494 2609 inmota.
508 2592 519 2606 ν
534 2584 554 2607 si
567 2583 632 2614 Regii
650 2583 722 2607 lectio
733 2589 790 2607 vera
801 2586 877 2611 esset,
891 2589 939 2607 non

148 2620 275 2648 mrtyrum
285 2622 333 2645 corl
343 2621 384 2639 ora
394 2614 514 2648 lom‘mota
523 2614 599 2648 fuisse
604 2613 752 2648 viderentur,
761 2614 805 2638 sed
813 2615 888 2648 lueret
894 2614 940 2648 ico-

149 2643 216 2670 rumf
223 2651 252 2672 At
267 2643 367 2678 praestat
384 2646 458 2678 tossii
479 2650 504 2670 et
524 2645 602 2670 savilii
623 2644 715 2678 lectio:
729 2651 776 2668 non
785 2643 863 2678 solum
874 2644 939 2678 enim

149 2678 202 2708 quia
214 2675 292 2709 prope
304 2677 472 2701 haereticorum
489 2683 537 2709 con
547 2683 598 2709 ora,
609 2675 654 2700 sed
666 2676 738 2709 etiam
750 2676 806 2709 quia
817 2675 862 2709 sui;
874 2675 939 2709 pavi-

150 2705 230 2732 mento
243 2705 314 2733 erant
326 2711 455 2738 martyrum
470 2705 589 2738 reliquiae,
600 2705 720 2730 translata:
730 2705 789 2738 etin
800 2705 939 2738 sublimiore

150 2742 173 2763 et
185 2738 327 2763 honestiore
339 2737 392 2762 loco
403 2746 407 2767 ι
417 2739 485 2762 ositae
499 2737 611 2767 fuerunt;
632 2738 696 2767 quod
713 2737 786 2761 etiam
801 2737 869 2760 initio
880 2742 938 2767 opn-

150 2769 224 2794 cioais
234 2769 381 2794 declaratur.
399 2769 570 2793 Hzereticorum
589 2766 670 2792 autem
688 2773 741 2792 ossa
759 2774 806 2792 non
826 2766 940 2792 translata

150 2798 224 2831 finisse
235 2799 307 2831 paulo
318 2802 403 2830 postea
413 2799 676 2831 dicititﬁhrysostomus.
699 2797 784 2823 Eadem
803 2798 852 2829 ipsa
866 2797 939 2822 lectio

150 2829 252 2856 habetur
264 2829 338 2858 etiam
349 2830 373 2854 in
384 2833 442 2860 Reg.
457 2829 524 2854 l970.

914 2123 1126 2151 etate——

989 2191 1058 2211 mus.
1074 2183 1152 2217 Atqui
1165 2182 1216 2210 hoc
1226 2203 1233 2214 ,
1248 2189 1300 2208 non
1315 2181 1386 2216 quod
1401 2180 1535 2208 civitatem
1560 2181 1697 2215 despicere
1713 2182 1779 2208 reli-

988 2235 1064 2260 mus,
1092 2227 1138 2254 sed
1164 2231 1295 2262 martyres
1307 2226 1394 2260 potius
1418 2225 1550 2252 honorare
1571 2226 1719 2260 cupiamus.
1743 2226 1780 2253 Ni:

988 2274 1059 2300 enim
1072 2272 1121 2299 viri
1141 2272 1225 2299 sancti
1246 2271 1279 2298 de
1295 2271 1371 2298 nobis
1396 2271 1491 2298 merito
1506 2275 1721 2305 conquerantur,
1749 2279 1780 2298 ac

989 2320 1097 2347 dicant:
1111 2318 1166 2346 Nos
1185 2326 1219 2346 ne
1231 2318 1302 2353 digni
1322 2317 1429 2352 quidem
1445 2324 1561 2348 eramus,
1577 2317 1621 2351 qui
1636 2325 1715 2343 unum
1732 2317 1781 2342 Do.

990 2365 1053 2392 mini
1066 2365 1148 2391 nostri
1161 2364 1232 2391 diem
1254 2364 1279 2390 in
1291 2362 1467 2390 tabernaculis
1479 2362 1580 2390 nostris
1593 2362 1721 2389 celebrari
1738 2362 1779 2388 vi-

989 2411 1127 2443 deremus;
1152 2417 1218 2437 neve
1228 2408 1366 2436 nobiscum
1380 2407 1571 2443 expostulando
1593 2407 1681 2436 dicant
1696 2407 1781 2434 :San-

989 2456 1094 2491 guinem
1107 2455 1214 2490 quidem
1228 2459 1347 2481 nostrum
1370 2461 1419 2488 pro
1434 2453 1491 2488 ipso
1507 2452 1656 2484 effudimus.
1672 2456 1698 2480 et
1708 2452 1779 2488 digni

990 2501 1073 2529 habiti
1094 2508 1203 2531 sumus.
1233 2500 1329 2534 quibus
1354 2507 1401 2534 pro
1427 2507 1460 2526 eo
1483 2503 1562 2532 caput
1588 2503 1779 2533 amputaretur.

991 2547 1073 2582 ipsius
1087 2551 1174 2574 autem
1188 2545 1351 2572 salutiferum
1367 2544 1463 2571 festum
1474 2543 1602 2571 celebrari
1612 2544 1680 2570 diem
1694 2543 1781 2570 videro

991 2601 1043 2620 non
1057 2599 1149 2620 sumus
1162 2590 1297 2626 promeriti
1312 2591 1338 2617 in
1354 2589 1511 2617 habitaculis
1523 2589 1622 2617 nostris
1637 2598 1643 2615 ε
1661 2589 1720 2616 ideo
1736 2598 1779 2616 rc-

991 2640 1052 2667 licta
1065 2639 1169 2666 civitate
1179 2637 1211 2666 ad
1223 2637 1304 2673 pedes
1318 2641 1470 2664 sanctorum
1485 2635 1579 2663 horum
1594 2642 1777 2671 properamus,

991 2686 1130 2714 occasione
1138 2683 1276 2719 prmscntis
1286 2682 1338 2710 diei
1349 2703 1356 2714 ,
1368 2687 1395 2709 et
1408 2682 1441 2709 de
1457 2686 1575 2716 tempore
1590 2680 1724 2715 praeterito
1735 2688 1777 2707 ex-

991 2735 1115 2758 cusantes
1128 2737 1177 2756 nos
1197 2727 1265 2763 apud
1286 2727 1368 2762 ipsos.
1392 2726 1457 2753 Nam
1472 2726 1494 2753 si
1519 2731 1596 2753 antea
1607 2724 1639 2752 ad
1656 2729 1779 2751 strenuos

992 2777 1041 2804 hos
1053 2776 1156 2811 pietatis
1168 2775 1281 2802 athletas
1291 2780 1400 2800 currere
1415 2772 1566 2806 oportebat,
1581 2769 1686 2805 quando
1697 2769 1783 2796 adimo

993 2822 1042 2849 sub
1055 2821 1206 2856 pavimento
1230 2819 1359 2848 reconditi
1374 2818 1495 2854 jacehant
1505 2835 1513 2851 ,
1527 2817 1610 2844 multo
1622 2823 1686 2843 sane
1702 2817 1782 2849 magis

1810 2764 1828 2779 »ί
