1976 3130
176 153 228 179 H5

177 210 202 234 iu
215 210 270 242 jam
287 216 414 243 peragere
427 206 579 242 oportebit,
594 205 700 241 quando
713 207 826 233 seorsim
841 205 971 242 repositas

179 256 300 281 videmus
317 253 492 287 margaritas,
507 251 615 287 quando
629 259 645 279 a
670 252 739 287 lupis
764 252 882 279 liberata:
909 255 972 279 sunt

178 308 257 331 oves,
271 299 377 335 quando
390 306 405 326 a
429 298 541 327 mortuis
557 303 726 326 recesserunt
749 298 811 326 vivi.
836 298 874 326 Ne
894 301 972 326 antea

178 346 285 381 quidem
307 345 388 373 ullum
405 345 593 373 detrimentum
609 345 679 380 passi
699 349 761 372 sunt
783 352 816 372 ex
837 344 971 373 communi

179 399 239 419 cum
252 391 305 419 illia
319 391 455 426 sepultura
471 399 479 418 :
494 398 608 426 quorum
622 390 694 418 enim
721 391 830 426 spiritus
855 390 881 417 in
898 390 972 418 ctelis

179 443 261 472 sunt,
277 446 370 466 eorum
389 446 476 474 neque
499 445 612 472 corpora
633 445 666 465 ex
682 436 879 473 propinquitate
892 436 973 465 hede-

179 485 291 517 bantur;
303 491 415 520 quorum
435 484 531 511 anima:
543 483 569 510 in
583 491 663 510 manu
677 483 722 511 Dei
736 488 812 515 sunt,
828 490 914 518 neque
927 490 973 510 re.

177 530 265 565 liquia:
279 537 372 558 eorum
383 537 418 557 ex
429 530 505 563 loco,
520 529 545 557 in
555 537 608 565 quo
622 529 765 557 reconditas
780 534 858 561 sunt,
871 529 970 564 aliquid

180 576 232 612 pati
250 581 380 611 poterant.
391 575 463 604 Nihil
486 582 551 610 ergo
566 575 598 602 iis
625 575 738 604 antehac
753 574 906 602 detrimenti
927 582 972 603 ac-

177 621 258 648 cessit
271 630 277 648 :
293 621 406 656 populus
418 625 505 649 tamen
520 626 612 649 noster
625 629 678 648 non
693 621 818 656 exiguum
831 628 846 648 a
857 621 916 648 loco
925 620 973 648 da-

178 675 270 696 mnum
294 668 396 695 ferebat
409 676 415 695 :
430 667 528 703 quippe
545 667 591 703 qni
601 667 725 695 currebat
735 668 841 703 quidem
854 668 887 694 ad
903 675 973 695 mar.

179 719 265 749 tyrum
289 713 416 749 reliquias
427 735 434 747 ,
447 718 475 741 at
487 722 546 741 cum
570 714 741 749 ambiguitate
762 719 790 742 et
805 714 973 742 ba‘sitatione

178 767 271 794 preces
285 758 424 793 offerebat,
437 760 507 795 quod
521 764 673 787 sanctorum
688 760 810 795 sepulcra
825 760 970 796 ignoraret,

177 812 209 832 ac
231 804 276 832 ubi
297 805 352 832 veri
379 805 416 832 illi
443 805 559 832 thesauri
582 805 712 833 reconditi
725 810 826 834 essent.
847 805 973 841 Idemque

179 851 275 878 factum
284 855 326 878 est
335 851 415 878 veluti
425 852 447 879 si
461 859 554 886 greges
567 852 655 878 ovium
666 851 772 879 adducti
785 851 818 878 ad
833 851 972 886 perfruen-

180 897 243 923 dum
261 897 345 924 alveis
354 897 441 931 puris,
455 897 498 932 qui
511 917 520 930 ,
535 896 579 924 ubi
600 896 634 923 ad
649 896 736 924 fontes
750 897 874 932 limpidos
890 905 972 926 vene-

177 941 247 973 rint,
264 946 332 968 tctro
345 941 459 976 quodam
470 941 553 969 odore
567 946 646 976 atque
660 941 755 970 faetore
769 942 876 970 aliunde
885 950 970 971 comt-

146 1019 154 1027 Ὠ
178 988 218 1014 nis
231 992 405 1023 erumpente,
430 988 525 1016 iterum
553 988 745 1016 inhibeantur:
771 989 805 1016 ita
828 993 855 1017 ct
879 990 904 1017 in
920 990 971 1017 isto

138 1021 154 1032 μ
176 1035 238 1062 ωιΗί
256 1021 375 1070 contigit.
404 1035 461 1062 Ibat
487 1035 595 1070 quidem
620 1035 732 1070 populus
760 1035 793 1063 ad
815 1044 894 1071 puros
909 1037 969 1064 illos

178 1085 322 1118 martyrum
337 1080 432 1113 fontes,
447 1080 494 1108 sed
508 1081 570 1108 dum
583 1080 704 1108 faetorem
716 1080 971 1109 htereticoruminde

176 1129 297 1156 cominus
319 1132 503 1162 erumpentem
518 1127 646 1160 sentiret,
675 1132 770 1155 Iterum
791 1127 968 1156 inhibebatur.

175 1173 252 1208 Quod
263 1173 371 1209 quidem
395 1173 564 1207 conspiciens
590 1173 704 1207 prudens
719 1173 762 1200 hic
783 1178 874 1208 pastor
890 1179 970 1209 atque

176 1220 310 1255 magister,
319 1224 414 1247 cuncta
423 1218 455 1245 ad
463 1218 589 1246 Ecclesia:
600 1218 801 1247 :cdilicationem
813 1219 969 1254 disponens,

175 1273 228 1294 non
249 1271 289 1294 est
313 1273 406 1302 passus
420 1264 464 1292 diu
489 1264 540 1292 hoc
564 1265 690 1293 damnum
712 1273 760 1300 pro
785 1266 835 1293 levi
858 1265 970 1299 haberi,

176 1312 282 1339 fervens
304 1311 348 1339 hic
361 1315 466 1339 amator
485 1314 512 1338 et
526 1310 666 1338 atmulator
681 1315 828 1347 martyrum
853 1312 902 1347 (α).
917 1311 969 1339 Sed

174 1358 237 1392 quid
251 1357 324 1393 agit?
339 1358 456 1393 Aspicite
469 1357 626 1392 sapientiam
646 1357 704 1392 ejus
719 1366 726 1384 :
741 1358 845 1385 turbida
861 1359 968 1394 quidem

175 1413 206 1432 ac
220 1404 310 1432 fmtida
330 1405 428 1432 ﬂuenta
443 1403 550 1436 obruit,
573 1408 653 1438 atque
664 1404 797 1432 obstruxit
816 1404 943 1432 deorsum
959 1414 967 1432 :

176 1458 258 1485 puros
267 1455 355 1479 autem
369 1455 515 1486 martyrum
529 1449 616 1478 fontes
629 1457 750 1478 seorsum
764 1451 790 1478 in
808 1458 875 1486 puro
889 1460 967 1479 mun-

175 1496 263 1532 doque
285 1496 344 1524 loco
366 1496 517 1524 collocavit.
541 1495 714 1524 Considerate
737 1496 818 1524 etiam
840 1501 967 1532 quantam

175 1549 237 1576 erga
253 1543 305 1570 vita
319 1542 422 1569 functos
438 1541 589 1569 exhibuerit
599 1540 801 1574 humanitatem,
817 1547 896 1578 atque
905 1551 967 1579 erga

175 1592 306 1623 martyres
321 1587 448 1615 honorem
459 1608 467 1621 ,
480 1592 506 1616 et
520 1588 545 1614 in
561 1587 686 1623 populum
700 1595 802 1615 curam.
816 1589 883 1624 Erga
896 1597 968 1616 mor-

177 1639 237 1660 tuos
251 1633 356 1669 quidem
379 1633 569 1661 humanitatem
579 1654 586 1665 ,
601 1633 672 1668 quod
687 1642 733 1661 eos
750 1634 808 1662 loco
834 1642 886 1662 non
908 1642 967 1662 tuo-

175 1679 253 1712 verit,
264 1678 311 1707 sed
322 1679 366 1706 ubi
381 1683 467 1713 erant,
482 1679 518 1706 ibi
532 1679 684 1714 reliquerit;
699 1687 761 1714 erga
775 1686 905 1716 martyres
918 1689 967 1708 au-

176 1730 229 1752 tem
244 1724 390 1757 honorem,
407 1732 453 1752 eos
473 1725 508 1752 ab
526 1724 646 1760 improba
660 1725 796 1753 vicinitate
820 1727 940 1754 cximcns
957 1735 964 1756 :

174 1777 238 1805 erga
263 1770 386 1805 populum
399 1778 463 1798 vero
478 1777 568 1798 curam
582 1775 661 1805 atque
674 1771 897 1804 sollicitudinem,
914 1781 966 1801 non

175 1816 331 1850 permittens
342 1824 388 1844 eos
406 1816 520 1852 amplius
527 1824 586 1845 cum
596 1816 750 1845 discriminc
762 1822 789 1845 et
800 1818 966 1847 haesitatione

173 1869 235 1889 suas
249 1870 341 1897 preces
355 1863 477 1891 fundere.

210 1909 298 1943 Δημιιί
308 1909 399 1936 adsum
410 1909 436 1936 in
449 1910 554 1937 ecclesia
566 1914 590 1937 et
603 1911 702 1946 ubique.
715 1926 747 1931 -—
760 1911 903 1945 Propterea
919 1919 967 1939 vos

173 1954 225 1981 huc
235 1954 410 1988 adduximus,
426 1959 454 1982 ut
467 1955 594 1982 illustrior
608 1960 755 1983 conventus
771 1957 862 1990 lleret,
877 1957 966 1992 splen-

172 1999 312 2034 didiusque
324 2001 504 2034 spectaculum
525 2009 577 2028 non
601 2001 736 2029 hominum
750 2002 836 2029 solum
848 2024 855 2035 ,
879 2004 925 2030 sed
939 2009 967 2032 et

174 2049 319 2080 martyrum
335 2046 509 2073 collectorum
520 2067 528 2079 ,
545 2055 631 2081 neque
645 2052 792 2084 martyrum
806 2049 943 2076 dmntaxat
956 2069 963 2080 .

173 2097 263 2118 verum
279 2091 359 2118 etiam
373 2091 540 2126 angelorum.
558 2092 662 2120 Etenim
677 2098 705 2121 ct
719 2094 805 2129 anguli
821 2100 966 2129 pra-sontes

171 2139 250 2168 sunt,
265 2136 418 2171 angelorum
433 2140 461 2164 et
483 2142 629 2173 martyrum
655 2146 800 2166 concursus
821 2141 847 2166 lit
875 2140 963 2168 hodie.

175 2181 269 2209 Videre
294 2182 370 2216 cupis
395 2183 503 2218 angelos
528 2184 627 2218 pariter
650 2192 681 2212 ae
708 2186 858 2222 martyres?
884 2186 964 2221 Aperi

171 2229 262 2256 oculos
276 2228 335 2256 lidci
349 2234 376 2256 et
394 2237 488 2258 cernes
503 2231 686 2265 spectaculum
703 2232 777 2260 illud.
791 2232 858 2260 Nam
871 2233 893 2260 si
908 2242 966 2260 om-

171 2276 211 2302 nis
226 2283 272 2302 aer
282 2276 381 2310 angelis
396 2276 511 2310 repletus
524 2277 576 2310 sit,
590 2283 689 2312 quanto
700 2279 814 2313 amplius
825 2280 938 2307 ecclesia
956 2289 962 2307 :

171 2322 193 2347 si
217 2329 280 2348 vero
300 2321 430 2355 ecclesia,
445 2328 544 2356 quanto
565 2324 650 2358 magis
673 2324 730 2351 dies
747 2324 801 2359 jam
827 2332 963 2359 pra-sene,

171 2366 277 2400 quando
298 2374 390 2394 eorum
407 2373 558 2402 assumptus
572 2374 613 2396 est
629 2369 774 2396 Dominus?
788 2370 863 2403 Quod
876 2376 963 2398 autem

173 2413 261 2439 munis
276 2420 322 2440 aer
335 2413 437 2448 angelis
460 2414 495 2441 sit
514 2415 641 2449 repletus,
655 2415 716 2442 andi
741 2416 803 2450 quid
815 2417 886 2445 dicat
896 2418 964 2450 Apo-

169 2459 270 2491 smlus,
291 2459 439 2486 admonens
457 2460 599 2494 mulieres,
627 2466 655 2488 ut
675 2462 761 2489 velato
781 2463 835 2488 sint
857 2463 962 2498 rapite:

170 2505 267 2531 Debent
282 2505 352 2531 enim
363 2524 372 2538 ,
386 2504 472 2540 inquit
486 2525 493 2537 ,
516 2506 632 2534 mulieres
645 2507 755 2534 velamen
781 2508 870 2535 habere
884 2517 963 2543 supra

168 2556 243 2585 τιῳιιι
258 2559 332 2577 suum
342 2571 349 2583 ,
366 2556 468 2586 propter
477 2552 580 2587 angelos
594 2552 631 2589 (i.
646 2553 704 2580 Cor.
723 2554 766 2580 il.
780 2554 835 2589 10).
849 2554 963 2582 Rursus-

167 2604 218 2631 que
227 2596 308 2624 Jacob
323 2606 328 2623 :
344 2597 455 2632 Angelus
467 2598 508 2632 qui
524 2599 587 2625 eruit
598 2607 637 2625 me
650 2607 665 2624 α
676 2599 807 2633 juventute
816 2608 870 2626 mea
886 2599 960 2636 (Gen.

174 2643 215 2669 is.
235 2641 290 2676 16).
310 2642 342 2669 Et
355 2643 399 2677 qui
424 2643 450 2670 in
477 2644 558 2670 domo
581 2652 642 2671 cum
660 2646 788 2680 apostolis
808 2650 902 2679 erant,
929 2646 962 2674 ad

171 2687 282 2716 Ithoden
293 2690 406 2723 puellam
413 2689 551 2717 dicebant:
562 2691 672 2726 Angelus
678 2693 733 2726 ejus
741 2693 849 2727 eu(:lct.
858 2693 961 2729 12.15).

171 2734 208 2760 Ac
221 2734 316 2761 iterum
342 2735 448 2763 Jacob:
474 2735 554 2768 Vidi,
583 2736 685 2771 inquit,
708 2744 790 2766 castra
815 2740 963 2775 angelorum

168 2777 245 2812 (Gen.
268 2779 312 2806 32.
328 2779 368 2815 2).
383 2780 435 2808 Sed
455 2788 583 2816 quorsum
597 2782 750 2817 angelorum
767 2789 852 2814 castra
868 2793 900 2814 ac
912 2793 957 2814 co-

201 2878 237 2908 ια)
254 2881 286 2904 ne
299 2879 409 2905 t‘laviano
419 2880 532 2912 Episcopo
543 2880 656 2913 loquitur.

533 148 562 177 S.
583 149 723 178 JOANNIS
742 147 980 177 CIIRYSOSTOMI
998 147 1160 177 ARClllEP.
1179 149 1448 178 CONSTANTlNOP.

1771 153 1822 179 tu

1027 205 1085 241 pias
1101 213 1182 241 super
1199 211 1296 234 terram
1312 207 1394 235 vidit?
1408 208 1482 235 Sicut
1497 216 1543 235 rex
1554 208 1629 242 jubet
1643 216 1688 243 per
1703 208 1822 242 singulas

1025 251 1148 279 civitates
1158 260 1221 280 suas
1234 253 1333 280 milites
1346 253 1467 288 disponi,
1492 261 1526 281 ne
1535 261 1615 288 grave
1629 254 1739 289 aliquod
1762 253 1822 281 bel-

1025 296 1079 324 lum
1095 297 1235 325 imminens
1248 298 1443 325 incursionibus
1457 298 1564 326 infestet
1577 306 1623 327 eas
1638 308 1645 315 -
1660 300 1695 326 ita
1709 305 1736 326 et
1753 299 1822 327 Deus

1025 343 1192 371 daemonibus
1205 344 1230 370 in
1245 351 1307 372 acre
1325 344 1388 377 isto,
1405 345 1525 372 barbaris
1539 350 1618 380 atque
1641 345 1821 377 immanibus.

1024 396 1131 425 semper
1143 390 1214 418 bella
1233 391 1421 419 suscitat-tibus
1431 412 1439 425 ,
1454 392 1580 427 pacisque
1594 392 1708 419 inimicis
1718 413 1725 425 ,
1738 399 1821 427 ange-

1024 436 1110 464 lorum
1130 441 1216 464 castra
1236 438 1360 472 opponit,
1383 442 1411 465 ut
1430 437 1493 465 dum
1512 438 1553 465 vel
1566 443 1695 473 apparent
1713 438 1821 472 solum,

1025 481 1096 516 ipsos
1109 482 1272 517 reprimant,
1290 483 1419 518 nobisque
1439 491 1530 518 pacem
1555 488 1710 519 perpetuam
1730 485 1821 512 conci-

1024 526 1100 554 lient.
1111 527 1197 562 Atque
1208 532 1236 555 ut
1249 528 1336 555 discas
1350 528 1459 564 angelos
1471 530 1543 564 pacis
1554 536 1613 556 esse
1623 550 1631 562 ,
1647 528 1708 556 audi
1720 529 1747 556 in
1761 537 1821 564 pre-

1024 572 1175 600 cationibus
1190 572 1316 600 diaconos
1331 581 1438 608 semper
1454 574 1574 602 dicentes
1588 583 1595 601 :
1612 574 1737 610 Angelum
1751 576 1821 610 pacis

1024 622 1112 653 rogate
1124 618 1175 653 (ιι).
1191 618 1271 646 Vides
1294 620 1403 655 angelos
1424 620 1518 647 adesse
1538 624 1565 647 et
1586 619 1739 655 martyres?
1752 619 1820 654 Quid

1024 663 1104 698 igitur
1127 664 1306 693 miserabilius
1321 665 1352 692 iis
1363 685 1370 698 ,
1385 665 1474 700 quise
1492 673 1508 693 a
1533 671 1666 693 conventu
1690 665 1822 693 hodierno

1024 711 1231 740 abstraxerunt?
1242 716 1269 739 et
1282 712 1345 747 quid
1353 712 1455 740 beatius
1471 713 1546 741 nobis
1559 714 1602 748 qui
1614 712 1783 746 advenimus,
1793 718 1821 741 et

1024 757 1180 785 celebritate
1193 758 1242 785 ista
1257 758 1435 793 perfruimur?
1448 758 1578 786 Ca-terum
1595 760 1636 786 isti
1649 759 1684 787 de
1697 759 1800 794 angelis
1811 761 1818 775 '

1025 810 1164 831 sermones
1182 804 1208 831 in
1222 804 1293 832 aliud
1309 805 1386 832 nobis
1401 810 1505 840 tempus
1526 805 1670 832 referendi.
1683 805 1744 833 .lam
1757 813 1822 833 vero

1024 849 1058 877 ad
1072 849 1220 877 institutum
1236 851 1373 885 praesentis
1390 850 1449 878 fusti
1461 856 1635 878 revertamur.

1059 894 1087 924 2.
1114 895 1178 929 Quae
1197 896 1275 931 igitur
1295 904 1413 932 presens
1426 902 1468 924 est
1484 898 1534 925 ista
1552 898 1714 925 celebritas?
1732 897 1816 925 Vene-

1024 942 1107 970 randa
1123 942 1212 977 utique
1226 947 1253 970 et
1269 951 1374 978 magna,
1387 943 1535 975 carissime,
1555 951 1716 979 sensumque
1733 951 1766 972 ac
1779 944 1820 971 in-

1024 988 1157 1015 tellectum
1175 996 1282 1015 omnem
1297 988 1440 1016 humanum
1457 989 1598 1023 excedens,
1622 990 1721 1025 Deique
1734 991 1821 1017 muni-

1024 1034 1142 1068 ﬁcentia,
1153 1035 1197 1070 qui
1211 1034 1283 1061 illan]
1296 1035 1366 1068 fecit,
1385 1034 1474 1070 digna.
1488 1035 1574 1065 Hodie
1588 1036 1658 1063 enim
1673 1036 1825 1063 humanum

1023 1088 1106 1116 genus
1117 1081 1317 1109 reconciliatum
1326 1086 1368 1109 est
1377 1081 1431 1109 Deo
1443 1091 1449 1109 :
1460 1082 1539 1109 hodie
1549 1082 1673 1111 diuturna
1684 1082 1822 1116 simultas,

1024 1126 1184 1163 longumque
1197 1127 1296 1155 bellum
1311 1127 1427 1155 deletum
1445 1132 1486 1155 est
1499 1132 1579 1163 atque
1595 1128 1730 1156 sublatum
1747 1137 1754 1154 :
1771 1128 1820 1156 ho-

1022 1173 1066 1201 die
1080 1181 1128 1209 pax
1142 1174 1263 1210 quaedam
1284 1174 1361 1202 nobis
1375 1174 1539 1202 admirabilis
1554 1175 1632 1203 rediit
1644 1195 1651 1207 ,
1667 1183 1720 1202 non
1744 1180 1823 1203 antea

1023 1227 1148 1255 umquam
1158 1225 1320 1255 exspectata.
1329 1220 1394 1255 Quis
1402 1221 1472 1248 enim
1479 1225 1614 1255 sperasset
1627 1220 1696 1254 fore,
1710 1227 1740 1248 ut
1751 1221 1823 1249 Deus

1023 1265 1123 1293 homini
1143 1266 1382 1294 reconciliantur?
1398 1273 1449 1294 non
1465 1267 1535 1302 quod
1547 1267 1708 1294 inhumanus
1720 1267 1758 1295 sit
1772 1266 1819 1294 Do.

1022 1312 1120 1344 minus,
1134 1312 1180 1340 sed
1199 1313 1259 1348 quia
1274 1313 1364 1348 segnis
1382 1311 1498 1340 famulus
1512 1317 1540 1340 et
1557 1314 1646 1345 iners;
1670 1320 1724 1340 non
1748 1314 1823 1348 quod

1021 1358 1136 1385 crudelis
1144 1365 1175 1385 ac
1190 1365 1278 1386 satvus
1286 1358 1423 1391 Dominus,
1437 1358 1484 1386 sed
1495 1359 1555 1393 quia
1569 1366 1664 1386 servus
1675 1363 1819 1387 contumax

1021 1409 1101 1438 atque
1115 1404 1242 1438 ingratus.
1257 1403 1302 1431 Vis
1313 1405 1428 1437 discere,
1444 1412 1496 1439 quo
1508 1409 1584 1439 pacto
1597 1404 1822 1439 benignissimum

1021 1448 1092 1477 hunc
1105 1454 1185 1484 atque
1199 1450 1363 1477 lenissimum
1385 1450 1526 1478 Dominum
1542 1455 1661 1478 nostrutn
1675 1450 1820 1477 exacerba-

1021 1496 1139 1523 verimus
1150 1496 1161 1522 Τ
1173 1496 1289 1531 [Equum
1314 1503 1428 1531 namque
1441 1501 1484 1524 est
1498 1495 1594 1531 prioris
1607 1500 1704 1523 nostrai
1723 1496 1820 1523 sin-ub

1021 1542 1081 1568 tatis
1101 1549 1261 1575 cognOscere
1282 1541 1482 1568 fundamentum
1496 1562 1505 1575 ,
1521 1546 1550 1568 ut
1559 1541 1667 1576 quando
1681 1542 1819 1576 aspexeris

1020 1591 1070 1611 nos
1083 1583 1203 1611 inimicos
1217 1588 1244 1612 et
1259 1584 1348 1611 hostes
1371 1585 1472 1611 honore
1488 1583 1610 1617 aﬂectos,
1625 1583 1709 1618 ipsius
1731 1583 1818 1610 bono-

1020 1630 1104 1658 rantis
1125 1629 1266 1657 admireris
1286 1629 1490 1664 benignitatem,
1509 1637 1544 1657 ne
1560 1636 1593 1656 ex
1617 1636 1734 1664 proprns
1748 1635 1819 1656 recte

1020 1674 1097 1702 factis
1111 1675 1180 1702 illam
1192 1674 1289 1702 factam
1300 1675 1472 1703 mutationem
1484 1675 1631 1707 arbitreris,
1645 1680 1672 1701 et
1688 1674 1812 1702 beneﬁcii

1020 1721 1198 1749 immensitate
1221 1727 1359 1756 perspecta
1374 1741 1382 1754 ,
1408 1720 1443 1748 de
1468 1721 1648 1756 magnitudine
1676 1727 1819 1748 munerum

1019 1768 1117 1802 gratias
1137 1767 1173 1794 illi
1197 1775 1276 1802 agere
1291 1775 1345 1795 non
1365 1766 1490 1795 desistas.
1504 1766 1549 1794 Vis
1571 1773 1636 1801 ergo
1658 1773 1740 1794 nosse
1752 1773 1818 1801 quo-

1019 1814 1099 1841 modo
1112 1814 1252 1842 Dominum
1265 1819 1317 1841 tam
1332 1813 1486 1846 liberalem,
1504 1819 1689 1846 mansuetum,
1704 1813 1816 1847 bonum,

1019 1861 1160 1896 omniaque
1174 1861 1207 1888 ad
1218 1861 1330 1888 salutem
1345 1865 1462 1888 nostram
1473 1861 1659 1896 disponentem
1669 1861 1816 1888 exacerba-

1018 1908 1157 1936 verimus‘!
1180 1908 1340 1935 Deliberavit
1363 1907 1506 1943 aliquando
1517 1907 1552 1935 de
1576 1908 1702 1935 universo
1727 1913 1818 1935 nostro

1019 1961 1119 1988 genere
1130 1954 1238 1980 omnino
1251 1953 1366 1981 delendo
1377 1975 1385 1986 ,
1399 1958 1478 1988 atque
1500 1953 1535 1980 ita
1550 1953 1627 1980 nobis
1647 1953 1731 1981 iratus
1750 1959 1817 1987 erat,

1019 2004 1048 2026 ut
1062 1999 1172 2034 perdere
1192 2007 1241 2026 nos
1255 1999 1334 2028 vellet
1347 2008 1408 2027 cum
1422 1999 1549 2028 uxoribus
1563 2007 1594 2027 ac
1604 1999 1711 2033 liberis,
1727 2000 1816 2027 besliis

1018 2052 1098 2081 atque
1115 2046 1245 2081 jumentis
1257 2067 1264 2079 ,
1288 2051 1388 2074 etcum
1404 2046 1526 2073 universa
1551 2051 1630 2073 terra.
1656 2046 1727 2074 Etsi
1742 2046 1816 2078 velis,

1018 2093 1118 2120 curabo
1132 2096 1160 2119 ut
1173 2093 1256 2126 ipsam
1268 2100 1374 2127 quoque
1388 2092 1546 2119 sententiam
1564 2091 1622 2126 ejus
1632 2091 1727 2119 audias
1743 2100 1751 2119 :
1766 2090 1818 2118 De-

1018 2138 1084 2171 lebo,
1100 2139 1194 2173 inquit,
1209 2138 1334 2165 hominem
1355 2146 1428 2173 quem
1441 2138 1522 2165 ονεουὶ
1532 2146 1548 2164 a
1561 2138 1627 2172 facie
1634 2138 1716 2165 omnis
1730 2142 1816 2170 terra,

1018 2191 1041 2212 et
1061 2185 1134 2212 bruta
1153 2185 1274 2212 animalia
1296 2190 1318 2211 et
1327 2185 1454 2220 juntmla,
1481 2184 1541 2218 quia
1554 2184 1654 2218 panitet
1669 2192 1710 2211 me
1732 2183 1825 2219 μάκρ’

1018 2231 1144 2257 hominem
1159 2230 1235 2266 (Gen.
1253 2230 1279 2258 6.
1292 2230 1336 2265 7).
1356 2230 1389 2258 Et
1401 2235 1430 2257 ut
1448 2230 1536 2257 discas
1551 2236 1612 2257 eum
1622 2237 1675 2256 non
1699 2233 1817 2257 nostram

1017 2276 1107 2303 odisse
1122 2282 1252 2309 naturam,
1274 2276 1321 2303 sed
1345 2276 1472 2303 malitiam
1485 2275 1667 2302 abominatum
1688 2282 1760 2308 esse,
1774 2275 1819 2310 qui

1018 2323 1132 2355 dicebat,
1148 2322 1242 2349 Delebo
1257 2322 1393 2354 honu'nem,
1405 2330 1477 2356 quem
1490 2322 1571 2349 εγεαυὶ
1586 2322 1611 2348 in
1623 2327 1691 2348 terra
1703 2321 1784 2357 (Ibid.
1793 2330 1817 2347 υ.

1018 2370 1086 2404 15),
1104 2370 1184 2396 ctiam
1200 2369 1265 2396 dixit
1280 2369 1379 2396 homini
1392 2378 1399 2397 :
1415 2368 1526 2403 Tempus
1541 2369 1623 2396 onmis
1648 2368 1759 2395 hominis
1773 2377 1817 2395 uo

1017 2416 1053 2442 nit
1068 2415 1101 2442 ad
1111 2423 1158 2442 me.
1173 2415 1239 2442 Nam
1255 2415 1277 2442 si
1292 2415 1426 2441 hominem
1437 2414 1548 2444 odisset.
1560 2423 1613 2442 uoti
1628 2421 1690 2442 cum
1707 2414 1816 2441 homine

1017 2463 1095 2489 verba
1108 2462 1216 2490 faceret.
1227 2461 1398 2489 Nuncautem
1408 2461 1483 2488 vides
1492 2461 1578 2495 ipsum
1590 2460 1709 2487 noluisse
1718 2460 1814 2492 facere,

1017 2508 1088 2544 quod
1105 2508 1284 2536 comminatus
1299 2507 1400 2540 fuerat;
1416 2508 1478 2543 quin
1494 2512 1520 2535 et
1535 2515 1642 2534 servum
1659 2507 1815 2537 excusabat.
1832 2538 1836 2543 ι

1017 2563 1049 2582 ac
1063 2562 1122 2581 cum
1142 2562 1184 2586 eo,
1202 2554 1276 2582 velut
1295 2553 1415 2588 ejusdem
1437 2553 1597 2581 conditionis
1620 2552 1719 2584 amico,
1736 2553 1816 2578 verba

1017 2600 1130 2629 faciebat
1145 2601 1284 2632 Dominus.
1300 2607 1447 2634 causasque
1468 2603 1669 2634 snperventnra:
1683 2597 1814 2633 perditiu-

1017 2649 1058 2676 nis
1067 2649 1207 2676 cnarrabat
1217 2657 1224 2675 :
1234 2655 1286 2676 non
1297 2648 1404 2683 quidem
1418 2651 1448 2674 ut
1461 2654 1555 2674 causas
1564 2646 1650 2673 discat
1665 2645 1759 2677 homo,
1771 2645 1814 2672 scd

1018 2701 1047 2723 ut
1058 2696 1117 2722 aliis
1131 2702 1236 2730 quoque
1249 2702 1295 2722 cas
1310 2694 1447 2721 insinuans
1459 2692 1681 2728 temperantiores
1694 2698 1743 2718 cos
1755 2692 1812 2718 red-

1016 2741 1071 2770 dat.
1084 2741 1118 2769 ΑΙ.
1130 2740 1200 2776 quod
1216 2740 1295 2768 modo
1308 2739 1427 2767 dicebam
1447 2759 1454 2772 ,
1469 2739 1504 2766 ita
1518 2738 1588 2765 male
1601 2742 1723 2765 nostrum
1734 2744 1814 2772 genus

1018 2795 1046 2815 sc
1059 2787 1168 2823 gerebat
1182 2791 1270 2819 antea,
1282 2790 1310 2813 ut
1321 2785 1464 2820 periculum
1472 2788 1554 2817 esset,
1572 2791 1606 2811 ne
1632 2791 1664 2812 ex
1676 2783 1733 2819 ipsa
1746 2788 1812 2810 tem

1051 2856 1058 2870 ί
1077 2858 1146 2885 ηε..
1156 2853 1187 2879 de
1197 2853 1363 2885 martyribus;
1375 2853 1445 2883 sunt,
1458 2852 1488 2878 de
1499 2851 1600 2882 mdis.

1050 2885 1087 2917 (α)
1105 2885 1181 2910 verba
1192 2886 1310 2917 litui-giae.
