1976 3130
141 144 190 174 ιιδ

141 200 281 229 excideret.
295 199 426 228 Cteterum
440 206 490 226 nos
504 198 548 234 qui
557 202 627 225 terra
641 197 798 225 videbamur
812 196 921 232 indigni,

143 247 217 274 hodie
231 245 258 273 in
275 245 369 272 calum
393 244 488 271 sublati
504 250 594 270 sumus
608 251 615 269 :
635 243 679 277 qui
693 249 728 270 ne
742 247 848 270 terreno
862 241 920 277 qui-

140 293 197 320 dem
210 291 356 326 principatu
374 297 481 317 eramus
492 289 576 325 digiti,
596 288 629 316 ad
651 295 795 323 supernum
815 288 922 316 caeleste

114 348 133 372 ,ές
140 345 244 373 regnum
259 336 436 365 ascendimus.
452 335 531 362 caelos
545 334 718 369 pervasimus,
743 333 866 361 thronum
881 341 924 361 re-

106 371 122 388 v
139 371 219 419 piem
235 386 316 417 atque
338 381 504 408 Dominicum
519 379 759 415 apprehendimus;
779 383 806 406 et
819 383 922 411 natura,

140 433 241 463 propter
259 434 336 462 quam
353 425 503 460 paradisum
525 424 667 453 serrabant
687 423 842 455 Cherubim,
867 423 923 457 ipsa

141 480 214 507 supra
231 471 372 498 Cherubim
396 470 471 497 sedet
493 469 583 496 hodie.
597 469 632 496 At
645 475 698 503 quo
713 472 789 502 pacto
807 467 924 494 admira—

138 518 186 544 bile
199 517 248 544 hoc
258 522 285 543 et
299 523 422 550 magnum
437 514 550 542 accidit?
560 521 613 548 quo
621 519 697 548 pacto
711 520 758 540 nos
767 513 810 547 qui
824 516 923 539 tantam

137 562 299 590 clementiam
315 560 519 592 offenderamus,
545 564 667 594 terraque
691 558 747 593 ipsa
772 557 925 585 videbamur

137 607 249 643 indigni,
264 613 297 634 ac
325 612 430 633 terreno
448 605 519 632 omni
546 604 692 640 principatu
718 608 796 638 atque
824 603 925 630 honore

137 654 334 685 excideramus,
349 652 381 679 ad
400 656 498 679 tantam
520 651 686 679 altitudinem
710 657 802 677 sumus
821 649 925 677 evecti?

135 706 185 735 quo
198 704 273 733 pacto
286 698 384 726 bellum
394 697 556 731 dissolutum
572 696 631 723 est?
644 703 697 731 quo
717 700 793 730 pacto
813 694 850 722 ira
862 694 926 721 sub-

136 744 204 772 lata!
218 743 375 777 Quomodo?
392 751 452 770 nam
474 742 542 769 istud
556 741 711 768 admirabile
723 745 774 772 est,
787 748 839 767 non
853 739 924 774 quod

138 790 177 822 iis,
195 790 239 824 qui
260 789 354 824 injuria
370 788 551 816 irascebantur
566 787 630 819 Deo,
642 786 688 813 sed
701 785 771 821 quod
784 786 841 820 ipso
857 785 923 817 Deo,

135 837 175 870 qui
193 836 253 870 jure
276 835 354 862 nobis
373 834 568 865 succensebat,
593 837 754 868 provocante
779 839 826 858 nos
845 837 926 865 atque

136 882 265 912 invitante,
283 889 332 916 pax
347 881 413 908 facta
426 881 469 908 sit.
484 879 536 907 Pro
546 879 644 907 Christo
654 879 718 905 enim
731 879 854 912 legatione
863 880 925 913 fun-

135 928 220 961 g'mur,
234 927 321 961 inquit
339 925 496 958 Apostolus,
513 929 639 957 tamquam
653 923 707 950 Deo
722 924 867 950 exhortante
882 930 925 957 per

135 972 284 1008 nos(2.Cor.
298 971 464 1006 5.20).Quid
475 971 622 1006 istud?ipse
634 975 676 998 est
691 970 802 997 violatus
813 969 919 1004 injuria,

134 1024 159 1046 rt
167 1020 222 1054 ipse
232 1019 264 1045 ad
280 1026 372 1053 pacem
384 1018 492 1044 invitat?
505 1016 541 1044 Ita
551 1024 615 1044 sane
626 1025 632 1042 :
644 1016 741 1050 quippe
749 1015 791 1050 qui
801 1015 868 1042 Deus
877 1015 922 1047 sit;

137 1070 210 1099 atque
229 1064 264 1091 ob
285 1063 311 1090 id
323 1069 351 1090 ut
365 1063 492 1097 benignus
512 1066 585 1096 pater
600 1061 720 1088 hortatur
733 1065 759 1088 et
770 1060 862 1087 allicit.

166 1110 278 1137 Christus
291 1109 414 1144 quomodo
430 1109 560 1135 mediator.
583 1122 619 1128 -—
636 1107 688 1135 Sed
703 1107 763 1134 vide
780 1107 842 1140 quid
863 1114 924 1141 aga-

135 1162 197 1183 tur:
219 1157 352 1183 mediator
376 1155 466 1190 utique
488 1159 530 1182 cst
551 1154 685 1181 invitantis
705 1158 731 1181 et
758 1153 922 1180 adhortantis

137 1202 223 1233 Filius,
239 1209 295 1228 non
310 1203 390 1228 homo
405 1207 493 1235 purus,
507 1207 558 1227 nou
573 1200 690 1234 angelus,
708 1206 794 1232 neque
807 1198 922 1225 archan-

136 1247 214 1282 gelus,
223 1255 310 1281 neque
317 1246 474 1273 famulorum
484 1245 561 1272 ullus.
573 1245 604 1272 Et
615 1244 676 1279 quid
688 1243 923 1272 elficitmediator?

134 1292 201 1326 Opus
215 1291 381 1319 mediatoris.
396 1290 623 1323 Quemadmodum
639 1289 709 1316 enim
722 1288 825 1316 duobus
837 1296 867 1315 se
879 1289 921 1314 in-

135 1340 212 1366 vicem
225 1337 421 1369 arersantibus,
436 1341 463 1363 et
475 1336 508 1363 ad
525 1335 694 1362 concordiam
707 1341 850 1369 pacemque
864 1341 923 1360 mn.

137 1390 201 1411 luam
221 1383 318 1410 adduci
334 1382 483 1410 nolentibus
497 1382 523 1413 ¹.
540 1382 632 1408 tertius
647 1380 776 1415 quispiam
801 1380 921 1412 veniens,

134 1436 158 1456 rt
174 1437 200 1456 se
214 1428 331 1456 medium
350 1428 531 1462 interponens,
551 1429 687 1460 utriuspte
706 1425 867 1465 inimicitiam
883 1424 923 1452 di-

135 1474 178 1501 luit
191 1483 197 1501 :
212 1473 246 1500 ita
259 1478 286 1500 et
306 1473 428 1500 Christus
442 1472 504 1506 egit.
519 1471 603 1498 iratus
622 1470 752 1505 siquidem
775 1470 851 1497 nobis
867 1474 924 1497 erat

135 1519 208 1551 Dens,
221 1523 247 1546 et
269 1526 320 1545 nos
341 1518 421 1544 Deum
441 1516 657 1551 benignissimum
681 1516 821 1543 Dominum
844 1523 923 1542 aver-

135 1564 251 1590 sthamur
265 1571 273 1596 ;
289 1563 407 1590 medium
426 1563 505 1597 igitur
531 1569 560 1590 se
583 1562 706 1589 Chi-Ltus
734 1562 916 1596 interponens,

135 1615 265 1644 utramque
289 1614 412 1636 naturam
441 1608 631 1636 reconciliavit.
652 1608 703 1635 Sed
724 1616 775 1642 quo
798 1613 874 1642 pacto
893 1616 923 1635 se

134 1655 301 1682 ntediatorem
325 1654 481 1682 constituit?
495 1653 603 1681 Poenam
623 1662 681 1688 qu:e
706 1654 782 1681 nobis
802 1661 817 1681 a
844 1653 923 1681 Patre

136 1700 269 1735 iulligenda
285 1704 356 1732 erat,
370 1700 394 1726 in
409 1707 439 1726 se
457 1699 582 1733 suscepit,
599 1699 810 1734 suppliciumque
820 1699 923 1726 ctnlitus

136 1745 274 1773 immissum
287 1753 320 1773 ac
329 1745 502 1773 Contumelias
517 1745 542 1771 in
555 1745 604 1771 hoc
617 1745 714 1771 nmndo
724 1745 859 1772 sustinuit.
876 1744 922 1772 Vis

136 1792 353 1825 no<sequmnodo
368 1797 477 1825 utraque
488 1791 544 1824 ipse
557 1790 723 1825 susceperit?
735 1789 860 1822 Christus,
874 1791 919 1817 in-

135 1836 187 1870 quit
200 1835 375 1871 Apostolus,’
386 1844 432 1863 nos
448 1836 550 1862 redemit
563 1836 594 1862 tle
606 1836 738 1862 maledicto
757 1835 828 1871 legis,
840 1838 922 1871 frictus

136 1890 177 1916 pro
191 1883 260 1910 nobis
279 1882 441 1909 mult-dictum
459 1882 537 1918 (Gal.
551 1883 577 1909 5.
590 1883 655 1917 ‘15).
669 1882 763 1909 Vidisti
777 1891 829 1918 quo
845 1887 922 1918 pacto

137 1935 235 1961 pteuam
257 1928 363 1955 cat-litus
380 1928 458 1955 latam
482 1928 539 1962 ipse
564 1929 731 1962 susceperit?
758 1929 818 1956 vide
843 1929 921 1956 etiam

135 1974 261 2008 quomodo
283 1974 426 2008 opprobria
442 1974 467 2001 in
489 1974 566 2001 terris
587 1975 761 2002 sustinuerit:
779 1974 922 2009 Opprobria

135 2020 354 2054 exprobrantium,
370 2019 463 2054 inquit,
477 2019 531 2052 tibi,
541 2019 682 2046 ceciderunt
695 2027 770 2054 nuper
786 2028 825 2048 nia
836 2019 922 2054 (Psal.

136 2064 175 2092 ()8.
191 2064 250 2100 10).
262 2065 357 2093 Cernis
371 2073 423 2100 quo
433 2070 509 2099 pacto
523 2065 658 2092 diremerit
674 2065 836 2093 inimicitiam
847 2067 858 2092 ?
869 2074 921 2101 quo

135 2116 206 2143 pacto
221 2118 273 2137 non
296 2115 358 2137 ante
372 2110 504 2137 destiterit
523 2110 630 2145 quidvis
652 2119 740 2145 agere,
766 2112 818 2146 pati
844 2117 922 2146 atque

135 2155 227 2187 moliri,
241 2163 322 2190 quam
335 2155 436 2182 hostem
452 2161 479 2183 ct
494 2156 628 2183 inimicum
645 2164 704 2183 cum
720 2156 774 2183 Deo
789 2157 923 2184 reduxerit

136 2200 158 2227 in
173 2202 294 2235 gratiam.
311 2202 344 2228 Et
366 2202 477 2229 istorum
494 2207 625 2229 tantorqu
641 2203 770 2230 bonorum
790 2211 868 2231 causa
882 2209 923 2231 est

136 2243 255 2273 hodierna
269 2247 329 2274 dics
342 2257 348 2274 :
364 2247 586 2282 quemadmodum
595 2248 665 2274 enim
678 2248 806 2282 primitias
821 2254 922 2276 natum:

138 2297 229 2320 nostra:
247 2293 404 2328 assumpsit.
422 2294 459 2320 sic
483 2294 597 2320 restituit
611 2294 732 2320 Domino.
753 2294 786 2321 Et
805 2295 874 2330 quod
888 2294 923 2322 de

136 2340 230 2373 campis
256 2339 355 2366 accidit
377 2339 509 2374 spicarum
532 2339 633 2374 plenis,
648 2340 692 2366 ubi
707 2341 765 2374 quis
786 2347 818 2367 ex
833 2341 923 2375 paucis

136 2385 210 2419 spicis
217 2385 337 2413 collectis
349 2393 458 2420 parvum
474 2386 795 2420 tnanipulumconficiens,
811 2394 923 2421 eumque

137 2430 186 2458 Deo
193 2431 319 2464 offerens,
333 2432 461 2466 paucitate
471 2432 513 2458 illa
526 2432 572 2458 toti
581 2431 781 2459 arvohenetlicit
792 2441 798 2459 :
808 2432 842 2459 ita
849 2433 924 2460 Chri-

136 2482 189 2504 Ilus
201 2477 270 2507 fecit.
284 2478 330 2512 qui
347 2485 393 2512 per
406 2485 483 2504 unam
495 2478 566 2504 illam
580 2485 685 2504 carnem
699 2483 778 2512 atque
794 2479 923 2512 primitias

137 2527 213 2549 totum
227 2530 312 2558 genus
328 2529 447 2550 nostrum
463 2523 671 2550 benedicendum
683 2523 794 2550 curavit.
810 2523 862 2551 Sed
876 2532 923 2551 cur

138 2575 185 2596 noa
208 2574 287 2596 lotam
309 2575 431 2596 naturam
444 2569 556 2596 obtulit?
574 2568 612 2595 Eo
627 2569 697 2604 quod
714 2577 765 2595 non
779 2570 812 2596 sit
825 2569 874 2596 hoc
885 2571 924 2596 oi-

139 2617 202 2642 terre
213 2616 359 2650 primitias.
377 2616 399 2642 si
423 2620 505 2642 totum
520 2616 578 2650 quis
589 2616 701 2642 offerat:
716 2616 762 2643 sed
778 2616 799 2643 si
814 2624 923 2651 pirrum

151 2674 225 2726 ἱὺὶωιιει
236 2672 304 2704 Regii
314 2671 405 2697 melius
412 2678 484 2704 quam
491 2671 559 2700 Editi,
571 2673 612 2703 qui
624 2671 724 2702 habent,
732 2671 834 2703 colloqui
845 2672 924 2697 nolen-

138 2706 202 2726 ιιωιι.

167 2709 259 2769 ἥιρει..
272 2737 455 2769 Panum-quum
475 2738 520 2767 pro
530 2732 595 2769 nolis
607 2732 696 2769 soluere
706 2732 825 2769 oportebat
843 2733 924 2758 salua-

138 2764 242 2791 torcmjn
253 2771 278 2790 se
287 2764 401 2794 suscepit,
410 2764 556 2794 iniuriasque
568 2767 591 2788 et
602 2764 762 2793 contumelias,
770 2771 872 2794 quarunt
882 2771 924 2790 nos

139 2794 247 2820 altrorsus
261 2799 337 2820 Deum
353 2794 560 2825 feceraoutsrreos,
571 2794 622 2825 ipse
633 2795 751 2819 sustinuit.
775 2794 815 2819 ris
830 2794 924 2820 discere

139 2826 250 2856 motodo
260 2824 362 2854 utraque
371 2824 512 2856 susceperit,
526 2828 551 2856 et,
559 2825 620 2849 lianc
631 2831 734 2856 poenam,
747 2829 769 2850 et
787 2825 833 2850 Ita:
841 2830 923 2851 contu-

139 2854 217 2881 melias
225 2855 362 2887 γαπ-ὔδωρ,
373 2855 452 2887 inquit
462 2855 591 2887 apostolus,
603 2854 651 2881 etc.

618 139 651 168 I‘N
670 139 902 168 ASCENSIONEM
923 140 955 167 D.
976 139 1007 168 Ν.
1029 138 1110 168 JESU
1126 140 1271 168 CHRISTI.

1716 145 1770 173 ΗΒ

980 196 1078 232 aliquid
1093 197 1153 232 quis
1167 197 1291 230 offerens,
1309 205 1356 232 per
1368 206 1487 234 parvum,
1505 204 1588 228 totum
1609 201 1770 230 benedicen-

978 241 1042 269 dum
1055 247 1139 269 curet.
1155 243 1233 278 Atqui
1242 243 1263 270 si
1279 243 1400 277 primitiae
1414 265 1421 277 ,
1435 244 1505 273 dicet
1515 247 1657 282 quispiam,
1667 253 1768 281 essent,

978 287 1092 322 primum
1106 289 1191 322 ipsum
1202 287 1334 315 hominem
1346 295 1511 323 procreatum
1525 291 1613 319 oﬂ‘crri
1627 293 1743 327 oportuit
1757 301 1765 318 :

978 333 1100 368 primitiae
1122 333 1193 360 enim
1217 337 1289 366 sunt,
1305 342 1363 368 qua:
1381 335 1492 369 primum
1514 337 1658 371 tolluntur,
1673 343 1700 365 et
1714 340 1769 373 pri-

978 385 1050 404 mum
1063 378 1221 412 germinant.
1237 378 1295 406 Non
1308 385 1370 406 sunt
1392 381 1512 414 primitiae
1524 383 1673 414 censendto,
1685 385 1769 411 caris-

977 422 1055 455 sime,
1069 423 1091 450 si
1105 423 1218 457 primum
1244 424 1357 452 fructum
1371 425 1545 454 obtulerimus
1554 429 1648 456 exilem
1660 434 1687 456 et
1704 437 1769 456 era-

977 472 1142 502 nescentem,
1151 469 1198 496 sed
1213 469 1235 496 si
1250 470 1360 504 probum
1371 476 1449 506 atque
1459 471 1603 506 perfectura
1615 474 1766 502 offeramus.

977 512 1107 546 Quoniam
1131 514 1209 549 igitur
1231 514 1331 543 fructus
1352 516 1394 542 ille
1410 522 1519 551 peccato
1544 519 1673 546 obnoxius
1698 526 1766 551 erat.

978 558 1038 586 ideo
1051 567 1104 586 non
1119 564 1159 587 est
1169 560 1284 593 oblatus,
1300 562 1379 588 etiam
1394 562 1416 588 si
1435 564 1535 597 primus
1545 569 1615 590 esset
1630 573 1637 596 ;
1652 569 1676 591 at
1697 565 1739 592 hic
1753 574 1768 593 ι

977 609 1087 638 peccato
1102 605 1169 632 liber
1183 611 1240 632 erat
1253 614 1259 639 ;
1277 606 1389 642 ideoque
1403 608 1509 635 oblatus
1523 613 1574 641 est,
1599 609 1660 636 licet
1677 615 1766 644 poste-

977 649 1032 676 rius
1044 650 1175 677 cxslitcrit
1186 659 1194 678 :
1206 651 1246 678 hae
1261 652 1331 678 enim
1345 657 1406 679 sunt
1420 653 1554 688 primitite.

1012 695 1037 721 5.
1051 695 1084 722 Et
1098 700 1126 722 ut
1138 695 1234 727 discas,
1251 705 1302 724 non
1320 698 1431 731 primum
1445 702 1638 733 germinantem
1654 700 1766 730 fructum

976 741 1107 775 primitias
1120 741 1181 774 diri,
1206 742 1252 770 sed
1268 743 1418 776 probatura,
1441 752 1611 779 generosum,
1634 751 1660 773 ct
1673 748 1715 781 qtti
1732 747 1764 774 ad

976 786 1093 819 vigorem
1117 791 1296 821 opportunum
1321 788 1559 825 perﬁ-ctionemque
1581 792 1728 825 perveniat,
1751 800 1768 820 ο

977 830 1122 865 Scriptnris
1145 831 1190 858 tibi
1206 832 1359 867 depromam
1376 834 1554 862 testimonium
1573 843 1580 861 :
1597 836 1628 863 Si
1640 836 1767 871 ingressus

977 877 1054 912 fueris
1067 877 1092 903 in
1105 881 1196 904 (errant
1208 879 1388 912 promissionis,
1400 887 1474 914 quam
1491 879 1613 907 Dominus
1628 881 1695 908 Deus
1710 887 1768 909 tuus

977 923 1020 948 dot
1034 922 1087 954 tibi,
1106 923 1209 958 Moyses
1222 923 1254 950 ad
1270 925 1395 959 pupulum
1418 926 1465 958 ait,
1485 930 1509 952 et
1522 926 1675 960 plantavcris
1692 929 1717 954 in
1737 936 1767 955 ea

977 976 1049 995 omne
1070 969 1166 1003 lignum
1181 969 1340 1004 pomiferum,
1358 970 1453 1005 faciens
1475 973 1585 1006 fructum
1609 972 1643 998 ad
1664 981 1766 1000 vescen-

976 1013 1047 1048 dum,
1065 1015 1143 1040 (ribus
1158 1015 1230 1041 annis
1248 1024 1297 1041 non
1313 1016 1444 1043 muntlabis
1466 1018 1576 1051 fructum
1590 1018 1644 1053 ejus
1655 1026 1665 1045 :
1675 1024 1766 1053 qtmrlo

976 1065 1057 1085 autem
1072 1067 1137 1086 anno
1152 1061 1247 1095 {ructus
1258 1061 1312 1095 rjus
1325 1066 1425 1088 muclus
1441 1063 1486 1088 erit
1496 1061 1605 1089 Domino
1617 1063 1707 1098 (Lat-it.
1720 1065 1764 1092 l9.

975 1103 1019 1131 ‘25.
1029 1104 1086 1139 24).
1104 1105 1180 1138 Atqui
1191 1105 1212 1130 si
1222 1109 1310 1132 essent
1325 1107 1602 1142 primitimpriumsqni
1613 1109 1766 1142 producitur

975 1149 1085 1181 fructus,
1096 1158 1154 1177 cum
1165 1151 1207 1185 qui
1218 1151 1302 1185 primo
1310 1159 1378 1178 anno
1387 1153 1638 1180 nascebaturoﬂi-rri
1656 1154 1767 1181 Domino

975 1196 1123 1230 oportebat.
1138 1196 1211 1223 Nunc
1224 1204 1287 1224 vero
1300 1197 1336 1223 ait
1350 1207 1356 1224 :
1371 1197 1461 1224 Tribus
1483 1199 1556 1225 annis
1571 1207 1620 1226 non
1634 1200 1767 1228 nmnduln's

975 1243 1084 1277 fructum
1106 1243 1160 1277 ejus
1174 1243 1240 1269 :sed
1261 1243 1392 1277 relinques
1416 1244 1507 1276 ilium,
1534 1251 1672 1279 propterea
1695 1246 1765 1280 quod

974 1287 1084 1314 evanida
1098 1288 1184 1314 adhuc
1198 1293 1223 1314 et
1235 1287 1365 1315 imbecilla
1381 1294 1421 1315 est
1431 1289 1522 1322 arbor,
1543 1295 1569 1316 et
1582 1290 1681 1318 fructus
1696 1299 1765 1325 pra:-

974 1339 1052 1360 coces
1065 1337 1093 1360 et
1107 1333 1249 1360 immaturi.
1272 1333 1371 1367 Quarto
1389 1339 1479 1362 autem
1501 1343 1582 1368 anno,
1599 1336 1691 1370 inquit,
1708 1336 1766 1364 fru-

974 1383 1032 1405 ctus
1053 1377 1111 1412 ejus
1133 1383 1241 1406 sanctus
1263 1379 1313 1405 erit
1335 1378 1456 1406 Domino.
1477 1380 1510 1406 Et
1523 1380 1548 1407 in
1565 1381 1615 1408 hoc
1627 1389 1708 1409 cerne
1722 1390 1766 1408 sa-

975 1423 1100 1458 pientiam
1121 1423 1289 1458 legislatoris,
1314 1425 1357 1458 qui
1379 1425 1424 1452 illo
1436 1425 1506 1452 vesci
1520 1433 1572 1453 non
1589 1427 1716 1460 permisit.
1732 1435 1766 1454 ne

975 1475 1037 1496 ante
1051 1469 1132 1496 Deum
1148 1470 1286 1504 quisquam
1301 1469 1414 1497 fructum
1428 1477 1542 1498 sumeret
1554 1480 1561 1498 :
1577 1480 1662 1507 neque
1676 1473 1766 1500 olferri

974 1514 1047 1541 illtun
1070 1515 1212 1547 mandavit,
1238 1523 1272 1542 ne
1291 1515 1389 1543 crudus
1413 1521 1439 1543 et
1459 1517 1615 1544 immaturus
1641 1518 1767 1546 ofl'cratnr

975 1559 1097 1586 Domino.
1123 1560 1175 1587 Sed
1200 1561 1313 1592 dimitte,
1335 1561 1427 1596 inquit,
1449 1563 1510 1596 quia
1533 1563 1633 1597 primus
1656 1568 1716 1591 est:
1732 1572 1767 1592 ne

974 1605 1070 1633 oli'cras
1082 1611 1180 1639 autem,
1194 1607 1317 1641 qttoniam
1330 1607 1452 1642 indignus
1460 1614 1501 1634 est
1514 1608 1615 1636 honore
1628 1614 1767 1644 acceptan-

977 1652 1022 1678 tis.
1039 1652 1118 1679 \‘ides
1132 1660 1196 1687 ergo
1209 1661 1261 1680 non
1277 1654 1390 1687 primum
1406 1653 1530 1686 fructum,
1544 1655 1587 1689 qui
1603 1655 1766 1689 producitur,

974 1696 1021 1723 sed
1036 1697 1133 1724 bonum
1156 1702 1236 1732 atque
1259 1699 1397 1732 probattnn
1420 1700 1547 1733 primitias
1559 1701 1622 1728 dici.
1637 1700 1670 1728 Et
1684 1702 1739 1729 haec
1751 1709 1766 1728 a

974 1743 1051 1769 nobis
1061 1748 1168 1778 propter
1180 1752 1298 1777 carnem,
1311 1754 1389 1780 quam
1403 1747 1508 1778 obtulit,
1521 1746 1590 1774 dicta
1603 1753 1674 1775 sunt.
1685 1746 1768 1775 Obtu-

975 1788 1004 1815 lit
1017 1796 1080 1823 crgo
1094 1790 1132 1824 (ο)
1146 1790 1274 1825 primitias
1298 1797 1396 1818 uestra:
1419 1797 1519 1820 natura:
1543 1793 1623 1823 Patri,
1639 1799 1718 1828 atque
1731 1793 1767 1820 ita

974 1834 1073 1862 donum
1087 1835 1204 1863 oblatum
1219 1836 1364 1865 admiratus
1377 1843 1418 1865 est
1431 1838 1518 1869 Pater,
1531 1843 1636 1873 propter
1651 1839 1766 1873 dignita-

974 1884 1027 1907 tem
1042 1880 1176 1908 offerentis
1192 1882 1385 1918 puritatemqne
1407 1884 1489 1917 ipsius
1503 1884 1595 1916 oblati,
1612 1889 1639 1910 ut
1653 1885 1767 1920 propriis

974 1925 1037 1953 illud
1062 1927 1183 1953 manibus
1206 1928 1348 1962 acceperit,
1371 1929 1474 1963 sibique
1498 1930 1645 1963 proximum
1665 1929 1766 1956 consti-

976 1972 1063 2005 lneril,
1079 1972 1170 2000 dicens
1182 1982 1188 2000 :
1206 1972 1272 2000 Setlc
1282 1982 1297 1999 o
1310 1974 1404 2001 dextris
1414 1975 1474 2001 meis
1485 1974 1572 2007 (Psrtl.
1588 1975 1644 2002 109.
1660 1975 1699 2009 1).
1712 1973 1766 2002 Sed

975 2017 1007 2045 ad
1021 2025 1099 2052 quam
1121 2018 1187 2045 dixit
1210 2024 1329 2045 naturam
1355 2019 1435 2049 Deus,
1459 2019 1525 2046 Sede
1549 2029 1564 2045 (ι
1579 2020 1672 2046 dextris
1687 2020 1768 2046 nucis?

974 2063 1154 2091 Clarissinnnn
1177 2068 1226 2096 est,
1251 2064 1284 2091 ad
1297 2073 1355 2091 eam
1379 2065 1428 2091 hoc
1442 2065 1552 2097 dictum,
1573 2074 1631 2100 qua.-
1647 2066 1765 2092 audivit?

976 2110 1053 2137 Terra
1070 2119 1096 2137 es
1106 2131 1114 2143 ,
1137 2115 1159 2136 et
1180 2111 1206 2137 in
1221 2115 1312 2136 terram
1333 2112 1460 2138 reverteris
1474 2111 1548 2145 (Gen.
1562 2112 1588 2139 3.
1604 2112 1658 2146 19).
1675 2111 1768 2139 Nonne

975 2156 1039 2182 satis
1052 2160 1110 2182 erat
1122 2163 1248 2190 superare
1261 2156 1356 2183 ca-los‘!
1369 2163 1456 2182 rumne
1470 2156 1534 2183 satis
1547 2162 1603 2183 erat
1615 2164 1673 2183 cum
1687 2164 1767 2191 auge-

976 2201 1009 2228 lis
1023 2203 1185 2229 consistere?
1206 2210 1239 2228 an
1261 2210 1313 2229 non
1335 2207 1405 2229 esset
1418 2203 1496 2229 etiatn
1514 2203 1555 2230 hic
1578 2203 1661 2230 honos
1675 2203 1766 2231 ineﬂ'a-

977 2246 1055 2274 bilts?
1077 2248 1112 2274 At
1132 2247 1251 2274 ascendit
1271 2255 1351 2281 super
1363 2248 1480 2282 angelos,
1498 2249 1639 2282 prasteririt
1653 2250 1767 2275 archan-

975 2292 1059 2327 gelos,
1076 2292 1211 2326 superarit
1223 2292 1376 2323 Cheruhim,
1393 2294 1511 2320 ascendit
1521 2301 1598 2328 supra
1615 2293 1767 2328 Seraphim,

976 2343 1178 2373 prmtergressus
1199 2343 1240 2365 est
1264 2339 1410 2366 Petet-tes
1425 2360 1433 2370 .
1458 2347 1505 2367 nec
1540 2340 1614 2374 prius
1638 2340 1766 2372 substitit,

976 2391 1054 2418 quam
1071 2384 1194 2410 thronum
1210 2384 1294 2419 ipsum
1311 2384 1415 2412 Domini
1430 2386 1642 2418 comprehcndit.
1659 2385 1715 2412 Non
1729 2385 1769 2412 vi-

975 2429 1022 2457 des
1037 2430 1098 2464 quid
1121 2430 1235 2457 medium
1248 2439 1263 2457 a
1277 2431 1342 2457 cmlo
1357 2430 1389 2457 ad
1412 2431 1528 2458 terram?
1543 2431 1589 2458 sed
1602 2431 1635 2457 ab
1651 2431 1703 2458 into
1719 2438 1768 2465 po-

977 2476 1192 2511 tiusiucipiamus
1203 2485 1269 2504 :non
1281 2477 1353 2504 vides
1368 2477 1401 2504 ab
1413 2477 1515 2504 inferno
1529 2477 1560 2504 ad
1576 2482 1672 2505 terram
1688 2478 1769 2504 inter-

977 2522 1072 2549 vallum
1087 2523 1231 2558 quantum?
1252 2531 1344 2550 rursus
1364 2531 1378 2550 a
1394 2528 1462 2550 terra
1477 2524 1502 2550 in
1522 2523 1634 2551 ea-lum?
1648 2531 1739 2551 rursus
1751 2531 1768 2549 δ

976 2568 1042 2594 cmlo
1061 2568 1092 2594 ad
1116 2568 1210 2595 cadum
1232 2570 1379 2601 sublimius,
1402 2573 1429 2596 ct
1449 2569 1482 2595 ab
1502 2569 1546 2596 illo
1560 2569 1719 2603 atlaugt-los.
1735 2569 1768 2596 ad

977 2614 1161 2647 archangelos,
1184 2614 1216 2641 ad
1241 2621 1368 2648 supernas
1381 2614 1540 2647 Potestales,
1556 2614 1588 2641 ad
1605 2614 1689 2648 ipsum
1703 2621 1769 2648 qno-
1812 2642 1814 2645 τ

976 2666 1028 2693 que
1050 2659 1172 2686 thronum
1192 2660 1328 2694 regalem?
1342 2660 1426 2694 Supra
1441 2660 1491 2687 hoc
1504 2664 1588 2687 totum
1603 2659 1768 2686 intervallum

976 2711 1008 2730 ac
1030 2705 1143 2738 spatium
1166 2709 1286 2732 naturain
1302 2709 1418 2732 nostram
1443 2705 1558 2732 sustulit.
1580 2705 1664 2732 Cerne
1688 2711 1767 2738 quam

978 2750 1070 2778 humili
1085 2756 1146 2778 ante
1161 2752 1218 2778 loco
1240 2751 1283 2778 illa
1304 2756 1370 2784 erat,
1388 2756 1414 2779 et
1436 2759 1514 2787 quam
1529 2751 1581 2778 alte
1596 2751 1745 2778 ascenderit
1761 2760 1768 2777 ι

1009 2827 1045 2861 _(a)
1062 2830 1147 2861 locum
1160 2828 1240 2861 hunc,
1252 2828 1340 2854 obtulit
1356 2835 1420 2861 ergo,
1435 2833 1474 2854 etc
1486 2849 1492 2859 ,
1517 2833 1563 2853 Leo
1584 2830 1644 2859 rapa
1657 2826 1727 2852 eti‘ert
1740 2828 1769 2852 ad

977 2858 1068 2884 calcem
1081 2858 1189 2893 epistola;
1204 2859 1255 2884 151.
