1976 3130
182 130 233 159 M7

185 194 270 223 neque
292 183 364 214 enim
380 183 543 214 demderc
560 183 681 211 licuisset
694 180 814 213 inferius,
829 186 908 214 quam
923 184 977 213 quo

185 232 359 262 descenderat
374 231 465 263 homo,
481 237 567 264 neque
577 227 720 257 ascendere
734 225 883 258 sublimius,
897 231 978 259 quam

184 286 237 313 quo
254 286 316 305 eum
339 284 430 304 rursus
452 279 579 303 evexerat
600 273 733 301 Christus.
754 272 841 306 Atque
854 271 903 298 ista
918 277 981 304 per~

185 324 276 358 spicae
297 322 394 350 Paulus
409 321 531 349 dicebat:
549 319 598 353 Qui
619 318 756 350 descendit,
775 318 830 352 ipse
849 320 884 343 est
897 315 941 350 qui
955 319 980 341 ιιι

185 369 297 396 ascendit
311 367 416 403 (Ep/tes.
429 367 456 394 4.
467 367 521 401 l0).
533 365 568 393 Et
575 372 628 400 quo
637 363 789 392 descendit?
803 361 837 389 In
848 361 980 397 inferiores

187 419 271 449 partes
290 418 364 440 term
384 412 439 448 (llr.
456 420 480 439 ν.
495 412 523 447 9)
536 420 544 443 ;
558 410 677 438 ascendit
689 413 777 437 autem
792 415 872 443 supra
885 413 980 435 omnes

185 460 278 487 celos.
294 458 371 486 Disce
381 458 440 493 quis
453 456 612 487 ascenderit.
624 460 650 483 et
664 453 814 489 cuiusmodi
829 457 933 484 natura.
947 459 979 479 ac

187 503 409 539 quemadmodum
431 507 509 529 antea
530 509 589 529 sese
614 501 745 528 haberet:
771 499 886 526 libenter
906 497 979 524 enim

188 557 281 578 versor
293 550 363 577 circa
379 549 509 576 vilitatem
522 547 628 582 generis
640 546 734 578 nostri,
756 550 785 573 ut
805 544 980 572 excellentius

187 595 327 627 honorem,
342 595 386 630 qui
401 602 416 621 a
433 594 593 629 benignitate
609 592 713 619 Domini
727 591 759 619 ad
772 598 822 618 nos
834 591 979 623 derivatur,

188 641 345 675 perdiscatn.
361 640 443 668 Terra
455 644 483 667 et
503 639 571 666 cinis
591 645 698 666 eramus
718 644 787 665 nos:
801 637 848 664 sed
862 637 981 664 nondum

188 686 240 714 hoc
252 687 347 720 culpa:
363 691 464 712 natum
478 685 548 712 enim
568 684 707 711 inﬁrmitas
722 687 791 710 erat.
811 681 980 710 lrrationahi-

187 732 257 758 libus
270 731 330 758 facti
344 738 436 759 sumus
451 730 646 764 insipientiores
664 738 672 756 :
684 728 897 763 Comparatusest
908 728 980 754 enim

187 777 306 810 iumentis
328 776 500 812 insipientibus
519 776 604 806 homo,
626 779 649 801 et
667 774 756 801 similis
777 776 858 809 [actus
880 778 916 800 est
928 773 982 800 illis

187 822 273 857 (Psal.
300 822 345 849 48.
367 822 427 857 2i).
457 821 642 848 Animantibus
673 824 763 847 autem
786 819 981 846 irrationalibus

188 868 245 895 fieri
261 867 356 894 similis
371 867 421 894 hoc
435 872 476 893 est
497 865 614 893 deterior
629 865 690 892 illis.
712 864 847 899 Siquidem
871 864 982 891 rationis

187 919 323 948 expertem
335 920 393 940 esse
406 917 512 945 natura,
522 916 550 939 et
559 911 599 938 sic
611 918 778 946 permanere,
793 910 914 936 naturale
925 913 981 936 est:

187 959 236 986 sed
251 963 340 986 mente
354 952 385 985 ac
404 957 507 985 ratione
522 961 631 984 ornatos
652 956 678 982 in
694 956 765 982 illam
779 955 921 982 amentiam
935 954 983 981 de-

188 1005 252 1038 labi,
275 1005 418 1031 voluntatis
440 1008 482 1031 est
502 1003 589 1037 culpa.
607 1002 696 1037 itaque
711 1009 771 1029 cum
784 1000 899 1028 audieris
911 1000 982 1036 quod

187 1050 280 1077 similis
294 1049 379 1077 factus
392 1050 426 1076 sit
439 1048 550 1076 rationis
561 1048 726 1082 expertibus,
740 1054 773 1074 ne
785 1046 922 1074 arbitreris
933 1046 983 1073 hoc

187 1097 287 1128 dicere,
311 1100 340 1122 ut
359 1095 483 1122 ostendat
505 1095 626 1122 homines
640 1101 700 1121 esse
721 1093 815 1121 belluis
830 1100 917 1128 pares,
935 1092 982 1119 sed

188 1142 240 1169 illis
253 1141 358 1176 pejores
377 1140 519 1168 ostendere
540 1140 668 1167 voluisse.
692 1139 797 1167 Etenim
811 1139 921 1166 rationis
933 1146 982 1165 ex-

188 1189 308 1224 pertibus
328 1187 462 1215 evasimus
484 1187 588 1222 pejores
609 1191 637 1213 et
650 1185 825 1213 insulsiores:
841 1192 893 1211 non
912 1183 983 1219 quod

189 1239 218 1262 ut
232 1234 354 1261 homines
367 1233 429 1260 illuc
442 1232 543 1268 delapsi
558 1232 651 1265 simus,
665 1236 694 1258 at
706 1231 776 1266 quod
786 1230 867 1258 etiam
881 1230 914 1257 ad
927 1237 985 1257 ma-

187 1280 272 1315 jorem
294 1278 507 1314 ingratitudinem
530 1277 733 1312 prosilierimus.
758 1276 792 1304 Et
813 1276 864 1304 hoc
882 1276 984 1311 patefa—

188 1325 262 1353 ciens
276 1325 357 1353 lsaias
369 1325 472 1352 dicebat
484 1333 490 1351 :
502 1323 623 1359 Cognovit
634 1323 679 1350 bos
690 1331 855 1358 possessorem
866 1331 949 1354 suum,
961 1327 985 1349 et

188 1371 276 1398 asinus
294 1378 404 1406 prasepe
420 1370 516 1397 domini
535 1370 593 1402 sui;
612 1369 695 1396 Israel
713 1374 797 1395 autent
815 1377 855 1395 me
868 1376 918 1396 non
938 1376 985 1395 co-

190 1418 274 1453 gnouit
289 1416 365 1451 (lsar'.
378 1417 403 1444 l.
419 1416 456 1451 3).
478 1415 611 1444 Craterum
631 1423 685 1442 non
698 1415 891 1442 confundamur
905 1421 986 1449 super

192 1463 324 1499 prioribus
336 1471 343 1489 :
361 1462 410 1490 Ubi
423 1463 494 1490 enim
508 1461 643 1488 abundavit
655 1461 785 1493 delictum,
799 1460 986 1495 superabunda-

190 1512 225 1536 vit
239 1515 262 1537 et
282 1509 364 1545 gratia
377 1509 464 1544 (llam.
479 1509 506 1535 5.
520 1507 579 1544 20).
599 1507 692 1534 Vidisti
712 1507 845 1542 quomodo
859 1507 986 1541 jumeutis

192 1555 386 1591 insipientiores
408 1561 534 1582 eramus:
549 1554 625 1589 cupis
646 1558 674 1580 et
687 1554 837 1581 volucribus
859 1553 923 1588 ipsis
937 1560 986 1580 nos

193 1601 430 1629 irrationabiliores
445 1600 584 1636 aspicere?
599 1599 704 1632 Turtur,
721 1604 744 1626 et
757 1599 876 1631 hirundo,
891 1604 914 1625 et
928 1607 986 1633 pas-

191 1655 259 1674 seres
271 1647 326 1683 agri
347 1651 515 1682 cognouerunt
535 1651 633 1680 tempus
656 1646 776 1672 adventus
799 1645 837 1671 sui
849 1652 859 1671 :
878 1645 987 1680 populus

192 1698 277 1719 autem
298 1700 367 1719 meus
388 1700 438 1719 non
459 1692 574 1727 cognovit
592 1692 694 1727 judicia
718 1699 773 1718 mea
793 1691 861 1726 (Jer.
885 1691 912 1718 8.
934 1691 950 1718 7
965 1693 985 1726 ).

191 1737 265 1766 Ecce
286 1743 314 1765 ct
335 1738 418 1765 asinis
436 1741 465 1765 et
487 1738 582 1771 bobus,
595 1745 659 1764 ecce
672 1742 699 1764 et
709 1737 870 1769 volucribus,
886 1742 988 1764 turture

194 1788 274 1820 atque
296 1784 436 1811 hirundine
459 1791 509 1811 nos
530 1783 725 1818 insipientiores
750 1783 924 1810 ostendimur.
943 1783 988 1811 Vis

192 1830 300 1857 discere
323 1834 350 1857 et
372 1829 452 1856 aliam
466 1833 584 1856 nostram
598 1828 796 1863 insipientiam?
811 1828 851 1855 Ad
865 1828 989 1855 formicas

196 1883 302 1911 quoque
310 1883 368 1909 nos,
378 1881 405 1902 ut
415 1876 450 1902 ab
460 1875 491 1902 iis
499 1875 643 1907 discamus,
657 1874 778 1906 remittit;
788 1874 822 1901 ita
841 1874 988 1901 naturalem

193 1926 313 1949 mentem
323 1921 512 1948 amiseramus:
530 1919 600 1947 Vade
613 1921 682 1947 enim
697 1920 730 1946 ad
744 1920 988 1955 farmicam,inquit,

192 1971 219 1993 et
227 1959 364 1994 considera.
372 1966 490 2001 vias‘ejus
497 1965 588 2002 (Prov.
597 1967 623 1993 6.
632 1966 670 2001 6).
682 1965 811 1993 Formica:
823 1965 883 1992 facti
897 1973 990 1993 sumus

195 2013 386 2048 discipuli,uos
395 2013 439 2048 qui
452 2013 632 2048 adirnaginern
643 2013 688 2039 Dei
700 2012 760 2040 facti
770 2019 891 2040 eramus:
899 2017 925 2039 at
935 2020 990 2040 non

196 2060 243 2095 qui
249 2068 299 2087 nos
309 2060 382 2091 fecit,
397 2064 438 2087 est
447 2064 549 2091 auctor,
556 2059 603 2086 sed
615 2065 663 2086 nos
672 2058 720 2094 ipsi
732 2059 777 2093 qui
786 2058 925 2093 imaginem
932 2058 990 2092 ejus

195 2107 313 2134 retinere
329 2107 471 2134 noluimus.
490 2106 523 2133 Et
536 2105 598 2141 quid
611 2105 671 2133 dico
686 2105 822 2132 formicis?
836 2106 890 2132 imo
902 2105 991 2140 lapidi-

198 2154 249 2180 bus
260 2153 324 2188 ipsis
347 2152 507 2188 stupidiores
518 2153 659 2179 evasimus.
676 2151 756 2178 Visne
778 2151 873 2179 horum
887 2158 992 2186 quoque

196 2199 331 2234 proferam
344 2198 542 2225 testimonium?
557 2198 648 2225 Audite
656 2198 782 2225 convalles
794 2203 817 2224 et
827 2198 992 2233 fundamenta

196 2251 290 2278 terra;
309 2246 367 2279 quin
377 2245 504 2280 judicium
522 2244 629 2271 Domino
641 2245 760 2271 adversus
778 2244 900 2279 populum
918 2252 992 2271 suum

196 2290 295 2325 (uicit.
315 2291 341 2317 ϐ.
365 2290 405 2326 2).
418 2289 484 2318 Cum
508 2289 659 2317 hominibus
681 2289 808 2324 judicium
828 2296 950 2322 exerces,
966 2294 993 2316 et

201 2344 280 2363 vocas
303 2336 472 2364 fundamenta
499 2336 596 2363 terrm?
618 2335 673 2362 lmo
694 2343 757 2362 vero
771 2336 876 2370 inquit:
891 2343 951 2362 nam
966 2341 994 2362 et

199 2387 280 2410 terra:
302 2382 480 2410 fundamentis
503 2382 652 2409 stolidiures
673 2387 734 2409 sunt
756 2382 888 2409 homines.
908 2382 992 2416 Quem

198 2437 267 2465 ergo
286 2429 372 2456 adlnrc
399 2430 496 2464 quieris
511 2430 536 2456 in
553 2430 584 2457 iis
596 2436 737 2457 excessum
759 2429 875 2461 malitiae,
889 2429 994 2464 quando

198 2481 230 2504 et
242 2475 324 2503 asinis
345 2475 514 2510 stupidiores,
539 2480 565 2502 et
586 2475 672 2503 bobus
694 2475 943 2507 irmtinnabiliores,
966 2479 994 2502 et

202 2521 344 2548 hirundine
356 2528 387 2547 ac
401 2524 502 2548 turture
523 2521 688 2556 ingratiores,
709 2526 735 2548 et
748 2520 865 2548 formicis
883 2521 993 2548 demen-

199 2568 295 2601 siores,
309 2567 425 2602 ipsisque
435 2566 566 2601 lapidibus
586 2567 756 2602 stupidiores,
770 2568 833 2601 quin
846 2572 873 2595 et
885 2574 994 2602 serpen-

202 2612 267 2639 tium
281 2613 381 2640 similes
394 2613 549 2639 videamnr?
569 2611 655 2640 Furor
669 2613 739 2640 enim
759 2613 819 2646 illis,
840 2613 933 2647 inquit,
952 2620 993 2639 se-

201 2658 312 2685 cundum
326 2659 519 2685 similitudinem
533 2659 654 2694 serpentis
666 2667 675 2686 :
685 2667 804 2686 venenum
818 2659 936 2693 aspidum
948 2659 994 2686 sub

200 2705 275 2732 labiis
288 2714 374 2733 eorum
395 2705 479 2741 (Prol.
498 2706 543 2733 57.
556 2706 582 2733 ι.
605 2710 629 2732 et
644 2706 688 2732 15.
700 2706 738 2741 3).
762 2706 830 2740 Quid
851 2711 940 2734 autem
953 2711 994 2734 cst

202 2759 270 2787 opus
281 2752 391 2780 rationis
403 2753 552 2787 cxpertium
574 2756 710 2786 stuporem
724 2757 803 2787 atque
823 2753 993 2780 stoliditatem

199 2805 422 2831 commemorare,
437 2796 544 2833 quando
558 2802 586 2825 et
607 2797 690 2832 ipsius
704 2797 801 2825 diaboli
817 2798 938 2826 videmur
948 2799 993 2826 lilii

199 2843 283 2872 dicti?
301 2842 351 2872 νου
361 2844 444 2876 enim,
456 2842 551 2878 inquit,
560 2843 608 2878 ﬁlii
623 2842 717 2870 diaboli
726 2844 782 2870 estis
795 2843 884 2879 (Idan.
896 2845 922 2873 8.
933 2846 989 2881 44).

525 125 556 155 S.
575 122 712 155 JOANNIS
729 119 968 152 CHRYSOSTOMI
986 117 1148 147 ARCﬂlEP.
1168 118 1435 147 CONSTAN'I'INOP.

1767 122 1820 149 HS

1067 175 1095 203 ι.
1117 175 1305 203 Verumtamen
1319 182 1367 203 nos
1377 174 1472 210 stupidi
1483 180 1562 210 atque
1574 175 1682 211 ingrati,
1695 176 1826 211 insipiens.

1031 225 1083 253 tes,
1094 225 1121 248 et
1134 220 1265 255 lapidibus
1286 220 1351 255 ipsis
1372 219 1592 254 insensibiliores,
1603 222 1648 256 qui
1663 222 1768 250 cunctis
1786 223 1827 250 iu-

1030 266 1143 295 feriores
1162 274 1288 299 eramus,
1308 266 1484 302 abjectissimi
1504 271 1585 302 atque
1611 267 1734 295 vilissimi
1751 277 1758 295 :
1775 277 1829 304 quo

1032 318 1110 349 pacto
1133 313 1221 341 dicam
1238 313 1288 350 (a),
1308 318 1355 340 aut
1380 313 1444 348 quid
1464 313 1584 349 eloquar,
1598 315 1735 349 quomodo
1759 315 1829 343 istud

1031 361 1142 388 verbum
1168 360 1299 388 eﬂ'eram?
1314 360 1447 388 Vilissima
1460 360 1505 388 illa
1525 365 1616 388 ostra
1641 366 1755 395 natura,
1769 369 1829 397 qure

1030 406 1135 433 cunctis
1148 405 1316 441 insipientior
1327 410 1394 438 erat,
1403 406 1507 433 cunctis
1519 410 1561 433 est
1571 406 1651 434 hodie
1661 406 1733 435 facta
1746 408 1831 435 subli-

1032 451 1110 479 mior.
1124 451 1208 479 Hodie
1226 456 1416 486 recuperarunt
1435 452 1533 486 angeli,
1547 452 1618 487 quod
1639 452 1740 480 dudum
1755 453 1829 481 desi-

1031 497 1213 525 deraverant:
1230 497 1309 524 hodie
1330 503 1491 532 aspexerunt
1507 498 1677 533 archangeli,
1689 499 1762 533 quod
1784 499 1830 526 diu

1032 543 1223 578 concupierant
1234 551 1241 569 :
1251 543 1331 570 hodie
1338 547 1455 570 nostram
1467 547 1588 570 naturam
1598 544 1632 571 de
1641 543 1739 571 throno
1749 545 1839 579 regali,

1032 587 1143 624 fulgoris
1158 589 1242 616 instar
1256 589 1471 624 resplendentern
1482 589 1567 624 gloria
1588 593 1615 616 et
1633 581 1846 624 pulchritudine
1867 580 1869 582 ’

1033 635 1178 662 immortali
1191 635 1325 663 viderunt.
1339 634 1368 662 ld
1379 635 1449 663 enim
1464 636 1548 662 multo
1564 640 1627 663 ante
1641 636 1830 663 desiderabant

1032 681 1130 716 angeli,
1145 685 1173 708 et
1191 681 1417 716 concupiscebam
1434 681 1599 716 archangeli.
1613 681 1680 709 Nam
1699 682 1763 709 licet
1784 689 1831 710 eos

1034 731 1127 754 natura
1138 726 1253 754 httmana
1265 734 1396 754 concesso
1407 727 1458 754 sibi
1472 726 1574 755 honore
1587 733 1745 762 superaret,
1761 733 1830 754 atta-

1033 781 1095 800 men
1105 773 1141 801 de
1151 773 1227 800 bonis
1241 773 1339 801 nostris
1353 773 1521 808 gaudebant:
1536 781 1597 800 nam
1611 778 1638 801 et
1647 774 1756 809 quando
1768 782 1830 801 cru-

1033 819 1181 852 ciabamur,
1207 819 1351 851 dolebant;
1369 824 1396 847 et
1415 819 1477 847 licet
1493 819 1637 847 Cherubim
1663 820 1832 848 custodirent

1033 866 1185 901 paradisum
1196 886 1204 898 ,
1220 866 1306 893 vicem
1318 870 1406 894 tamen
1421 870 1539 894 nostram
1561 867 1698 894 dolebant.
1716 867 1750 894 Et
1764 868 1832 895 sicut

1035 912 1166 944 minister,
1175 918 1336 940 conservum
1352 919 1386 939 ex
1408 912 1532 940 mandato
1554 913 1655 940 domini
1677 913 1831 948 apprehen-

1038 965 1097 984 sum
1108 962 1136 985 et
1148 958 1249 985 carceri
1260 958 1397 990 traditum,
1411 958 1529 985 custodit
1547 958 1655 993 quidem
1664 979 1672 991 ,
1685 960 1833 986 commisc-

1034 1003 1138 1030 ratione
1149 1008 1236 1030 tamen
1247 1004 1368 1031 conservi
1379 1003 1484 1036 ductus,
1495 1011 1575 1039 super
1586 1005 1631 1032 illo
1640 1004 1713 1039 quod
1724 1004 1831 1037 accidit,

1034 1047 1107 1075 dolet
1119 1052 1147 1076 et
1161 1049 1288 1083 angitur:
1306 1049 1341 1076 ita
1359 1053 1388 1076 et
1408 1049 1552 1076 Cherubim
1577 1056 1753 1085 susceperant
1775 1051 1833 1086 qui-

1035 1095 1095 1121 dem
1109 1094 1312 1122 custodiendum
1334 1095 1497 1130 paradisum,
1513 1103 1545 1123 ac
1557 1095 1591 1123 de
1610 1097 1732 1124 custodia
1757 1097 1833 1124 dulc-

1035 1139 1109 1167 bant.
1122 1141 1157 1168 Et
1169 1144 1197 1168 ut
1209 1140 1296 1168 discas
1310 1141 1381 1175 quod
1396 1141 1540 1174 doluerint,
1552 1142 1588 1169 ab
1599 1142 1756 1170 hominibus
1770 1143 1833 1170 illud

1038 1186 1087 1213 tibi
1102 1187 1271 1221 perspicuum
1284 1186 1405 1214 reddam.
1420 1186 1534 1221 Quando
1543 1188 1615 1214 enim
1632 1188 1757 1216 homines
1770 1197 1834 1216 eon-

1036 1232 1121 1259 scrvis
1135 1232 1251 1266 compati
1263 1231 1336 1260 vides
1346 1252 1353 1263 .
1365 1232 1422 1267 jam
1437 1240 1490 1260 non
1503 1233 1617 1267 amplius
1633 1233 1773 1260 dubitandi
1789 1235 1833 1261 tibi

1040 1277 1116 1304 locus
1130 1277 1289 1312 relinquitur
1300 1277 1335 1304 de
1347 1277 1491 1305 Cherubim
1504 1285 1512 1304 :
1525 1278 1609 1305 multo
1621 1279 1692 1306 enim
1707 1284 1771 1306 sunt
1785 1279 1835 1307 ilhc

1037 1326 1183 1357 potestates
1220 1323 1429 1358 indulgentiores
1461 1323 1625 1350 hominibus.
1653 1324 1720 1358 Quis
1756 1325 1835 1360 igitur

1036 1368 1169 1404 justorum
1185 1376 1238 1396 non
1248 1368 1342 1401 doluit,
1358 1376 1418 1396 cum
1431 1368 1503 1404 juste
1516 1369 1675 1404 punirentur
1693 1371 1834 1404 homines,

1037 1415 1118 1442 etiam
1132 1420 1194 1450 post
1203 1418 1327 1442 sexcenta
1342 1419 1452 1450 peccata
1464 1415 1476 1441 7
1499 1415 1556 1442 Hoc
1567 1416 1639 1443 enim
1657 1421 1699 1443 est
1719 1416 1835 1443 admira-

1037 1461 1111 1489 tione
1120 1461 1316 1497 dignissimum,
1325 1461 1396 1496 quod
1406 1469 1467 1489 cum
1482 1461 1587 1489 illorum
1599 1462 1701 1490 scelera
1714 1469 1834 1497 ηοωειιι,

1037 1507 1308 1542 atqueintelligerent
1320 1507 1381 1534 illos
1396 1507 1429 1534 in.
1438 1507 1579 1535 Dominum
1594 1507 1794 1539 oﬂ'endisse,ex
1805 1517 1835 1536 ea

1039 1559 1129 1581 tamen
1153 1561 1182 1581 re
1201 1553 1321 1580 dolorem
1335 1553 1425 1581 animo
1450 1553 1599 1588 capiebant.
1614 1553 1713 1589 Utique
1732 1554 1836 1591 Moyses

1039 1604 1100 1634 post
1114 1599 1200 1634 populi
1217 1599 1392 1626 idololatriam
1403 1599 1508 1627 dicebat
1524 1608 1530 1625 :
1547 1599 1598 1626 Aut
1612 1600 1712 1627 dimitte
1721 1600 1758 1627 cis
1770 1601 1832 1627 hanc

1039 1652 1153 1672 noxam:
1167 1645 1206 1671 sin
1221 1652 1294 1677 vero,
1314 1643 1370 1670 dele
1384 1645 1459 1671 etiam
1477 1652 1517 1671 me
1536 1645 1567 1672 de
1588 1645 1664 1678 libro,
1674 1653 1750 1680 quem
1773 1647 1836 1672 srri—

1040 1690 1111 1726 psisti
1127 1689 1222 1724 (Exod.
1238 1689 1282 1717 32.
1296 1690 1341 1717 5i.
1353 1689 1387 1718 52
1397 1692 1418 1725 ).
1433 1690 1502 1723 Quid
1520 1691 1570 1717 sibi
1584 1691 1639 1718 vult
1660 1691 1749 1718 istud?
1764 1692 1836 1718 vides

1041 1736 1203 1771 impietatem
1225 1736 1374 1768 hominum,
1387 1740 1414 1763 et.
1436 1736 1542 1763 illorum
1563 1736 1639 1764 doles
1657 1736 1837 1764 aiﬂictiones?

1041 1782 1201 1818 Propterea,
1215 1782 1318 1817 inquit,
1339 1782 1428 1814 doleo,
1441 1786 1497 1808 tum
1518 1782 1580 1817 quia
1604 1783 1762 1817 puniuntur,
1783 1788 1836 1809 tum

1041 1829 1102 1864 quia
1112 1829 1200 1863 justas
1213 1829 1332 1863 prrcbent
1346 1835 1401 1855 sua:
1419 1828 1566 1864 punitionis
1583 1836 1688 1856 causas.
1714 1829 1836 1856 Ezechiel

1041 1882 1147 1910 quoque
1167 1875 1299 1910 aspiciens
1327 1875 1449 1909 angelum
1476 1875 1669 1909 percutientem
1697 1876 1834 1911 populum,

1042 1928 1137 1956 magna
1150 1921 1303 1948 exclamans
1317 1929 1383 1949 voce
1392 1929 1452 1948 cum
1473 1922 1574 1956 ejulatu
1584 1921 1652 1949 dixit
1664 1931 1670 1948 :
1688 1921 1747 1949 Heu
1757 1922 1818 1948 mihi
1827 1943 1835 1953 ,

1041 1967 1151 1994 Domine
1165 1967 1233 1994 Deus
1248 1967 1510 1994 :consummationem
1530 1973 1558 1994 tu
1578 1968 1642 2003 facis
1670 1968 1837 2003 reliquiarum

1042 2012 1125 2040 Israel
1140 2012 1247 2049 (EzecII.
1261 2013 1287 2040 9.
1301 2012 1352 2048 8)?
1367 2013 1399 2040 Et
1415 2013 1547 2041 Jeremias
1563 2022 1570 2040 ε
1587 2013 1693 2048 Corripe
1703 2021 1749 2040 nos
1761 2033 1769 2045 ,
1786 2013 1837 2040 Do-

1043 2060 1119 2092 mine,
1135 2065 1304 2087 uerumtamen
1325 2060 1351 2086 in
1361 2059 1470 2095 judicio,
1484 2065 1507 2086 et
1519 2068 1570 2087 non
1590 2060 1617 2086 in
1630 2060 1719 2094 furore
1733 2066 1776 2087 tuo
1786 2081 1793 2090 .
1808 2069 1837 2086 ne

1043 2114 1089 2132 nos
1104 2106 1267 2141 paucissimos
1280 2106 1360 2139 facias
1374 2104 1448 2139 (Jer.
1462 2106 1505 2133 10.
1516 2105 1552 2132 24
1564 2106 1583 2142 ).
1602 2106 1672 2140 Ergo
1682 2106 1704 2133 si
1713 2106 1817 2141 Moyses
1829 2128 1836 2137 ,

1044 2152 1178 2184 Ezechiel,
1190 2157 1272 2186 atque
1281 2151 1410 2179 Jercmias
1425 2159 1508 2185 super
1526 2151 1583 2178 istis
1598 2152 1695 2179 tristati
1715 2152 1770 2179 sint
1783 2161 1790 2178 :
1804 2160 1837 2178 an

1043 2203 1190 2234 potestates
1205 2198 1256 2226 illa:
1277 2198 1341 2225 nihil
1363 2198 1462 2225 nostris
1487 2198 1664 2225 movebantur
1690 2198 1791 2226 malis?
1805 2201 1839 2225 At

1044 2253 1095 2281 qua
1107 2246 1208 2273 ratione
1220 2245 1244 2272 id
1257 2249 1330 2273 esset
1340 2244 1392 2271 ulla
1400 2251 1433 2271 ex
1444 2247 1518 2279 parte
1527 2243 1673 2271 credibile?
1683 2243 1761 2277 Quod
1768 2245 1838 2271 enim

1044 2299 1088 2319 res
1102 2296 1207 2319 nostras
1221 2299 1268 2326 pro
1278 2291 1334 2317 suis
1347 2289 1460 2322 ducant,
1477 2289 1549 2317 disce
1563 2294 1690 2324 quantum
1712 2290 1837 2324 gaudium

1045 2338 1227 2374 conceperint,
1241 2337 1361 2365 videntes
1381 2338 1460 2365 nobis
1476 2337 1647 2365 conciliatum
1673 2344 1735 2365 esse
1751 2337 1839 2364 Domi-

1046 2392 1120 2412 num.
1136 2384 1164 2412 Si
1176 2385 1246 2412 enim
1257 2388 1334 2411 antea
1349 2391 1402 2411 non
1418 2383 1575 2415 doluissent,
1592 2391 1645 2411 non
1659 2391 1724 2410 sane
1744 2391 1776 2411 ea
1796 2391 1838 2410 es-

1045 2435 1106 2458 sent
1120 2435 1210 2466 postea
1234 2430 1331 2458 laetitire
1353 2431 1487 2466 voluptate
1512 2430 1637 2465 perfusae.
1654 2430 1729 2464 Quod
1752 2435 1838 2458 autem

1045 2477 1142 2511 gavisa
1164 2477 1227 2509 sint,
1240 2480 1312 2510 patet
1332 2484 1365 2504 ex
1380 2476 1411 2503 iis
1426 2484 1484 2511 quin
1507 2481 1534 2504 et
1547 2476 1667 2504 Christus
1681 2477 1739 2511 ipse
1755 2477 1837 2503 dixit:

1048 2522 1173 2556 Quoniam
1183 2522 1305 2557 gaudium
1327 2523 1373 2549 erit
1392 2522 1418 2549 in
1431 2522 1493 2549 uelo
1503 2543 1510 2554 ,
1525 2527 1551 2549 et
1572 2522 1599 2549 in
1616 2527 1686 2549 terra
1700 2530 1778 2556 super
1793 2531 1840 2548 uno

1047 2572 1177 2602 peccatore
1204 2568 1375 2603 paenitentiam
1395 2573 1483 2603 agente
1496 2567 1570 2603 (Luc.
1589 2567 1632 2594 15.
1646 2568 1685 2602 7).
1709 2567 1797 2595 Porro
1819 2567 1840 2595 si

1047 2622 1127 2641 unum
1148 2619 1317 2650 peccatorum
1341 2618 1541 2642 convertentem
1564 2621 1593 2640 se
1608 2613 1730 2641 videntes
1756 2615 1839 2649 angeli

1045 2660 1162 2695 gaudent
1177 2668 1183 2686 :
1196 2659 1330 2695 quomodo
1361 2659 1439 2687 hodie
1461 2667 1510 2694 per
1534 2659 1665 2694 primitias
1687 2660 1839 2686 universam

1048 2712 1168 2734 naturam
1182 2706 1325 2734 humanam
1347 2706 1505 2741 aspicientes
1519 2705 1546 2733 in
1557 2706 1651 2733 eselum
1666 2706 1839 2738 illatam,non

1048 2753 1163 2780 maximo
1180 2753 1277 2788 gaudio
1296 2753 1349 2780 sint
1374 2751 1559 2780 all'ecti?Audi
1583 2751 1663 2787 igitur
1685 2755 1712 2778 et
1735 2750 1841 2778 aliunde

1080 2819 1118 2849 (a)
1135 2822 1200 2842 Hunc
1212 2819 1285 2843 etiam
1297 2817 1385 2849 locum,
1396 2823 1442 2848 quo
1452 2819 1522 2849 pacto
1530 2816 1619 2848 dicam,
1639 2821 1699 2846 etc,
1711 2816 1781 2842 aﬂ'ert
1796 2820 1841 2841 uo

1044 2854 1106 2881 rapa
1116 2849 1146 2873 ad
1156 2849 1246 2874 uicem
1257 2849 1329 2880 Epist.
1345 2848 1397 2873 ιδι.
