1976 3130
126 177 176 205 ιιθ

125 239 245 267 uti-erue
259 227 344 258 turbae
357 229 474 257 laetitiam
489 236 570 264 super
583 233 673 255 nostra
688 227 913 256 reconciliatione.

125 277 234 311 Quando
258 276 331 304 enim
354 275 481 302 Dominus
499 278 592 302 noster
606 278 683 301 natus
706 277 748 300 est
768 272 916 300 secundum

124 329 241 355 curaeat,
256 329 289 349 ex
305 328 339 349 eo
350 320 476 355 deinceps
489 319 642 348 hominibus
656 319 741 354 ipsum
758 317 915 345 reconcilia-

126 375 179 395 tum
193 371 350 399 cernentes;
366 374 419 394 non
434 365 516 398 enim,
530 365 552 392 si
574 364 759 392 reconciliatus
781 372 833 391 non
850 362 916 390 fuis-

125 419 172 445 so-t.
187 421 272 449 usqtte
284 413 352 441 adeo
367 412 567 444 descendisset;
581 416 724 439 cernentes
746 417 810 446 ergo
825 409 894 437 istud
907 430 915 442 ,

123 459 211 487 choris
225 459 252 486 in
265 464 336 487 terra
350 459 455 486 statutis
469 457 651 485 exclamabant
666 465 672 483 :
693 455 782 483 Gloria
794 456 821 483 in
835 455 917 483 excel-

124 507 158 533 sis
171 505 224 532 Dea
238 512 249 532 :
261 510 286 532 et
306 505 333 531 in
347 508 414 531 terra
428 511 496 538 pax;
512 503 538 530 in
551 503 694 530 hominibus
717 503 782 530 bona
803 503 918 530 voluntas

122 550 197 585 (Luc.
213 550 242 577 Ξ.
258 550 313 586 15).
329 549 364 577 Et
378 554 407 576 ut
419 549 522 583 discas,
538 548 610 584 quod
624 548 659 575 ob
673 548 699 576 id
708 547 919 584 'glurilicaverint

126 598 205 624 Deum
218 617 226 629 ,
243 601 383 632 postquam
400 600 469 623 terra
489 594 590 630 recepit
611 594 679 621 bona
690 609 698 627 ι
711 594 792 622 etiam
809 602 917 622 causam

125 641 315 674 adduxerunt,
339 640 459 668 dicentes
475 649 482 666 :
498 639 532 667 In
559 645 626 666 terra
647 647 713 675 pax,
727 639 753 667 in
777 640 918 667 hominibus

122 689 186 714 bona
200 687 319 713 voluntas
333 694 343 713 :
359 685 522 718 hominibus,
538 685 644 721 inquam
655 706 663 716 .
678 685 723 720 qui
742 690 820 713 erant
840 690 918 713 antea

122 733 213 760 hostes
225 731 370 765 declarati,
384 736 413 759 et
435 731 542 766 ingrati.
558 730 653 758 Vidisti
670 738 724 766 quo
743 736 820 765 pacto
834 730 918 758 Deum

121 778 154 805 de
165 777 264 805 alienis
277 777 355 804 bonis
370 776 477 804 laudent
486 797 494 809 .
509 781 556 804 aut
569 776 659 812 potius
671 776 705 804 de
717 775 842 811 propriis,
856 783 917 804 cum

123 826 214 850 nostra
228 822 299 850 bona
313 829 360 850 sua
377 829 439 849 esse
460 822 575 848 ducant:
592 820 632 848 vis
651 820 732 848 etiam
752 828 833 849 nosse
852 827 917 856 quo-

121 867 202 895 modo
225 868 309 895 etiam
334 867 421 902 ipsum
446 866 637 895 ascendentem
660 866 806 902 aliquando
824 865 917 900 visuri,

122 919 176 942 tum
210 913 298 949 gavisi
328 914 383 942 sint
409 917 437 941 et
461 913 641 941 euultarint?
667 912 756 948 Ipsum
781 912 919 942 Christum

121 960 255 988 dicentem
268 959 330 987 audi
344 959 493 994 :Quoniam
508 959 700 992 ascendebant,
713 958 809 995 inquit,
826 963 855 987 et
875 959 920 987 de-

121 1005 288 1034 scendebant
300 1005 438 1034 continue.
452 1005 540 1041 Atque
554 1004 606 1032 hoc
623 1005 759 1041 proprium
782 1009 824 1033 est
843 1004 918 1033 desi-

122 1044 287 1085 derantium,
296 1050 472 1086 contemplari
487 1050 653 1086 inopinatum
677 1050 870 1086 spectaculum.
885 1051 920 1079 Et

121 1096 190 1125 unde
208 1102 317 1125 constat
329 1096 437 1124 auidae
460 1095 520 1123 illos
540 1095 685 1123 ascendere
709 1099 789 1131 atque
803 1095 917 1124 descen-

121 1142 203 1170 dere?
218 1141 310 1178 Ipsum
331 1142 468 1170 dicentem
483 1136 544 1169 audi
560 1150 567 1168 :
583 1141 682 1168 Amoda
694 1141 808 1168 videbitis
827 1141 919 1169 selum

123 1192 292 1224 «parma
305 1188 408 1224 angelos
431 1187 479 1214 Dei
502 1188 664 1215 ascendentes
687 1191 712 1214 et
737 1188 915 1214 descendentes

121 1242 198 1269 supra
218 1233 318 1261 Filiam
344 1234 452 1261 nominis
468 1232 557 1269 (Joan.
575 1233 599 1260 1.
615 1232 673 1270 51).
693 1232 765 1260 Talis
787 1233 918 1268 siquidem

121 1279 269 1308 amantium
294 1287 353 1308 mos
366 1284 427 1313 est;
443 1287 529 1315 neque
549 1284 654 1315 tempus
676 1285 848 1315 exspectant,
869 1280 917 1308 sed

122 1332 229 1362 tempus
244 1326 403 1362 prtelinitutn
416 1326 506 1354 laetitia
519 1325 676 1361 anticipant.-
689 1324 791 1353 Idcirco
804 1320 918 1354 descen-

121 1372 187 1401 dunt
200 1373 264 1400 novi
277 1377 305 1400 et
318 1373 427 1401 inauditi
451 1372 521 1400 illius
531 1373 676 1408 spectaculi
692 1373 794 1400 visendi
809 1373 918 1401 deside-

122 1419 162 1447 rio
174 1419 297 1454 impulsi.
312 1419 447 1447 hominem
459 1419 560 1447 scilicet
586 1419 612 1447 in
635 1419 702 1447 cacio
722 1424 894 1455 apparentem
909 1429 917 1448 :

121 1465 240 1500 ideoque
264 1464 364 1501 ubique
387 1472 417 1493 se
437 1465 525 1500 angeli
551 1465 733 1499 manilestant,
760 1470 788 1493 et
813 1466 920 1500 quando

123 1515 202 1538 natus
214 1514 269 1545 est,
282 1514 310 1539 et
321 1510 429 1546 quando
441 1510 587 1539 resurrexit
596 1532 603 1545 ,
615 1518 647 1539 ac
666 1510 746 1538 hodie
759 1512 865 1547 quando
890 1513 917 1540 in

121 1558 208 1587 colos
222 1558 345 1586 ascendit
358 1566 366 1586 :
379 1556 448 1586 licet
454 1558 527 1586 enim
540 1561 595 1585 uad
605 1559 666 1592 tiri,
680 1559 779 1594 inquit,
792 1560 820 1586 in
831 1560 910 1588 vesti-

122 1605 217 1632 mentis
225 1603 295 1631 albis
301 1602 388 1639 (ΔιιΑ
393 1603 509 1639 .10),per
516 1604 638 1632 habitum
644 1604 765 1632 hetitiam
771 1604 909 1634 declaran-

122 1655 174 1679 tes:
183 1649 345 1677 etdiaerunt
351 1649 383 1677 ad
389 1649 552 1685 discipulos:
562 1649 616 1677 Viri
624 1649 741 1682 Galilei,
748 1650 909 1686 quidstatis?

121 1697 164 1724 Ille
168 1695 261 1729 Iesu,
267 1696 313 1731 qui
319 1701 469 1730 auumptus
474 1701 512 1723 est
520 1704 538 1723 ι
546 1696 616 1723 vobis
622 1696 650 1723 in
657 1696 760 1728 calum,
768 1695 807 1723 sic
814 1697 906 1730 uenia,

121 1742 345 1778 quenadmodum
352 1742 453 1769 vidistis
459 1744 517 1769 eam
524 1744 627 1769 euntem
634 1742 660 1768 in
666 1741 758 1769 coelum
766 1740 864 1777 (Ilum!
870 1741 907 1779 ί).

155 1789 184 1816 5.
196 1787 254 1816 Cur
264 1787 353 1822 angeli
366 1787 392 1815 in
406 1788 557 1815 ascensione
573 1787 679 1814 Domini
693 1787 743 1814 nisi
753 1787 908 1822 fuerint.—

121 1832 170 1861 llic
179 1833 238 1869 jam
247 1834 313 1862 mihi
326 1833 468 1869 diligenter
477 1834 616 1862 attendite.
627 1833 808 1866 Quamobrem
818 1833 855 1861 ita
865 1832 908 1860 di-

122 1884 187 1906 cunt
192 1879 205 1906 ἲ
212 1887 247 1906 an
253 1879 325 1913 quod
335 1880 428 1907 oculos
436 1888 490 1907 non
499 1879 628 1907 haberent
635 1877 778 1914 discipuli!
785 1881 833 1906 aut
839 1879 906 1914 quia

121 1923 193 1958 quod
230 1922 383 1956 acciderat,
411 1930 464 1951 non
491 1922 634 1951 viderent?
657 1931 746 1950 nottne
767 1924 804 1951 ait
836 1933 917 1952 cvan-

83 1989 86 1990 ν
121 1969 228 2004 gelista,
242 1969 313 2004 quod
326 1968 477 1997 videntibus
489 1969 553 2004 ipsis
563 1969 683 1997 elevatus
697 1973 739 1997 est
751 1970 763 1997 τ
782 1969 839 2004 Qua
854 1974 917 2005 ergo

121 2015 155 2043 de
180 2023 263 2043 causa
287 2015 448 2043 assistebant
471 2015 559 2051 angeli
572 2015 701 2043 docentes
715 2023 779 2048 eos,
795 2018 865 2052 quod
892 2016 919 2043 in

121 2063 219 2090 calum
230 2062 417 2090 ascendisset?
429 2062 542 2099 Propter
555 2062 622 2090 duas
635 2062 761 2091 nimirum
776 2062 842 2090 istas
853 2070 918 2090 cau-

125 2116 170 2137 sas
186 2117 193 2136 :
209 2117 292 2137 unam
307 2109 414 2144 quidem
426 2109 498 2145 quod
512 2109 635 2138 dolerent
655 2109 695 2137 illi
716 2109 751 2136 ob
764 2108 863 2137 Christi
885 2110 919 2136 ab

122 2155 186 2190 ipsis
199 2155 393 2183 discessionem
407 2153 495 2190 :qttod
507 2159 596 2183 autem
610 2155 733 2183 dolerent
746 2175 754 2188 ,
770 2154 831 2182 audi
856 2155 918 2190 quid

122 2202 154 2229 ad
165 2209 215 2230 eos
224 2201 312 2229 dicat:
325 2201 407 2229 Nemo
422 2210 454 2230 ea:
462 2202 540 2235 nobis,
548 2202 644 2237 inquit.
652 2202 790 2237 interrogat
801 2210 850 2234 me.
863 2201 920 2235 Quo

122 2248 193 2276 radis
202 2249 215 2275 .’
224 2251 270 2276 sed
279 2249 339 2285 quia
353 2249 406 2276 luet:
416 2248 533 2284 loquutus
545 2257 602 2275 sum
615 2247 801 2280 oobis,tristitia
808 2247 920 2283 implevit

122 2302 167 2321 eor
178 2299 289 2321 uestrum
301 2293 392 2329 (Joan.
407 2294 451 2322 16.
465 2294 492 2322 5.
504 2294 543 2330 6).
558 2293 625 2322 Nam
645 2293 668 2321 si
683 2293 783 2321 amicos
806 2297 834 2321 et
854 2300 920 2321 con—

123 2338 288 2375 sanguineos
311 2345 418 2368 nostros
437 2339 557 2375 separari
579 2346 594 2366 a
617 2339 695 2366 nobis
717 2346 770 2366 non
795 2339 917 2372 ferimus.

123 2385 263 2420 quomodo
273 2385 396 2421 discipuli
411 2393 487 2412 suum
500 2385 535 2412 ab
554 2385 620 2420 ipsis
646 2385 764 2419 separari
779 2389 920 2412 cernentes

123 2431 303 2465 Salvatorem,
314 2432 480 2467 magistrum.
487 2438 518 2458 ac
525 2435 675 2458 curatorem
689 2431 918 2466 benignissimum.

123 2477 369 2504 mansuetissimam
389 2481 417 2505 et
442 2477 585 2511 optimum,
602 2478 680 2511 plane
700 2485 753 2504 non
774 2477 919 2505 doli-rent?

123 2522 260 2557 quomodo
270 2530 324 2549 non
339 2522 580 2550 contristarentur?
590 2522 692 2550 Idcirco
703 2523 786 2550 astitit
798 2523 918 2557 angelus.

123 2569 169 2604 qui
190 2569 312 2596 doloretn
326 2576 360 2596 ex
374 2576 487 2597 ascensu
498 2569 698 2604 proveniantetn
722 2568 826 2596 reditus
843 2575 919 2596 cont-

124 2615 323 2642 tnemoratimte
358 2615 455 2649 iterum
492 2614 647 2649 mitigaret.
685 2613 920 2648 consolareturque

126 2661 210 2696 ipsos.
226 2659 277 2687 Hie
289 2661 362 2688 enim
369 2646 458 2694 Ῑιειιι,
469 2660 516 2692 ait,
526 2646 569 2695 qui
581 2665 726 2695 assumptus
737 2665 774 2687 est
784 2668 800 2686 a
812 2646 885 2687 vobis
893 2660 920 2687 in

123 2707 215 2734 selum
227 2727 236 2740 ,
249 2707 287 2734 sic
301 2706 381 2734 ueniet
396 2706 463 2742 (Act.
490 2707 516 2735 1.
529 2705 584 2741 11).
609 2706 734 2733 Doluistis
752 2726 759 2737 .
777 2706 871 2742 inquit,
885 2706 920 2733 de

124 2754 308 2788 assumptione
318 2753 419 2789 ipsius?
427 2752 479 2781 Sed
491 2752 572 2780 nolite
582 2752 696 2788 amplius
703 2752 809 2785 dolere;
821 2752 920 2780 etenim

126 2805 219 2826 rursus
232 2798 331 2825 veniet.
348 2797 414 2825 Nam
428 2801 456 2825 ut
468 2805 501 2825 ne
515 2798 633 2825 lacerent
644 2797 716 2832 quod
728 2798 783 2833 egit
797 2798 918 2831 Elisteus,

126 2844 257 2878 aspiciens
270 2845 425 2879 magistrum
439 2851 517 2871 suum
537 2844 648 2876 assumi,
663 2844 707 2878 qui
720 2843 826 2872 discidit
839 2844 921 2871 vesti-

128 2895 246 2918 tttetttum
262 2892 270 2925 (
284 2892 309 2917 ι.
338 2889 401 2926 Reg.
414 2890 431 2916 2
444 2890 454 2926 )
469 2898 475 2916 :
493 2897 545 2917 non
571 2889 641 2917 enim
666 2889 778 2916 habebat
805 2889 919 2925 aliquem

617 171 650 199 IN
670 169 904 200 ASCENSIONE!
925 170 956 197 ι).
977 169 1009 198 Ν.
1032 169 1112 198 ιεευ
1127 169 1272 199 CHRISTI.

1716 171 1769 200 350

974 226 1122 254 adstantem
1133 226 1182 255 sibi
1193 232 1272 262 atque
1286 226 1419 255 dicentem
1433 227 1505 263 quod
1519 228 1614 256 iterum
1635 233 1763 256 "manu

970 276 1043 300 esset
1057 272 1165 305 Helias;
1180 279 1214 300 ne
1228 272 1306 308 igitur
1317 272 1368 300 hoc
1383 277 1412 300 et
1427 272 1471 300 isti
1485 273 1622 306 lacerent,-
1643 273 1703 301 ideo
1718 279 1767 300 an:

969 318 1021 353 geli
1045 318 1222 352 adstiterant,
1237 319 1282 354 qui
1302 318 1436 347 tristitiam
1458 318 1565 347 illorum
1588 319 1705 347 lenirent
1732 325 1765 347 se

970 359 1181 391 consolarentur.

1011 410 1160 445 Di/ferentia
1174 411 1238 438 inter
1250 411 1421 438 ascensionem
1434 410 1500 438 Elite
1509 431 1516 442 .
1531 416 1554 438 et
1568 411 1660 439 Christi
1671 411 1766 439 Salva-

973 457 1139 484 toris.—Et
1162 457 1220 485 hzec
1243 457 1350 493 quidem
1373 465 1424 484 una
1446 462 1489 485 est
1515 464 1594 485 causa
1616 457 1767 493 praesentiat

970 503 1125 538 angelorum
1143 511 1150 529 2
1166 503 1297 538 posterior
1309 507 1397 530 autem
1412 510 1444 530 ea
1455 510 1508 530 non
1519 502 1629 530 inferior
1640 507 1691 536 est,
1705 510 1765 538 pro-

970 551 1031 583 pter
1037 556 1117 584 quam
1130 548 1210 576 etiam
1218 555 1327 576 causam
1340 548 1448 583 adjecit.
1460 548 1511 581 Qui
1522 553 1667 583 assumptus
1675 552 1721 575 est.
1733 547 1769 575 Et

970 602 1030 630 qua
1043 599 1085 622 est
1097 594 1169 622 ista?
1191 594 1219 622 In
1232 594 1326 622 catlttm
1339 600 1491 629 assumptus
1504 598 1555 621 est.
1569 593 1664 628 Ingens
1678 598 1767 621 autem

972 639 1143 668 interstitium
1164 646 1233 675 erat,
1249 648 1335 676 neque
1358 639 1508 668 sufﬁciebat
1522 640 1562 667 vis
1581 639 1664 667 nostri
1690 645 1768 675 aspe-

971 691 1041 721 ctus,
1053 691 1082 714 ut
1095 694 1193 722 corpus
1208 686 1240 714 ad
1263 687 1345 714 cwlos
1356 694 1442 721 usque
1461 685 1561 713 assumi
1578 684 1742 720 prospiceret
1758 693 1766 712 :

970 731 1018 760 sed
1032 732 1102 760 sicut
1112 732 1169 760 avis
1186 732 1212 760 in
1236 732 1351 760 sublime
1377 732 1502 764 volitans,
1517 735 1619 766 quanto
1642 730 1725 766 magis
1740 730 1767 757 in

970 779 1052 806 altum
1080 779 1249 811 ascenderit,
1268 783 1342 806 tanto
1362 778 1477 814 amplius
1500 786 1514 804 a
1542 782 1635 805 nostro
1659 781 1769 811 aspecta

971 824 1139 852 subtrahitur
1154 833 1162 852 :
1177 825 1214 852 ita
1226 829 1254 852 et
1264 831 1362 859 corpus
1373 824 1449 858 illud,-
1462 828 1562 859 quanto
1575 824 1653 850 altius
1667 823 1766 851 evehe-

971 871 1059 904 batur,
1076 876 1149 898 tanto
1164 871 1248 907 magis
1264 870 1481 899 abscondebatur
1494 879 1504 903 ;
1517 879 1577 897 cum
1599 876 1654 897 non
1678 874 1769 905 possm

971 917 1111 945 oculorum
1128 917 1269 945 inﬁrmitas
1282 917 1415 945 intervalli
1434 916 1628 952 longitudinem
1649 915 1767 951 assequi.

973 963 1117 999 Propterea
1128 963 1271 992 astiterunt
1294 963 1398 999 angeli,
1412 962 1457 998 qui
1483 962 1612 990 decorent
1634 961 1769 989 ascensio-

972 1016 1034 1038 nem
1045 1009 1072 1037 in
1082 1009 1188 1042 caelum.
1203 1017 1239 1037 ne
1252 1009 1446 1037 arbitrarentur
1459 1015 1521 1037 eum
1535 1007 1611 1043 quasi
1627 1007 1655 1035 in
1672 1007 1768 1036 calent

971 1055 1128 1084 ascendisse
1149 1056 1234 1084 instar
1251 1055 1351 1088 Helia;
1367 1054 1414 1082 sed
1436 1053 1508 1090 quod
1534 1059 1597 1082 vero
1618 1054 1645 1081 itt
1673 1053 1768 1081 calum

971 1100 1124 1130 ascenderit
1134 1112 1144 1134 ,ν
1157 1100 1193 1129 oh
1218 1100 1245 1128 id
1269 1100 1327 1128 ait:
1343 1099 1395 1133 Qui
1406 1102 1552 1134 assumptus
1566 1103 1604 1126 est
1620 1107 1637 1125 a
1661 1098 1729 1126 vobis
1740 1099 1768 1125 ia

971 1147 1073 1175 calum.
1097 1147 1190 1182 Neque
1208 1147 1281 1176 enim
1302 1146 1354 1174 hoc
1377 1145 1535 1181 simpliciter
1555 1145 1687 1180 adjectum
1713 1150 1766 1173 est.

971 1193 1098 1228 Quinimo
1112 1193 1201 1221 Belias
1217 1197 1352 1228 tamquam
1378 1192 1405 1219 in
1419 1192 1514 1219 catlum
1536 1197 1689 1226 assumptus
1702 1196 1742 1218 est
1759 1200 1766 1218 :

971 1247 1067 1268 servus
1079 1240 1152 1268 enim
1170 1244 1247 1272 erat;
1261 1239 1341 1267 Jesus
1353 1243 1443 1266 autem
1465 1240 1491 1265 in
1505 1238 1598 1266 cmlutn
1610 1257 1617 1270 ,
1633 1238 1694 1273 quia
1714 1237 1768 1263 Ito-

971 1287 1060 1314 minus
1078 1290 1136 1314 erat
1152 1295 1159 1314 :
1173 1286 1220 1313 ille
1234 1286 1260 1313 itt
1284 1292 1365 1313 curru
1387 1285 1474 1320 igneo,
1493 1284 1536 1311 hic
1552 1285 1578 1311 in
1598 1285 1678 1311 nube.
1701 1283 1768 1310 Nam

971 1332 1077 1367 quando
1091 1337 1197 1359 servum
1214 1332 1302 1359 vocari
1316 1331 1468 1366 oportebat,
1482 1337 1577 1357 currus
1593 1330 1746 1357 mittebatur
1758 1340 1764 1360 ι

991 1350 1077 1359 ...υυυ
1091 1350 1130 1359 ε...
1140 1350 1197 1359 ω...
1217 1350 1302 1359 ων...
1316 1350 1334 1358 υ
1353 1350 1377 1358 ν.
1387 1350 1468 1363 ...υ-η
1482 1350 1577 1357 πη..-
1758 1351 1764 1360 ,

972 1350 1079 1413 quando
1095 1382 1184 1405 autem
1206 1376 1312 1409 Filium,
1329 1350 1443 1404 titronus
1463 1376 1579 1411 regalis;
1596 1383 1683 1410 neque
1703 1375 1768 1402 sinu
1776 1350 1819 1390 θ’(

972 1423 1076 1459 pliciter
1085 1422 1197 1451 thronus
1210 1422 1318 1457 regalis,
1332 1422 1379 1449 sed
1391 1421 1504 1457 ipsemet
1515 1425 1650 1455 paternus.
1660 1419 1768 1449 Etenim

971 1470 1006 1498 de
1020 1470 1100 1498 Patre
1113 1471 1150 1497 ait
1166 1469 1247 1497 lsaias
1262 1478 1269 1496 :
1285 1467 1350 1495 Ecce
1361 1467 1488 1495 Dominus
1501 1467 1569 1494 sedet
1585 1475 1661 1502 super
1675 1465 1765 1494 nube-tt

973 1514 1138 1551 lesemUsai.
1152 1515 1196 1543 l9.
1213 1514 1252 1550 1).
1268 1514 1335 1548 Quia
1359 1521 1423 1549 ergo
1434 1513 1513 1541 Pater
1539 1513 1566 1540 in
1588 1513 1659 1540 nube
1680 1511 1768 1546 sedet,

971 1561 1033 1590 ideo
1059 1566 1086 1589 et
1108 1560 1177 1589 Filio
1201 1560 1299 1589 nubem
1325 1560 1408 1587 misit.
1432 1561 1520 1595 Atque
1546 1557 1635 1587 Helias
1658 1558 1766 1594 quidem

973 1607 1123 1636 ascendens
1143 1607 1248 1635 ovinam
1263 1606 1360 1641 pellem
1387 1612 1468 1640 super
1491 1605 1616 1632 Eliszeum
1637 1603 1744 1632 demisit
1759 1626 1768 1636 .

971 1654 1050 1682 Iesus
1059 1657 1151 1681 autem
1166 1652 1314 1681 ascendens
1325 1652 1471 1687 gratiarum
1485 1650 1556 1678 dona
1574 1650 1601 1678 in
1618 1649 1766 1685 discipulos

972 1699 1090 1732 demisit,
1100 1707 1152 1726 non
1168 1706 1249 1726 unum
1263 1698 1420 1733 prottltetam
1435 1697 1570 1730 facientia.
1584 1696 1632 1725 sed
1646 1697 1763 1724 inﬁnitos

973 1745 1097 1778 Eliszos,
1111 1749 1190 1780 atque
1211 1743 1278 1771 adeo
1292 1743 1337 1770 illo
1364 1743 1448 1770 multo
1463 1743 1579 1778 majores
1595 1747 1623 1770 et
1642 1742 1768 1770 illustrio-

972 1791 1026 1818 re‘s.
1050 1790 1232 1826 Exsurgamus
1254 1789 1345 1825 igitur,
1358 1786 1534 1820 dilectissimi.
1555 1793 1582 1816 et
1596 1788 1628 1816 ad
1653 1787 1768 1817 reditum

973 1836 1048 1864 illum
1061 1836 1154 1863 oculos
1173 1835 1270 1863 mentis
1294 1834 1449 1871 dirigamus.
1462 1834 1568 1862 Etenim
1589 1834 1685 1862 Paulus
1707 1834 1743 1861 ait
1760 1843 1767 1861 :

973 1881 1034 1916 Ipse
1046 1881 1177 1908 descendet
1189 1881 1221 1908 de
1233 1881 1318 1913 caelis,-
1333 1881 1359 1908 in
1374 1881 1448 1916 jussu
1458 1901 1466 1913 ,
1481 1881 1508 1907 in
1522 1888 1581 1907 voce
1601 1880 1746 1916 archangeli
1758 1888 1767 1907 :

972 1933 996 1955 et
1007 1936 1052 1954 nos
1066 1927 1109 1961 qui
1119 1928 1223 1955 vivimus
1233 1932 1256 1954 et
1270 1927 1364 1954 residui
1377 1935 1474 1960 sumus,
1490 1927 1588 1954 obviam
1602 1927 1730 1962 rapientur
1740 1928 1767 1955 in

972 1970 1079 2000 nubibus
1099 1973 1126 2000 in
1149 1981 1282 2000 occursum
1306 1971 1409 1999 Domini
1427 1972 1453 1999 in
1472 1981 1543 2006 aera,
1563 1978 1590 1999 at
1603 1980 1656 2000 non
1670 1980 1767 2000 omnes

975 2019 1013 2053 (1.
1025 2018 1112 2046 Thesl.
1130 2019 1156 2047 4.
1170 2019 1213 2047 15.
1230 2019 1285 2054 16).
1301 2018 1377 2052 Quod
1398 2024 1487 2046 autem
1512 2026 1564 2046 non
1575 2026 1668 2046 omnes
1682 2020 1767 2054 rapte-

973 2072 1044 2098 mur,
1058 2064 1106 2092 sed
1126 2064 1172 2092 alii
1196 2064 1362 2098 pet-manSuri
1387 2064 1458 2096 sint,
1475 2064 1519 2092 alii
1544 2071 1607 2091 tero
1627 2064 1768 2100 rapiendi,

974 2110 1036 2138 audi
1060 2110 1123 2146 quid
1136 2110 1207 2138 dicat
1223 2110 1346 2138 Christus
1360 2118 1370 2137 :
1383 2109 1453 2137 Tum:
1471 2110 1629 2138 invenientur
1640 2111 1699 2137 duce
1711 2119 1767 2137 mo-

973 2150 1051 2184 ientes
1063 2158 1090 2183 in
1106 2157 1183 2190 mola,
1197 2164 1248 2183 una
1262 2161 1413 2190 aestimetur,
1428 2161 1451 2183 et
1462 2165 1512 2183 una
1525 2157 1681 2192 relinquetur
1694 2165 1702 2183 :
1716 2158 1768 2184 duo

973 2198 999 2228 in
1026 2202 1088 2229 lecto
1115 2210 1166 2229 uno
1188 2206 1276 2234 erunt,
1301 2209 1367 2228 unus
1389 2206 1541 2234 assumetur,
1554 2206 1578 2228 et
1598 2209 1663 2229 unus
1684 2202 1764 2229 relin-

973 2252 1064 2283 quetur
1086 2246 1201 2283 (Matth.
1226 2247 1272 2274 26.
1286 2247 1330 2275 ω.
1343 2246 1400 2283 41).
1416 2246 1483 2281 Quid
1506 2247 1556 2274 sibi
1586 2247 1639 2275 \‘ttlt
1653 2248 1766 2283 παίειν-ιδ

973 2293 1043 2322 istud
1055 2293 1067 2321 ?
1081 2293 1143 2329 quid
1161 2293 1271 2321 denotat
1288 2293 1443 2330 mysterium
1459 2293 1509 2321 hoc
1519 2293 1705 2321 reconditum?
1715 2293 1770 2321 Per

973 2339 1072 2367 molam
1086 2347 1180 2367 omnes
1199 2339 1225 2367 in
1239 2344 1397 2375 paupertate
1409 2344 1436 2367 et
1450 2339 1558 2367 miseria
1581 2340 1701 2368 viventes
1719 2347 1769 2367 no-

974 2384 1016 2413 bis
1045 2385 1230 2417 demonstrat;
1255 2393 1302 2420 per
1330 2385 1428 2413 lectum
1466 2389 1555 2412 autem
1583 2393 1614 2412 ac
1648 2386 1772 2420 requiem

973 2435 1084 2459 cunctos
1099 2431 1197 2458 divitiis
1212 2431 1370 2463 afﬂuentes,
1387 2435 1414 2459 et
1435 2431 1582 2459 honoribus
1604 2431 1766 2466 conspicuos

975 2478 1085 2505 innuit:
1102 2477 1248 2512 volensque
1274 2477 1418 2505 ostendere
1442 2478 1523 2505 etiam
1549 2485 1583 2505 ex
1609 2478 1768 2512 pauperibus

975 2523 1119 2550 salvattdos
1138 2523 1195 2550 iure
1210 2528 1291 2558 atque
1304 2523 1455 2558 perdendos
1466 2543 1473 2556 ,
1487 2523 1555 2551 dixit
1568 2524 1637 2560 quod
1653 2524 1680 2551 in
1699 2528 1766 2552 mola

974 2577 1025 2596 una
1040 2574 1202 2602 assumetur.
1216 2573 1243 2596 et
1254 2577 1305 2597 una
1321 2569 1506 2605 relinquetur;
1520 2573 1548 2597 et
1571 2576 1665 2597 eorum
1683 2571 1727 2605 qui
1742 2571 1767 2598 in

975 2616 1045 2644 lecto
1067 2621 1145 2643 erunt
1168 2623 1238 2644 unus
1261 2621 1430 2649 assumetur,
1445 2621 1473 2644 et
1497 2623 1565 2644 unus
1591 2616 1767 2652 relinquetur,

974 2661 1112 2690 declarare
1126 2662 1231 2695 volens.
1246 2662 1318 2697 quod
1332 2667 1487 2698 peceatores
1496 2661 1605 2697 quidem
1624 2661 1667 2689 hic
1687 2662 1768 2689 relin-

974 2712 1110 2743 quantur,
1135 2708 1294 2743 supplicium
1315 2713 1522 2742 exspectantes;
1543 2707 1607 2743 justi
1629 2712 1718 2734 autem
1741 2709 1767 2734 in

976 2754 1062 2782 nubes
1073 2754 1219 2789 rapiantur.
1234 2754 1310 2781 sicut
1324 2754 1395 2781 enim
1408 2761 1471 2789 rege
1484 2754 1574 2789 aliquo
1591 2753 1618 2779 in
1633 2752 1767 2780 civitatem

975 2797 1128 2827 introednte
1140 2821 1148 2830 .
1165 2799 1209 2827 alii
1223 2800 1332 2835 quidem
1352 2799 1379 2826 in
1393 2798 1567 2834 dignitatibus
1586 2801 1665 2832 atque
1685 2797 1770 2824 hono-

976 2843 1052 2871 ribtts
1071 2844 1258 2877 cottstituti,ot
1271 2843 1316 2879 qui
1337 2844 1481 2879 plurimum
1502 2843 1586 2878 gratia
1608 2841 1677 2876 apud
1693 2842 1768 2869 illum
1793 2840 1802 2845 ”

979 2889 1067 2916 valent
1079 2910 1086 2923 ,
1102 2894 1180 2917 ειη-α
1195 2889 1329 2918 cititatem
1345 2889 1368 2917 ei
1382 2889 1588 2926 progrediuntur
1600 2887 1717 2920 obviam,
1730 2888 1769 2916 rei
