1976 3130
637 165 683 193 οε
703 166 836 194 SANCTA
856 166 1092 195 PENTECOSTE.
1116 166 1232 194 HOMIL.
1255 167 1274 194 Ι.

1720 164 1772 192 ii“

699 394 749 423 DE
774 394 923 424 SANCTA
956 395 1230 432 PENTECOSTE,

139 479 175 500 ΒΤ
197 479 261 501 CUB
280 481 345 503 JAM
366 482 428 504 NON
448 481 545 504 I‘IAN'I‘
564 483 735 511 MIRACULA,
752 484 903 511 QUODOUE
931 485 937 506 1

1006 485 1078 512 ΩῸΕ
1099 485 1272 507 GERL‘NTUR
1293 486 1329 507 AC
1348 486 1507 507 ‘DICUNT‘CI
1531 486 1547 507 Δ
1575 486 1679 513 Νοειιε,
1699 485 1775 507 PEH-

859 535 966 557 SCBIBA
972 536 1054 558 NTL‘R
1061 551 1066 557 .

469 738 578 759 IOIIILIA
597 738 605 758 ι
624 729 674 766 (α).

174 776 199 804 l.
217 777 324 805 Rursus
346 777 475 804 festivius
487 797 495 810 ,
507 783 651 810 rursusque
666 774 750 802 festus
771 780 933 806 conventus,

139 829 171 850 Ic
183 830 278 849 rursus
289 822 408 850 Ecclesia
424 821 538 849 ﬁliorum
553 820 718 848 multitudine
725 820 866 855 gloriatur,
879 821 936 847 lucc

141 868 287 895 multorum
322 868 467 896 liberorum
498 874 616 902 parens,
639 865 786 901 eademque
818 865 934 893 ﬁliorum

141 922 244 942 amans.
257 914 312 942 Sed
325 914 388 949 quid
404 913 511 950 prodest
532 920 607 939 amor
623 912 735 939 ﬁliorum
745 932 752 944 ,
767 911 934 946 quandoqui-

142 960 202 987 dem
218 961 244 987 in
259 960 336 988 festis
349 961 435 988 solum
447 981 455 992 ,
472 967 523 987 non
539 963 680 994 perpetuo,
694 958 806 985 dilectos
821 957 933 984 ﬁliorum

142 1005 230 1032 vultus
241 1005 370 1038 intuetur,
383 1013 435 1032 non
446 1012 523 1032 secus
533 1012 564 1031 ac
577 1004 599 1031 si
612 1003 672 1038 quis
683 1002 819 1038 pulchram
831 1007 932 1030 vestem

143 1052 238 1079 habeat
251 1073 258 1085 ,
274 1059 325 1080 nec
336 1052 361 1079 ei
375 1059 480 1087 semper
495 1051 537 1078 ilia
553 1050 589 1078 uti
602 1050 786 1084 permittatur?
800 1049 848 1076 Est
862 1049 933 1087 enim

142 1097 272 1124 Ecclesiae
291 1098 375 1125 vestis
398 1085 560 1124 adstantium
585 1095 745 1127 multitudo,
759 1095 828 1122 sicut
850 1085 877 1122 et
898 1094 935 1122 ait

142 1143 271 1178 propheta
284 1143 324 1171 sic
336 1143 399 1170 olim
413 1142 559 1170 Ecclesiarn
574 1142 726 1176 alloquutus
740 1161 748 1174 ,
765 1140 858 1168 Omnes
871 1141 934 1168 istos

141 1189 309 1216 circumdabis
333 1189 377 1215 tibi
398 1193 426 1215 ut
446 1192 621 1215 ornamentum
642 1187 746 1222 sponsi,
763 1190 826 1213 etut
843 1186 934 1213 stolam

141 1235 260 1270 sponrtt(
274 1234 337 1262 Isai.
352 1234 397 1262 49.
413 1234 445 1262 18
456 1233 477 1269 ).
490 1233 523 1262 Ut
537 1233 617 1268 igitur
638 1233 749 1260 honesta
767 1231 889 1267 qumdam
908 1236 936 1259 et

141 1281 254 1316 ingenua
269 1281 379 1314 mulier,
392 1280 434 1307 cui
454 1280 541 1307 tunica
558 1279 593 1307 sit
605 1283 677 1307 recte
691 1277 837 1313 composita
855 1282 883 1305 et
901 1277 935 1305 ad

142 1327 208 1354 talos
223 1333 306 1362 usque
314 1326 439 1358 demissa,
452 1326 534 1352 multo
544 1328 653 1359 apparet
665 1324 811 1359 elegantior
821 1331 852 1351 ac
864 1330 935 1357 pra:-

141 1373 255 1400 slantior
282 1381 290 1399 :
315 1372 354 1400 sic
383 1372 464 1400 etiam
497 1372 616 1399 Ecclesia
650 1371 733 1398 multo
767 1369 936 1405 splendidior

142 1417 222 1448 hodie
243 1417 381 1451 redditur,
402 1417 465 1445 dum
492 1425 633 1452 corporum
657 1420 806 1444 vestrorum
833 1415 936 1450 obtegi-

143 1469 185 1491 tur
217 1463 449 1495 multitudine.-ac
471 1468 546 1491 recte
571 1463 718 1498 composita
741 1466 814 1490 veste
838 1462 934 1489 amici-

143 1516 194 1537 tur.
206 1510 285 1538 Nulla
300 1510 370 1537 enim
387 1517 447 1544 pars
461 1509 518 1543 ejus
542 1508 621 1538 hodie
640 1508 709 1536 nuda
722 1508 791 1535 sicut
810 1507 935 1543 superio-

144 1557 219 1587 ribus
229 1555 327 1587 diebus
338 1556 411 1583 cerni
424 1559 511 1590 potest
521 1564 530 1582 :
540 1555 588 1584 sed
598 1555 670 1582 illius
684 1554 834 1582 nodationis
844 1558 936 1582 aucto-

140 1614 184 1635 res
197 1607 302 1635 fluunt
316 1607 332 1634 ii
342 1627 351 1641 ,
365 1607 410 1642 qui
424 1605 506 1633 hodie
526 1608 631 1633 tantum
650 1602 806 1633 adfuerunt.
819 1602 865 1636 qui
880 1607 935 1629 non

140 1659 270 1689 perpetuo
282 1659 394 1681 matrem
408 1653 545 1688 obtegunt.
556 1651 687 1678 Cmterum
698 1657 751 1678 non
764 1649 936 1677 mediocriter

142 1699 320 1734 periculosum
334 1706 392 1726 esse
406 1698 502 1726 nudam
516 1701 629 1724 matrem
644 1696 777 1731 negligere
798 1694 882 1730 probe
894 1695 936 1721 in-

142 1746 293 1781 telligemus
304 1765 313 1778 ,
327 1745 348 1772 si
363 1744 460 1772 veteris
481 1742 600 1770 historia:
619 1741 807 1773 recordemur;
823 1740 845 1768 si
867 1739 936 1767 illius

141 1791 185 1827 qui
209 1796 348 1826 parentem
368 1790 466 1817 nudum
486 1788 568 1820 vidit,
584 1786 772 1819 recordemur,
787 1791 814 1813 et
826 1785 936 1812 visionis

142 1839 213 1867 illius
226 1845 320 1874 pinnas
333 1836 405 1864 dedit
418 1835 532 1871 (σθω).
547 1834 591 1861 2|.
604 1832 670 1868 sqq.)
686 1841 693 1859 :
710 1831 813 1859 tametsi
827 1839 879 1869 non
893 1830 937 1858 ille

142 1884 248 1919 quidem
265 1887 367 1918 patrem
383 1881 482 1909 nudum
503 1879 635 1911 reddidit,
650 1878 696 1906 sed
709 1877 774 1904 vidit
786 1877 873 1904 solum
889 1884 937 1912 pa-

143 1936 227 1962 trem,
238 1936 299 1956 cum
315 1927 400 1955 nudus
412 1931 502 1959 esset,
514 1930 541 1953 et
556 1933 589 1952 ne
604 1924 643 1951 sic
657 1923 763 1959 quidem
777 1921 936 1957 supplicium

142 1975 245 2010 cffugit,
259 1974 320 2009 quia
331 1974 395 2001 vidit
404 1973 501 2005 solum;
510 1976 538 1999 at
550 1971 595 2006 qui
607 1970 704 1997 adsunt
718 1968 808 2002 hodie,
817 1973 844 1996 et
857 1972 936 1999 antea

144 2028 196 2048 non
211 2020 365 2051 adfuerunt,
382 2026 434 2046 non
450 2018 547 2045 nudam
563 2020 675 2044 matrem
689 2018 812 2047 cernunt,
827 2013 874 2041 sed
888 2021 936 2040 uu-

142 2068 203 2094 dam
215 2067 300 2102 ipsum
315 2066 440 2093 eiliciunt.
453 2063 529 2098 Quod
544 2063 566 2090 si
579 2063 601 2090 is
613 2062 659 2097 qui
674 2061 824 2088 nudatiouis
834 2064 939 2094 speeta-

144 2118 186 2140 tor
199 2112 259 2145 l'uit,
275 2111 431 2147 supplicium
447 2117 500 2137 non
513 2107 637 2140 evitavit;
651 2107 696 2142 qui
711 2105 862 2134 nodationis
875 2109 939 2133 sunt

144 2161 286 2188 auctores,
302 2163 380 2192 quam
401 2154 508 2182 tandem
532 2153 637 2180 veniam
659 2151 853 2180 merebuntur?
875 2151 938 2178 Haec

144 2210 208 2230 vero
219 2202 282 2230 dico
297 2209 349 2229 non
363 2207 390 2228 ut
402 2208 449 2228 eos
463 2199 603 2235 percellam
614 2219 621 2231 ,
636 2197 683 2226 sed
697 2200 725 2225 ut
743 2204 849 2232 pinnam
870 2195 938 2223 effu-

145 2249 249 2284 giamus
260 2268 267 2280 ,
282 2251 312 2275 ut
323 2246 536 2274 maledictionem
549 2244 631 2272 Cham
652 2243 816 2278 eli'ugiamus,
833 2245 861 2271 ut
874 2242 937 2269 Sem

146 2298 172 2321 et
185 2293 301 2328 Japheth
319 2291 530 2319 benevolentiam
550 2290 684 2318 imitemur
695 2309 702 2321 ,
718 2295 750 2315 ac
762 2292 873 2320 matrem
889 2293 938 2315 nos

146 2346 252 2374 quoque
274 2342 392 2365 nostram
414 2343 520 2371 semper
539 2335 704 2370 obtegamus.
723 2333 825 2366 .ludaici
844 2339 940 2365 sensus

147 2391 186 2413 est
203 2390 243 2412 Icr
259 2385 284 2411 in
298 2391 368 2410 anno
381 2386 480 2410 tantum
494 2389 622 2415 apparere
635 2380 690 2409 Dco
702 2389 709 2407 :
721 2379 754 2406 ad
769 2379 827 2406 illos
839 2379 939 2410 dictum

147 2435 187 2458 est
202 2439 209 2457 :
222 2429 270 2457 Ter
281 2430 307 2456 in
317 2436 385 2455 anno
398 2427 531 2462 apparebis
544 2426 651 2453 Domino
665 2425 719 2452 Deo
733 2430 775 2455 tuo
784 2423 884 2460 (Exod.
893 2423 938 2457 25.

148 2478 191 2511 Π)
204 2483 271 2504 :nos
281 2480 369 2502 autem
378 2481 483 2508 semper
490 2473 539 2500 sibi
549 2472 605 2499 vult
619 2472 688 2499 Deus
697 2478 835 2506 apparere.
849 2469 941 2497 Enim-

149 2530 212 2550 vero
226 2522 346 2549 locorum
359 2520 439 2548 etiam
454 2518 590 2549 intervalla
604 2517 774 2548 efﬁciebant,
792 2520 822 2543 ut.
841 2521 880 2543 tot
896 2523 942 2542 so—

149 2568 286 2596 lummodo
303 2571 450 2594 conventus
471 2565 507 2592 illi
520 2569 648 2600 agerent,
659 2564 729 2599 quod
745 2570 798 2597 uno
812 2568 866 2590 tum
882 2562 940 2593 loco

150 2615 193 2641 Dei
207 2613 297 2642 cultus
309 2612 451 2640 conclusus
460 2615 532 2641 esset
545 2620 551 2637 :
567 2614 708 2645 propterea
723 2616 783 2636 raro
798 2607 940 2642 admodum

149 2659 304 2695 congregari
328 2663 451 2694 poterant
475 2662 503 2685 et
528 2657 622 2687 adesse
645 2664 652 2682 :
679 2663 739 2689 nam
767 2653 942 2689 Jerosoiymis

150 2705 262 2732 adorare
276 2711 387 2731 necesse
395 2702 447 2734 fuit
457 2723 465 2736 ,
476 2702 538 2730 alibi
552 2709 720 2736 nequaquam
735 2709 742 2727 :
758 2700 856 2727 idcirco
872 2707 941 2734 pra:-

148 2752 218 2787 ecpit
238 2756 267 2778 ut
290 2756 331 2778 ter
353 2750 379 2777 in
399 2757 469 2778 anno
490 2749 544 2776 Deo
563 2752 741 2783 apparerent,
756 2751 785 2774 et
800 2745 943 2773 excusabat

150 2806 196 2824 eos
208 2797 312 2825 itineris
325 2795 503 2827 intervallum;
518 2803 567 2823 nos
578 2802 640 2822 vero
651 2794 752 2821 nullum
763 2791 943 2821 excusationis

149 2851 232 2878 genus
241 2847 320 2877 teget.
334 2843 420 2875 Atque
430 2841 467 2868 illi
475 2841 581 2876 quidem
594 2840 691 2874 ubique
699 2839 817 2866 locorum
827 2837 944 2871 dispersi

180 2888 215 2917 (ιι)
232 2887 320 2912 (Dilata
331 2885 463 2912 mmmdd.
472 2889 546 2917 θεας.
558 2885 629 2914 2027,
642 2884 712 2917 ξιει.
724 2888 748 2917 et
757 2882 862 2909 oolhert.
874 2882 946 2912 l7“,

149 2915 220 2950 N13,
232 2918 274 2951 qui
286 2923 361 2950 pauca
374 2917 489 2942 exhibent
503 2915 634 2942 lectionum
642 2915 786 2940 discnmina.

990 733 1066 758 erant
1077 736 1085 755 :
1097 727 1180 757 Erant
1193 729 1275 763 enim,
1288 728 1381 764 inquit,
1393 728 1419 755 in
1433 728 1575 756 Jerusalem
1583 728 1721 757 habitantes
1732 729 1780 757 Ju-

987 775 1046 807 dwi.
1060 775 1107 802 uiri
1116 775 1226 810 religiosi
1239 783 1269 802 ea:
1280 775 1348 802 omni
1360 775 1460 804 natione
1471 783 1528 810 qua:
1536 775 1581 802 sub
1591 775 1653 802 uelo
1663 780 1699 803 est
1710 776 1778 811 (Act.

986 821 1014 847 2.
1029 821 1074 855 5);
1088 829 1137 848 nos
1159 828 1222 848 vero
1245 821 1379 853 civitatem
1405 828 1483 848 unam
1507 820 1656 848 habitamus
1668 829 1779 852 omnes.

987 866 1055 893 intra
1071 866 1163 894 eadem
1180 867 1277 894 mantia
1296 867 1464 894 considcmus
1475 888 1484 900 ,
1501 875 1532 894 ac
1547 875 1734 903 saepenumero
1745 877 1780 896 no

988 920 1041 939 uno
1060 912 1168 946 quidem
1189 913 1328 948 angiportu
1350 913 1384 940 ab
1399 914 1512 941 ecclesia
1535 913 1739 949 distinguimur,
1753 905 1781 943 et

987 958 1096 993 perinde
1111 966 1142 985 ac
1156 959 1179 986 si
1195 958 1272 993 longa
1289 959 1370 986 maria
1382 967 1432 986 nos
1444 959 1619 994 dirimerent,
1633 960 1700 988 adeo
1719 968 1781 988 raro

986 1008 1132 1031 conventus
1143 1004 1208 1031 istos
1218 1004 1395 1032 celebramus.

1023 1049 1129 1084 Semper
1134 1050 1198 1084 [esto
1203 1058 1336 1085 possumus
1345 1050 1604 1086 celebrarc.—Atque
1610 1051 1662 1079 illis
1673 1052 1779 1087 quidem

986 1096 1070 1123 tribus
1078 1096 1163 1123 Solum
1173 1096 1346 1131 temporibus,
1357 1100 1385 1123 ut
1396 1096 1489 1124 festum
1498 1102 1617 1132 agerent,
1630 1098 1780 1133 imperavit,

987 1142 1156 1170 nobisautem
1166 1147 1306 1178 utsempcr
1314 1143 1338 1170 id
1347 1144 1653 1178 przestemustperavit
1661 1154 1668 1172 :
1675 1153 1780 1181 semper

986 1188 1057 1215 enim
1066 1189 1143 1216 nobis
1157 1193 1199 1216 est
1209 1188 1348 1216 festivitas.
1360 1188 1394 1216 Ut
1403 1189 1479 1224 igitur
1490 1189 1642 1226 iutelligatis
1650 1191 1782 1219 festivita-

988 1239 1040 1262 tem
1052 1234 1128 1262 nobis
1140 1242 1246 1269 semper
1255 1242 1325 1268 esse,
1335 1235 1505 1263 festivitatum
1517 1235 1603 1264 dicam
1613 1237 1779 1270 occasiones.

987 1285 1014 1307 et
1021 1279 1115 1307 diebus
1124 1280 1235 1316 singulis
1244 1281 1337 1308 festum
1344 1288 1404 1308 esse
1411 1282 1587 1315 cognoscetis.
1597 1281 1687 1317 itaque
1696 1283 1780 1318 prima

989 1325 1116 1359 festivitas
1126 1326 1195 1361 apud
1211 1334 1260 1353 nos
1268 1326 1416 1361 Epiphania
1431 1326 1485 1361 (a):
1500 1334 1560 1361 qua:
1576 1334 1655 1361 porro
1665 1328 1723 1356 festi
1739 1333 1781 1356 est

987 1371 1113 1399 occasio?
1128 1371 1259 1404 Quoniam
1273 1371 1343 1399 Deus
1359 1371 1390 1398 In
1404 1372 1476 1398 terris
1489 1372 1557 1399 uisus
1570 1377 1616 1405 est,
1631 1377 1655 1399 et
1666 1381 1722 1400 cum
1735 1374 1782 1401 ho~

987 1417 1094 1445 minibus
1105 1422 1263 1445 conversatus
1273 1423 1308 1444 est
1320 1416 1444 1452 (Baruch.
1457 1417 1483 1445 5.
1495 1416 1541 1453 58)
1551 1426 1557 1444 :
1568 1417 1781 1454 quandoquidem

987 1463 1138 1498 unigenitus
1154 1463 1200 1490 Dei
1220 1463 1303 1490 Filius
1318 1463 1387 1490 Deus
1400 1462 1539 1490 nobiscum
1552 1462 1600 1490 futt
1612 1472 1619 1496 ;
1632 1467 1660 1491 at
1675 1463 1726 1492 huc
1739 1469 1782 1493 est

986 1517 1093 1544 semper
1108 1518 1115 1536 :
1132 1509 1197 1536 Ecce
1216 1509 1287 1537 enim
1300 1529 1309 1542 ,
1323 1508 1426 1544 inquit,
1440 1509 1568 1539 vobiscum
1589 1518 1646 1537 sum
1666 1511 1782 1539 omnibus

987 1555 1075 1583 diebus
1084 1563 1160 1591 usque
1168 1555 1203 1582 ait
1209 1556 1450 1587 consummationem
1458 1555 1545 1587 seculi
1555 1555 1659 1591 (Matth.
1668 1556 1714 1584 28.
1724 1556 1783 1593 20),

987 1601 1048 1629 ideo
1063 1601 1174 1637 singulis
1191 1601 1285 1629 diebus
1298 1600 1445 1636 Epiphania
1465 1608 1608 1636 possumus
1627 1595 1780 1633 celebrare.

986 1649 1054 1684 Quid
1076 1649 1126 1677 sibi
1148 1647 1203 1677 vult
1221 1646 1318 1676 testium
1331 1645 1460 1681 Pascha,
1476 1650 1505 1676 et
1516 1653 1638 1683 quanam
1653 1648 1724 1677 illius
1737 1654 1778 1677 est

987 1696 1110 1723 occasio?
1120 1695 1230 1722 Mortem
1241 1695 1347 1722 Domini
1360 1700 1414 1721 tum
1427 1695 1625 1728 annuntiamus,
1637 1700 1664 1722 ct
1675 1695 1726 1723 hoc
1738 1701 1781 1724 est

987 1741 1088 1768 Pascha
1102 1749 1109 1766 :
1122 1740 1169 1768 sed
1185 1748 1217 1767 ne
1232 1740 1282 1767 hoc
1292 1740 1399 1775 quidem
1413 1744 1532 1776 tempore
1544 1739 1655 1768 delinito
1669 1741 1782 1776 agimus.

987 1786 1053 1815 Cum
1068 1787 1139 1814 enim
1155 1787 1236 1819 vellet
1250 1794 1299 1813 nos
1312 1786 1415 1819 Paulus
1426 1793 1441 1813 a
1457 1774 1606 1821 temporum
1622 1774 1782 1815 necessitate

989 1832 1115 1865 liberare,
1129 1836 1211 1867 atque
1225 1831 1371 1860 ostendens
1385 1839 1464 1867 posse
1480 1840 1528 1859 nos
1549 1839 1656 1867 semper
1680 1833 1781 1860 Pascha

988 1879 1124 1908 celebrare
1140 1888 1146 1906 :
1165 1878 1375 1915 Quotiescumque
1390 1878 1457 1905 enim
1467 1898 1478 1915 ι
1489 1878 1584 1914 inquit,
1598 1879 1784 1906 manducabitic

989 1933 1079 1960 panem
1090 1925 1157 1952 [tunc
1166 1945 1173 1957 ,
1186 1929 1209 1951 ot
1219 1925 1323 1955 calicem
1333 1919 1434 1957 bibatis,
1450 1929 1555 1951 mortem
1565 1924 1669 1952 Domini
1682 1933 1784 1952 annuno

989 1971 1083 1999 tiabilis
1095 1971 1133 2006 (ι.
1145 1970 1203 2001 σοι’.
1217 1971 1259 2003 ιι.
1273 1969 1331 2006 26).
1346 1970 1459 2005 Quando
1472 1971 1552 2006 igitur
1562 1979 1668 2006 semper
1679 1973 1782 2000 Domini

989 2022 1101 2045 mortem
1109 2015 1526 2052 possumusannuntiare,Pascha
1532 2023 1638 2051 semper
1645 2024 1784 2051 possumus

989 2064 1124 2091 celebrare
1134 2063 1231 2092 :Yultis
1239 2070 1318 2094 nOSSe
1325 2062 1495 2090 festivitatem
1511 2063 1580 2090 hanc
1587 2062 1666 2091 etiam
1674 2063 1784 2091 hodier-

989 2116 1050 2139 nam
1064 2109 1174 2144 singulis
1188 2108 1283 2142 diebus
1299 2107 1404 2142 impleri
1421 2115 1516 2143 posse,
1528 2108 1582 2135 imo
1597 2116 1661 2136 vero
1675 2108 1786 2144 singulis

989 2154 1083 2185 diebus
1097 2154 1176 2182 esse?
1190 2153 1343 2186 Videamus,
1355 2160 1475 2188 quamam
1488 2153 1561 2180 illius
1574 2153 1609 2180 sit
1621 2154 1727 2182 occasio
1739 2174 1748 2188 ,
1759 2160 1787 2182 et

989 2201 1065 2234 cujus
1079 2201 1117 2227 rei
1127 2200 1210 2234 gratia
1222 2199 1305 2234 ipsam
1320 2206 1440 2234 agamus.
1452 2199 1519 2233 Quia
1534 2199 1658 2226 nimirum
1671 2198 1788 2234 Spiritus

991 2253 1099 2275 sanctus
1112 2247 1145 2275 ad
1159 2254 1207 2274 nos
1219 2248 1294 2273 vertit
1307 2255 1314 2273 :
1329 2253 1389 2272 nam
1405 2245 1630 2281 quemadmodum
1640 2252 1701 2273 cum
1716 2246 1785 2273 ﬁde-

991 2294 1059 2322 libus
1071 2298 1112 2321 est
1127 2293 1279 2320 hominibus
1293 2292 1445 2327 unigenitus
1457 2291 1504 2318 Dei
1520 2291 1614 2324 Filius,
1631 2291 1664 2318 ita
1678 2298 1787 2326 quoque

991 2339 1105 2374 Spiritus
1119 2338 1175 2366 Dei.
1189 2337 1265 2366 Unde
1279 2337 1330 2364 hoc
1343 2337 1467 2364 constat?
1481 2336 1531 2369 Qui
1546 2336 1627 2372 diligit
1641 2344 1681 2363 me
1690 2357 1697 2368 ,
1711 2344 1785 2363 man-

991 2386 1052 2414 data
1066 2393 1120 2412 mea
1134 2384 1240 2411 servabit
1253 2392 1261 2410 :
1274 2388 1297 2411 et
1307 2391 1352 2419 ego
1365 2383 1458 2419 rogabo
1473 2382 1589 2416 Patrem,
1601 2382 1626 2409 tt
1645 2382 1726 2409 alium
1739 2391 1788 2418 pa.

992 2433 1116 2460 factotum
1129 2432 1198 2458 dabit
1211 2430 1279 2458 vobis
1289 2451 1296 2462 ,
1313 2435 1340 2456 ut
1355 2433 1456 2457 maneat
1469 2429 1596 2456 vobiscum
1609 2428 1635 2455 in
1648 2433 1770 2456 cateruam
1780 2449 1788 2460 ,

992 2480 1120 2515 Spiritum
1138 2478 1249 2506 veritatis
1261 2477 1348 2514 (Joan.
1368 2477 1412 2505 14.
1437 2476 1470 2504 i5
1482 2476 1572 2512 ~17).
1595 2475 1630 2504 Ut
1651 2475 1730 2511 igitur
1749 2475 1784 2503 de

993 2526 1083 2561 seipso
1096 2525 1164 2552 dixit
1176 2523 1297 2551 Christus
1308 2543 1315 2556 ,
1331 2522 1396 2550 Ecce
1407 2530 1453 2557 ego
1463 2521 1589 2549 vobiscum
1602 2529 1661 2549 sum
1672 2521 1788 2549 omnibus

993 2572 1080 2600 diebus
1102 2579 1180 2605 usque
1201 2570 1235 2597 ad
1248 2569 1490 2597 consummationem
1513 2567 1616 2600 Iaculi,
1629 2575 1661 2595 ac
1680 2574 1788 2602 semper

994 2618 1142 2654 Epiphania
1159 2623 1300 2652 possumus
1311 2615 1447 2643 celebrare
1459 2621 1466 2641 :
1480 2614 1513 2640 ita
1526 2620 1633 2648 quoque
1644 2612 1677 2641 de
1689 2612 1788 2647 Spiritu

993 2670 1086 2693 sancto
1095 2665 1180 2697 dixit,
1194 2663 1336 2691 Vobiscum
1356 2666 1398 2689 est
1418 2662 1445 2688 iu
1471 2665 1599 2688 aitet-num
1610 2681 1618 2693 ,
1630 2667 1789 2694 semperque

994 2719 1136 2749 possumus
1149 2711 1326 2739 Pentecosten
1337 2708 1482 2737 celebrare.

1029 2758 1056 2787 2.
1078 2759 1164 2792 Atque
1182 2762 1212 2784 ut
1231 2755 1384 2790 intelligatis
1407 2754 1484 2781 nobis
1502 2759 1607 2786 semper
1623 2751 1718 2778 festum
1731 2752 1785 2782 agi-

995 2810 1052 2833 tare
1066 2804 1158 2834 licere,
1175 2809 1261 2837 neque
1274 2799 1480 2828 determinatam
1496 2806 1557 2826 esse
1571 2802 1686 2832 tempus,
1700 2803 1786 2831 neque

995 2858 1044 2878 nos
1058 2849 1185 2885 temporis
1197 2846 1356 2876 necessitate
1371 2845 1510 2876 coarctari,
1525 2843 1587 2880 quid
1608 2843 1708 2871 Paulus.
1719 2840 1791 2869 dim

1027 2907 1063 2941 (ιι)
1082 2907 1139 2934 vide
1151 2913 1206 2939 qua:
1216 2906 1260 2931 hac
1271 2905 1302 2930 de
1313 2911 1342 2931 re
1354 2903 1461 2929 diximus
1472 2904 1498 2927 in
1509 2902 1603 2926 monito.
