1976 3130
190 185 242 214 ﬂ‘i

191 247 281 273 audite
296 254 302 272 :
318 244 408 279 itaque
433 244 524 278 festum
537 242 659 277 agitemus
673 240 711 277 (l.
726 239 785 268 Cor.
799 240 826 268 5.
848 239 894 274 8):
911 242 976 266 tam-

193 292 242 319 etsi
254 299 307 318 non
321 293 380 318 erat
401 289 496 316 festum
511 287 616 323 quando
636 286 694 314 hmo
717 286 841 320 scripsit:
858 292 910 312 non
925 289 982 312 erat

193 336 306 370 Pascha,
329 343 382 363 non
403 338 462 363 erat
476 332 635 369 Epiphania,
658 340 711 360 non
726 336 784 358 erat
806 331 980 361 Pentecoste;

193 383 240 411 sed
265 382 365 411 indicat
385 389 439 409 non
454 385 568 415 tempus,
581 379 628 407 sed
642 378 831 406 conscientiam
854 376 980 404 mundam

192 429 289 456 festum
303 427 430 455 efﬁcere:
445 426 511 454 nihil
535 425 606 452 enim
630 424 701 452 aliud
726 428 767 451 est
791 423 886 450 festum
902 429 981 456 quam

193 473 284 501 laetitia
299 481 307 500 :
323 471 488 507 spiritualem
501 478 565 499 vero
578 469 695 498 laetitiam
716 469 780 496 nihil
795 468 866 496 aliud
887 467 980 503 gignit.

192 527 272 553 quam
296 517 458 546 conscientia
483 516 613 544 bonorum
635 522 765 550 operum:
783 521 862 549 porro
881 513 915 546 is,
939 513 981 540 cui

189 565 260 592 bona
280 564 315 592 sit
337 562 513 594 conscientia,
537 566 565 590 et
583 561 645 589 talia
668 567 759 596 opera,
784 560 879 587 festum
902 566 982 594 agere

191 618 298 646 semper
311 614 408 644 potest.
423 609 479 636 Hoc
495 608 574 643 igitur
590 608 676 642 ipsum
694 606 814 633 indicans
829 605 925 632 Paulus
939 604 979 631 di-

193 656 288 683 cebat:
304 654 393 689 Itaque
410 656 500 689 festum
517 653 648 688 agitemus,
660 659 710 678 non
725 651 750 677 in
762 653 882 686 fermento
896 650 980 681 reteri,

193 710 272 734 neque
289 702 315 728 in
333 703 454 736 fermento
476 699 581 725 malitia:
595 703 618 724 et
633 697 758 730 nequitiis,
774 697 816 723 sed
837 697 862 722 in
886 696 983 731 azymis

193 748 343 774 sinceritatis
356 752 379 773 et
393 747 502 773 veritatis
517 744 621 780 (Ibid).
635 744 714 771 Vides
729 748 756 770 ut
771 748 918 778 temportun
934 750 981 769 ne-

194 794 319 821 cessitate
339 799 505 827 nequaquam
521 795 547 818 te
567 790 765 820 constrinxerit,
781 789 828 816 sed
843 788 875 815 ad
890 795 983 822 puram

194 839 342 866 habendam
368 836 558 865 conscientiam
582 835 662 863 fuerit
684 835 857 862 cohortatus?
882 833 983 860 Vellem

194 889 278 912 totum
292 884 318 911 in
332 883 384 910 hoc
397 889 549 910 sermonem
565 887 743 909 consumere:
758 879 804 915 qui
817 879 889 907 enim
901 886 983 914 quos-

193 931 255 956 dam
281 933 341 964 post
364 929 470 964 longum
495 927 623 962 temporis
647 926 814 954 intervallum
839 926 865 952 in
890 932 984 952 manus

193 975 363 1010 sumpserint,
382 981 429 1001 eos
448 972 525 1000 facile
539 980 592 1000 non
607 972 743 999 dimittunt
757 980 765 998 ε
785 970 891 1005 quando
906 970 985 1004 igitur

193 1030 251 1052 vos,
262 1021 307 1056 qui
321 1027 380 1055 post
396 1027 496 1047 annum
515 1018 625 1049 adestis,
641 1017 709 1044 intra
729 1017 795 1044 retia
809 1020 899 1044 nostra
913 1015 985 1050 cepi-

193 1074 263 1100 mus,
277 1066 356 1093 hodie
376 1065 510 1092 dimittere
523 1064 633 1091 minime
646 1063 785 1095 volumus;
811 1061 858 1089 sed
882 1069 917 1088 ne
929 1069 985 1088 ser-

193 1112 281 1139 monis
293 1110 327 1138 de
338 1109 389 1137 hoc
401 1109 469 1137 festo
482 1108 615 1137 recedatis
629 1112 764 1143 expertes,
777 1107 811 1134 ab
824 1107 874 1134 hac
886 1106 984 1133 cohor-

193 1157 292 1184 tatione
306 1155 340 1183 ad
361 1155 511 1183 festivitatis
523 1153 691 1182 occasionem
714 1152 800 1180 oratio
823 1151 984 1179 traducenda

192 1207 243 1230 est.
258 1202 338 1230 Multa
356 1201 464 1236 quidem
487 1207 672 1235 saepenumero
684 1199 718 1226 de
742 1198 812 1226 caelo
836 1199 862 1224 in
886 1203 984 1224 terram

192 1249 283 1285 geneti
304 1249 420 1275 humano
438 1247 546 1281 delapsa
565 1250 626 1273 sunt
640 1246 709 1273 bona
725 1253 731 1271 ε
751 1244 837 1279 qualia
860 1251 924 1270 vero
938 1243 985 1270 de-

193 1295 273 1322 missa
287 1300 348 1322 sunt
358 1293 487 1321 hodierno
501 1293 554 1324 die,
567 1299 709 1326 numquam
725 1296 814 1318 antea.
828 1290 985 1325 Cognoscite

193 1342 273 1376 igitur
286 1341 371 1376 qualia
387 1341 469 1375 prius,
483 1344 510 1366 ct
524 1339 610 1373 qualia
624 1338 753 1365 hodierno
765 1338 818 1370 die,
832 1343 859 1364 ut
873 1342 900 1364 et
913 1343 985 1364 ntro-

193 1395 306 1424 rumque
329 1387 472 1414 discrimen
499 1385 727 1413 animadvertatis.
751 1383 823 1411 Pluit
844 1384 869 1410 in
891 1389 985 1410 terram

191 1443 287 1462 manna
310 1433 377 1460 Deus
390 1438 412 1460 et
426 1440 516 1468 partem
528 1432 583 1459 οωιί
604 1431 672 1457 dedit
694 1431 729 1458 eis
751 1430 837 1465 (Pani.
853 1431 897 1457 77.
918 1429 983 1464 25):

193 1487 288 1515 panem
296 1480 369 1506 enim
379 1478 534 1513 angelorum
546 1476 714 1504 manducavit
724 1476 804 1503 homo
814 1484 822 1508 ;
840 1483 882 1503 res
893 1475 984 1510 procul

191 1525 274 1552 dubio
288 1531 381 1560 magna
404 1527 446 1550 est
467 1523 566 1557 Deique
587 1522 665 1557 digna
692 1521 874 1556 benignitate:
892 1526 984 1555 postea

192 1571 227 1598 de
238 1570 304 1596 (uelo
316 1569 448 1597 demissus
460 1573 502 1596 est
513 1568 592 1603 ignis.
606 1572 633 1594 et
645 1566 782 1594 Judaicum
803 1567 929 1601 populum
941 1574 985 1594 er-

194 1621 296 1643 rantem
318 1617 445 1647 correxit,
462 1622 493 1641 ac
520 1613 679 1640 sacriﬁcium
706 1612 821 1646 abripuit
848 1612 882 1639 ab
908 1611 995 1638 altari.

193 1661 432 1687 0.nnibnsrursus
447 1660 515 1686 fame
531 1658 857 1686 taliescentibusdemissa
867 1662 910 1684 est
920 1658 979 1692 plu~

195 1707 248 1738 via,
257 1708 424 1740 multamque
433 1706 540 1741 frugum
552 1705 642 1732 attulit
653 1705 800 1732 ubertatem
811 1703 848 1734 (5.
860 1702 977 1738 1309.18;

193 1753 250 1786 38).
263 1753 356 1787 Magna
369 1757 430 1780 sunt
444 1753 500 1779 haec
515 1756 542 1779 et
559 1751 742 1782 admirabilia,
759 1751 807 1779 sed
816 1753 900 1779 multo
918 1759 978 1778 ma-

190 1798 250 1832 jora
265 1801 327 1824 sunt
340 1797 498 1830 pra‘scntia:
513 1804 566 1823 non
581 1804 689 1828 manna,
701 1796 779 1830 ignis,
794 1800 820 1823 et
833 1796 921 1831 pluvia
934 1795 982 1823 de-

194 1843 273 1868 missa
297 1847 338 1868 est
362 1842 450 1874 hodie,
465 1841 511 1869 sed
536 1841 620 1868 imber
636 1841 812 1876 spiritualium
833 1841 983 1869 donorum:

194 1888 276 1914 nimbi
289 1887 403 1921 desuper
422 1892 483 1914 sunt
493 1887 600 1921 dt-jeeti,
611 1887 706 1921 quibus
720 1895 771 1914 non
783 1887 836 1922 jam
850 1887 882 1914 ad
896 1887 984 1922 [roges

193 1932 364 1966 proferenda»
382 1933 458 1960 tellus
473 1933 613 1965 excitatur,
629 1933 675 1960 sed
695 1937 795 1960 natura:
811 1933 985 1967 persuadetur

192 1978 323 2008 humanae.
337 1985 365 2005 ut
377 1979 488 2006 'virtnlis
503 1979 618 2007 fructum
632 1980 768 2007 hominum
783 1981 906 2015 agricola:
921 1981 983 2008 red—

192 2025 247 2051 dat.
257 2024 359 2060 Quique
373 2030 472 2059 guttam
488 2024 549 2052 inde
559 2031 729 2060 exceperant,
744 2030 845 2053 natura:
855 2034 909 2053 sua:
920 2035 983 2053 con-

192 2070 280 2097 festim
296 2070 529 2103 obliviscebantnr,
544 2076 571 2098 et
583 2070 684 2106 angelis
698 2071 785 2098 omnis
805 2077 876 2098 terra
896 2072 984 2099 subito

190 2117 354 2150 replebatur,
370 2116 470 2151 angelis
495 2124 549 2144 non
563 2117 722 2149 caelestibus,
740 2117 785 2144 sed
808 2118 853 2152 qui
869 2119 984 2145 humano

191 2164 219 2189 in
231 2169 344 2196 corpore
364 2167 521 2197 potestatum
536 2163 750 2197 incorporearum
765 2163 888 2190 virtutem
906 2164 982 2190 exhi-

193 2209 298 2236 berent.
320 2207 378 2236 Non
400 2209 470 2235 enim
498 2209 534 2236 illi
556 2209 680 2236 deorsum
707 2209 913 2241 descenderunt,
936 2211 982 2237 sed

191 2254 262 2289 quod
275 2255 421 2282 mirabilius
442 2254 500 2287 fuit,
514 2255 558 2290 qui
580 2254 704 2282 deorsum
724 2261 809 2287 erant,
830 2255 862 2282 ad
878 2255 981 2282 illorum

190 2301 315 2328 virtutem
328 2301 504 2328 ascenderunt
514 2309 521 2328 :
533 2309 585 2328 non
600 2302 670 2328 enitn
683 2309 763 2329 carne
773 2301 892 2336 deposita
906 2302 982 2329 nudis

190 2347 329 2374 animabus
350 2347 574 2379 inredebant,sed
598 2352 719 2374 naturam
735 2348 880 2375 retinentes
901 2348 981 2374 animi

189 2395 327 2427 proposito
340 2385 425 2427 angeli
442 2392 548 2420 ﬁebant.
565 2393 652 2428 Atque
666 2398 695 2420 ut
710 2393 852 2427 intelligas,
864 2400 897 2420 ne
911 2393 981 2428 prio-

189 2445 248 2465 rem
272 2437 377 2472 quidem
401 2438 471 2464 illam
495 2445 601 2473 pceuam
624 2437 705 2466 fuisse
729 2446 849 2473 ptenam,
874 2438 981 2473 quando

188 2484 268 2516 dixit,
283 2483 363 2510 Terra
382 2491 418 2514 cs.
434 2488 458 2509 et
477 2484 503 2510 in
517 2488 608 2510 terram
629 2484 757 2511 reverteris
783 2484 858 2519 (Gen.
874 2485 900 2511 5.
924 2484 979 2518 l9),

188 2533 330 2566 propterea
354 2536 462 2557 manere
486 2534 511 2556 te
533 2529 653 2565 permisit
672 2530 698 2558 in
721 2535 802 2561 terra,
826 2535 854 2557 ut
868 2530 982 2565 amplius

188 2577 307 2612 potentia
321 2576 435 2611 Spiritus
452 2576 649 2610 ostenderetur,
670 2584 729 2611 qua
750 2577 812 2604 talia
830 2584 878 2611 per
893 2581 979 2605 terre-

186 2632 250 2651 num
264 2629 364 2658 corpus
381 2622 531 2658 perliceret.
547 2622 612 2650 Nam
632 2622 724 2651 videre
738 2627 795 2650 erat
814 2623 911 2652 luteam
927 2623 980 2651 lin-

186 2677 265 2703 guam
286 2667 453 2696 daemonibus
474 2668 671 2704 imperantem:
694 2667 785 2696 videre
805 2673 862 2696 erat
882 2669 979 2696 luteam

186 2723 295 2742 utanum
317 2714 426 2742 morbos
448 2719 609 2742 canentem:
631 2713 685 2742 imo
708 2722 772 2742 vero
792 2723 846 2742 non
871 2723 978 2742 manum

185 2764 288 2788 tantum
303 2759 402 2788 luteam
422 2760 516 2788 videre
531 2765 607 2793 erat;
622 2760 669 2788 sed
688 2760 758 2795 quod
772 2761 856 2789 multo
870 2760 979 2788 mirabi-

186 2807 237 2835 lms
258 2811 326 2840 erat,
340 2806 472 2834 linteorum
493 2813 637 2842 corporum
650 2806 758 2834 umbras
779 2811 806 2834 ct
825 2811 937 2834 mortem
952 2812 979 2834 et

187 2852 358 2886 incorporeas
368 2855 524 2887 potestates,
534 2851 670 2880 damon“
682 2851 800 2886 inquam,
812 2857 977 2888 superantes.

191 2895 258 2925 liam
273 2897 496 2933 quemadmodum
515 2902 659 2934 apparente
672 2897 730 2928 solo
750 2898 866 2926 tenebrae
889 2899 979 2927 discu-

663 2956 718 2969 1..

556 181 587 211 S.
607 180 747 210 IOANNIS
763 178 1000 209 CllRYSOSTUMl
1019 177 1179 206 ARCHIEP.
1199 177 1468 206 CONSTANTINOP.
1777 180 1830 208 ‘56

1037 237 1149 269 tiuntur,
1175 236 1238 264 fera:
1258 236 1365 264 latibula
1388 245 1437 264 sua
1459 236 1651 271 ingrediuntur,
1674 236 1830 270 homicidzr,

1035 284 1161 315 latrones,
1177 287 1204 311 et
1223 284 1383 310 tumulorum
1406 284 1546 318 praedones
1562 283 1596 311 ad
1611 283 1727 312 vertices
1749 292 1831 312 mon.

1035 330 1100 356 tium
1126 335 1289 357 recurrunt:
1310 330 1348 357 sic
1369 334 1514 365 apparente
1536 337 1682 365 vocemque
1705 331 1831 358 mittente

1035 374 1123 406 Petro,
1139 375 1237 402 erroris
1253 374 1369 402 tenebne
1384 374 1603 408 diseutiehanlur,
1617 374 1761 402 recedebat
1773 375 1832 402 dia-

1035 419 1122 452 bolus,
1136 419 1269 454 fugiebant
1281 419 1428 452 daemones,
1439 427 1582 454 corporum
1597 419 1681 447 morbi
1694 420 1830 447 tolleban-

1036 470 1087 497 tur,
1104 466 1251 492 anitnarnm
1274 465 1445 500 egritudines
1458 465 1632 498 sanabuntur,
1651 466 1753 493 malitia
1769 473 1830 492 om-

1036 512 1077 538 nis
1090 511 1239 543 arcebatur,
1252 512 1276 538 in
1297 516 1382 538 terras
1394 511 1476 538 virtus
1487 511 1670 539 reducebatur.
1684 512 1718 539 Et
1731 520 1829 548 quem-

1034 556 1176 583 admodum
1203 557 1283 591 rrgiis
1309 564 1342 584 ex
1371 557 1489 587 mrariis.
1514 557 1540 583 in
1565 557 1662 591 quibus
1685 565 1782 584 aurum
1804 562 1831 584 et

1035 602 1135 637 lapides
1152 601 1260 636 pretiosi
1283 607 1355 634 sunt,
1372 603 1393 629 si
1416 602 1475 636 quis
1491 602 1533 629 vel
1558 603 1696 629 minimum
1711 602 1776 638 quid
1789 603 1831 629 cf-

1036 649 1106 676 ferre
1120 648 1233 683 potuerit
1249 655 1352 678 eorum.
1365 657 1424 683 quae
1439 648 1585 675 honorifice
1600 653 1662 675 sunt
1681 649 1830 681 recondita,

1037 695 1098 722 licet
1124 703 1204 722 unum
1231 694 1350 729 lapillum
1374 699 1494 727 tantum,
1518 694 1608 722 multis
1635 695 1730 729 opibus
1752 699 1832 730 auget

1036 748 1216 776 possessorem
1230 750 1237 768 :
1253 741 1291 768 sic
1311 748 1343 768 ex
1362 748 1408 767 ore
1423 740 1621 775 apostolorum;
1643 740 1742 768 etenim
1758 741 1832 775 regia

1036 786 1156 822 quaedam
1169 790 1247 813 erant
1261 786 1353 813 mraria
1370 786 1476 815 illorum
1490 793 1546 819 ora,
1560 788 1585 813 in
1599 786 1694 820 quibus
1710 786 1830 813 saltatio-

1036 840 1099 860 num
1113 832 1266 860 reconditus
1282 832 1367 859 inerat
1382 831 1521 859 thesaurus
1535 840 1543 865 ;
1565 832 1607 859 vel
1622 831 1832 867 unumquodque

1039 878 1150 906 verbum
1160 878 1253 906 exiens
1265 877 1416 913 spirituales
1429 878 1527 905 multas
1541 885 1606 913 opes
1623 878 1754 913 pariebat.
1763 877 1831 905 Tum

1036 932 1100 953 vere
1115 924 1211 952 licebat
1224 924 1320 952 intueri
1335 923 1523 951 desiderabilia
1536 931 1596 952 esse
1610 924 1714 951 Domini
1726 925 1832 959 eloquia

1036 977 1117 1005 super
1137 977 1243 1004 aurum,
1265 974 1293 997 et
1313 969 1428 1005 lapidem
1454 969 1599 1005 pretiosum
1616 970 1728 997 muitum
1745 969 1832 1005 (Psal.

1039 1015 1100 1043 118.
1118 1015 1164 1050 Η)
1178 1024 1184 1043 :
1201 1015 1272 1051 quod
1285 1015 1357 1044 enim
1371 1024 1465 1043 aurum
1477 1024 1530 1042 non
1542 1021 1657 1050 poterat,
1671 1024 1760 1051 neque
1775 1024 1834 1051 prc-

1038 1062 1122 1095 tiosus
1142 1062 1220 1097 lapis,
1235 1062 1286 1090 hoc
1307 1063 1379 1090 Petri
1398 1062 1480 1090 verba
1502 1061 1644 1090 faciebant.
1668 1062 1739 1096 Quot
1761 1063 1833 1089 enim

1036 1108 1094 1134 auri
1110 1108 1209 1134 talenta
1223 1107 1344 1134 eiaudoa
1360 1107 1496 1134 nativitate
1509 1112 1610 1134 rectum
1627 1108 1763 1134 incessum
1774 1108 1835 1134 red—

1037 1154 1101 1180 dere
1118 1153 1285 1188 potuisscnt?
1307 1153 1354 1180 sed
1375 1160 1447 1180 nunc
1470 1153 1563 1180 tollere
1583 1158 1686 1180 natura:
1698 1153 1834 1180 defectum

1038 1200 1124 1234 potuit
1144 1199 1255 1226 verbum
1270 1199 1360 1232 Petri;
1383 1198 1459 1231 dixit,
1484 1197 1518 1225 In
1541 1199 1641 1225 nonnae
1661 1198 1724 1226 Iesu
1740 1198 1835 1225 Christi

1037 1254 1113 1280 sto-ge
1126 1251 1149 1272 et
1161 1246 1263 1273 ambula
1285 1246 1353 1279 (Aet.
1373 1245 1400 1273 3.
1411 1246 1485 1281 ‘6),et
1499 1253 1590 1273 sermo
1602 1245 1686 1272 factus
1697 1250 1739 1272 est
1754 1253 1833 1280 opus.

1040 1293 1120 1320 Vides
1135 1297 1163 1319 nt
1176 1292 1361 1319 desiderabilia
1386 1293 1439 1319 sint
1453 1300 1535 1326 super
1558 1299 1652 1319 aurum
1668 1296 1696 1319 et
1715 1292 1834 1327 lapidem

1039 1339 1182 1372 pretiosum
1210 1338 1341 1365 multum?
1366 1339 1439 1365 vides
1464 1342 1493 1365 ut
1519 1338 1612 1365 a-raria
1639 1337 1740 1366 fuerint
1763 1338 1835 1373 regis

1039 1385 1145 1412 illorum
1168 1384 1237 1411 ora?
1253 1383 1325 1411 Vere
1350 1384 1446 1411 medici
1469 1383 1542 1410 orbis
1567 1388 1699 1410 terrarum
1725 1383 1836 1411 fuerunt

1040 1430 1087 1462 illi,
1104 1434 1131 1456 et
1149 1430 1283 1464 agricolm,
1298 1434 1324 1456 et
1347 1430 1539 1464 gubernatores
1562 1438 1569 1456 :
1595 1429 1694 1456 medici
1714 1429 1834 1464 quidem,

1038 1475 1165 1510 queuiam
1188 1475 1360 1509 :rgriludiues
1384 1475 1534 1502 curabant:
1551 1476 1685 1510 agricola,
1706 1476 1834 1511 quoniam

1038 1522 1148 1548 verbum
1172 1522 1308 1556 religionis
1330 1522 1520 1549 seminabant:
1542 1522 1748 1557 gubernatores,
1769 1530 1836 1557 quo-

1039 1568 1110 1594 niam
1124 1567 1224 1594 erroris
1239 1567 1382 1602 procellunt
1403 1566 1545 1594 sedabant.
1571 1567 1673 1594 Idcirco
1698 1575 1834 1594 nonnum-

1037 1621 1117 1648 quam
1142 1612 1217 1644 dicit,
1233 1611 1330 1640 Eunus
1350 1612 1466 1646 inﬁrmos
1484 1618 1572 1640 curate
1593 1612 1700 1648 (Matth.
1726 1613 1772 1640 10.
1794 1612 1834 1648 8),

1039 1664 1174 1694 tamquam
1198 1659 1318 1687 medicos
1341 1659 1480 1694 alloquens
1499 1668 1506 1686 :
1531 1666 1744 1694 nonnumquam,
1770 1659 1834 1686 Ecce

1037 1705 1107 1731 mitto
1118 1713 1161 1732 vos
1171 1710 1271 1738 metere,
1283 1705 1351 1738 quod
1361 1713 1404 1732 vos
1417 1713 1468 1732 non
1482 1705 1617 1732 laborastis
1633 1705 1724 1741 (Joan.
1736 1705 1764 1733 4.
1776 1705 1832 1739 58).

1037 1755 1170 1785 tamquam
1185 1750 1316 1785 agricolas
1335 1750 1493 1785 alloquens:
1517 1755 1545 1777 et
1563 1750 1625 1777 alibi
1649 1758 1764 1778 rursus:
1782 1749 1834 1776 Fa-

1037 1797 1103 1822 ciam
1117 1803 1160 1823 vos
1174 1797 1309 1829 piscatores
1333 1796 1464 1823 hominum
1485 1795 1592 1831 (Matth.
1615 1797 1642 1824 4.
1659 1796 1722 1831 19);
1739 1803 1766 1824 et
1782 1796 1833 1824 Pe-

1037 1846 1089 1873 tro,
1107 1841 1169 1871 Noli
1185 1843 1281 1874 timere,
1291 1850 1322 1868 e1:
1331 1842 1378 1868 hac
1383 1842 1441 1876 jam
1455 1842 1566 1868 homines
1580 1842 1628 1868 eris
1641 1843 1744 1876 capiens
1757 1841 1831 1877 (Luc.

1037 1887 1063 1913 5.
1079 1887 1135 1922 10),
1150 1891 1282 1922 tamquam
1293 1887 1326 1914 ad
1344 1888 1537 1922 gubernatores
1550 1891 1576 1914 ct
1593 1888 1740 1922 piscatores
1753 1888 1832 1915 verba

1037 1934 1157 1965 faciens;
1180 1938 1208 1960 et
1223 1933 1313 1961 videre
1328 1938 1386 1960 erat
1399 1933 1534 1960 miraculis
1559 1933 1732 1960 succedentia
1747 1933 1830 1960 mira-

1036 1979 1106 2006 cula.
1124 1979 1229 2006 Etenim
1249 1984 1341 2006 natura
1358 1983 1449 2006 nostra
1471 1983 1532 2006 ante
1545 1978 1640 2006 decent
1654 1978 1714 2006 dies
1733 1977 1768 2005 ad
1791 1986 1832 2006 re-

1036 2026 1108 2060 gium
1132 2026 1256 2053 thronum
1283 2026 1420 2059 ascendit,
1444 2030 1472 2052 et
1494 2025 1626 2052 ltodierno
1647 2024 1692 2052 die
1716 2025 1832 2060 Spiritus

1036 2077 1145 2099 sanctus
1168 2071 1200 2098 ad
1224 2076 1345 2099 naturam
1369 2076 1488 2099 nostram
1518 2071 1673 2103 descendit;
1699 2071 1830 2106 primitias

1037 2122 1143 2144 nostras
1163 2117 1292 2144 Dominus
1304 2118 1329 2144 in
1345 2117 1439 2144 cmlum
1455 2117 1552 2150 evexit,
1566 2122 1594 2144 et
1613 2116 1745 2152 Spiritum
1763 2124 1829 2144 san-

1035 2168 1106 2189 ctum
1121 2163 1238 2189 demisit.
1256 2163 1330 2190 Alter
1343 2167 1384 2190 est
1404 2163 1543 2193 Dominus,
1559 2162 1604 2197 qtti
1618 2162 1675 2189 hmc
1692 2162 1763 2189 dona
1779 2161 1832 2189 dis.

1037 2209 1147 2242 tribuit;
1174 2217 1234 2235 nam
1259 2209 1374 2244 Spiritus
1386 2215 1496 2236 sanctus
1519 2213 1561 2235 est
1576 2209 1716 2239 Dominus,
1733 2213 1760 2235 et
1774 2207 1829 2235 dis-

1036 2256 1219 2289 pensationem
1240 2260 1330 2281 nostra
1344 2262 1424 2282 causa
1445 2259 1596 2289 susceptam
1611 2254 1692 2282 Pater
1705 2259 1733 2282 et
1749 2254 1830 2281 Filius

1035 2306 1062 2328 et
1074 2300 1188 2335 Spiritus
1202 2305 1310 2327 sanctus
1324 2301 1394 2327 inter
1407 2307 1436 2327 se
1459 2300 1608 2327 diviserunt
1625 2309 1631 2326 :
1645 2300 1764 2326 nonduin
1785 2299 1830 2327 de-

1034 2354 1093 2373 cem
1109 2346 1191 2381 elapsi
1214 2347 1272 2373 dies
1295 2352 1382 2378 erant,
1399 2354 1430 2373 ex
1447 2354 1500 2380 quo
1515 2346 1638 2373 Christus
1659 2346 1828 2376 ascenderat,

1034 2397 1061 2419 et
1073 2392 1220 2427 spiritualia
1244 2393 1321 2419 nobis
1334 2392 1405 2419 dona
1420 2393 1503 2424 misit,
1519 2392 1749 2419 reconciliationis
1762 2393 1830 2419 illius

1035 2445 1155 2465 munera.
1171 2437 1237 2465 Nam
1258 2443 1286 2464 ut
1309 2437 1457 2471 ambigeret
1473 2445 1553 2465 nctno
1566 2443 1593 2464 et
1605 2443 1753 2472 qumrerct,
1770 2438 1829 2473 quid

1035 2484 1141 2511 tandem
1159 2485 1185 2511 in
1210 2485 1290 2511 ClBlOS
1314 2484 1463 2511 ascendens
1485 2484 1608 2512 Christus
1630 2485 1750 2519 egisset;
1767 2492 1828 2512 nunt

1033 2530 1106 2558 Patri
1119 2538 1170 2558 nos
1186 2530 1407 2558 reconciliasset?
1422 2538 1486 2558 num
1504 2531 1651 2565 propitium
1665 2531 1753 2566 ipsum
1768 2531 1828 2558 red-

1033 2576 1166 2604 didisset?
1180 2581 1208 2604 ut
1222 2576 1299 2604 nobis
1310 2576 1465 2604 ostenderet
1478 2583 1508 2603 se
1522 2580 1626 2603 natura:
1639 2577 1715 2603 illum
1731 2582 1828 2604 nostra

1033 2623 1166 2657 placatum
1179 2622 1339 2656 reddidisse,
1353 2622 1494 2650 confestim
1508 2622 1586 2649 nobis
1601 2622 1828 2651 reconciliationis

1033 2668 1104 2696 illius
1117 2669 1188 2696 dona
1202 2669 1284 2696 misit.
1298 2668 1364 2696 Cum
1379 2668 1450 2696 enim
1465 2668 1532 2695 uniti
1547 2672 1610 2695 sunt
1624 2673 1652 2695 et
1664 2668 1827 2696 reconciliati

1034 2716 1104 2743 inter
1115 2724 1145 2743 sc
1155 2715 1269 2748 inimici,
1278 2719 1338 2750 post
1350 2714 1595 2743 reconciliationem
1609 2715 1701 2742 statim
1714 2723 1828 2749 sequun-

1035 2767 1078 2789 tur
1098 2761 1278 2795 invitationes,
1293 2761 1413 2789 convivia
1429 2765 1457 2788 et
1479 2768 1600 2789 munera.
1623 2760 1745 2788 Misimus
1767 2768 1827 2794 ergo

1035 2815 1084 2835 nos
1097 2807 1188 2840 fidem,
1201 2811 1229 2835 et
1239 2807 1303 2835 inde
1312 2807 1428 2842 Spiritus
1438 2805 1507 2834 dona
1522 2806 1692 2841 recepimus:
1709 2807 1825 2834 misimus

1032 2854 1225 2887 obedientiam,
1239 2859 1267 2882 et
1276 2853 1405 2889 justitiam
1419 2853 1582 2885 recepimus.

1058 2901 1085 2928 5.
1095 2897 1205 2935 Spiritus
1214 2899 1296 2926 sancti
1304 2898 1371 2925 dona
1378 2906 1398 2923 m
1408 2903 1442 2924 est
1452 2898 1547 2925 donum
1558 2898 1778 2926 ηοοησίΐὶσιίοηὶσ-
1791 2910 1825 2920 -
