1976 3130
101 176 152 206 13⁸1

103 236 191 269 Atque
202 238 231 261 ut
244 230 398 268 intelligatis
409 227 634 258 reconciliationis
647 226 693 254 Dei
707 225 808 253 donum
821 231 892 269 esse,

103 268 174 314 quod
198 278 312 314 Spiritus
332 281 441 305 sanctus
464 280 506 303 est
528 273 625 306 datus,
647 280 680 300 cx
704 270 849 305 Scripturis
870 268 896 296 id

105 325 267 361 perstudch
285 324 362 351 vobis
385 321 504 351 conabor
516 329 522 347 :
535 327 566 347 ac
585 320 699 355 primum
720 325 735 345 a
756 315 898 344 contrariis

106 372 288 407 [icon-itionem
304 370 343 397 rei
355 374 453 403 petum,
466 372 493 395 ct
507 366 657 399 ostendam,
667 372 728 393 cuin
742 364 825 392 iratus
835 367 877 389 est
889 381 898 395 ,

104 427 166 447 eum
191 418 306 452 Spiritus
327 416 438 451 gratiam
462 414 644 442 inhiberentt
669 419 729 439 cum
753 408 900 437 credideris

106 465 165 498 ejus
183 465 230 491 irte
241 467 426 498 argumentum
448 468 523 494 esse,
535 459 606 495 quod
627 465 681 486 non
703 456 773 484 adsit
787 455 902 490 Spiritus

106 515 215 538 sanctus
225 530 233 541 ,
245 516 389 544 rursusque
414 507 558 535 demissum
577 504 675 533 videris
697 502 825 535 Spiritum
838 522 845 534 ,
859 500 902 528 di-

107 565 178 587 scas,
191 556 241 582 nisi
256 554 441 583 reconciliatus
455 553 547 580 fuisset
559 571 567 584 ,
578 551 706 586 Spiritum
721 553 842 576 sanctum
856 554 904 574 ne-

107 610 243 638 quaquam
254 602 327 629 illum
344 601 426 628 fuisse
441 600 595 627 missurum.
611 596 689 625 Unde
705 595 784 630 igitur
797 594 847 621 hoc
860 593 902 620 in-

109 647 274 682 telligemus?
286 646 343 674 Heli
355 653 436 674 senex
445 645 486 672 vir
498 645 561 676 l'uit,
576 643 642 671 alias
654 642 761 678 quidem
773 646 865 676 tequus
877 643 905 666 et

109 693 222 729 probus,
234 693 282 720 sed
295 693 339 727 qui
359 691 473 719 liliorntn
498 689 695 724 improbitatem
717 687 831 715 nesciret
845 693 906 712 cor-

110 739 199 773 rigere
209 758 217 771 ,
232 745 325 764 verum
340 737 412 764 ultra
428 735 536 763 modum
559 734 659 761 liberos
681 737 794 760 amaret.
810 729 906 758 Audite

109 787 244 818 quotquot
259 781 329 809 ﬁlios
348 780 470 813 ltabetis,
489 784 518 807 ut
540 779 624 806 amori
649 782 740 805 vestro
761 775 907 812 pudorique

111 827 222 855 inludunt
239 827 360 854 faciatis:
377 825 438 853 hinc
449 825 521 853 enitn
534 824 591 852 Ileli
613 831 674 851 cum
699 823 781 850 Dennt
804 821 908 849 irritas—

112 878 172 905 set,
187 873 214 900 in
239 877 339 900 tantam
360 871 434 899 illutn
460 869 625 898 iracundiam
648 868 769 903 impulit,
785 872 812 894 ut
825 871 907 894 totant

111 924 221 955 gentem
242 918 321 946 fuerit
344 922 492 945 aversatus.
506 915 596 950 Itaque
613 920 642 942 ut
666 913 796 941 indicaret
811 912 851 945 is,
864 911 909 947 qui

114 966 172 993 lucc
194 964 318 1000 scripsit,
335 964 417 992 Deutn
431 963 492 991 illos
502 961 647 990 admodum
664 964 818 989 aversatum
829 967 889 987 esse
900 979 908 991 ,

113 1010 244 1039 dicebat:
265 1009 374 1037 Verbum
399 1013 453 1036 erat
476 1008 614 1043 pretiosum
630 1011 676 1034 :et
703 1014 754 1033 non
777 1009 830 1032 erat
848 1004 911 1032 visio

114 1056 274 1091 distinguens
285 1055 325 1090 (1.
340 1054 404 1091 Reg.
420 1055 446 1082 3.
463 1053 491 1090 1)
508 1062 515 1081 :
531 1053 676 1088 pretiosum
689 1050 740 1079 hoc
750 1051 808 1079 loco
821 1057 911 1078 rarum

114 1102 255 1137 appellans
271 1110 279 1129 :
295 1109 342 1137 per
355 1100 412 1128 haec
424 1100 496 1128 enim
511 1098 629 1127 ostendit
649 1105 739 1126 rarutn
759 1097 841 1124 fuisse
856 1101 913 1123 Iunt

116 1148 218 1176 donum
237 1146 394 1182 prophetia.
413 1146 452 1174 Ac
465 1153 558 1173 rursus
572 1144 666 1180 Ingens
678 1143 747 1170 alius
760 1147 787 1169 et
809 1142 913 1170 lamen-

118 1199 179 1222 tans
193 1194 229 1221 ob
244 1193 311 1221 iratn
335 1193 381 1220 Dei
396 1192 518 1224 diccbat,
535 1191 567 1218 Et
589 1199 640 1218 non
651 1195 688 1218 est
707 1191 733 1218 in
745 1190 792 1218 hoc
804 1194 915 1225 tempore

117 1241 255 1275 princeps,
272 1247 351 1274 neque
372 1238 495 1273 propheta
508 1237 587 1273 (Dan.
603 1237 631 1265 5.
645 1237 708 1272 58);
729 1241 756 1264 et
768 1243 861 1264 rursus
879 1236 917 1263 ait

118 1286 283 1321 evangelista
294 1294 301 1313 :
312 1285 433 1313 Nondum
446 1285 513 1312 enim
527 1288 581 1311 erat
595 1283 709 1319 Spiritus
718 1287 820 1310 sanctus
833 1290 842 1309 :
856 1282 917 1319 quia

118 1332 198 1365 Iesus
210 1333 325 1359 nondum
337 1336 390 1358 erat
400 1331 557 1366 gloriﬁcatur
566 1328 654 1365 (Joan.
668 1329 696 1356 'l.
712 1327 769 1364 59).
785 1327 917 1363 Quoniam

120 1379 195 1410 cuitu
217 1378 336 1406 nondum
361 1377 448 1405 fuerat
465 1376 624 1408 cruciﬁxus,
651 1383 705 1402 non
724 1379 782 1402 erat
803 1373 919 1408 Spiritus

121 1429 234 1455 sanctus
246 1424 272 1451 in
282 1423 434 1451 hominibus
443 1422 522 1450 datus
533 1431 540 1449 :
557 1421 621 1449 illud
629 1421 738 1457 quippe,
750 1419 917 1456 gloriﬁcatus,

124 1470 197 1499 idem
209 1470 278 1497 ralct
289 1490 298 1502 ,
312 1469 383 1504 quod
398 1468 551 1497 cruciﬁxus.
572 1467 638 1495 Nam
652 1466 702 1494 etsi
717 1474 760 1494 res
770 1470 812 1494 est
825 1470 921 1493 natura

123 1525 173 1548 sua
189 1516 376 1553 ignominiosa,
387 1515 449 1550 quia
462 1519 550 1542 tamen
563 1521 656 1542 eorum
671 1520 750 1540 causa
760 1512 841 1540 [iebat
853 1518 921 1547 quos

125 1563 244 1595 amabat,
258 1562 370 1598 gloriam
384 1561 455 1589 illam
467 1560 589 1588 Christus
602 1559 730 1595 appellat.
743 1558 832 1593 Quare
845 1564 922 1589 vero,

126 1610 172 1642 die
183 1616 277 1645 quaeso
286 1629 294 1641 ,
307 1611 370 1635 ante
385 1607 534 1642 passionem
555 1613 608 1633 non
622 1609 665 1634 est
684 1604 800 1640 Spiritus
821 1602 902 1631 datus
911 1603 924 1630 ?

127 1655 260 1690 Quoniam
272 1654 299 1682 in
314 1653 430 1689 peccatis
444 1657 501 1680 erat
514 1652 588 1680 orbis
602 1656 745 1684 terrarum,
758 1650 785 1678 in
795 1649 924 1678 offensio-

128 1702 220 1734 nibus,
235 1701 298 1728 odio
310 1705 338 1728 et
350 1698 505 1735 ignominia,
517 1706 578 1726 cum
597 1697 716 1726 nondum
729 1696 834 1725 oblatus
841 1703 926 1731 agnus

128 1753 221 1780 esset,
243 1747 288 1783 qui
315 1745 407 1774 mundi
427 1745 498 1773 tollit
520 1749 671 1780 peccatum.
692 1743 824 1778 Quoniam
847 1742 927 1778 igitur

130 1794 251 1825 nondum
261 1793 406 1821 cruciﬁxus
420 1791 506 1820 fuerat
519 1791 651 1823 Christus,
663 1790 846 1818 reconciliatio
861 1797 929 1817 non.

131 1841 195 1868 dum
209 1839 278 1868 facta
293 1843 351 1867 erat
366 1846 444 1866 :cum
459 1845 523 1865 vero
536 1837 654 1864 nondum
666 1840 739 1864 esset
752 1835 820 1863 facta
835 1842 929 1863 recon-

132 1885 249 1918 ciliatio,
265 1885 362 1912 merito
384 1891 470 1919 neque
490 1883 604 1918 Spiritus
616 1882 781 1915 mittebatur,
794 1881 828 1908 ita
843 1885 871 1908 ut
885 1887 928 1908 re-

134 1931 332 1962 conciliationis
346 1931 472 1959 itrdieium
487 1929 602 1964 Spiritus
612 1929 773 1956 mitteretur.
786 1927 930 1962 Propterea

134 1980 201 2011 dicit
208 1978 289 2009 etiam
301 1977 424 2005 Christus
434 1998 441 2009 ,
458 1975 567 2011 Expedit
580 1975 648 2002 vobis
658 1995 666 2008 ,
681 1979 708 2001 ut
722 1982 767 2010 ego
782 1973 874 2001 tradam
889 1980 899 2000 :
909 1973 932 2000 si

135 2027 203 2057 naias
217 2034 268 2054 non
280 2025 383 2056 abiero,
394 2024 438 2051 ille
457 2031 507 2050 non
525 2023 604 2050 ueniet
616 2021 706 2058 (Joan.
719 2021 759 2049 16.
778 2021 806 2056 7)
825 2019 867 2047 :si
879 2027 932 2047 non

136 2072 240 2103 abiero,
257 2076 284 2098 ot
297 2070 401 2099 Patrem
415 2068 633 2101 reconciliavero,
647 2067 749 2102 inquit,
765 2065 932 2094 Paracletum

138 2117 216 2144 vobis
238 2124 291 2144 non
306 2116 420 2143 mittam.
436 2114 537 2142 Videtis
555 2121 635 2149 quant
652 2113 741 2140 multis
754 2120 787 2140 ex
801 2112 867 2140 locis
882 2119 930 2139 vo—

139 2164 183 2194 bis
192 2161 398 2191 demonstrarim
413 2161 476 2188 illud
490 2161 537 2188 ira:
549 2160 646 2188 divinat
659 2160 764 2195 signum
779 2167 851 2193 esse,
864 2157 936 2195 quod

141 2218 196 2240 non
210 2210 246 2237 sit
266 2209 293 2236 in
308 2206 459 2236 hominibus
481 2206 596 2242 Spiritus
617 2205 744 2233 sanctus?
762 2203 870 2233 Verbum
884 2209 937 2232 erat

142 2254 283 2289 pretiosum
292 2274 301 2285 ,
314 2257 338 2280 et
350 2254 415 2282 visio
423 2262 473 2282 non
481 2258 537 2283 erat
547 2253 705 2289 distinguens
716 2250 753 2286 (Ι.
765 2249 830 2286 Reg.
843 2251 869 2279 5.
885 2250 912 2286 1)
928 2258 935 2276 :

146 2299 206 2327 Non
220 2299 288 2327 enim
303 2304 339 2326 eu
355 2300 473 2333 princeps
483 2319 490 2330 ,
506 2306 586 2333 neque
597 2297 719 2333 propheta
730 2297 758 2324 in
769 2301 880 2332 tempore
890 2298 938 2324 ista

145 2345 228 2380 (Dan.
245 2345 272 2373 5.
294 2345 351 2380 38).
369 2343 490 2371 Nondum
513 2344 579 2370 enim
602 2348 656 2370 erat
680 2343 792 2378 Spiritus
813 2346 916 2371 sanctus
929 2349 939 2369 :

145 2393 206 2428 quia
214 2391 293 2419 Iesus
305 2391 418 2418 nondum
428 2395 482 2418 erat
496 2390 652 2426 gloriﬁcatur
665 2389 753 2426 (Joan.
763 2390 791 2417 'l.
807 2389 841 2419 39
849 2388 869 2426 ).
886 2388 942 2416 Ea:-

147 2441 217 2476 pedit
231 2440 311 2472 vobis,
325 2444 352 2467 ut
361 2448 407 2476 ego
421 2439 511 2466 vadum
525 2440 566 2466 :si
577 2439 643 2466 enim
657 2446 704 2474 ego
718 2445 768 2465 non
778 2437 863 2465 abiero
872 2457 880 2470 ,
897 2436 941 2464 ille

149 2495 199 2514 non
222 2486 303 2513 veniet
317 2485 406 2521 (Joan.
421 2485 465 2513 16.
479 2485 519 2520 7).
536 2484 627 2520 Itaque
648 2484 751 2519 signum
774 2488 816 2511 est
835 2482 882 2510 ira:
902 2481 942 2509 di-

151 2533 218 2559 τίιιςιε
231 2531 322 2566 .quod
344 2538 397 2558 non
420 2530 455 2558 sit
468 2530 583 2565 Spiritus
604 2533 712 2557 sanctus
729 2536 812 2557 :cum
836 2527 944 2562 copiose

152 2578 263 2605 missum
281 2576 379 2604 videris
398 2577 526 2611 Spiritum
540 2579 678 2608 sanetum,
692 2575 757 2603 nihil
778 2575 812 2603 de
825 2575 945 2602 reconci-

154 2623 262 2650 liatione
273 2622 380 2650 dubites
393 2622 517 2657 amplius.
532 2622 630 2650 Verum
649 2622 693 2650 ubi
715 2629 785 2649 nunc
807 2626 849 2649 est
861 2621 945 2655 Spiri-

155 2675 197 2695 unt
217 2668 343 2696 sanctus?
361 2667 432 2695 dicet
451 2667 556 2703 aliquis.
577 2667 642 2694 Natn
669 2672 724 2694 tum
739 2666 847 2702 quidem
874 2671 947 2694 recte

155 2715 220 2741 dicit
231 2734 239 2745 ,
250 2722 312 2742 cum
326 2713 401 2749 signa
412 2713 522 2745 ﬁebant,
537 2718 565 2741 et
583 2713 680 2741 mortui
700 2712 904 2744 suscitabantur,
921 2716 949 2739 et

158 2761 255 2794 Ieprosi
268 2768 362 2788 ontnes
377 2760 572 2787 mandabantur
587 2768 594 2787 :
607 2759 662 2794 jam
677 2766 741 2786 vero
758 2757 829 2786 unde
842 2758 948 2794 plantmt

160 2807 288 2840 faciemus
308 2806 403 2834 adesse
424 2805 502 2833 nobis
521 2805 650 2840 Spiritum
663 2805 804 2832 sanctum?
816 2803 902 2832 Nolite
917 2803 950 2830 ti-

160 2859 252 2885 mere;
272 2850 412 2879 ostendam
434 2851 506 2878 enitn
527 2850 553 2878 in
575 2850 653 2878 nobis
667 2857 728 2878 esse
751 2857 822 2877 nunc
844 2857 949 2885 quoque

159 2897 286 2939 apiritum
299 2901 430 2926 sanctum.
454 2895 510 2931 Qua
525 2895 633 2925 tandem
647 2896 769 2925 ratione?
783 2903 843 2925 nam
856 2896 878 2924 si
895 2903 948 2925 non

599 169 643 197 DE
661 166 793 197 SANCTA
814 163 1044 193 PENTECOS'I'E.
1066 164 1182 194 ilOMlL.
1203 165 1224 194 Ι.

1691 167 1743 196 658

948 226 1020 250 esset
1043 222 1068 250 in
1093 222 1172 251 nobis
1186 223 1301 259 Spiritus
1323 230 1448 258 sanctus,
1463 226 1598 262 quomodo
1619 228 1682 260 isti,
1697 237 1743 263 qui

948 266 998 295 bac
1019 275 1094 296 sacra
1119 274 1198 297 nocte
1217 270 1358 302 illuminati
1370 275 1434 299 sunt
1446 293 1453 305 ,
1467 279 1482 299 a
1498 273 1614 308 peccatis
1634 273 1741 301 liberari

949 314 1115 349 potuissent?
1137 315 1195 343 Non
1217 316 1288 343 enim
1314 316 1415 353 absque
1441 317 1555 353 Spiritus
1581 320 1740 349 etlicztcitate

950 368 1092 396 possumus
1111 369 1126 389 a
1150 363 1265 397 peccatis
1286 363 1411 397 liberari,
1426 365 1496 400 quod
1517 366 1743 402 quemadmodum

951 407 1047 435 doceat
1069 408 1166 436 Paulus
1179 409 1278 437 audite.
1292 409 1404 437 Eramus
1417 411 1484 438 enim
1508 412 1646 447 aliquando
1664 418 1688 441 et
1698 422 1745 442 nos

952 452 1098 488 insipientes
1108 475 1116 488 ,
1125 453 1248 482 increduli
1258 475 1266 488 ,
1276 460 1398 490 errantes,
1410 457 1543 485 servientes
1557 458 1689 486 desideriis
1702 467 1747 486 va-

953 498 998 526 riis
1013 505 1022 526 :
1034 507 1090 526 cum
1100 505 1183 526 autem
1192 499 1332 536 benignitas
1346 505 1370 528 et
1383 501 1529 531 humanitas
1546 504 1668 538 apparuit
1683 503 1746 532 Sal-

953 545 1047 572 uatoris
1061 546 1142 573 nostri
1157 545 1221 580 Dei,
1235 555 1285 574 non
1297 555 1329 574 ea:
1342 548 1459 583 operibus
1475 549 1583 584 justititz
1594 571 1601 582 ,
1616 558 1673 585 qua
1687 552 1749 586 feci-

955 598 1012 618 mus
1036 599 1099 625 nos,
1118 592 1162 618 sed
1188 592 1326 620 secundum
1349 593 1548 621 misericordiam
1568 603 1640 622 suam
1664 597 1748 624 salvos

955 643 1002 663 nos
1026 637 1103 672 fecit,
1118 645 1163 672 per
1185 637 1313 668 lavacrum
1335 640 1530 678 regenerationis
1543 645 1566 668 et
1581 642 1749 670 renovationis

957 681 1070 717 Spiritus
1083 683 1165 710 sancti
1178 682 1240 719 (Tit.
1250 684 1276 712 5.
1286 684 1343 720 5-5)
1356 689 1401 713 :et
1413 693 1506 713 rursus
1519 686 1593 720 alibi,
1609 686 1697 714 Nolite
1709 695 1749 714 er-

956 735 1014 754 rare
1027 735 1036 755 :
1052 736 1131 763 neque
1150 728 1282 762 fonticarii
1293 750 1301 764 ,
1313 738 1392 766 neque
1408 731 1567 764 idololatria.
1581 741 1661 767 neque
1674 733 1751 760 adul-

959 773 1019 804 teri.
1039 782 1118 809 neque
1137 774 1243 809 molles,
1266 783 1345 811 neque
1368 777 1538 804 masculorum
1559 779 1731 806 concubitores
1743 799 1752 813 ,

959 828 1037 855 neque
1046 822 1125 856 fures,
1141 829 1219 857 neque
1229 822 1300 849 avari
1309 844 1316 855 ,
1331 831 1410 863 neque
1419 823 1520 857 ebriosi,
1532 833 1612 860 neque
1623 825 1751 859 maledici,

960 874 1038 901 neque
1059 875 1164 901 rapaces
1178 876 1284 906 regnum
1299 867 1346 901 Dei
1361 870 1525 904 possidebunt
1548 870 1586 906 (l.
1600 870 1660 898 Cor.
1676 871 1704 899 ϐ.
1719 872 1752 900 9-

960 912 1021 948 IO).
1045 912 1126 941 Vides
1140 914 1228 941 omnia
1245 922 1343 949 genera
1363 915 1563 950 improbitatis?
1577 915 1610 944 Et
1621 916 1675 944 hare
1698 918 1754 952 qui-

962 958 1018 985 dem
1030 958 1132 993 fuistis;
1144 959 1189 987 sed
1201 960 1280 990 abluti
1301 960 1360 992 estis
1371 981 1379 994 ,
1394 962 1438 990 sed
1451 962 1602 996 sanctiﬁcati
1620 963 1679 990 estis
1691 983 1699 997 ,
1710 963 1755 990 sed

957 1005 1091 1040 justi/icon
1105 1005 1174 1036 estis,
1189 1005 1247 1041 Quo
1270 1007 1370 1044 pacto?
1382 1006 1433 1036 hoc
1446 1007 1517 1036 enim
1530 1012 1586 1042 est,
1602 1008 1673 1045 quod
1683 1017 1757 1046 qua:—

963 1050 1040 1084 ritur,
1052 1059 1114 1078 num
1126 1059 1173 1087 per
1183 1051 1310 1088 Spiritum
1319 1058 1439 1086 sanctum
1448 1055 1593 1090 nequitiam
1603 1055 1759 1090 dcpnsneri~

964 1104 1035 1124 mus.
1056 1097 1123 1124 Audi
1139 1105 1202 1133 ergo
1217 1106 1223 1124 :
1241 1097 1294 1126 Sed
1308 1099 1460 1133 sunctiﬁcati
1470 1101 1544 1133 estis,
1561 1101 1605 1128 sed
1622 1101 1759 1138 justiﬁcati

965 1142 1023 1169 estis
1032 1142 1059 1169 in
1075 1142 1175 1170 nomine
1187 1142 1290 1170 Domini
1302 1145 1382 1171 nostri
1391 1143 1454 1172 lerat
1465 1145 1572 1180 Christi,
1581 1151 1604 1173 et
1617 1147 1643 1173 in
1657 1147 1759 1181 Spiritu

966 1187 1016 1216 Dei
1028 1188 1109 1215 nostri
1125 1187 1178 1224 (Ib.
1192 1197 1217 1216 υ.
1229 1189 1285 1224 11).
1299 1189 1412 1219 Videsne
1422 1190 1551 1225 Spiritum
1566 1196 1688 1220 sanctum
1701 1200 1759 1220 om-

967 1241 1028 1262 nem
1044 1233 1116 1262 illam
1129 1233 1326 1270 improbitatem
1339 1235 1489 1264 delevissei

1003 1278 1030 1307 ι.
1047 1279 1167 1308 Htrretici
1188 1281 1216 1308 in
1230 1280 1357 1316 Spiritum
1372 1281 1404 1310 S.
1427 1282 1643 1318 blasphemabant.
1659 1299 1690 1304 —
1712 1284 1762 1312 Ubi

969 1332 1042 1353 nunc
1053 1330 1116 1353 sunt
1127 1346 1135 1359 ,
1146 1326 1191 1361 qui
1206 1326 1321 1361 Spiritus
1335 1326 1501 1362 maiestatem
1521 1328 1725 1364 blasphemanti
1734 1330 1763 1358 Si

969 1372 1040 1400 enim
1055 1377 1164 1407 peccata
1178 1381 1230 1400 non
1242 1373 1370 1407 dimittit,
1385 1373 1481 1402 [rustra
1493 1374 1622 1410 accipitur
1634 1376 1662 1403 in
1677 1375 1764 1411 bapti-

971 1423 1067 1451 smate;
1078 1418 1102 1446 si
1114 1423 1222 1454 peccata
1236 1418 1359 1453 dimittit,
1371 1419 1468 1447 frustra
1481 1419 1655 1455 blasphemiis
1664 1420 1698 1448 ab
1711 1420 1765 1449 inu-

972 1464 1062 1492 reticis
1074 1464 1224 1492 incessitur.
1241 1465 1269 1493 Si
1285 1472 1339 1492 non
1352 1470 1425 1493 esset
1443 1466 1559 1501 Spiritus
1571 1471 1697 1501 sanctus,
1711 1467 1767 1495 Do-

973 1511 1074 1539 mittutn
1083 1511 1176 1539 Jesum
1190 1511 1281 1539 dicere
1296 1519 1349 1539 non
1363 1519 1505 1547 possemus
1519 1520 1526 1540 :
1544 1511 1627 1540 Nemo
1636 1513 1703 1541 enim
1716 1522 1765 1549 po-

974 1561 1021 1585 test
1033 1557 1115 1584 dicere
1127 1556 1264 1585 Dominum
1277 1556 1384 1591 Iesum,
1396 1558 1445 1586 nisi
1464 1558 1492 1586 its
1505 1558 1606 1594 Spiritu
1624 1564 1713 1587 sancto
1728 1559 1767 1596 (l.

975 1604 1035 1632 Cor.
1043 1604 1086 1633 12.
1098 1604 1138 1641 3).
1152 1605 1182 1633 Si
1196 1612 1249 1633 non
1259 1609 1332 1633 esset
1342 1604 1457 1640 Spiritus
1468 1611 1586 1639 sanctus,
1597 1606 1680 1635 Deum
1691 1614 1771 1634 orare

977 1651 1069 1679 ﬁdeles
1079 1659 1133 1679 non
1146 1657 1286 1687 possemus
1301 1661 1309 1680 :
1324 1651 1438 1680 dicimus
1445 1652 1526 1685 sitim,
1539 1651 1619 1681 Pater
1631 1658 1716 1681 noster
1727 1653 1770 1689 qui

983 1711 1011 1731 es
1017 1703 1044 1729 in
1050 1703 1121 1730 catis
1128 1701 1236 1738 (latth.
1247 1701 1275 1730 6.
1284 1701 1359 1738 ο).υι
1369 1702 1452 1737 igitur
1458 1700 1605 1730 Dominum
1611 1709 1708 1730 vocare
1714 1710 1769 1730 non

984 1756 1139 1784 possemus,
1147 1748 1188 1776 sic
1196 1755 1283 1783 neque
1290 1747 1398 1775 Patrem
1409 1746 1495 1775 Deum
1504 1754 1603 1774 vocare
1613 1754 1767 1783 possemus.

985 1792 1092 1822 Undeid
1097 1793 1221 1822 constat?
1229 1794 1267 1820 Ex
1275 1793 1369 1820 eodem
1377 1792 1565 1828 Apostolo,qui
1575 1793 1612 1820 ait
1621 1792 1768 1826 :Quom'am

984 1841 1138 1867 ualentestis
1146 1839 1208 1874 ﬁlii,
1221 1839 1292 1866 misit
1307 1838 1376 1866 Deus
1388 1837 1516 1873 Spiritum
1526 1837 1590 1865 Filii
1600 1839 1643 1865 sui
1653 1838 1768 1865 incurda

981 1890 1064 1912 uestra
1084 1885 1254 1917 clamantem,
1269 1884 1357 1918 Abba,
1373 1883 1453 1912 Pater
1468 1883 1566 1921 (Galat.
1581 1884 1608 1912 1.
1624 1883 1663 1921 lt).
1683 1884 1775 1920 Itaque

981 1931 1046 1959 dum
1060 1931 1165 1959 Patrem
1177 1939 1257 1959 vocas
1267 1952 1275 1964 ,
1287 1931 1429 1959 recordare
1447 1931 1549 1967 Spiritu
1564 1931 1680 1959 animant
1701 1939 1776 1959 cum-

983 1981 1108 2005 movente
1130 1977 1175 2005 illa
1201 1981 1227 2005 te
1253 1976 1336 2006 fuisse
1358 1977 1536 2013 appellatione
1557 1977 1697 2005 donatum.
1719 1978 1775 2006 Nisi

984 2029 1057 2052 esset
1070 2023 1186 2059 Spiritus
1199 2027 1308 2051 sanctus
1317 2043 1326 2058 ,
1341 2031 1431 2051 sermo
1444 2024 1582 2058 sapientiae
1603 2031 1636 2052 ac
1656 2024 1780 2055 scientiae.

985 2071 1012 2099 in
1039 2070 1159 2099 Ecclesia
1182 2078 1237 2098 non
1257 2074 1329 2098 esset
1345 2079 1352 2097 :
1367 2077 1428 2098 nam
1441 2069 1493 2098 Alii
1516 2070 1618 2106 quidem
1632 2071 1710 2099 datur
1732 2080 1778 2108 per

987 2117 1115 2152 Spiritum
1133 2125 1215 2144 sermo
1226 2116 1373 2152 sapientia,
1388 2116 1433 2143 alii
1452 2123 1509 2143 vero
1520 2125 1603 2144 sermo
1614 2117 1727 2145 scientia!
1749 2117 1775 2154 (ί

987 2163 1048 2192 Cor.
1059 2163 1103 2191 12.
1111 2162 1150 2200 8).
1159 2163 1214 2191 Nisi
1228 2168 1298 2191 esset
1309 2162 1424 2198 Spiritus
1433 2167 1550 2195 sanctus,
1565 2168 1685 2197 pastores
1694 2168 1721 2191 et
1732 2163 1781 2191 do-

988 2214 1077 2237 ctores
1090 2209 1117 2237 in
1125 2209 1244 2237 Ecclesia
1256 2216 1308 2236 non
1316 2212 1406 2236 essem
1415 2217 1422 2235 :
1431 2215 1492 2236 nam
1502 2212 1530 2236 et
1539 2208 1581 2236 isti
1593 2216 1640 2244 per
1653 2209 1781 2244 Spiritum

990 2255 1056 2283 liunt
1067 2276 1075 2288 ,
1090 2255 1160 2282 sicut
1173 2258 1201 2282 et
1213 2254 1311 2282 Paulus
1323 2254 1402 2288 dicit,
1418 2253 1452 2282 In
1473 2263 1522 2288 quo
1535 2262 1578 2282 vos
1592 2255 1707 2289 Spiritus
1717 2263 1779 2283 sau-

991 2305 1044 2328 ctus
1058 2300 1141 2336 posuit
1153 2305 1266 2335 pastores
1287 2304 1311 2327 et
1322 2301 1455 2334 episcopos
1471 2299 1542 2334 (Aet.
1561 2299 1607 2327 20.
1619 2299 1684 2337 28).
1703 2301 1783 2329 Vides

992 2346 1043 2374 hoc
1062 2353 1168 2381 quoque
1195 2354 1242 2380 per
1254 2345 1381 2381 Spiritum
1406 2345 1482 2374 ﬁeri?
1496 2345 1551 2374 Nisi
1574 2351 1646 2375 esset
1669 2347 1783 2382 Spiritus

992 2397 1102 2421 sanctus
1118 2393 1145 2420 in
1164 2391 1215 2420 hoe
1227 2391 1361 2420 communi
1386 2397 1462 2428 patre
1486 2400 1518 2420 ac
1536 2392 1646 2421 doctore
1658 2394 1706 2430 (a),
1723 2402 1784 2422 cum

993 2439 1072 2474 paulo
1085 2442 1147 2465 ante
1165 2445 1271 2466 sacrum
1286 2437 1337 2464 hoc
1357 2437 1384 2465 in
1397 2437 1513 2466 tribunal
1532 2438 1670 2472 ascendit,
1686 2447 1718 2468 ac
1739 2448 1785 2466 vn-

995 2485 1035 2512 bis
1047 2483 1170 2511 omnibus
1183 2491 1275 2519 pacem
1285 2483 1368 2514 dedit.
1380 2490 1433 2511 non
1447 2483 1527 2511 simul
1537 2492 1631 2512 omnes
1643 2486 1788 2513 aeclamas~

995 2532 1071 2564 setis,
1086 2529 1119 2557 Et
1131 2539 1188 2557 cum
1207 2529 1307 2565 Spiritu
1322 2534 1383 2557 tuo:
1397 2529 1497 2557 idcirco
1509 2537 1562 2558 non
1583 2538 1644 2558 cunt
1668 2531 1789 2559 ascendit

997 2583 1111 2611 tantum,
1127 2585 1213 2612 neque
1226 2585 1287 2604 eum
1302 2584 1350 2604 vos
1363 2576 1468 2609 alimur,
1479 2584 1566 2612 neque
1579 2585 1640 2605 cum
1654 2585 1703 2612 pro
1713 2577 1788 2605 vobis

998 2629 1073 2657 orat,
1091 2624 1140 2652 hac
1155 2623 1191 2651 illi
1204 2631 1269 2651 voce
1291 2622 1444 2650 acclamatis
1455 2641 1464 2654 ,
1476 2622 1523 2650 sed
1546 2630 1607 2650 cum
1625 2622 1687 2650 huic
1706 2630 1789 2650 sacrze

1000 2678 1099 2698 mensze
1109 2669 1220 2702 assistit,
1231 2676 1293 2697 cum
1306 2668 1474 2696 tremendum
1485 2669 1644 2696 sacriﬁcium
1659 2673 1700 2696 est
1714 2668 1792 2695 obla-

1001 2722 1076 2745 turus
1092 2726 1099 2744 :
1116 2724 1177 2744 nam
1189 2716 1253 2752 quid
1275 2715 1383 2748 dicam,
1397 2719 1496 2743 norunt
1516 2715 1561 2751 qui
1574 2718 1637 2743 sunt
1657 2714 1791 2750 mysteriis

1004 2763 1097 2792 initiati
1108 2771 1116 2797 ;
1127 2770 1180 2790 non
1190 2762 1264 2798 prius
1277 2761 1384 2797 attingit
1395 2761 1540 2797 proposita,
1554 2768 1634 2796 quam
1647 2759 1722 2787 vobis
1736 2760 1791 2798 ipse

1003 2809 1115 2845 gratiam
1130 2808 1210 2836 fuerit
1222 2812 1347 2843 precatus
1359 2815 1375 2835 a
1390 2807 1519 2839 Domino,
1534 2813 1634 2841 vosque
1648 2805 1685 2832 illi
1700 2806 1788 2832 accla-

1003 2857 1139 2884 maveritls
1154 2863 1163 2883 :
1177 2854 1280 2883 Etcum
1291 2853 1392 2890 Spiritu
1410 2857 1532 2887 tuo,qua
1554 2851 1726 2888 responsione
1746 2859 1790 2877 w—

1037 2906 1072 2935 (ιι)
1086 2900 1226 2927 Flavianum
1240 2900 1379 2933 episcopum
1391 2898 1489 2925 indicat.
