1976 3130
193 140 242 170 ί¹ῖ9

189 203 285 229 Ιιὶειιιιει
300 199 365 235 ipsis
381 199 408 226 in
421 198 577 226 memoriam
602 197 732 224 revocatis
747 195 813 223 nihil
834 203 895 224 eum
908 203 979 230 pra:-

187 253 270 277 starc,
286 244 333 280 qui
345 243 441 276 adest,
455 250 541 278 neque
564 249 665 269 natura:
687 243 809 269 lnnuana:
829 249 909 276 opera
923 247 982 267 esse

189 291 324 327 proposita
338 290 426 323 dona,
438 290 484 318 sed
502 294 658 323 praesentem
681 288 796 322 Spiritus
812 288 942 323 gratiam,
956 291 983 314 et

189 338 221 365 ad
233 338 322 364 onmia
342 335 530 368 advolantem,
547 335 687 371 mysticum
706 333 770 361 illud
791 334 917 368 perlicere
939 339 983 358 sa-

189 383 331 412 crificium.
348 381 422 410 Licet
443 381 513 408 enim
525 380 607 407 homo
619 380 654 407 sil.
675 379 717 411 is,
733 379 778 414 qui
799 378 890 410 adest,
913 377 984 404 Deus

190 434 232 456 est
245 434 343 460 tamen,
356 428 401 464 qui
411 435 459 462 per
473 427 557 461 ipsum
571 430 705 460 operatur.
715 424 772 452 Noli
785 432 848 460 ergo
863 428 984 451 naturam

192 475 331 503 attendere
343 474 416 501 illius
426 495 433 506 ,
447 481 526 509 quem
542 473 631 500 cernis
641 493 649 503 ,
662 471 708 499 sed
719 471 832 506 gratiam
845 471 904 504 ejus
914 469 984 497 invi-

190 522 296 550 Ilbilem
309 520 448 548 considera
462 530 468 546 :
483 519 547 546 nihil
564 517 709 545 humanum
735 521 777 544 est
799 524 908 548 eorum,
925 523 985 551 qua:

191 570 220 596 ta
229 568 283 596 hoc
301 574 378 594 sacro
400 570 528 601 geruntur
543 563 703 592 sanctttario.
725 561 783 590 Nisi
798 561 913 596 Spiritus
935 560 983 588 ad-

191 620 263 644 esset
274 636 282 646 ,
294 612 412 642 Ecclesia
428 618 479 639 nun
494 611 670 639 consisteret;
682 609 704 636 si
723 615 786 636 vero
798 608 920 635 consistit
934 606 986 634 Ec-

191 662 287 693 clesia,
300 659 409 686 dubium
426 666 477 685 non
490 661 547 689 est,
561 656 625 691 quin
635 655 704 682 adsit
718 654 842 689 Spiritus.

231 707 315 740 Quare
329 713 395 732 nunc
405 705 477 740 signa
490 713 539 731 non
555 703 627 738 fiant.
641 701 740 728 —Cur
752 701 840 735 igitttr,
855 700 926 727 dicet
938 699 986 726 ali-

192 753 263 788 quis.
279 758 348 778 nunc
359 751 430 785 signa
448 757 499 776 non
516 748 600 775 fiunt?
611 747 661 774 llic
675 746 739 773 mihi
751 754 798 773 vos
810 746 927 772 animum
943 744 985 771 di-

190 799 307 833 ligenter
329 796 457 822 attendite
473 803 508 821 :a
531 793 620 820 multis
643 792 715 820 cnitn
731 796 757 819 ct
784 792 936 826 frequenter
960 794 987 817 et

194 850 301 878 seniper
324 842 393 868 hanc
416 841 480 868 mihi
501 839 661 875 propositam
685 838 763 865 audio
791 838 985 872 quu‘slioncttt:

192 891 282 923 Quare
295 893 350 915 tum
372 887 467 920 linguis
488 885 664 920 loquebantur
685 890 778 910 omnes
797 882 841 917 qui
862 881 981 916 baptiza-

192 935 301 965 bantur,
315 933 369 967 jam
384 940 445 959 vero
461 939 512 958 non
525 931 606 957 item?
621 930 757 956 Discamus
774 929 861 963 prius,
877 927 938 961 quid
954 927 988 953 sit

196 981 267 1016 loqui
283 979 378 1014 linguis
390 999 398 1011 ,
409 985 441 1005 ac
455 976 553 1004 deinde
563 983 670 1003 cauSam
683 975 812 1002 dicemus.
827 973 894 1007 Quid
911 973 988 1008 igitur

194 1031 236 1054 est
255 1025 325 1060 loqui
347 1023 461 1058 linguis?
474 1023 523 1056 Qui
539 1021 730 1056 baptizabatur,
744 1020 833 1047 statim
848 1020 936 1054 lingua
950 1019 990 1045 lo-

194 1073 325 1107 quebatur
347 1070 470 1097 lndormu
485 1090 492 1101 ,
520 1068 708 1104 [Egyptiorutn
722 1088 729 1100 ,
746 1066 886 1093 Persarum
899 1086 906 1097 ,
921 1065 988 1100 Scy-

196 1117 312 1148 tharum,
327 1116 460 1143 Thracum
473 1135 480 1147 ,
494 1122 526 1141 ac
540 1115 580 1140 vir
601 1121 670 1140 unus
684 1112 779 1139 multas
795 1111 895 1146 linguas
911 1117 989 1138 assu-

197 1164 304 1195 mebat;
319 1168 346 1190 et
359 1163 401 1189 isti
417 1169 486 1188 nunc
500 1161 522 1187 si
536 1159 661 1195 haptizati
677 1163 732 1186 tum
755 1158 884 1189 fuissent,
899 1157 989 1184 statim

196 1211 256 1238 illos
270 1210 382 1237 diversis
397 1209 536 1244 loquentes
548 1207 645 1241 linguis
657 1205 798 1233 audiisses.
812 1204 878 1232 Nam
894 1203 990 1231 Paulus

198 1257 319 1289 invenit,
340 1260 367 1282 ut
393 1255 500 1287 dicitur,
519 1251 649 1288 quosdant
663 1252 688 1278 in
707 1250 816 1279 Joannis
833 1249 991 1284 baptismate

199 1303 357 1338 baptizatos,
368 1301 488 1336 dixitque
501 1300 536 1326 ad.
548 1307 594 1326 eos
607 1307 613 1324 :
629 1297 659 1325 Si
680 1297 806 1332 Spiritum
817 1301 932 1323 sanctum
946 1303 990 1321 ac-

196 1349 297 1385 cepistis
318 1347 445 1375 credentes
456 1346 469 1372 .9
489 1345 584 1372 Dicunt
602 1343 662 1370 illi:
675 1342 728 1370 Sed
741 1350 818 1377 neque
835 1342 857 1369 si
879 1341 992 1376 Spiritus

196 1400 301 1422 Iunctus
322 1398 369 1426 eat,
385 1392 528 1419 audivimus
539 1391 609 1426 (Act.
633 1390 678 1417 19.
692 1389 738 1425 2);
755 1389 897 1422 statimque
912 1387 992 1422 jussit

198 1448 246 1467 eos
257 1439 403 1474 baptizari;
419 1436 451 1464 Et
465 1445 522 1464 cum
536 1436 695 1471 imposuisset
709 1435 759 1461 illis
774 1441 864 1460 manus
880 1432 990 1465 Paulus,

198 1486 263 1513 venit
276 1484 389 1520 Spiritus
398 1488 499 1510 sanctus
512 1491 589 1516 super
602 1489 643 1508 eos
654 1501 661 1514 ,
674 1486 696 1507 et
712 1481 876 1514 loquebantur
896 1479 989 1513 linguis

196 1539 284 1559 ctrina
300 1529 379 1566 (Ibid.
392 1537 415 1556 υ.
431 1529 469 1564 6).
485 1528 537 1555 Cur
550 1528 628 1563 igitur
639 1526 767 1553 subducta
782 1531 832 1557 est,
844 1531 871 1552 et
896 1533 928 1551 ex
945 1525 992 1550 ho-

200 1576 317 1603 Iuinibus
336 1575 439 1602 sublata
453 1582 523 1601 nunc
534 1574 578 1600 illa
590 1572 686 1607 gratia?
697 1571 752 1598 Non
767 1571 836 1605 quod
848 1570 991 1606 ignominia

199 1628 247 1648 nos
263 1621 361 1648 alliciat
376 1621 461 1652 Deus,
478 1619 524 1646 sed
547 1618 617 1654 quod
633 1618 761 1644 honorem
785 1617 865 1644 etiam
878 1615 990 1643 deferat.

197 1667 258 1700 Quo
273 1666 381 1692 tandem
397 1664 495 1700 pacto?
509 1671 559 1699 ego
571 1664 667 1690 dicam.
681 1662 839 1691 Stolidiorcs
850 1667 924 1688 erant
936 1666 992 1688 tum

198 1713 328 1748 temporis
341 1712 461 1739 homines
472 1732 479 1743 ,
494 1719 545 1738 non
569 1711 603 1737 ita
620 1709 721 1744 pridem
734 1710 767 1737 ab
781 1708 857 1735 idolis
872 1708 991 1741 abducti,

197 1767 232 1786 ac
253 1765 333 1794 porro
350 1757 466 1785 crassior
481 1761 507 1784 et
529 1756 660 1790 stnpidior
680 1762 756 1782 mens
781 1755 887 1781 illorum
903 1754 992 1781 adhuc

196 1809 273 1836 erat,
289 1804 464 1836 manibusque
474 1801 659 1836 corporalibus
674 1800 767 1827 intenti
782 1805 859 1827 erant
878 1805 906 1827 et
918 1800 992 1826 addi—

197 1850 247 1883 cti,
263 1849 413 1885 nequedum
427 1849 582 1883 incorporea
593 1847 644 1874 illis
658 1846 728 1873 dona
744 1846 769 1873 in
781 1852 896 1873 mentem
912 1854 993 1873 vene-

202 1901 261 1924 rant
271 1917 279 1929 ,
293 1903 379 1930 neque
393 1899 520 1922 noverant
534 1915 542 1925 ,
557 1893 619 1928 quid
635 1897 708 1920 esset
721 1894 805 1928 gratia
823 1893 970 1927 spiritualis
983 1913 991 1925 ,

199 1949 313 1978 qumque
332 1941 388 1971 sola
410 1940 463 1967 fide
480 1940 646 1974 percipitur:
663 1939 761 1965 idcirco
787 1938 861 1973 signa
884 1938 992 1964 fiebant.

201 1988 267 2016 Nam
293 1995 325 2014 ex
351 1987 429 2014 donis
451 1986 632 2021 spiritualibus
646 1985 696 2012 alia
719 1984 826 2019 quidem
852 1983 993 2010 invisibilia

200 2038 273 2066 sunt,
285 2037 313 2060 et
321 2032 378 2060 tota
395 2032 446 2059 llde
461 2030 721 2065 comprehenduntur
731 2038 737 2056 :
749 2029 800 2056 alia
812 2036 876 2056 vero
888 2029 992 2063 signum

199 2078 333 2114 quoddam
355 2077 478 2105 sensibus
491 2077 624 2111 objectutu
646 2076 774 2103 exhibent
793 2075 826 2102 ad
843 2074 992 2103 faciendam

199 2124 280 2152 tidem
304 2122 463 2151 infidelibus.
484 2122 607 2157 Exempli
622 2129 701 2149 causa
712 2143 720 2155 ,
737 2121 859 2149 remissio
871 2125 993 2156 peceato-

199 2178 260 2198 rum
275 2177 319 2198 res
343 2174 385 2197 est
398 2169 560 2204 spiritualis,
578 2169 709 2196 invisibile
730 2168 829 2195 donum
850 2173 909 2196 est:
924 2176 993 2203 quo-

202 2216 283 2243 modo
289 2216 359 2243 enim
368 2220 474 2250 peccata
487 2219 576 2241 nostra
588 2219 741 2249 purgentur,
751 2215 838 2241 carnis
846 2214 930 2241 oculis
941 2222 994 2241 non

201 2262 331 2289 videmus.
342 2260 410 2294 Quid
423 2261 469 2287 ita?
479 2260 609 2294 Quoniam
620 2261 707 2287 anima
720 2264 770 2292 est,
782 2267 841 2295 qum
854 2264 992 2295 purgatur;

199 2314 228 2336 at
242 2308 363 2342 corporis
388 2307 474 2336 oculis
497 2315 662 2342 nequaquam
684 2307 802 2333 cernitur
824 2307 922 2333 anima.
946 2306 995 2333 Est

201 2354 280 2389 igitur
293 2353 430 2386 spirituale
454 2353 553 2379 donum
577 2352 707 2387 quoddam
731 2353 851 2386 purgatio
869 2357 994 2387 peccato—

202 2406 274 2431 rum,
287 2405 346 2432 qum
358 2398 479 2432 corporis
490 2398 574 2425 oculis
588 2403 678 2432 patere
691 2405 742 2424 non
758 2403 841 2432 potest
853 2406 860 2430 ;
875 2403 902 2424 at
913 2398 994 2425 variis

199 2444 274 2479 loqui
289 2443 386 2478 linguis
397 2448 438 2470 est
453 2443 517 2471 illud
530 2443 637 2478 quidem
660 2443 804 2478 spiritualis
818 2444 897 2470 etiam
911 2443 994 2478 Spiri-

198 2495 242 2518 tus
256 2489 420 2524 operationis
435 2498 441 2515 :
456 2494 639 2516 verumtamen
656 2489 779 2516 sensibus
799 2489 933 2522 objectum
955 2489 993 2515 si-

197 2542 281 2571 gnum
297 2534 398 2569 prabet
411 2554 418 2567 ,
434 2535 558 2569 quodque
574 2533 649 2561 facile
661 2534 695 2561 ab
709 2534 861 2561 infidelibus
882 2534 994 2569 perspici

200 2584 307 2614 potest:
321 2587 383 2607 nam
404 2587 463 2615 quae
478 2579 508 2606 ﬁt.
521 2580 593 2607 intus
608 2580 633 2606 in
649 2580 737 2606 anima
753 2581 888 2614 operatio,
904 2580 994 2607 invisi-

201 2626 261 2654 bilis
284 2628 406 2662 inquam,
427 2634 475 2662 per
486 2627 647 2654 exteriorem
662 2627 797 2662 linguam,
814 2636 892 2661 quam
918 2627 993 2654 audi-

201 2681 260 2701 mus
272 2694 280 2706 ,
300 2673 485 2701 manifestatur
498 2678 525 2700 et
541 2673 700 2700 ostenditur.
716 2674 816 2701 Idcirco
835 2675 914 2701 etiam
930 2674 995 2701 dicit

203 2719 300 2746 I‘aulus
315 2728 322 2746 :
335 2719 476 2755 Unicuique
488 2724 572 2746 autem
590 2720 666 2746 datur
686 2721 856 2752 manifestatio
881 2721 994 2756 Spiritus

201 2764 235 2790 ait
245 2765 376 2792 utilitatem
389 2765 427 2800 (ι.
435 2764 496 2792 Cor.
510 2764 552 2792 η.
563 2765 602 2800 7).
617 2765 706 2800 Itaque
716 2766 799 2800 signis
809 2767 930 2802 equidem
940 2775 992 2795 non

203 2810 319 2845 indigeo.
333 2811 401 2845 Quid
418 2812 467 2839 ita?
478 2811 582 2846 Quippe
595 2812 639 2845 qui
653 2812 753 2843 alisque
768 2812 835 2846 signi
855 2814 993 2848 largitione

203 2855 315 2884 Domino
329 2857 438 2885 credere
461 2858 540 2884 didici
555 2860 636 2884 :‘nam
655 2858 698 2891 qui
713 2858 865 2885 incredulus
879 2864 934 2890 est.
951 2860 991 2895 pi-

561 138 593 166 S-
612 136 751 166 JOANNIS
768 133 1007 165 CllRi’SOSTOMl
1027 135 1185 163 ARCillEP.
1207 135 1480 164 CONSTANTINOP.

1776 137 1827 165 ωο

1036 203 1119 231 gnere
1130 195 1248 231 indiget;
1265 203 1314 231 ego
1330 205 1392 224 vero
1411 196 1523 223 credens
1535 196 1646 231 pignore
1665 196 1777 223 minime
1789 198 1829 223 in.

1035 242 1128 277 digeo,
1143 249 1229 276 neque
1251 243 1326 277 signo
1341 251 1348 269 :
1361 243 1406 270 sed
1432 242 1494 269 licet
1515 242 1602 276 lingua
1618 249 1671 269 rion
1697 243 1801 277 loquar,
1815 251 1829 269 a

1036 288 1152 323 peccatis
1166 292 1304 323 purgatum
1316 296 1377 316 esse
1389 296 1431 315 me
1441 288 1514 320 scio;
1529 293 1556 315 at
1571 288 1610 315 illi
1624 292 1682 315 tum
1698 296 1752 315 non
1769 295 1828 315 cre-

1036 334 1150 367 debant,
1173 334 1224 361 nisi
1246 334 1350 368 signum
1370 334 1536 368 accepissent!
1561 342 1567 359 :
1591 338 1730 368 propterea
1759 334 1832 366 signa

1038 385 1171 414 tamquam
1185 380 1281 415 pignus
1295 379 1429 414 quoddam
1445 379 1504 406 fidei
1515 400 1521 410 ,
1536 387 1588 414 qua
1600 379 1763 410 credebant,
1780 380 1830 406 illis

1035 425 1177 453 dabantur.
1200 425 1291 461 ltaque
1314 433 1365 452 non
1394 431 1422 452 ut
1447 425 1586 458 fidelibus,
1602 425 1650 452 sed
1675 429 1705 452 ut
1719 424 1832 452 inlideli-

1037 472 1087 499 bus
1099 472 1230 499 dabantur
1244 472 1318 506 signa
1329 493 1336 504 ,
1351 476 1380 498 ιιι
1392 471 1486 498 fierent
1509 471 1601 498 lideles
1617 480 1624 498 :
1639 471 1679 498 sic
1688 471 1771 499 etiam
1798 473 1832 497 ait

1037 517 1144 551 Paulus,
1160 517 1242 553 Signa
1265 523 1323 544 sunt
1347 526 1397 544 non
1420 517 1553 551 ﬁdelibus,
1568 517 1613 544 sed
1630 516 1780 551 inﬁdelibus
1795 518 1834 550 (l.

1037 564 1097 592 Cor.
1114 564 1157 591 14.
1173 564 1232 599 2'2).
1251 563 1386 590 VidetiSne
1411 563 1494 590 Deum
1515 564 1652 597 signorum
1680 563 1835 590 manifesta-

1038 612 1135 638 tiouem
1150 610 1319 642 subduxissc,
1330 618 1382 636 non
1396 615 1422 636 ut
1435 610 1577 644 ignominia
1591 617 1639 636 nos
1648 609 1778 641 afficeret,
1789 610 1833 636 sed

1038 664 1064 685 ut
1079 656 1207 683 honorem
1216 655 1350 683 deferret?
1361 655 1426 682 Nam
1445 663 1507 682 cum
1528 655 1606 682 fidem
1623 659 1741 681 nostram
1756 655 1836 682 vellet

1038 703 1190 735 ostendere,
1198 702 1267 737 quod
1278 702 1378 736 absque
1390 701 1541 736 pignoribus
1550 705 1597 728 aut
1604 701 1686 735 signis
1694 701 1732 727 illi
1745 701 1837 727 creda-

1039 756 1107 781 mus,
1123 747 1173 774 ltoc
1186 747 1257 774 fecit.
1268 747 1404 781 Siquidem
1421 746 1469 778 illi,
1485 747 1534 773 nisi
1548 746 1619 780 prius
1631 747 1736 781 signum
1751 750 1779 773 et
1793 747 1834 780 pi-

1038 801 1106 828 gnus
1116 794 1290 828 accepissent,
1299 794 1322 819 ei
1332 793 1366 819 de
1374 792 1451 819 rebus
1461 792 1570 820 minimc
1581 792 1772 827 apparentibus
1787 801 1838 819 inut

1039 840 1231 871 credidissent;
1244 844 1271 866 at
1284 847 1333 874 ego
1345 840 1425 866 etiant
1440 839 1496 866 sine
1512 838 1563 866 hoc
1577 846 1685 866 onmem
1697 838 1778 865 lidcm
1791 847 1839 865 ex-

1040 885 1119 912 hibeo
1132 894 1139 912 :
1157 885 1213 912 Innc
1226 886 1306 920 igitur
1321 893 1400 912 causa
1414 889 1466 915 est.
1474 893 1522 911 cur
1533 885 1586 918 jam
1603 884 1676 919 signa
1692 892 1746 911 non
1765 885 1837 910 liaut.

1075 932 1102 959 5.
1121 931 1269 959 Voluissrm
1304 932 1426 965 equidem
1450 932 1483 958 de
1515 930 1664 957 festivitatis
1693 930 1837 957 occasione

1041 979 1121 1005 verba
1136 977 1235 1010 facere,
1257 985 1289 1004 ac
1314 977 1430 1009 docere,
1455 976 1517 1011 quid
1546 976 1651 1003 tandem
1679 976 1713 1002 sit
1742 976 1838 1003 Pente-

1041 1030 1125 1056 cus1e,
1153 1031 1201 1051 cur
1221 1024 1247 1051 in
1267 1024 1317 1050 hac
1337 1023 1479 1050 festivitate
1503 1022 1601 1049 donum
1618 1022 1735 1056 Spiritus
1750 1022 1840 1048 datum

1041 1070 1086 1101 sit,
1113 1077 1161 1097 cur
1177 1070 1204 1096 in
1228 1070 1324 1104 linguis
1350 1069 1443 1103 igneis,
1468 1073 1496 1095 et
1518 1076 1566 1095 cur
1581 1072 1640 1102 post
1658 1068 1755 1095 decem
1767 1068 1840 1099 dies;

1043 1116 1090 1144 scd
1107 1116 1276 1151 prolixiorem
1299 1116 1447 1142 doctrinam
1465 1123 1525 1142 eSSe
1540 1115 1617 1142 video
1632 1122 1639 1141 :
1653 1116 1840 1149 quanmbrcm,

1042 1163 1087 1190 ubi
1107 1170 1188 1197 pauca
1201 1162 1322 1196 quaedam
1346 1161 1483 1194 addidero,
1508 1161 1585 1187 linem
1601 1160 1697 1187 faciam
1725 1161 1840 1186 ilic-rudi.

1047 1208 1110 1235 Cum
1133 1208 1318 1242 complerentur
1333 1207 1386 1234 dies
1412 1207 1579 1239 Pentuostes,
1604 1207 1843 1241 appurueruntillis

1043 1254 1181 1289 dispertita:
1205 1254 1298 1288 linguae
1325 1259 1453 1287 tamquam
1482 1253 1547 1288 ignis
1574 1253 1683 1287 (Acl.2.
1704 1253 1715 1279 el
1742 1257 1766 1278 et
1791 1253 1842 1285 '5):

1044 1307 1097 1326 non
1123 1298 1201 1334 ignis,
1229 1298 1276 1326 sed
1296 1303 1430 1333 tamquam
1456 1298 1544 1332 ignis,
1568 1303 1597 1324 ut
1615 1298 1685 1324 nihil
1699 1297 1801 1324 sensile
1811 1298 1844 1324 de

1046 1346 1148 1380 Spiritu
1166 1350 1258 1373 sancto
1273 1345 1426 1381 suspiceris.
1440 1344 1515 1372 Sicut
1529 1347 1600 1372 enim
1615 1345 1649 1371 ad
1668 1344 1771 1371 ﬂuenta
1784 1344 1843 1370 Jur—

1044 1393 1120 1419 danis
1134 1400 1186 1419 non
1200 1391 1323 1420 columba
1337 1391 1492 1422 descendit,
1504 1390 1549 1418 sed
1564 1391 1589 1418 in
1605 1391 1697 1425 specie
1711 1390 1844 1417 columbas

1046 1438 1158 1473 (ιλιαδ.
1181 1437 1299 1474 22):ita
1324 1443 1351 1465 et
1371 1437 1414 1464 hic
1439 1444 1491 1464 non
1519 1436 1597 1471 ignis,
1627 1436 1676 1463 sed
1700 1436 1727 1462 in
1753 1437 1842 1470 specie

1045 1485 1133 1520 ignis:
1158 1489 1185 1512 et
1207 1491 1300 1511 rursus
1313 1483 1435 1518 superius
1460 1483 1518 1509 ait:
1536 1481 1675 1516 Tamquam
1688 1482 1844 1508 udi-eruentis

1044 1530 1147 1565 spiritus
1162 1529 1312 1556 velamentis
1327 1529 1396 1565 (Act.
1411 1528 1439 1554 9.
1452 1528 1482 1562 2)
1491 1548 1499 1561 ,
1514 1536 1566 1554 non
1579 1528 1689 1562 spiritus
1701 1527 1846 1554 vehemen-

1046 1576 1090 1608 tis,
1106 1575 1153 1603 sed
1179 1579 1314 1610 tamquam
1339 1573 1506 1601 advenientis
1534 1574 1643 1609 spiritus
1664 1573 1843 1601 vehementis.

1045 1620 1099 1648 Cur
1123 1621 1203 1656 igitur
1229 1620 1352 1648 Esechiel
1372 1619 1480 1654 quidem
1494 1619 1593 1646 donum
1613 1619 1711 1653 accipit
1728 1618 1845 1654 prophe-

1047 1668 1101 1700 ticr,
1130 1674 1182 1694 non
1203 1667 1230 1694 in
1256 1666 1430 1694 similitudine
1452 1666 1538 1701 ignis,
1567 1665 1614 1693 sed
1649 1673 1697 1701 per
1725 1665 1844 1698 librum;

1045 1714 1158 1748 apostoli
1179 1720 1243 1740 vero
1265 1721 1312 1748 per
1339 1714 1426 1748 ignem
1458 1713 1527 1739 dona
1553 1713 1704 1747 recipiunt?
1728 1711 1795 1739 Nam
1810 1711 1845 1738 de

1047 1760 1093 1786 illo
1112 1759 1219 1794 quidem
1231 1759 1269 1785 ait
1288 1759 1436 1793 Scriptura,
1456 1758 1546 1785 datum
1566 1757 1650 1785 fuisse
1673 1758 1699 1785 in
1724 1765 1773 1785 ore
1787 1758 1847 1792 ejus

1046 1805 1190 1840 capitulum
1218 1803 1296 1835 libri,
1318 1808 1345 1830 et
1362 1803 1488 1838 scriptam
1518 1804 1599 1831 fuisse
1629 1803 1844 1838 querimoniam.

1045 1855 1072 1876 ct
1103 1857 1226 1882 carmen,
1242 1855 1269 1878 ct
1292 1857 1332 1877 vae
1357 1858 1364 1876 :
1385 1853 1412 1876 et
1437 1850 1692 1887 fuisse_posteriora
1717 1854 1747 1876 et
1770 1854 1848 1876 aute-

1046 1898 1116 1923 riora
1148 1896 1256 1931 scripta,
1280 1901 1307 1923 et
1327 1895 1477 1923 comedisse
1499 1896 1581 1928 illud,
1606 1901 1632 1923 et
1660 1896 1759 1923 factum
1784 1904 1849 1924 esse

1047 1941 1072 1968 in
1086 1949 1134 1969 ore
1141 1942 1216 1977 quasi
1229 1940 1279 1970 mel
1290 1941 1368 1970 dulce
1378 1940 1484 1977 (Emit.
1493 1941 1510 1968 2
1531 1942 1547 1969 9
1554 1941 1612 1970 :15.
1621 1942 1661 1977 '5).
1673 1942 1710 1968 De
1716 1942 1848 1976 apostolis

1047 1996 1111 2015 vero
1135 1996 1189 2015 non
1213 1988 1268 2015 ita:
1287 1988 1333 2015 sed
1348 1987 1527 2023 Apparaerunt
1539 1989 1575 2015 eis
1594 1988 1690 2022 lingua
1711 1993 1846 2022 tamquam

1046 2033 1122 2068 ignis.
1147 2033 1200 2061 Cur
1224 2033 1302 2069 igitur
1328 2034 1382 2061 illic
1405 2033 1472 2061 liber
1495 2039 1521 2061 et
1540 2034 1634 2066 literm,
1658 2034 1703 2061 hic
1716 2041 1780 2061 vero
1794 2034 1847 2061 lin—

1047 2087 1097 2114 gua
1123 2083 1151 2107 et
1176 2079 1265 2114 ignis?
1288 2078 1365 2113 Quod
1381 2079 1425 2106 ille
1436 2079 1544 2114 quidem
1562 2079 1648 2106 abiret
1664 2079 1847 2107 insectaturus

1049 2129 1176 2159 peccata,
1200 2125 1418 2160 calamitatesque
1436 2124 1559 2152 Judaicas
1584 2124 1792 2159 deploratums;
1817 2125 1847 2152 hi

1047 2179 1110 2198 vero
1125 2176 1231 2206 peccata
1242 2171 1315 2198 orbis
1327 2176 1455 2198 terrarum
1469 2171 1636 2205 absumpturi
1647 2172 1770 2198 exirent:
1782 2179 1847 2206 pro-

1049 2221 1140 2252 pterea
1165 2217 1281 2244 libellum
1303 2216 1347 2244 hic
1371 2216 1483 2251 accepit,
1503 2217 1548 2251 qui
1564 2218 1666 2244 futuras
1680 2217 1846 2244 calamitates

1047 2264 1185 2291 memoria:
1206 2268 1377 2299 suggereret;
1403 2264 1490 2299 ignem
1504 2264 1541 2291 illi
1563 2264 1742 2298 accipiebant,
1757 2269 1786 2291 ut
1799 2271 1847 2290 or-

1047 2309 1088 2336 bis
1103 2314 1231 2337 terrarum
1255 2314 1362 2344 peccata
1381 2314 1536 2340 exurerent,
1550 2314 1577 2336 et
1591 2314 1687 2336 cuncta
1708 2309 1845 2337 delerent.

1047 2354 1112 2382 Nam
1142 2355 1363 2390 quemadmodum
1385 2355 1408 2382 si
1428 2354 1528 2383 incidat
1558 2355 1626 2390 ignis
1650 2355 1677 2381 in
1696 2355 1800 2389 spinas,
1814 2356 1846 2382 il-

1047 2403 1087 2430 las
1111 2403 1188 2430 facile
1209 2402 1280 2430 delet
1304 2410 1397 2430 omnes
1411 2411 1418 2429 :
1432 2403 1471 2430 sic
1490 2408 1518 2429 et.
1537 2401 1652 2437 Spiritus
1677 2402 1764 2437 gratia
1786 2410 1846 2436 pec-

1047 2453 1106 2476 cata
1134 2449 1271 2476 hominum
1301 2449 1469 2476 absumebat.
1490 2448 1588 2476 Verum
1622 2449 1722 2483 stupidi
1748 2449 1844 2481 Judmi.

1047 2495 1110 2522 dum
1126 2494 1184 2522 tunc
1207 2495 1312 2526 fierent,
1339 2503 1400 2522 cum
1423 2495 1482 2522 illos
1500 2495 1610 2529 percelli
1637 2495 1803 2529 oportuisset
1816 2503 1847 2522 ac

1047 2545 1173 2572 tremere.
1195 2541 1309 2576 denique
1334 2541 1485 2576 largitorem
1500 2541 1624 2574 adorare,
1647 2549 1743 2569 rursus
1756 2550 1845 2569 amen-

1047 2587 1110 2614 tiam
1138 2595 1213 2614 suam
1240 2587 1396 2620 ostendunt,
1422 2593 1449 2614 et
1461 2587 1563 2622 Spiritu
1580 2587 1697 2622 repletos
1709 2589 1848 2623 apostolos

1047 2632 1181 2659 ebrietatis
1203 2637 1339 2660 accus:tnt.
1367 2632 1412 2660 Isti
1427 2634 1510 2666 enim,
1524 2633 1666 2668 inquiunt,
1679 2640 1765 2661 musta
1779 2635 1846 2669 pleni

1046 2684 1102 2705 sum
1116 2679 1184 2714 (Αιι.
1200 2679 1226 2706 2.
1243 2679 1297 2715 15).
1324 2679 1512 2707 Animadverte
1531 2679 1676 2715 nequitiam
1691 2680 1842 2710 hominum.

1047 2730 1074 2752 ct
1083 2724 1238 2760 angelorum
1260 2724 1417 2760 probitatem
1443 2725 1626 2760 contemplare
1645 2734 1652 2751 :
1674 2733 1739 2753 nam
1761 2727 1844 2761 angeli

1046 2771 1153 2805 quidem
1171 2778 1231 2798 cum
1250 2771 1379 2806 primitias
1399 2776 1503 2798 nostras
1517 2771 1698 2799 ascendentes
1713 2771 1842 2802 viderent,

1047 2815 1214 2848 ltrtabautur,
1242 2823 1272 2843 ac
1293 2816 1425 2848 dicebant,
1451 2817 1564 2844 .lttallite
1583 2821 1679 2852 portas,
1708 2817 1842 2852 principes.

1047 2866 1149 2892 vestras.
1171 2868 1194 2889 ct
1219 2861 1361 2895 elct'antitti,
1372 2867 1452 2897 parur
1470 2863 1610 2898 attritum,
1626 2867 1651 2890 et
1668 2863 1783 2890 introibit
1801 2870 1844 2889 res:
