1976 3130
119 154 164 182 ιω
616 151 659 183 DE
678 152 811 184 SANCTA
833 154 1062 183 PENTECOSTE.
1084 153 1197 184 llOMlL.
1220 156 1240 185 ῐ.

118 213 203 248 σιονὶω
217 209 304 249 (rut.
319 211 366 240 25.
378 212 407 247 'l)
423 222 429 240 :
447 212 568 241 homines
586 220 650 240 vero
663 212 868 241 descendentem
879 211 912 239 ad

122 267 170 287 nos
190 259 306 294 Spiritus
333 260 444 294 gratiam
471 258 592 287 videntes
623 258 715 286 dicunt
738 259 827 286 ebrios
855 265 916 286 esse

120 304 165 338 qui
190 305 304 339 gratiam
327 309 494 340 receperunt,
513 309 540 331 et
561 312 594 331 ne
607 305 671 331 anni
694 303 802 339 quidem
817 309 918 338 tempe-

120 356 176 377 stas
196 358 243 377 eos
257 351 401 385 repressit;
422 358 482 378 nam
500 350 570 378 veris
588 355 707 386 tempore
722 350 833 385 reperiri
860 357 918 377 mu-

121 401 192 423 stum
216 395 326 423 minime
347 400 434 430 potest
450 405 456 422 :
470 396 541 430 atqui
562 400 618 423 tum
643 403 691 423 ver
723 399 790 422 erat.
818 394 917 422 Verum

122 443 158 469 illi
170 464 174 467 .
186 441 294 477 quidem
315 442 508 477 relinquantur,
522 449 571 469 nos
593 447 681 469 autem
697 440 804 476 benigni
817 441 863 468 Dei
875 448 918 468 re-

121 489 292 516 tributionem
316 489 527 517 consideremus.
551 488 662 522 Accepit
680 486 803 515 Christus
824 487 918 522 primi-

121 535 174 562 tias
200 539 303 562 natura:
325 539 433 568 nostrae,
460 541 492 561 ac
514 533 630 569 Spiritus
649 533 761 568 gratiam
778 533 854 560 nobis
875 540 919 559 re-

121 580 233 607 tribuit:
247 585 275 607 et
287 579 508 615 quemadmodum
525 579 603 614 longo
623 578 650 606 in
666 578 736 605 bello
749 578 788 610 fit,
803 585 864 604 cum
875 576 918 604 di-

121 632 224 661 rempta
238 633 324 661 pugna
339 626 426 656 fuerit.
442 630 469 653 et
478 624 599 652 confecta
613 632 674 659 pax,
689 624 733 659 qui
745 623 794 651 sibi
805 624 918 650 invicem

121 673 220 701 infensi
248 677 334 705 erant,
349 673 457 707 pignora
481 675 574 699 mutuo
598 670 648 698 sibi
670 670 734 698 dant
751 674 777 698 et
795 669 918 697 obsides:

121 719 162 746 sic
186 724 214 746 et
241 718 310 746 inter
337 718 418 746 Deum
441 721 468 745 et
501 721 622 745 naturam
640 716 729 744 evenit
754 715 918 743 humanam:

122 771 173 800 pro
195 764 350 799 pignoribus
364 769 392 792 et
406 763 542 793 obsidibus
556 763 613 799 ipsa
627 763 756 798 primitias
769 762 840 789 misit
853 769 919 797 quas

124 810 151 837 in
169 809 264 837 cmlum
287 810 347 836 tulit
374 808 494 837 Christus
511 809 608 836 :nobis
637 808 680 836 ille
708 807 838 843 Spiritum
855 815 918 834 san-

122 861 196 883 ctum
221 855 339 890 pignoris
365 859 392 882 et
414 854 515 882 obsidis
540 854 600 882 loco
629 853 740 881 remisit.
767 853 851 880 Porro
870 859 920 880 nos

123 902 234 937 pignora
259 905 286 929 et
310 900 417 929 obsides
430 900 528 929 habere
553 900 615 928 hinc
635 900 809 935 liquetznam
823 907 857 926 ex
871 906 919 934 ge-

124 954 190 974 nere
210 947 285 982 regio
312 947 422 982 pignora
443 950 470 974 et
493 946 599 974 obsides
635 953 695 974 esse
723 949 845 981 oportet;
877 945 920 972 id-

123 993 198 1019 circo
220 993 300 1019 etiam
322 992 438 1027 Spiritus
461 997 569 1019 sanctus
581 991 615 1018 ad
641 998 690 1019 nos
710 990 807 1018 missus
821 994 873 1022 est,
891 995 921 1017 ut

123 1037 168 1072 qui
198 1038 314 1065 maxime
340 1037 412 1072 regia
443 1037 479 1064 sit
507 1037 670 1069 substantia,
696 1035 919 1072 quemadmodum

123 1086 152 1109 et
172 1083 247 1118 quia
263 1082 340 1111 nobis
366 1090 472 1110 sursum
493 1086 603 1110 evectus
623 1086 665 1109 est
691 1089 723 1109 ex
748 1089 845 1116 genere
871 1080 921 1108 fuit

124 1133 202 1155 ortus
227 1128 317 1163 regio,
344 1128 442 1163 quippe
467 1127 512 1163 qui
537 1127 647 1155 Davidis
661 1131 733 1155 esset
753 1134 788 1154 ex
807 1126 919 1154 semine.

125 1173 306 1207 Quamobrem
327 1182 380 1201 non
399 1174 514 1209 amplius
527 1174 697 1209 pertimesco,
707 1172 920 1209 quandoquidem

124 1227 232 1247 sursum
248 1220 370 1255 primitiae
381 1224 480 1247 nostra
493 1220 588 1248 sedent
602 1229 609 1247 :
626 1219 725 1247 idcirco
737 1219 799 1247 licet
810 1219 920 1246 immor-

114 1267 208 1293 talem
230 1266 295 1293 mihi
320 1274 439 1294 vermem
454 1266 580 1301 obiicias,
607 1266 670 1294 licet
691 1266 778 1301 ignem
794 1265 922 1293 inexstin-

125 1318 210 1343 ctum.
237 1312 299 1340 licet
328 1312 396 1340 alias
418 1319 511 1348 poenas
524 1320 556 1340 ac
569 1312 708 1348 supplicia,
731 1320 784 1340 non
807 1311 922 1347 amplius

127 1358 295 1386 reformido:
324 1359 379 1386 imo
392 1366 456 1386 vero
480 1357 624 1386 reformido
648 1357 788 1393 equidem,
816 1364 923 1384 verunt-

127 1409 218 1432 tamen
233 1404 268 1432 de
280 1405 366 1432 salute
387 1412 445 1432 mea
459 1412 513 1432 non
527 1404 650 1440 despero.
661 1404 717 1431 Nisi
739 1403 812 1431 enim
827 1410 922 1438 magna

127 1451 155 1477 in
177 1456 262 1485 genus
292 1456 413 1478 nostrum
439 1458 587 1485 congerere
601 1451 670 1477 bona
691 1451 828 1477 statuisset
841 1449 921 1482 Deus,

131 1496 263 1531 primitias
284 1502 388 1524 nostras
408 1504 514 1524 sursum
542 1504 596 1524 non
616 1496 816 1530 assumpsisset.
838 1495 922 1522 Antea

127 1541 238 1576 quidem
264 1549 314 1570 nos
336 1542 512 1577 suspicientes
526 1541 552 1569 in
571 1541 677 1574 escium,
704 1541 874 1576 incorporeas
891 1540 925 1568 il-

129 1587 169 1615 las
181 1587 329 1623 cogitantes
342 1588 464 1620 virtutes,
484 1587 613 1615 vilitatem
640 1591 757 1614 nostram
778 1586 847 1614 facta
861 1593 922 1614 cum

130 1633 254 1669 supernis
277 1633 417 1660 virtutibus
442 1633 642 1668 comparatione
662 1632 923 1666 cernebamus;jam

120 1686 197 1710 vero
230 1687 292 1707 cum
303 1679 466 1707 nobilitatem
479 1684 598 1707 nostram
621 1687 733 1707 eernere
742 1679 922 1713 voluerimus,

76 1722 92 1749 τ’
130 1726 158 1753 in
183 1726 279 1753 caelum
303 1726 472 1761 suspicimus,
497 1725 531 1753 ad
551 1726 653 1761 regium
667 1726 754 1761 ipsum
779 1726 923 1754 thronum:

131 1771 185 1798 illic
207 1772 278 1799 enim
299 1780 332 1799 ex
357 1772 434 1799 nobis
453 1777 565 1807 sumptte
583 1772 707 1807 primitia:
719 1772 868 1799 consident.
887 1771 924 1799 Ita

132 1826 239 1853 quoque
263 1818 353 1845 veniet
367 1826 383 1846 e
406 1818 488 1851 caelis,
513 1822 543 1845 ut
564 1826 613 1845 nos
630 1818 732 1853 iudicet
755 1818 801 1845 Dei
819 1817 923 1846 Filius:

131 1863 305 1897 quamobrem
333 1863 415 1898 parati
430 1864 524 1894 simus.
550 1871 584 1891 ne
596 1863 630 1890 ab
654 1863 697 1890 illa
720 1863 803 1897 gloria
817 1863 925 1891 excida-

132 1916 202 1936 mus.
215 1907 331 1936 Omnino
343 1909 414 1936 enim
429 1910 517 1937 veniet
540 1913 567 1937 et
579 1916 631 1936 nco
646 1909 760 1936 tardabit
777 1909 926 1937 communis

132 1954 261 1982 Dominus
285 1960 392 1987 noster;
408 1956 495 1983 veniet
521 1955 654 1983 exercitus
680 1963 771 1983 secum
797 1954 925 1989 trahens,

131 1999 289 2034 angelorum
304 2000 420 2035 agmina,
436 2001 544 2029 ordines
570 2001 801 2036 archangelorum,
826 2005 927 2037 marty—

132 2052 192 2072 rum
214 2050 327 2078 turmas,
338 2045 469 2080 iustorum
482 2046 589 2078 choros,
609 2046 798 2082 prophetarum
818 2051 844 2074 et
864 2053 927 2080 apo-

132 2090 263 2118 stolorum
275 2096 371 2124 ctelus,
380 2096 407 2119 et
415 2091 442 2119 in
454 2092 542 2119 medio
554 2093 729 2126 spiritualium
741 2092 927 2120 illorumexer-

133 2136 234 2163 cituum
259 2135 387 2163 ineffabili
413 2136 526 2171 quadam
540 2141 566 2165 et
583 2137 760 2173 inexplicabili
773 2137 856 2172 gloria
880 2145 926 2165 rex

134 2180 314 2208 circumdatus
328 2181 474 2216 apparebit.

169 2225 197 2252 6.
210 2226 325 2253 Omnem
339 2227 417 2261 igitur
441 2235 548 2262 operam
568 2227 757 2260 adhibeamus,
781 2232 810 2255 ut
827 2227 861 2255 ab
884 2228 926 2255 illa

134 2271 218 2306 gloria
244 2279 298 2299 non
319 2272 482 2300 extidantus.
499 2272 583 2300 Vultis
596 2273 682 2300 dicant
698 2274 777 2300 etiam
800 2281 842 2306 ea,
867 2281 927 2309 qua:

135 2322 266 2345 terrorem
281 2317 428 2345 incutient?
440 2325 492 2345 non
509 2323 536 2345 ut
551 2319 683 2345 tristitiam
697 2319 816 2351 alferam,
830 2319 877 2347 sed
899 2324 928 2346 ut

135 2361 168 2389 ad
186 2362 325 2390 meliorem
334 2362 434 2397 frugem
449 2363 594 2391 traducam.
606 2364 674 2391 Tum
681 2364 779 2391 ﬂumen
787 2365 854 2399 ignis
866 2369 928 2392 ante

136 2407 252 2434 tribunal
271 2407 335 2435 illud
349 2408 461 2436 trahitur
480 2407 560 2445 (Dan.
575 2409 669 2444 7.10).
693 2415 754 2437 tunc
774 2409 929 2444 aperiuntur

136 2453 195 2480 libri
208 2473 217 2486 ,
230 2453 358 2487 judicium
370 2458 510 2481 exercetur
522 2453 690 2482 formidabile
702 2462 733 2482 ac
743 2455 926 2482 tremendum:

136 2503 280 2535 propterea
293 2503 426 2535 tamquam
452 2500 478 2528 in
513 2500 612 2535 judicio
639 2501 699 2528 vita:
722 2508 819 2529 nostra?
845 2502 927 2530 diaria

137 2545 263 2580 leguntur
276 2550 303 2573 et
316 2547 511 2579 commentarii,
527 2551 555 2574 et
567 2547 647 2574 multa
659 2547 693 2575 de
716 2547 790 2575 libris
807 2548 865 2575 istis
890 2547 930 2575 lo-

138 2596 259 2625 quuntur
281 2591 429 2626 prophetat.
443 2593 482 2620 Ac
495 2592 581 2620 Moses
594 2591 702 2627 quidem
718 2593 771 2620 ait:
788 2593 818 2620 Si
830 2592 929 2627 quidem

135 2636 242 2663 remittis
259 2637 295 2664 eis
315 2641 462 2673 peccatum,
476 2639 589 2670 remitte;
603 2639 643 2665 sin
661 2643 755 2669 autem,
771 2647 810 2665 tne
834 2647 930 2674 quoque

134 2682 189 2710 dele
198 2683 230 2709 de
242 2683 306 2710 libro
314 2691 386 2718 quem
393 2683 515 2718 scripsisti
526 2683 621 2719 (Exod.
631 2683 677 2712 52.
688 2683 743 2719 52).
754 2683 875 2711 Christus
883 2692 914 2712 ve
920 2699 929 2704 -

135 2735 165 2754 ro
178 2735 273 2756 rursus
285 2728 320 2756 ad
329 2729 474 2763 discipulos
483 2729 603 2757 dicebat:
616 2728 650 2756 1η
663 2730 710 2756 Ιιοε
720 2731 798 2757 nolite
809 2730 928 2765 gaudere,

133 2773 201 2804 quod
211 2773 340 2801 damento
354 2774 423 2801 vobis
432 2774 600 2810 subjiciuntur
613 2783 622 2802 :
637 2775 743 2810 gaudete
754 2781 848 2807 autem,
863 2776 930 2809 quod

136 2819 238 2846 sentina
264 2824 348 2847 vestra
362 2820 457 2854 scripta
476 2826 534 2848 sunt
546 2822 571 2847 in
594 2822 662 2848 cretis
677 2820 751 2855 (Luc.
768 2821 810 2848 i0.
825 2821 870 2856 20)
885 2826 931 2849 :et

137 2871 226 2892 rursus
239 2865 371 2901 propheta
386 2866 467 2894 David
483 2876 489 2893 :
505 2866 536 2893 In
548 2868 611 2894 Iihro
626 2873 667 2894 tuo
676 2876 760 2895 omms
770 2867 928 2894 scribentur:

1712 162 1764 189 ιὺε

970 212 1022 240 dies
1031 213 1248 249 formabuntur;et
1259 222 1331 240 nemo
1344 214 1371 241 in
1383 215 1417 241 cis
1428 214 1509 250 (Psal.
1527 215 1584 243 138.
1602 215 1692 251 iG):ct
1704 224 1762 242 rur-

969 265 1014 285 sus
1030 269 1037 285 ;
1052 258 1191 286 Delemtlur
1205 259 1236 286 de
1250 258 1314 286 libra
1328 260 1471 293 viventium,
1494 266 1516 288 et
1540 270 1597 288 cum
1613 262 1691 297 justi:
1711 271 1762 288 mm

969 303 1110 330 scribantur
1121 303 1205 339 (Psal.
1221 303 1265 331 68.
1282 303 1340 337 29').
1353 304 1434 332 Vides
1450 306 1515 332 alios
1537 307 1644 341 quidem
1666 307 1762 337 deleri.

969 348 1037 375 alios
1062 356 1125 376 vero
1149 349 1280 377 inscribi?
1306 350 1345 377 vis
1370 349 1473 378 discere
1501 359 1552 378 non
1575 352 1660 386 justus
1682 353 1763 380 modo

970 393 1044 421 libris
1070 394 1095 421 in
1116 392 1166 421 iilis
1189 395 1280 428 scribi,
1294 395 1341 422 sed
1362 396 1440 423 etiam
1461 403 1568 431 peccata
1598 403 1687 425 nostra
1711 398 1764 427 illic

970 446 1029 466 esse
1042 440 1205 474 perscripta?
1229 440 1389 468 Festivitatis
1415 446 1519 476 tctnpus
1541 447 1602 475 est,
1630 442 1764 471 discamus

971 492 1014 517 ea,
1038 485 1134 521 quibus
1148 494 1291 522 possumus
1305 495 1320 514 a
1342 488 1474 522 supplicio
1495 488 1601 516 liberari
1618 498 1625 516 :
1640 489 1764 517 terribilis

971 537 1012 560 est
1025 534 1120 564 oratio,
1134 533 1181 560 sed
1196 533 1268 561 utilis
1286 538 1313 561 ct
1326 533 1472 567 fructuosa,
1500 535 1628 570 siquidem
1643 536 1762 570 impedit,

972 587 1005 606 ne
1029 580 1115 614 reipsa
1132 585 1223 614 pinnas
1249 580 1440 614 experiamur:
1457 588 1523 616 ergo
1546 581 1679 608 discamus
1705 590 1764 617 per-

971 623 1050 652 scribi
1066 628 1184 660 peccata,
1198 630 1226 653 et
1249 626 1376 662 quidquid
1401 627 1443 654 hic
1454 627 1556 662 loquuti
1570 628 1706 658 fuerimus.
1727 628 1761 655 il-

971 670 1014 698 lnc
1038 671 1129 698 statim
1148 670 1245 699 deferri
1263 676 1290 699 ct
1312 672 1450 707 perscribi.
1475 672 1550 701 Unde
1563 682 1628 701 vero
1655 673 1679 700 id
1701 681 1761 702 con-

971 717 1046 744 stal?
1059 725 1110 744 non
1124 717 1194 745 enim
1211 718 1270 746 talia
1291 723 1353 746 sunt
1362 719 1517 753 simpliciter
1533 720 1698 748 afﬁrmanda.
1715 720 1762 748 Mi-

971 762 1060 790 chzras
1077 763 1084 779 '
1100 763 1132 791 ad
1145 763 1252 791 Judaeos
1271 765 1308 791 ait
1322 773 1328 791 :
1350 764 1393 792 νω
1405 766 1447 799 qui
1468 767 1607 800 provocati:
1625 767 1760 793 Dominum

976 805 1012 833 Et
1022 808 1162 842 quomodo,
1172 808 1511 843 inquiunt,provocavimus
1524 819 1581 837 eum
1589 812 1602 837 .7
1611 810 1643 838 In
1654 819 1683 837 eo
1691 810 1761 846 quod

977 862 1020 881 vos
1035 853 1141 880 dicitis:
1154 853 1246 880 Omnis
1257 855 1302 888 qui
1312 855 1376 889 facit
1388 855 1497 888 malum,
1510 857 1593 884 bonus
1601 861 1639 883 est
1652 857 1679 883 in
1697 864 1760 882 cott-

975 904 1062 935 spectu
1074 899 1301 933 Dontiui(Malac/t
1320 901 1347 927 2.
1358 900 1410 931 Π).
1423 902 1610 936 lmproborum
1620 910 1760 929 servorum

971 951 1034 974 sunt
1044 947 1094 974 ista
1109 946 1197 979 verba,
1211 951 1239 974 et
1253 946 1279 974 in
1292 947 1325 974 iis
1341 947 1396 982 ipse
1409 946 1457 974 sibi
1466 948 1644 982 complacuit:
1661 948 1687 975 in
1699 955 1761 982 per-

972 991 1044 1022 ditis.
1059 991 1154 1026 inquit,
1170 991 1196 1019 in
1212 991 1254 1023 iis.
1268 991 1312 1027 qui
1325 1000 1378 1019 non
1387 992 1535 1019 servierunt
1549 992 1583 1019 ei.
1603 992 1668 1019 Ecce
1681 997 1752 1019 casto

973 1036 1080 1064 dicimus
1088 1037 1216 1064 custodias
1224 1038 1289 1072 ejus.
1297 1041 1320 1064 et
1331 1036 1415 1064 beatos
1423 1037 1531 1064 dicimus
1538 1037 1634 1064 alienos
1640 1035 1767 1071 (Malach.

973 1080 999 1110 5.
1015 1082 1058 1110 ιιι.
1071 1082 1128 1117 i5).
1142 1081 1197 1110 Nos
1204 1083 1286 1115 enim,
1295 1082 1389 1118 inquit,
1400 1082 1518 1118 quotidie
1531 1083 1671 1115 servimus,
1683 1089 1707 1110 et
1719 1082 1766 1110 alii

973 1128 1050 1156 bonis
1061 1129 1205 1163 potiuntur.
1217 1129 1291 1157 Talia
1304 1130 1428 1157 nimirum
1442 1137 1625 1164 strpenumero
1638 1130 1671 1157 de
1680 1129 1767 1157 domi-

974 1175 1016 1202 nis
1028 1173 1099 1202 servi
1112 1174 1274 1210 loquuntur:
1289 1174 1337 1203 sed
1351 1174 1486 1202 hominem
1496 1175 1600 1210 quidem
1612 1175 1645 1202 de
1657 1175 1764 1203 homine

974 1220 1023 1248 ista
1031 1220 1118 1248 dicere
1124 1227 1176 1247 non
1185 1220 1221 1248 ita
1229 1226 1310 1255 grave
1317 1224 1368 1251 est.
1380 1220 1485 1247 tametsi
1495 1226 1534 1248 est
1545 1228 1639 1255 grave:
1649 1219 1684 1247 de
1691 1228 1750 1247 com
1756 1234 1766 1241 ο

975 1266 1047 1292 muni
1058 1273 1120 1292 vero
1131 1265 1211 1292 totius
1222 1262 1295 1292 orbis
1304 1270 1433 1292 terrarum
1446 1264 1558 1292 Domino
1568 1265 1624 1293 ba-c
1635 1264 1764 1300 proferre,

973 1310 1007 1338 de
1018 1309 1181 1338 misericordi
1194 1318 1226 1338 ac
1240 1310 1355 1345 benigno
1368 1310 1479 1337 Domino
1493 1310 1566 1338 ttulla
1581 1318 1633 1337 non
1648 1310 1766 1345 graviori

974 1356 1081 1389 mulcta,
1096 1357 1169 1383 nullo
1181 1364 1234 1384 non
1246 1361 1367 1384 extremo
1376 1356 1505 1391 supplicio
1517 1355 1704 1384 vindicandum
1714 1361 1767 1384 est.

975 1401 1028 1429 Sed
1040 1406 1068 1429 ut
1083 1401 1216 1437 intelligas
1224 1401 1354 1436 ejusmodi
1372 1401 1451 1428 verba
1469 1401 1614 1436 perscribi,
1629 1401 1690 1428 audi
1707 1400 1770 1436 quid

975 1448 1046 1475 dicat
1055 1448 1185 1484 propheta
1197 1459 1204 1475 :
1218 1447 1284 1475 Ecce
1295 1447 1390 1484 scripta
1399 1452 1458 1475 sunt
1465 1448 1518 1475 lucc
1529 1448 1555 1475 in
1564 1447 1628 1475 libro
1638 1448 1771 1475 visentium

974 1493 1001 1520 in
1010 1494 1228 1521 monumentumin
1238 1498 1372 1529 conspectu
1383 1492 1478 1528 l)ei(llt
1504 1501 1528 1521 ν.
1542 1493 1598 1528 16).
1609 1493 1770 1521 Scribuntur

975 1544 1064 1567 autem
1076 1560 1084 1572 ,
1103 1547 1156 1567 non
1177 1540 1248 1575 quod
1265 1540 1333 1567 Deus
1347 1540 1373 1567 in
1387 1540 1542 1568 memoriam
1565 1547 1672 1567 revocet
1686 1539 1769 1574 diem,

975 1584 1017 1611 vel
1024 1584 1282 1619 tantquamcriminis
1289 1583 1416 1619 probandi
1425 1591 1503 1612 causa
1512 1588 1540 1612 et
1546 1584 1721 1612 accusationis
1730 1584 1771 1611 ιιμ

975 1634 1137 1658 momentum
1151 1629 1246 1657 librum
1260 1628 1385 1664 proferat.
1395 1629 1519 1657 Fortasse
1528 1634 1643 1657 mentem
1655 1633 1770 1657 vestram

977 1675 1072 1703 timore
1083 1674 1222 1708 concussi;
1238 1682 1290 1702 non
1304 1679 1430 1706 vestram.
1445 1675 1492 1702 sed
1508 1683 1593 1703 meam
1607 1675 1689 1711 prius.
1715 1676 1771 1710 Age

977 1721 1055 1757 igitur
1069 1721 1217 1749 orationem
1235 1720 1382 1753 absolvam,
1396 1721 1437 1749 vel
1449 1721 1535 1756 potius
1546 1721 1667 1749 timorem
1681 1721 1768 1748 exsol-

976 1775 1037 1795 vam
1052 1776 1059 1795 :
1073 1767 1126 1794 imo
1137 1774 1201 1794 vero
1216 1774 1268 1794 non
1282 1766 1430 1800 exsolvam,
1442 1766 1488 1794 sed
1501 1766 1614 1799 leniam;
1629 1767 1690 1794 volo
1700 1767 1770 1794 enim

977 1818 1094 1846 maneat,
1108 1818 1135 1841 et
1149 1818 1265 1841 mentem
1289 1819 1404 1841 vestram
1429 1817 1533 1849 purget,
1548 1813 1596 1841 sed
1617 1813 1771 1840 imminuatu

978 1859 1061 1892 illum,
1077 1867 1110 1887 ne
1120 1859 1154 1886 sit
1167 1859 1354 1887 intolerabilis.
1369 1859 1488 1892 Quanam
1503 1866 1567 1894 ergo
1582 1858 1684 1886 ratione
1698 1863 1772 1892 pote-

978 1906 1061 1933 rimus
1073 1905 1250 1933 imminuere?
1264 1906 1292 1934 Si
1302 1913 1354 1933 nnn
1364 1905 1442 1933 modo
1456 1905 1583 1940 perscribi
1598 1902 1771 1939 peccata,sed

977 1951 1056 1978 etiam
1069 1951 1152 1978 deleri
1172 1951 1453 1978 demonstraverintus.
1466 1950 1531 1978 Nam
1550 1950 1577 1977 in
1587 1949 1688 1984 judicio
1699 1956 1771 1983 qur-

978 2004 1092 2032 cumque
1114 1997 1212 2025 dixerit
1234 1997 1261 2025 in
1284 1996 1485 2025 commentariis
1506 1994 1693 2031 perscribenda
1715 1995 1769 2026 ille,

978 2044 1021 2079 qui
1037 2043 1130 2078 litigat,
1143 2043 1253 2071 omnino
1265 2043 1418 2070 scribuntur
1433 2043 1458 2069 in
1473 2046 1640 2077 perpetuum,
1655 2048 1703 2068 nec
1712 2048 1772 2066 ant—

980 2090 1048 2125 plius
1061 2090 1144 2118 deleri
1159 2095 1285 2125 possunt;
1300 2095 1328 2117 at
1339 2089 1366 2117 in
1381 2089 1426 2116 illo
1437 2089 1514 2119 libro.
1527 2088 1588 2116 licet
1613 2087 1681 2114 mala
1698 2094 1771 2121 qua:-

980 2137 1050 2172 piam
1060 2136 1170 2170 dixeris,
1186 2136 1208 2164 si
1222 2136 1347 2168 volueris,
1361 2142 1455 2163 rursus
1474 2135 1606 2162 delentur.
1622 2133 1699 2161 Unde
1721 2132 1772 2160 hoc

980 2184 1080 2218 liquet?
1092 2183 1131 2210 Ex
1145 2183 1292 2217 Scriptura.
1307 2182 1397 2209 Aoerte
1409 2181 1485 2213 enim,
1500 2181 1594 2215 inquit,
1604 2179 1694 2215 facient
1703 2184 1772 2205 tuam

980 2238 996 2256 α
1010 2228 1118 2264 peccatis
1137 2229 1208 2261 nteit,
1230 2233 1253 2255 et
1271 2235 1357 2254 omnes
1373 2227 1514 2262 iniquitates
1529 2234 1596 2253 utea;
1618 2225 1672 2252 dele
1685 2223 1771 2259 (Ptol.

979 2275 1024 2302 50.
1039 2273 1093 2309 li).
1107 2274 1141 2301 At
1155 2281 1233 2301 nemo
1256 2273 1327 2308 quod
1349 2272 1476 2307 scriptum
1491 2279 1542 2299 non
1556 2276 1606 2302 est.
1621 2271 1710 2298 delere
1726 2278 1774 2304 po-

980 2325 1032 2347 test
1048 2330 1054 2348 :
1069 2320 1156 2355 itaque
1179 2319 1304 2354 quoniam
1321 2318 1417 2352 scripta
1441 2317 1558 2350 fuerant,
1574 2316 1657 2345 deleri
1679 2324 1774 2351 preca-

982 2371 1034 2393 tur.
1052 2365 1130 2393 Docet
1146 2371 1234 2392 autent
1247 2370 1274 2392 ct
1287 2365 1355 2392 alius
1375 2363 1493 2399 quidam,
1509 2370 1625 2397 quonam
1638 2367 1715 2397 pacto
1727 2362 1774 2389 de-

981 2411 1096 2444 leantur,
1107 2411 1141 2438 ita
1153 2410 1244 2438 dicens
1260 2418 1267 2436 τ
1283 2409 1456 2444 Elcemosynis
1468 2414 1491 2436 et
1505 2408 1556 2443 ﬁde
1566 2412 1708 2443 purgantur
1720 2416 1774 2441 pec-

981 2463 1036 2486 cata
1048 2457 1136 2494 (Prov.
1152 2456 1195 2484 15.
1206 2456 1252 2492 27)
1266 2465 1273 2484 :
1286 2464 1338 2482 non
1364 2459 1464 2482 lautum
1485 2454 1618 2486 delcntttr,
1632 2453 1678 2480 sed
1693 2453 1774 2480 etiatu

981 2509 1137 2540 purgantur,
1152 2504 1190 2531 sic
1202 2507 1231 2530 ut
1244 2510 1293 2530 nce
1306 2502 1365 2529 ulla:
1380 2501 1500 2536 reliquize
1509 2506 1632 2527 maneant
1643 2499 1771 2527 delectio-

981 2551 1033 2578 nis.
1055 2550 1144 2585 Neqtte
1168 2557 1232 2577 vero
1253 2557 1312 2583 quae
1332 2553 1391 2583 post
1414 2547 1574 2582 baptismum
1587 2547 1683 2581 scripta
1698 2551 1772 2578 sunt,

982 2602 1082 2624 tantum
1096 2597 1233 2627 delentur;
1249 2595 1295 2623 sed
1311 2595 1390 2622 etiam
1406 2602 1465 2629 quae
1478 2599 1539 2621 ante
1552 2594 1685 2621 lavacrum
1706 2592 1773 2618 seri-

983 2647 1025 2678 pta
1041 2642 1154 2674 fuerant,
1171 2642 1215 2669 illa
1227 2641 1316 2669 omnia
1330 2639 1454 2676 baptismi
1468 2647 1536 2675 aqua
1550 2643 1577 2666 et
1586 2637 1684 2666 Christi
1695 2643 1774 2664 cruce

982 2689 1112 2721 delentur,
1129 2689 1198 2716 sicut
1211 2692 1239 2716 et
1253 2687 1350 2716 Paulus
1371 2688 1408 2714 ait
1423 2695 1430 2714 :
1446 2686 1548 2718 Detenr,
1569 2684 1637 2720 quod
1655 2684 1774 2710 adt-crsu:

982 2743 1027 2762 nos
1037 2739 1099 2766 crat,
1116 2734 1322 2769 chirographum,
1335 2732 1402 2768 quod
1413 2737 1466 2759 erat
1481 2730 1632 2759 contrarium
1643 2728 1715 2756 nobis
1727 2735 1736 2755 :
1751 2732 1775 2755 et

982 2781 1064 2815 ipsum
1077 2780 1132 2807 tulit
1147 2781 1178 2806 de
1187 2779 1277 2812 medio,
1290 2779 1397 2814 aﬂigens
1405 2778 1472 2806 illud
1481 2777 1549 2804 cruci
1559 2775 1668 2809 (Colon.
1677 2773 1704 2801 2.
1717 2775 1772 2805 Η».

983 2825 1063 2853 Vides
1071 2832 1123 2860 quo
1132 2829 1207 2860 pacto
1218 2824 1334 2852 deletum
1343 2824 1421 2851 fuerit
1430 2822 1492 2850 illml
1502 2819 1776 2856 chirograpltutnhtu-

1015 2871 1024 2888 ⁸
1041 2871 1077 2896 sic
1088 2876 1182 2901 omnes,
1194 2870 1237 2895 sed
1248 2872 1286 2895 est
1298 2869 1429 2898 ttalacblas,
1442 2875 1490 2893 nou
1505 2867 1618 2892 uiola-ss.
