  <div class='ocr_page' id='page_1' title='image "/cluster/home/n/w/nwhite01/storage/ocr_20150623/49-50/njp.32101077772620/470.png"; bbox 0 0 1976 3130; ppageno 0'>
   <div class='ocr_carea' id='block_1_1' title="bbox 117 197 165 225">
    <p class='ocr_par' dir='ltr' id='par_1_1' title="bbox 117 197 165 225">
     <span class='ocr_line' id='line_1_1' title="bbox 117 197 165 225; baseline -0.063 0"><span class='ocrx_word' id='word_1_1' title='bbox 117 197 165 225; x_wconf 60' lang='grc' dir='ltr'><strong>ιω</strong></span> 
     </span>
    </p>
   </div>
   <div class='ocr_carea' id='block_1_2' title="bbox 117 252 902 288">
    <p class='ocr_par' dir='ltr' id='par_1_2' title="bbox 117 252 902 288">
     <span class='ocr_line' id='line_1_2' title="bbox 117 252 902 288; baseline -0.004 -6"><span class='ocrx_word' id='word_1_2' title='bbox 117 255 209 287; x_wconf 78' lang='lat' dir='ltr'><strong>bilius,</strong></span> <span class='ocrx_word' id='word_1_3' title='bbox 232 253 260 281; x_wconf 88' lang='lat' dir='ltr'><strong>in</strong></span> <span class='ocrx_word' id='word_1_4' title='bbox 284 258 377 281; x_wconf 90' lang='lat' dir='ltr'><strong>natura</strong></span> <span class='ocrx_word' id='word_1_5' title='bbox 401 257 587 288; x_wconf 75' lang='lat' dir='ltr'><strong>permanentes</strong></span> <span class='ocrx_word' id='word_1_6' title='bbox 609 252 724 280; x_wconf 84' lang='lat' dir='ltr'><strong>humana</strong></span> <span class='ocrx_word' id='word_1_7' title='bbox 747 252 902 287; x_wconf 75' lang='lat' dir='ltr'><strong>angelorum</strong></span> 
     </span>
    </p>
   </div>
   <div class='ocr_carea' id='block_1_3' title="bbox 116 298 904 334">
    <p class='ocr_par' dir='ltr' id='par_1_3' title="bbox 116 298 904 334">
     <span class='ocr_line' id='line_1_3' title="bbox 116 298 904 334; baseline -0.005 -5"><span class='ocrx_word' id='word_1_8' title='bbox 116 300 340 329; x_wconf 73' lang='lat' dir='ltr'><strong>conversationem</strong></span> <span class='ocrx_word' id='word_1_9' title='bbox 367 299 533 327; x_wconf 81' lang='lat' dir='ltr'><strong>exhibemus.</strong></span> <span class='ocrx_word' id='word_1_10' title='bbox 558 298 642 326; x_wconf 84' lang='lat' dir='ltr'><strong>Tanta</strong></span> <span class='ocrx_word' id='word_1_11' title='bbox 664 298 795 334; x_wconf 86' lang='lat' dir='ltr'><strong>siquidem</strong></span> <span class='ocrx_word' id='word_1_12' title='bbox 820 299 904 325; x_wconf 86' lang='lat' dir='ltr'><strong>virtus</strong></span> 
     </span>
    </p>
   </div>
   <div class='ocr_carea' id='block_1_4' title="bbox 115 343 903 381">
    <p class='ocr_par' dir='ltr' id='par_1_4' title="bbox 115 343 903 381">
     <span class='ocr_line' id='line_1_4' title="bbox 115 343 903 381; baseline -0.005 -7"><span class='ocrx_word' id='word_1_13' title='bbox 115 352 153 374; x_wconf 80' lang='lat' dir='ltr'><strong>est</strong></span> <span class='ocrx_word' id='word_1_14' title='bbox 166 345 278 381; x_wconf 92' lang='lat' dir='ltr'><strong>Spiritus</strong></span> <span class='ocrx_word' id='word_1_15' title='bbox 293 345 388 373; x_wconf 89' lang='lat' dir='ltr'><strong>sancti.</strong></span> <span class='ocrx_word' id='word_1_16' title='bbox 411 345 444 372; x_wconf 65' lang='lat' dir='ltr'><strong>lit</strong></span> <span class='ocrx_word' id='word_1_17' title='bbox 461 344 684 380; x_wconf 82' lang='lat' dir='ltr'><strong>quemadmodum</strong></span> <span class='ocrx_word' id='word_1_18' title='bbox 698 343 766 379; x_wconf 86' lang='lat' dir='ltr'><strong>ignis</strong></span> <span class='ocrx_word' id='word_1_19' title='bbox 778 344 844 375; x_wconf 87' lang='lat' dir='ltr'><strong>istc,</strong></span> <span class='ocrx_word' id='word_1_20' title='bbox 858 343 903 378; x_wconf 87' lang='lat' dir='ltr'><strong>qui</strong></span> 
     </span>
    </p>
   </div>
   <div class='ocr_carea' id='block_1_5' title="bbox 115 388 902 425">
    <p class='ocr_par' dir='ltr' id='par_1_5' title="bbox 115 388 902 425">
     <span class='ocr_line' id='line_1_5' title="bbox 115 388 902 425; baseline -0.004 -7"><span class='ocrx_word' id='word_1_21' title='bbox 115 399 189 419; x_wconf 81' lang='lat' dir='ltr'><strong>sensu</strong></span> <span class='ocrx_word' id='word_1_22' title='bbox 209 391 372 425; x_wconf 82' lang='lat' dir='ltr'><strong>percipitur,</strong></span> <span class='ocrx_word' id='word_1_23' title='bbox 387 390 431 417; x_wconf 90' lang='lat' dir='ltr'><strong>ubi</strong></span> <span class='ocrx_word' id='word_1_24' title='bbox 453 390 536 417; x_wconf 87' lang='lat' dir='ltr'><strong>molle</strong></span> <span class='ocrx_word' id='word_1_25' title='bbox 555 389 638 416; x_wconf 88' lang='lat' dir='ltr'><strong>ltttutn</strong></span> <span class='ocrx_word' id='word_1_26' title='bbox 656 389 778 423; x_wconf 88' lang='lat' dir='ltr'><strong>ceperit,</strong></span> <span class='ocrx_word' id='word_1_27' title='bbox 792 388 902 423; x_wconf 93' lang='lat' dir='ltr'><strong>rigidam</strong></span> 
     </span>
    </p>
   </div>
   <div class='ocr_carea' id='block_1_6' title="bbox 115 435 902 470">
    <p class='ocr_par' dir='ltr' id='par_1_6' title="bbox 115 435 902 470">
     <span class='ocr_line' id='line_1_6' title="bbox 115 435 902 470; baseline -0.004 -6"><span class='ocrx_word' id='word_1_28' title='bbox 115 437 174 465; x_wconf 82' lang='lat' dir='ltr'><strong>illud</strong></span> <span class='ocrx_word' id='word_1_29' title='bbox 187 441 283 464; x_wconf 87' lang='lat' dir='ltr'><strong>testam</strong></span> <span class='ocrx_word' id='word_1_30' title='bbox 297 436 378 464; x_wconf 81' lang='lat' dir='ltr'><strong>efﬁcit</strong></span> <span class='ocrx_word' id='word_1_31' title='bbox 389 445 396 463; x_wconf 90' lang='lat'>:</span> <span class='ocrx_word' id='word_1_32' title='bbox 407 436 447 463; x_wconf 88' lang='lat' dir='ltr'><strong>sic</strong></span> <span class='ocrx_word' id='word_1_33' title='bbox 459 436 583 463; x_wconf 89' lang='lat' dir='ltr'><strong>nimirum</strong></span> <span class='ocrx_word' id='word_1_34' title='bbox 596 440 624 462; x_wconf 92' lang='lat' dir='ltr'><strong>et</strong></span> <span class='ocrx_word' id='word_1_35' title='bbox 637 436 704 470; x_wconf 82' lang='lat' dir='ltr'><strong>ignis</strong></span> <span class='ocrx_word' id='word_1_36' title='bbox 719 435 834 470; x_wconf 89' lang='lat' dir='ltr'><strong>Spiritus</strong></span> <span class='ocrx_word' id='word_1_37' title='bbox 843 442 902 462; x_wconf 89' lang='lat' dir='ltr'><strong>cutn</strong></span> 
     </span>
    </p>
   </div>
   <div class='ocr_carea' id='block_1_7' title="bbox 115 482 902 517">
    <p class='ocr_par' dir='ltr' id='par_1_7' title="bbox 115 482 902 517">
     <span class='ocr_line' id='line_1_7' title="bbox 115 482 902 517; baseline -0.003 -7"><span class='ocrx_word' id='word_1_38' title='bbox 115 484 224 510; x_wconf 84' lang='lat' dir='ltr'><strong>animam</strong></span> <span class='ocrx_word' id='word_1_39' title='bbox 238 483 352 516; x_wconf 83' lang='lat' dir='ltr'><strong>probam</strong></span> <span class='ocrx_word' id='word_1_40' title='bbox 365 483 519 517; x_wconf 87' lang='lat' dir='ltr'><strong>occuparit,</strong></span> <span class='ocrx_word' id='word_1_41' title='bbox 536 483 596 510; x_wconf 88' lang='lat' dir='ltr'><strong>licet</strong></span> <span class='ocrx_word' id='word_1_42' title='bbox 611 490 669 509; x_wconf 84' lang='lat' dir='ltr'><strong>eam</strong></span> <span class='ocrx_word' id='word_1_43' title='bbox 683 482 739 509; x_wconf 87' lang='lat' dir='ltr'><strong>luto</strong></span> <span class='ocrx_word' id='word_1_44' title='bbox 754 482 902 509; x_wconf 87' lang='lat' dir='ltr'><strong>molliorem</strong></span> 
     </span>
    </p>
   </div>
   <div class='ocr_carea' id='block_1_8' title="bbox 114 528 902 564">
    <p class='ocr_par' dir='ltr' id='par_1_8' title="bbox 114 528 902 564">
     <span class='ocr_line' id='line_1_8' title="bbox 114 528 902 564; baseline -0.003 -7"><span class='ocrx_word' id='word_1_45' title='bbox 114 529 254 564; x_wconf 77' lang='lat' dir='ltr'><strong>receperit,</strong></span> <span class='ocrx_word' id='word_1_46' title='bbox 272 529 344 556; x_wconf 82' lang='lat' dir='ltr'><strong>ferro</strong></span> <span class='ocrx_word' id='word_1_47' title='bbox 361 529 494 556; x_wconf 90' lang='lat' dir='ltr'><strong>dttriorem</strong></span> <span class='ocrx_word' id='word_1_48' title='bbox 517 529 589 555; x_wconf 91' lang='lat' dir='ltr'><strong>illam</strong></span> <span class='ocrx_word' id='word_1_49' title='bbox 609 528 713 561; x_wconf 84' lang='lat' dir='ltr'><strong>reddit;</strong></span> <span class='ocrx_word' id='word_1_50' title='bbox 729 528 828 556; x_wconf 85' lang='lat' dir='ltr'><strong>etenim</strong></span> <span class='ocrx_word' id='word_1_51' title='bbox 842 535 902 555; x_wconf 86' lang='lat' dir='ltr'><strong>eum</strong></span> 
     </span>
    </p>
   </div>
   <div class='ocr_carea' id='block_1_9' title="bbox 113 574 902 611">
    <p class='ocr_par' dir='ltr' id='par_1_9' title="bbox 113 574 902 611">
     <span class='ocr_line' id='line_1_9' title="bbox 113 574 902 611; baseline -0.003 -9"><span class='ocrx_word' id='word_1_52' title='bbox 113 576 153 611; x_wconf 87' lang='lat' dir='ltr'><strong>qui</strong></span> <span class='ocrx_word' id='word_1_53' title='bbox 166 575 242 610; x_wconf 86' lang='lat' dir='ltr'><strong>paulo</strong></span> <span class='ocrx_word' id='word_1_54' title='bbox 255 580 318 602; x_wconf 83' lang='lat' dir='ltr'><strong>ante</strong></span> <span class='ocrx_word' id='word_1_55' title='bbox 334 579 501 609; x_wconf 81' lang='lat' dir='ltr'><strong>peccatorum</strong></span> <span class='ocrx_word' id='word_1_56' title='bbox 517 575 581 602; x_wconf 73' lang='lat' dir='ltr'><strong>hcce</strong></span> <span class='ocrx_word' id='word_1_57' title='bbox 595 575 710 609; x_wconf 83' lang='lat' dir='ltr'><strong>pollutus</strong></span> <span class='ocrx_word' id='word_1_58' title='bbox 722 580 780 602; x_wconf 86' lang='lat' dir='ltr'><strong>erat</strong></span> <span class='ocrx_word' id='word_1_59' title='bbox 791 594 799 607; x_wconf 93' lang='lat'><strong>,</strong></span> <span class='ocrx_word' id='word_1_60' title='bbox 815 574 902 601; x_wconf 90' lang='lat' dir='ltr'><strong>conti-</strong></span> 
     </span>
    </p>
   </div>
   <div class='ocr_carea' id='block_1_10' title="bbox 115 619 902 656">
    <p class='ocr_par' dir='ltr' id='par_1_10' title="bbox 115 619 902 656">
     <span class='ocr_line' id='line_1_10' title="bbox 115 619 902 656; baseline -0.004 -8"><span class='ocrx_word' id='word_1_61' title='bbox 115 629 163 649; x_wconf 90' lang='lat' dir='ltr'><strong>utto</strong></span> <span class='ocrx_word' id='word_1_62' title='bbox 180 621 237 648; x_wconf 85' lang='lat' dir='ltr'><strong>sole</strong></span> <span class='ocrx_word' id='word_1_63' title='bbox 257 621 316 656; x_wconf 87' lang='lat' dir='ltr'><strong>ipso</strong></span> <span class='ocrx_word' id='word_1_64' title='bbox 332 621 412 648; x_wconf 80' lang='lat' dir='ltr'><strong>efficit</strong></span> <span class='ocrx_word' id='word_1_65' title='bbox 428 621 578 648; x_wconf 89' lang='lat' dir='ltr'><strong>clariorem.</strong></span> <span class='ocrx_word' id='word_1_66' title='bbox 596 621 682 655; x_wconf 70' lang='lat' dir='ltr'><strong>Atque</strong></span> <span class='ocrx_word' id='word_1_67' title='bbox 702 620 752 647; x_wconf 88' lang='lat' dir='ltr'><strong>hoc</strong></span> <span class='ocrx_word' id='word_1_68' title='bbox 766 619 829 646; x_wconf 90' lang='lat' dir='ltr'><strong>illud</strong></span> <span class='ocrx_word' id='word_1_69' title='bbox 844 623 902 652; x_wconf 76' lang='lat' dir='ltr'><strong>est,</strong></span> 
     </span>
    </p>
   </div>
   <div class='ocr_carea' id='block_1_11' title="bbox 113 666 903 702">
    <p class='ocr_par' dir='ltr' id='par_1_11' title="bbox 113 666 903 702">
     <span class='ocr_line' id='line_1_11' title="bbox 113 666 903 702; baseline -0.003 -8"><span class='ocrx_word' id='word_1_70' title='bbox 113 667 178 702; x_wconf 87' lang='lat' dir='ltr'><strong>quod</strong></span> <span class='ocrx_word' id='word_1_71' title='bbox 193 667 288 694; x_wconf 86' lang='lat' dir='ltr'><strong>beatus</strong></span> <span class='ocrx_word' id='word_1_72' title='bbox 303 674 352 694; x_wconf 90' lang='lat' dir='ltr'><strong>nos</strong></span> <span class='ocrx_word' id='word_1_73' title='bbox 364 667 478 694; x_wconf 77' lang='lat' dir='ltr'><strong>docebat</strong></span> <span class='ocrx_word' id='word_1_74' title='bbox 501 666 614 699; x_wconf 79' lang='lat' dir='ltr'><strong>Paulus,</strong></span> <span class='ocrx_word' id='word_1_75' title='bbox 629 673 688 693; x_wconf 92' lang='lat' dir='ltr'><strong>cum</strong></span> <span class='ocrx_word' id='word_1_76' title='bbox 709 666 838 693; x_wconf 88' lang='lat' dir='ltr'><strong>clamaret</strong></span> <span class='ocrx_word' id='word_1_77' title='bbox 849 686 856 696; x_wconf 96' lang='lat'><strong>,</strong></span> <span class='ocrx_word' id='word_1_78' title='bbox 872 672 903 692; x_wconf 88' lang='lat' dir='ltr'><strong>ac</strong></span> 
     </span>
    </p>
   </div>
   <div class='ocr_carea' id='block_1_12' title="bbox 113 710 903 748">
    <p class='ocr_par' dir='ltr' id='par_1_12' title="bbox 113 710 903 748">
     <span class='ocr_line' id='line_1_12' title="bbox 113 710 903 748; baseline -0.004 -9"><span class='ocrx_word' id='word_1_79' title='bbox 113 713 221 743; x_wconf 86' lang='lat' dir='ltr'><strong>diceret,</strong></span> <span class='ocrx_word' id='word_1_80' title='bbox 242 711 333 739; x_wconf 73' lang='lat' dir='ltr'><strong>Nolite</strong></span> <span class='ocrx_word' id='word_1_81' title='bbox 350 721 434 739; x_wconf 78' lang='lat' dir='ltr'><strong>errare</strong></span> <span class='ocrx_word' id='word_1_82' title='bbox 448 720 458 739; x_wconf 88' lang='lat'><strong><em>:</em></strong></span> <span class='ocrx_word' id='word_1_83' title='bbox 469 719 547 746; x_wconf 83' lang='lat' dir='ltr'><strong>neque</strong></span> <span class='ocrx_word' id='word_1_84' title='bbox 570 712 701 748; x_wconf 77' lang='lat' dir='ltr'><strong>fornicarii</strong></span> <span class='ocrx_word' id='word_1_85' title='bbox 711 732 717 743; x_wconf 94' lang='lat'><strong>,</strong></span> <span class='ocrx_word' id='word_1_86' title='bbox 732 719 810 746; x_wconf 78' lang='lat' dir='ltr'><strong>neque</strong></span> <span class='ocrx_word' id='word_1_87' title='bbox 827 710 903 737; x_wconf 83' lang='lat' dir='ltr'><strong>idolis</strong></span> 
     </span>
    </p>
   </div>
   <div class='ocr_carea' id='block_1_13' title="bbox 113 757 902 793">
    <p class='ocr_par' dir='ltr' id='par_1_13' title="bbox 113 757 902 793">
     <span class='ocr_line' id='line_1_13' title="bbox 113 757 902 793; baseline -0.004 -8"><span class='ocrx_word' id='word_1_88' title='bbox 113 759 240 786; x_wconf 68' lang='lat' dir='ltr'><strong>seri-iantes</strong></span> <span class='ocrx_word' id='word_1_89' title='bbox 249 778 257 790; x_wconf 90' lang='lat'><strong>,</strong></span> <span class='ocrx_word' id='word_1_90' title='bbox 273 766 354 792; x_wconf 80' lang='lat' dir='ltr'><strong>neque</strong></span> <span class='ocrx_word' id='word_1_91' title='bbox 368 758 491 790; x_wconf 83' lang='lat' dir='ltr'><strong>adulteri,</strong></span> <span class='ocrx_word' id='word_1_92' title='bbox 505 766 584 793; x_wconf 80' lang='lat' dir='ltr'><strong>neque</strong></span> <span class='ocrx_word' id='word_1_93' title='bbox 595 757 698 790; x_wconf 77' lang='lat' dir='ltr'><strong>molles,</strong></span> <span class='ocrx_word' id='word_1_94' title='bbox 712 765 790 792; x_wconf 81' lang='lat' dir='ltr'><strong>neque</strong></span> <span class='ocrx_word' id='word_1_95' title='bbox 801 765 902 783; x_wconf 79' lang='lat' dir='ltr'><strong>muscu-</strong></span> 
     </span>
    </p>
   </div>
   <div class='ocr_carea' id='block_1_14' title="bbox 114 803 903 840">
    <p class='ocr_par' dir='ltr' id='par_1_14' title="bbox 114 803 903 840">
     <span class='ocr_line' id='line_1_14' title="bbox 114 803 903 840; baseline -0.004 -8"><span class='ocrx_word' id='word_1_96' title='bbox 114 805 190 832; x_wconf 82' lang='lat' dir='ltr'><strong>lorum</strong></span> <span class='ocrx_word' id='word_1_97' title='bbox 207 805 397 837; x_wconf 70' lang='lat' dir='ltr'><strong>concubitores,</strong></span> <span class='ocrx_word' id='word_1_98' title='bbox 412 813 491 837; x_wconf 85' lang='lat' dir='ltr'><strong>neque</strong></span> <span class='ocrx_word' id='word_1_99' title='bbox 508 807 590 840; x_wconf 79' lang='lat' dir='ltr'><strong>fures,</strong></span> <span class='ocrx_word' id='word_1_100' title='bbox 609 812 688 839; x_wconf 78' lang='lat' dir='ltr'><strong>neque</strong></span> <span class='ocrx_word' id='word_1_101' title='bbox 702 803 792 830; x_wconf 88' lang='lat' dir='ltr'><strong>ebriosi</strong></span> <span class='ocrx_word' id='word_1_102' title='bbox 803 824 810 834; x_wconf 89' lang='lat'><em>.</em></span> <span class='ocrx_word' id='word_1_103' title='bbox 824 811 903 837; x_wconf 76' lang='lat' dir='ltr'><strong>neque</strong></span> 
     </span>
    </p>
   </div>
   <div class='ocr_carea' id='block_1_15' title="bbox 114 849 902 886">
    <p class='ocr_par' dir='ltr' id='par_1_15' title="bbox 114 849 902 886">
     <span class='ocr_line' id='line_1_15' title="bbox 114 849 902 886; baseline -0.003 -8"><span class='ocrx_word' id='word_1_104' title='bbox 114 851 233 882; x_wconf 64' lang='lat' dir='ltr'><strong>nledici,</strong></span> <span class='ocrx_word' id='word_1_105' title='bbox 245 859 326 885; x_wconf 75' lang='lat' dir='ltr'><strong>neque</strong></span> <span class='ocrx_word' id='word_1_106' title='bbox 335 859 439 885; x_wconf 78' lang='lat' dir='ltr'><strong>rapaces</strong></span> <span class='ocrx_word' id='word_1_107' title='bbox 448 859 552 886; x_wconf 76' lang='lat' dir='ltr'><strong>regnum</strong></span> <span class='ocrx_word' id='word_1_108' title='bbox 565 850 613 877; x_wconf 89' lang='lat' dir='ltr'><strong>Dei</strong></span> <span class='ocrx_word' id='word_1_109' title='bbox 623 849 783 885; x_wconf 82' lang='lat' dir='ltr'><strong>possidebunt</strong></span> <span class='ocrx_word' id='word_1_110' title='bbox 794 850 816 884; x_wconf 83' lang='grc'><strong>(1</strong></span> <span class='ocrx_word' id='word_1_111' title='bbox 824 869 831 876; x_wconf 90' lang='grc'><strong>.</strong></span> <span class='ocrx_word' id='word_1_112' title='bbox 842 849 902 877; x_wconf 87' lang='lat' dir='ltr'><strong>Cor.</strong></span> 
     </span>
    </p>
   </div>
   <div class='ocr_carea' id='block_1_16' title="bbox 113 895 903 932">
    <p class='ocr_par' dir='ltr' id='par_1_16' title="bbox 113 895 903 932">
     <span class='ocr_line' id='line_1_16' title="bbox 113 895 903 932; baseline 0 -9"><span class='ocrx_word' id='word_1_113' title='bbox 113 897 137 923; x_wconf 70' lang='grc' dir='ltr'><strong>ϐ.</strong></span> <span class='ocrx_word' id='word_1_114' title='bbox 153 896 178 923; x_wconf 83' lang='lat'><strong>9.</strong></span> <span class='ocrx_word' id='word_1_115' title='bbox 196 896 250 932; x_wconf 69' lang='lat'><strong>10).</strong></span> <span class='ocrx_word' id='word_1_116' title='bbox 268 897 300 923; x_wconf 83' lang='lat' dir='ltr'><strong>Et</strong></span> <span class='ocrx_word' id='word_1_117' title='bbox 315 904 375 924; x_wconf 89' lang='lat' dir='ltr'><strong>cum</strong></span> <span class='ocrx_word' id='word_1_118' title='bbox 396 897 485 924; x_wconf 84' lang='lat' dir='ltr'><strong>omnia</strong></span> <span class='ocrx_word' id='word_1_119' title='bbox 507 895 591 923; x_wconf 83' lang='lat' dir='ltr'><strong>ferme</strong></span> <span class='ocrx_word' id='word_1_120' title='bbox 612 895 788 930; x_wconf 82' lang='lat' dir='ltr'><strong>improbitatis</strong></span> <span class='ocrx_word' id='word_1_121' title='bbox 806 903 903 930; x_wconf 84' lang='lat' dir='ltr'><strong>genera</strong></span> 
     </span>
    </p>
   </div>
   <div class='ocr_carea' id='block_1_17' title="bbox 113 941 900 978">
    <p class='ocr_par' dir='ltr' id='par_1_17' title="bbox 113 941 900 978">
     <span class='ocr_line' id='line_1_17' title="bbox 113 941 900 978; baseline -0.003 -9"><span class='ocrx_word' id='word_1_122' title='bbox 113 947 302 974; x_wconf 80' lang='lat' dir='ltr'><strong>enumerasset,</strong></span> <span class='ocrx_word' id='word_1_123' title='bbox 313 950 414 978; x_wconf 88' lang='lat' dir='ltr'><strong>eosque</strong></span> <span class='ocrx_word' id='word_1_124' title='bbox 423 941 467 977; x_wconf 87' lang='lat' dir='ltr'><strong>qui</strong></span> <span class='ocrx_word' id='word_1_125' title='bbox 480 949 509 969; x_wconf 89' lang='lat' dir='ltr'><strong>se</strong></span> <span class='ocrx_word' id='word_1_126' title='bbox 522 941 563 968; x_wconf 89' lang='lat' dir='ltr'><strong>his</strong></span> <span class='ocrx_word' id='word_1_127' title='bbox 573 942 690 976; x_wconf 88' lang='lat' dir='ltr'><strong>peccatis</strong></span> <span class='ocrx_word' id='word_1_128' title='bbox 700 941 900 974; x_wconf 80' lang='lat' dir='ltr'><strong>obstrinxerim,</strong></span> 
     </span>
    </p>
   </div>
   <div class='ocr_carea' id='block_1_18' title="bbox 113 987 899 1024">
    <p class='ocr_par' dir='ltr' id='par_1_18' title="bbox 113 987 899 1024">
     <span class='ocr_line' id='line_1_18' title="bbox 113 987 899 1024; baseline -0.001 -10"><span class='ocrx_word' id='word_1_129' title='bbox 113 988 208 1015; x_wconf 84' lang='lat' dir='ltr'><strong>alienos</strong></span> <span class='ocrx_word' id='word_1_130' title='bbox 220 987 280 1015; x_wconf 80' lang='lat' dir='ltr'><strong>ﬁeri</strong></span> <span class='ocrx_word' id='word_1_131' title='bbox 295 996 310 1015; x_wconf 91' lang='lat' dir='ltr'><strong>a</strong></span> <span class='ocrx_word' id='word_1_132' title='bbox 326 996 406 1024; x_wconf 79' lang='lat' dir='ltr'><strong>regno</strong></span> <span class='ocrx_word' id='word_1_133' title='bbox 421 988 467 1015; x_wconf 90' lang='lat' dir='ltr'><strong>Dei</strong></span> <span class='ocrx_word' id='word_1_134' title='bbox 482 988 625 1020; x_wconf 87' lang='lat' dir='ltr'><strong>docuisset,</strong></span> <span class='ocrx_word' id='word_1_135' title='bbox 640 988 766 1015; x_wconf 90' lang='lat' dir='ltr'><strong>continuo</strong></span> <span class='ocrx_word' id='word_1_136' title='bbox 779 987 899 1021; x_wconf 80' lang='lat' dir='ltr'><strong>subjecit,</strong></span> 
     </span>
    </p>
   </div>
   <div class='ocr_carea' id='block_1_19' title="bbox 113 1033 902 1070">
    <p class='ocr_par' dir='ltr' id='par_1_19' title="bbox 113 1033 902 1070">
     <span class='ocr_line' id='line_1_19' title="bbox 113 1033 902 1070; baseline 0 -10"><span class='ocrx_word' id='word_1_137' title='bbox 113 1033 144 1060; x_wconf 83' lang='lat' dir='ltr'><strong>Et</strong></span> <span class='ocrx_word' id='word_1_138' title='bbox 155 1034 205 1060; x_wconf 68' lang='lat' dir='ltr'><strong>hac</strong></span> <span class='ocrx_word' id='word_1_139' title='bbox 219 1035 323 1069; x_wconf 83' lang='lat' dir='ltr'><strong>quidem</strong></span> <span class='ocrx_word' id='word_1_140' title='bbox 337 1035 439 1070; x_wconf 73' lang='lat' dir='ltr'><strong>fuistis;</strong></span> <span class='ocrx_word' id='word_1_141' title='bbox 452 1035 498 1061; x_wconf 84' lang='lat' dir='ltr'><strong>sed</strong></span> <span class='ocrx_word' id='word_1_142' title='bbox 509 1034 589 1062; x_wconf 87' lang='lat' dir='ltr'><strong>abluti</strong></span> <span class='ocrx_word' id='word_1_143' title='bbox 601 1035 676 1067; x_wconf 80' lang='lat' dir='ltr'><strong>estis,</strong></span> <span class='ocrx_word' id='word_1_144' title='bbox 690 1034 734 1061; x_wconf 80' lang='lat' dir='ltr'><strong>sed</strong></span> <span class='ocrx_word' id='word_1_145' title='bbox 751 1034 902 1067; x_wconf 81' lang='lat' dir='ltr'><strong>sanctiﬁcati</strong></span> 
     </span>
    </p>
   </div>
   <div class='ocr_carea' id='block_1_20' title="bbox 111 1080 903 1116">
    <p class='ocr_par' dir='ltr' id='par_1_20' title="bbox 111 1080 903 1116">
     <span class='ocr_line' id='line_1_20' title="bbox 111 1080 903 1116; baseline 0 -9"><span class='ocrx_word' id='word_1_146' title='bbox 111 1081 174 1110; x_wconf 77' lang='lat' dir='ltr'><strong>estis,</strong></span> <span class='ocrx_word' id='word_1_147' title='bbox 188 1080 233 1107; x_wconf 81' lang='lat' dir='ltr'><strong>sed</strong></span> <span class='ocrx_word' id='word_1_148' title='bbox 240 1081 380 1115; x_wconf 77' lang='lat' dir='ltr'><strong>justiﬁcati</strong></span> <span class='ocrx_word' id='word_1_149' title='bbox 394 1081 453 1107; x_wconf 81' lang='lat' dir='ltr'><strong>estis</strong></span> <span class='ocrx_word' id='word_1_150' title='bbox 465 1080 517 1116; x_wconf 84' lang='lat' dir='ltr'><strong>(Ib.</strong></span> <span class='ocrx_word' id='word_1_151' title='bbox 533 1089 557 1108; x_wconf 78' lang='grc' dir='ltr'><strong>ιτ.</strong></span> <span class='ocrx_word' id='word_1_152' title='bbox 573 1080 629 1116; x_wconf 77' lang='lat' dir='ltr'><strong>il).</strong></span> <span class='ocrx_word' id='word_1_153' title='bbox 642 1081 700 1115; x_wconf 86' lang='lat' dir='ltr'><strong>Quo</strong></span> <span class='ocrx_word' id='word_1_154' title='bbox 715 1085 802 1115; x_wconf 89' lang='lat' dir='ltr'><strong>pacto,</strong></span> <span class='ocrx_word' id='word_1_155' title='bbox 817 1087 903 1115; x_wconf 89' lang='lat' dir='ltr'><strong>quave</strong></span> 
     </span>
    </p>
   </div>
   <div class='ocr_carea' id='block_1_21' title="bbox 112 1127 904 1162">
    <p class='ocr_par' dir='ltr' id='par_1_21' title="bbox 112 1127 904 1162">
     <span class='ocr_line' id='line_1_21' title="bbox 112 1127 904 1162; baseline -0.001 -8"><span class='ocrx_word' id='word_1_156' title='bbox 112 1127 226 1154; x_wconf 80' lang='lat' dir='ltr'><strong>ratione?</strong></span> <span class='ocrx_word' id='word_1_157' title='bbox 239 1127 295 1159; x_wconf 87' lang='lat' dir='ltr'><strong>die,</strong></span> <span class='ocrx_word' id='word_1_158' title='bbox 313 1135 404 1162; x_wconf 65' lang='lat' dir='ltr'><strong>quaeso</strong></span> <span class='ocrx_word' id='word_1_159' title='bbox 420 1137 426 1154; x_wconf 91' lang='lat'>:</span> <span class='ocrx_word' id='word_1_160' title='bbox 444 1127 494 1155; x_wconf 88' lang='lat' dir='ltr'><strong>hoc</strong></span> <span class='ocrx_word' id='word_1_161' title='bbox 507 1127 577 1155; x_wconf 90' lang='lat' dir='ltr'><strong>enim</strong></span> <span class='ocrx_word' id='word_1_162' title='bbox 593 1127 657 1154; x_wconf 88' lang='lat' dir='ltr'><strong>illttd</strong></span> <span class='ocrx_word' id='word_1_163' title='bbox 669 1131 710 1155; x_wconf 92' lang='lat' dir='ltr'><strong>est</strong></span> <span class='ocrx_word' id='word_1_164' title='bbox 722 1127 792 1162; x_wconf 90' lang='lat' dir='ltr'><strong>quod</strong></span> <span class='ocrx_word' id='word_1_165' title='bbox 808 1127 904 1161; x_wconf 75' lang='lat' dir='ltr'><strong>qua-ri-</strong></span> 
     </span>
    </p>
   </div>
   <div class='ocr_carea' id='block_1_22' title="bbox 111 1171 902 1208">
    <p class='ocr_par' dir='ltr' id='par_1_22' title="bbox 111 1171 902 1208">
     <span class='ocr_line' id='line_1_22' title="bbox 111 1171 902 1208; baseline 0.003 -10"><span class='ocrx_word' id='word_1_166' title='bbox 111 1177 159 1199; x_wconf 90' lang='lat' dir='ltr'><strong>tur.</strong></span> <span class='ocrx_word' id='word_1_167' title='bbox 175 1171 207 1199; x_wconf 86' lang='lat' dir='ltr'><strong>Iu</strong></span> <span class='ocrx_word' id='word_1_168' title='bbox 219 1174 323 1200; x_wconf 87' lang='lat' dir='ltr'><strong>nomine</strong></span> <span class='ocrx_word' id='word_1_169' title='bbox 335 1173 438 1200; x_wconf 79' lang='lat' dir='ltr'><strong>Domini</strong></span> <span class='ocrx_word' id='word_1_170' title='bbox 450 1173 513 1200; x_wconf 67' lang='lat' dir='ltr'><strong>Iesu</strong></span> <span class='ocrx_word' id='word_1_171' title='bbox 532 1173 635 1206; x_wconf 84' lang='lat' dir='ltr'><strong>Christi,</strong></span> <span class='ocrx_word' id='word_1_172' title='bbox 650 1173 744 1208; x_wconf 80' lang='lat' dir='ltr'><strong>inquit,</strong></span> <span class='ocrx_word' id='word_1_173' title='bbox 760 1178 782 1200; x_wconf 89' lang='lat' dir='ltr'><strong>et</strong></span> <span class='ocrx_word' id='word_1_174' title='bbox 796 1173 823 1200; x_wconf 86' lang='lat' dir='ltr'><strong>in</strong></span> <span class='ocrx_word' id='word_1_175' title='bbox 838 1172 902 1207; x_wconf 83' lang='lat' dir='ltr'><strong>Spi-</strong></span> 
     </span>
    </p>
   </div>
   <div class='ocr_carea' id='block_1_23' title="bbox 112 1218 901 1255">
    <p class='ocr_par' dir='ltr' id='par_1_23' title="bbox 112 1218 901 1255">
     <span class='ocr_line' id='line_1_23' title="bbox 112 1218 901 1255; baseline 0.001 -10"><span class='ocrx_word' id='word_1_176' title='bbox 112 1218 157 1245; x_wconf 88' lang='lat' dir='ltr'><strong>ritu</strong></span> <span class='ocrx_word' id='word_1_177' title='bbox 171 1219 217 1245; x_wconf 78' lang='lat' dir='ltr'><strong>Dei</strong></span> <span class='ocrx_word' id='word_1_178' title='bbox 232 1220 315 1246; x_wconf 80' lang='lat' dir='ltr'><strong>nostri</strong></span> <span class='ocrx_word' id='word_1_179' title='bbox 329 1219 434 1255; x_wconf 84' lang='lat' dir='ltr'><strong>(Ibid.).</strong></span> <span class='ocrx_word' id='word_1_180' title='bbox 451 1219 530 1248; x_wconf 79' lang='lat' dir='ltr'><strong>Vides</strong></span> <span class='ocrx_word' id='word_1_181' title='bbox 543 1220 667 1247; x_wconf 72' lang='lat' dir='ltr'><strong>virtutem</strong></span> <span class='ocrx_word' id='word_1_182' title='bbox 680 1219 793 1254; x_wconf 88' lang='lat' dir='ltr'><strong>Spiritus</strong></span> <span class='ocrx_word' id='word_1_183' title='bbox 805 1219 901 1251; x_wconf 85' lang='lat' dir='ltr'><strong>sancti,</strong></span> 
     </span>
    </p>
   </div>
   <div class='ocr_carea' id='block_1_24' title="bbox 111 1265 903 1300">
    <p class='ocr_par' dir='ltr' id='par_1_24' title="bbox 111 1265 903 1300">
     <span class='ocr_line' id='line_1_24' title="bbox 111 1265 903 1300; baseline -0.001 -8"><span class='ocrx_word' id='word_1_184' title='bbox 111 1265 242 1292; x_wconf 80' lang='lat' dir='ltr'><strong>carissime</strong></span> <span class='ocrx_word' id='word_1_185' title='bbox 254 1266 265 1292; x_wconf 70' lang='lat'><strong><em>2</em></strong></span> <span class='ocrx_word' id='word_1_186' title='bbox 280 1265 354 1293; x_wconf 80' lang='lat' dir='ltr'><strong>vides</strong></span> <span class='ocrx_word' id='word_1_187' title='bbox 365 1270 394 1293; x_wconf 86' lang='lat' dir='ltr'><strong>ut</strong></span> <span class='ocrx_word' id='word_1_188' title='bbox 405 1273 511 1293; x_wconf 86' lang='lat' dir='ltr'><strong>omnem</strong></span> <span class='ocrx_word' id='word_1_189' title='bbox 529 1266 597 1293; x_wconf 89' lang='lat' dir='ltr'><strong>hanc</strong></span> <span class='ocrx_word' id='word_1_190' title='bbox 611 1266 774 1300; x_wconf 87' lang='lat' dir='ltr'><strong>iniquitatem</strong></span> <span class='ocrx_word' id='word_1_191' title='bbox 788 1265 903 1300; x_wconf 86' lang='lat' dir='ltr'><strong>Spiritus</strong></span> 
     </span>
    </p>
   </div>
   <div class='ocr_carea' id='block_1_25' title="bbox 111 1311 903 1347">
    <p class='ocr_par' dir='ltr' id='par_1_25' title="bbox 111 1311 903 1347">
     <span class='ocr_line' id='line_1_25' title="bbox 111 1311 903 1347; baseline 0.001 -10"><span class='ocrx_word' id='word_1_192' title='bbox 111 1316 212 1338; x_wconf 83' lang='lat' dir='ltr'><strong>sanctus</strong></span> <span class='ocrx_word' id='word_1_193' title='bbox 230 1311 378 1343; x_wconf 80' lang='lat' dir='ltr'><strong>deleverit,</strong></span> <span class='ocrx_word' id='word_1_194' title='bbox 399 1319 498 1347; x_wconf 89' lang='lat' dir='ltr'><strong>eosqtte</strong></span> <span class='ocrx_word' id='word_1_195' title='bbox 522 1312 566 1347; x_wconf 90' lang='lat' dir='ltr'><strong>qui</strong></span> <span class='ocrx_word' id='word_1_196' title='bbox 589 1312 662 1347; x_wconf 90' lang='lat' dir='ltr'><strong>prius</strong></span> <span class='ocrx_word' id='word_1_197' title='bbox 680 1319 695 1338; x_wconf 91' lang='lat' dir='ltr'><strong>a</strong></span> <span class='ocrx_word' id='word_1_198' title='bbox 716 1311 831 1346; x_wconf 83' lang='lat' dir='ltr'><strong>peccatis</strong></span> <span class='ocrx_word' id='word_1_199' title='bbox 847 1311 903 1338; x_wconf 86' lang='lat' dir='ltr'><strong>suis</strong></span> 
     </span>
    </p>
   </div>
   <div class='ocr_carea' id='block_1_26' title="bbox 112 1357 868 1390">
    <p class='ocr_par' dir='ltr' id='par_1_26' title="bbox 112 1357 868 1390">
     <span class='ocr_line' id='line_1_26' title="bbox 112 1357 868 1390; baseline 0.001 -7"><span class='ocrx_word' id='word_1_200' title='bbox 112 1357 202 1390; x_wconf 82' lang='lat' dir='ltr'><strong>proditi</strong></span> <span class='ocrx_word' id='word_1_201' title='bbox 217 1362 306 1390; x_wconf 89' lang='lat' dir='ltr'><strong>erant,</strong></span> <span class='ocrx_word' id='word_1_202' title='bbox 320 1357 408 1384; x_wconf 86' lang='lat' dir='ltr'><strong>subito</strong></span> <span class='ocrx_word' id='word_1_203' title='bbox 420 1357 454 1384; x_wconf 92' lang='lat' dir='ltr'><strong>ad</strong></span> <span class='ocrx_word' id='word_1_204' title='bbox 465 1365 585 1385; x_wconf 85' lang='lat' dir='ltr'><strong>summos</strong></span> <span class='ocrx_word' id='word_1_205' title='bbox 599 1358 714 1384; x_wconf 89' lang='lat' dir='ltr'><strong>ltonores</strong></span> <span class='ocrx_word' id='word_1_206' title='bbox 728 1357 868 1385; x_wconf 81' lang='lat' dir='ltr'><strong>evexerit?</strong></span> 
     </span>
    </p>
   </div>
   <div class='ocr_carea' id='block_1_27' title="bbox 143 1401 903 1437">
    <p class='ocr_par' dir='ltr' id='par_1_27' title="bbox 143 1401 903 1437">
     <span class='ocr_line' id='line_1_27' title="bbox 143 1401 903 1437; baseline 0.005 -10"><span class='ocrx_word' id='word_1_207' title='bbox 143 1401 169 1428; x_wconf 77' lang='lat'><strong>2.</strong></span> <span class='ocrx_word' id='word_1_208' title='bbox 183 1401 312 1429; x_wconf 77' lang='lat' dir='ltr'><strong>Aduersus</strong></span> <span class='ocrx_word' id='word_1_209' title='bbox 326 1401 580 1431; x_wconf 84' lang='lat' dir='ltr'><strong>Pneumatomachos.</strong></span> <span class='ocrx_word' id='word_1_210' title='bbox 591 1417 627 1422; x_wconf 88' lang='lat'><strong>-—</strong></span> <span class='ocrx_word' id='word_1_211' title='bbox 636 1402 702 1436; x_wconf 83' lang='lat' dir='ltr'><strong>Quis</strong></span> <span class='ocrx_word' id='word_1_212' title='bbox 713 1409 777 1437; x_wconf 85' lang='lat' dir='ltr'><strong>ergo</strong></span> <span class='ocrx_word' id='word_1_213' title='bbox 789 1409 838 1437; x_wconf 89' lang='lat' dir='ltr'><strong>pro</strong></span> <span class='ocrx_word' id='word_1_214' title='bbox 850 1410 903 1431; x_wconf 81' lang='lat' dir='ltr'><strong>tne-</strong></span> 
     </span>
    </p>
   </div>
   <div class='ocr_carea' id='block_1_28' title="bbox 112 1448 902 1485">
    <p class='ocr_par' dir='ltr' id='par_1_28' title="bbox 112 1448 902 1485">
     <span class='ocr_line' id='line_1_28' title="bbox 112 1448 902 1485; baseline 0.004 -11"><span class='ocrx_word' id='word_1_215' title='bbox 112 1448 159 1474; x_wconf 90' lang='lat' dir='ltr'><strong>rito</strong></span> <span class='ocrx_word' id='word_1_216' title='bbox 176 1448 266 1483; x_wconf 79' lang='lat' dir='ltr'><strong>lugeat</strong></span> <span class='ocrx_word' id='word_1_217' title='bbox 284 1456 316 1476; x_wconf 88' lang='lat' dir='ltr'><strong>ac</strong></span> <span class='ocrx_word' id='word_1_218' title='bbox 331 1449 452 1484; x_wconf 89' lang='lat' dir='ltr'><strong>deploret</strong></span> <span class='ocrx_word' id='word_1_219' title='bbox 465 1457 528 1482; x_wconf 85' lang='lat' dir='ltr'><strong>eos,</strong></span> <span class='ocrx_word' id='word_1_220' title='bbox 543 1450 588 1485; x_wconf 86' lang='lat' dir='ltr'><strong>qui</strong></span> <span class='ocrx_word' id='word_1_221' title='bbox 603 1449 774 1485; x_wconf 87' lang='lat' dir='ltr'><strong>blasphemiis</strong></span> <span class='ocrx_word' id='word_1_222' title='bbox 788 1449 902 1485; x_wconf 82' lang='lat' dir='ltr'><strong>Spiritus</strong></span> 
     </span>
    </p>
   </div>
   <div class='ocr_carea' id='block_1_29' title="bbox 111 1495 901 1532">
    <p class='ocr_par' dir='ltr' id='par_1_29' title="bbox 111 1495 901 1532">
     <span class='ocr_line' id='line_1_29' title="bbox 111 1495 901 1532; baseline 0.005 -12"><span class='ocrx_word' id='word_1_223' title='bbox 111 1495 191 1521; x_wconf 78' lang='lat' dir='ltr'><strong>sancti</strong></span> <span class='ocrx_word' id='word_1_224' title='bbox 206 1499 337 1529; x_wconf 89' lang='lat' dir='ltr'><strong>appetunt</strong></span> <span class='ocrx_word' id='word_1_225' title='bbox 350 1496 515 1530; x_wconf 87' lang='lat' dir='ltr'><strong>majestatem</strong></span> <span class='ocrx_word' id='word_1_226' title='bbox 530 1504 561 1524; x_wconf 93' lang='lat' dir='ltr'><strong>ac</strong></span> <span class='ocrx_word' id='word_1_227' title='bbox 575 1504 673 1524; x_wconf 88' lang='lat' dir='ltr'><strong>nuttten</strong></span> <span class='ocrx_word' id='word_1_228' title='bbox 684 1517 691 1527; x_wconf 92' lang='lat'><strong>,</strong></span> <span class='ocrx_word' id='word_1_229' title='bbox 707 1497 752 1532; x_wconf 86' lang='lat' dir='ltr'><strong>qui</strong></span> <span class='ocrx_word' id='word_1_230' title='bbox 768 1501 901 1532; x_wconf 84' lang='lat' dir='ltr'><strong>tamquam</strong></span> 
     </span>
    </p>
   </div>
   <div class='ocr_carea' id='block_1_30' title="bbox 111 1538 901 1578">
    <p class='ocr_par' dir='ltr' id='par_1_30' title="bbox 111 1538 901 1578">
     <span class='ocr_line' id='line_1_30' title="bbox 111 1538 901 1578; baseline 0.005 -12"><span class='ocrx_word' id='word_1_231' title='bbox 111 1538 197 1567; x_wconf 76' lang='lat' dir='ltr'><strong>furiosi</strong></span> <span class='ocrx_word' id='word_1_232' title='bbox 213 1541 323 1575; x_wconf 88' lang='lat' dir='ltr'><strong>quidam</strong></span> <span class='ocrx_word' id='word_1_233' title='bbox 344 1546 372 1568; x_wconf 89' lang='lat' dir='ltr'><strong>et</strong></span> <span class='ocrx_word' id='word_1_234' title='bbox 390 1546 510 1569; x_wconf 87' lang='lat' dir='ltr'><strong>amentes</strong></span> <span class='ocrx_word' id='word_1_235' title='bbox 529 1550 563 1570; x_wconf 89' lang='lat' dir='ltr'><strong>ne</strong></span> <span class='ocrx_word' id='word_1_236' title='bbox 585 1542 775 1570; x_wconf 84' lang='lat' dir='ltr'><strong>beneficiorum</strong></span> <span class='ocrx_word' id='word_1_237' title='bbox 794 1542 901 1578; x_wconf 85' lang='lat' dir='ltr'><strong>quidem</strong></span> 
     </span>
    </p>
   </div>
   <div class='ocr_carea' id='block_1_31' title="bbox 111 1586 902 1624">
    <p class='ocr_par' dir='ltr' id='par_1_31' title="bbox 111 1586 902 1624">
     <span class='ocr_line' id='line_1_31' title="bbox 111 1586 902 1624; baseline 0.006 -13"><span class='ocrx_word' id='word_1_238' title='bbox 111 1586 288 1620; x_wconf 73' lang='lat' dir='ltr'><strong>magnitudine</strong></span> <span class='ocrx_word' id='word_1_239' title='bbox 300 1587 335 1613; x_wconf 93' lang='lat' dir='ltr'><strong>ab</strong></span> <span class='ocrx_word' id='word_1_240' title='bbox 348 1587 397 1614; x_wconf 92' lang='lat' dir='ltr'><strong>hac</strong></span> <span class='ocrx_word' id='word_1_241' title='bbox 408 1595 456 1615; x_wconf 85' lang='lat' dir='ltr'><strong>sua</strong></span> <span class='ocrx_word' id='word_1_242' title='bbox 472 1587 568 1623; x_wconf 83' lang='lat' dir='ltr'><strong>ingrati</strong></span> <span class='ocrx_word' id='word_1_243' title='bbox 581 1588 663 1615; x_wconf 91' lang='lat' dir='ltr'><strong>animi</strong></span> <span class='ocrx_word' id='word_1_244' title='bbox 677 1588 845 1624; x_wconf 83' lang='lat' dir='ltr'><strong>improbitate</strong></span> <span class='ocrx_word' id='word_1_245' title='bbox 859 1596 902 1616; x_wconf 83' lang='lat' dir='ltr'><strong>re-</strong></span> 
     </span>
    </p>
   </div>
   <div class='ocr_carea' id='block_1_32' title="bbox 110 1632 900 1669">
    <p class='ocr_par' dir='ltr' id='par_1_32' title="bbox 110 1632 900 1669">
     <span class='ocr_line' id='line_1_32' title="bbox 110 1632 900 1669; baseline 0.006 -12"><span class='ocrx_word' id='word_1_246' title='bbox 110 1635 254 1664; x_wconf 80' lang='lat' dir='ltr'><strong>vocantur;</strong></span> <span class='ocrx_word' id='word_1_247' title='bbox 276 1632 330 1658; x_wconf 93' lang='lat' dir='ltr'><strong>imo</strong></span> <span class='ocrx_word' id='word_1_248' title='bbox 351 1632 478 1660; x_wconf 85' lang='lat' dir='ltr'><strong>adversus</strong></span> <span class='ocrx_word' id='word_1_249' title='bbox 497 1634 631 1668; x_wconf 86' lang='lat' dir='ltr'><strong>propriam</strong></span> <span class='ocrx_word' id='word_1_250' title='bbox 651 1634 768 1669; x_wconf 89' lang='lat' dir='ltr'><strong>ipsorum</strong></span> <span class='ocrx_word' id='word_1_251' title='bbox 788 1635 900 1662; x_wconf 87' lang='lat' dir='ltr'><strong>salutem</strong></span> 
     </span>
    </p>
   </div>
   <div class='ocr_carea' id='block_1_33' title="bbox 110 1676 901 1715">
    <p class='ocr_par' dir='ltr' id='par_1_33' title="bbox 110 1676 901 1715">
     <span class='ocr_line' id='line_1_33' title="bbox 110 1676 901 1715; baseline 0.008 -13"><span class='ocrx_word' id='word_1_252' title='bbox 110 1676 193 1703; x_wconf 85' lang='lat' dir='ltr'><strong>omnia</strong></span> <span class='ocrx_word' id='word_1_253' title='bbox 213 1677 362 1704; x_wconf 88' lang='lat' dir='ltr'><strong>machinari</strong></span> <span class='ocrx_word' id='word_1_254' title='bbox 381 1686 433 1706; x_wconf 92' lang='lat' dir='ltr'><strong>non</strong></span> <span class='ocrx_word' id='word_1_255' title='bbox 448 1683 589 1712; x_wconf 82' lang='lat' dir='ltr'><strong>verentur,</strong></span> <span class='ocrx_word' id='word_1_256' title='bbox 603 1683 684 1715; x_wconf 88' lang='lat' dir='ltr'><strong>atque</strong></span> <span class='ocrx_word' id='word_1_257' title='bbox 695 1687 710 1706; x_wconf 90' lang='lat' dir='ltr'><strong>a</strong></span> <span class='ocrx_word' id='word_1_258' title='bbox 725 1680 830 1708; x_wconf 89' lang='lat' dir='ltr'><strong>Domini</strong></span> <span class='ocrx_word' id='word_1_259' title='bbox 843 1688 901 1708; x_wconf 91' lang='lat' dir='ltr'><strong>ma-</strong></span> 
     </span>
    </p>
   </div>
   <div class='ocr_carea' id='block_1_34' title="bbox 108 1721 901 1761">
    <p class='ocr_par' dir='ltr' id='par_1_34' title="bbox 108 1721 901 1761">
     <span class='ocr_line' id='line_1_34' title="bbox 108 1721 901 1761; baseline 0.006 -12"><span class='ocrx_word' id='word_1_260' title='bbox 108 1721 200 1756; x_wconf 85' lang='lat' dir='ltr'><strong>jestate</strong></span> <span class='ocrx_word' id='word_1_261' title='bbox 214 1723 350 1757; x_wconf 73' lang='lat' dir='ltr'><strong>deiectum</strong></span> <span class='ocrx_word' id='word_1_262' title='bbox 360 1745 368 1756; x_wconf 83' lang='lat'><strong>,</strong></span> <span class='ocrx_word' id='word_1_263' title='bbox 383 1730 509 1759; x_wconf 89' lang='lat' dir='ltr'><strong>quantutn</strong></span> <span class='ocrx_word' id='word_1_264' title='bbox 529 1725 555 1752; x_wconf 92' lang='lat' dir='ltr'><strong>in</strong></span> <span class='ocrx_word' id='word_1_265' title='bbox 576 1725 640 1761; x_wconf 89' lang='lat' dir='ltr'><strong>ipsis</strong></span> <span class='ocrx_word' id='word_1_266' title='bbox 652 1731 710 1759; x_wconf 86' lang='lat' dir='ltr'><strong>est,</strong></span> <span class='ocrx_word' id='word_1_267' title='bbox 726 1726 752 1753; x_wconf 91' lang='lat' dir='ltr'><strong>in</strong></span> <span class='ocrx_word' id='word_1_268' title='bbox 766 1731 901 1754; x_wconf 84' lang='lat' dir='ltr'><strong>creatura-</strong></span> 
     </span>
    </p>
   </div>
   <div class='ocr_carea' id='block_1_35' title="bbox 111 1769 901 1808">
    <p class='ocr_par' dir='ltr' id='par_1_35' title="bbox 111 1769 901 1808">
     <span class='ocr_line' id='line_1_35' title="bbox 111 1769 901 1808; baseline 0.006 -13"><span class='ocrx_word' id='word_1_269' title='bbox 111 1775 165 1795; x_wconf 88' lang='lat' dir='ltr'><strong>rum</strong></span> <span class='ocrx_word' id='word_1_270' title='bbox 179 1769 302 1804; x_wconf 75' lang='lat' dir='ltr'><strong>redigere</strong></span> <span class='ocrx_word' id='word_1_271' title='bbox 315 1771 436 1798; x_wconf 89' lang='lat' dir='ltr'><strong>ordinem</strong></span> <span class='ocrx_word' id='word_1_272' title='bbox 456 1772 622 1799; x_wconf 81' lang='lat' dir='ltr'><strong>ntoliuntur?</strong></span> <span class='ocrx_word' id='word_1_273' title='bbox 635 1772 707 1808; x_wconf 87' lang='lat' dir='ltr'><strong>Quos</strong></span> <span class='ocrx_word' id='word_1_274' title='bbox 721 1773 844 1808; x_wconf 90' lang='lat' dir='ltr'><strong>equidem</strong></span> <span class='ocrx_word' id='word_1_275' title='bbox 858 1774 901 1800; x_wconf 85' lang='lat' dir='ltr'><strong>lu-</strong></span> 
     </span>
    </p>
   </div>
   <div class='ocr_carea' id='block_1_36' title="bbox 111 1813 901 1851">
    <p class='ocr_par' dir='ltr' id='par_1_36' title="bbox 111 1813 901 1851">
     <span class='ocr_line' id='line_1_36' title="bbox 111 1813 901 1851; baseline 0.008 -10"><span class='ocrx_word' id='word_1_276' title='bbox 111 1813 171 1841; x_wconf 84' lang='lat' dir='ltr'><strong>bens</strong></span> <span class='ocrx_word' id='word_1_277' title='bbox 180 1815 220 1842; x_wconf 90' lang='lat' dir='ltr'><strong>sic</strong></span> <span class='ocrx_word' id='word_1_278' title='bbox 231 1816 451 1851; x_wconf 85' lang='lat' dir='ltr'><strong>interrogaverim</strong></span> <span class='ocrx_word' id='word_1_279' title='bbox 465 1817 548 1851; x_wconf 86' lang='lat' dir='ltr'><strong>:Quid</strong></span> <span class='ocrx_word' id='word_1_280' title='bbox 560 1818 664 1846; x_wconf 81' lang='lat' dir='ltr'><strong>laudent</strong></span> <span class='ocrx_word' id='word_1_281' title='bbox 676 1826 762 1846; x_wconf 72' lang='lat' dir='ltr'><strong>causa:</strong></span> <span class='ocrx_word' id='word_1_282' title='bbox 772 1824 821 1851; x_wconf 85' lang='lat' dir='ltr'><strong>est,</strong></span> <span class='ocrx_word' id='word_1_283' title='bbox 834 1819 901 1847; x_wconf 83' lang='lat' dir='ltr'><strong>heus</strong></span> 
     </span>
    </p>
   </div>
   <div class='ocr_carea' id='block_1_37' title="bbox 110 1863 901 1902">
    <p class='ocr_par' dir='ltr' id='par_1_37' title="bbox 110 1863 901 1902">
     <span class='ocr_line' id='line_1_37' title="bbox 110 1863 901 1902; baseline 0.009 -16"><span class='ocrx_word' id='word_1_284' title='bbox 110 1867 164 1893; x_wconf 82' lang='lat' dir='ltr'><strong>vos,</strong></span> <span class='ocrx_word' id='word_1_285' title='bbox 177 1869 226 1889; x_wconf 89' lang='lat' dir='ltr'><strong>cur</strong></span> <span class='ocrx_word' id='word_1_286' title='bbox 238 1863 338 1890; x_wconf 86' lang='lat' dir='ltr'><strong>bellum</strong></span> <span class='ocrx_word' id='word_1_287' title='bbox 353 1868 405 1890; x_wconf 89' lang='lat' dir='ltr'><strong>tam</strong></span> <span class='ocrx_word' id='word_1_288' title='bbox 418 1864 543 1892; x_wconf 86' lang='lat' dir='ltr'><strong>acerbum</strong></span> <span class='ocrx_word' id='word_1_289' title='bbox 557 1864 684 1892; x_wconf 86' lang='lat' dir='ltr'><strong>adversus</strong></span> <span class='ocrx_word' id='word_1_290' title='bbox 694 1864 807 1899; x_wconf 84' lang='lat' dir='ltr'><strong>Spiritus</strong></span> <span class='ocrx_word' id='word_1_291' title='bbox 818 1866 901 1902; x_wconf 87' lang='lat' dir='ltr'><strong>maje-</strong></span> 
     </span>
    </p>
   </div>
   <div class='ocr_carea' id='block_1_38' title="bbox 112 1908 900 1945">
    <p class='ocr_par' dir='ltr' id='par_1_38' title="bbox 112 1908 900 1945">
     <span class='ocr_line' id='line_1_38' title="bbox 112 1908 900 1945; baseline 0.008 -12"><span class='ocrx_word' id='word_1_292' title='bbox 112 1911 200 1935; x_wconf 80' lang='lat' dir='ltr'><strong>statem</strong></span> <span class='ocrx_word' id='word_1_293' title='bbox 211 1908 340 1936; x_wconf 89' lang='lat' dir='ltr'><strong>indictum</strong></span> <span class='ocrx_word' id='word_1_294' title='bbox 355 1909 484 1942; x_wconf 83' lang='lat' dir='ltr'><strong>habeatis,</strong></span> <span class='ocrx_word' id='word_1_295' title='bbox 497 1910 538 1937; x_wconf 84' lang='lat' dir='ltr'><strong>vel</strong></span> <span class='ocrx_word' id='word_1_296' title='bbox 550 1911 636 1945; x_wconf 84' lang='lat' dir='ltr'><strong>potius</strong></span> <span class='ocrx_word' id='word_1_297' title='bbox 646 1911 773 1939; x_wconf 87' lang='lat' dir='ltr'><strong>adversus</strong></span> <span class='ocrx_word' id='word_1_298' title='bbox 783 1916 900 1939; x_wconf 85' lang='lat' dir='ltr'><strong>vestram</strong></span> 
     </span>
    </p>
   </div>
   <div class='ocr_carea' id='block_1_39' title="bbox 111 1953 901 1992">
    <p class='ocr_par' dir='ltr' id='par_1_39' title="bbox 111 1953 901 1992">
     <span class='ocr_line' id='line_1_39' title="bbox 111 1953 901 1992; baseline 0.006 -12"><span class='ocrx_word' id='word_1_299' title='bbox 111 1953 223 1987; x_wconf 78' lang='lat' dir='ltr'><strong>ipsorum</strong></span> <span class='ocrx_word' id='word_1_300' title='bbox 237 1954 350 1982; x_wconf 84' lang='lat' dir='ltr'><strong>salutem</strong></span> <span class='ocrx_word' id='word_1_301' title='bbox 361 1955 374 1982; x_wconf 68' lang='grc' dir='ltr'><strong>’ἰ</strong></span> <span class='ocrx_word' id='word_1_302' title='bbox 388 1963 474 1991; x_wconf 90' lang='lat' dir='ltr'><strong>neque</strong></span> <span class='ocrx_word' id='word_1_303' title='bbox 486 1956 560 1983; x_wconf 81' lang='lat' dir='ltr'><strong>vobis</strong></span> <span class='ocrx_word' id='word_1_304' title='bbox 575 1957 601 1983; x_wconf 94' lang='lat' dir='ltr'><strong>in</strong></span> <span class='ocrx_word' id='word_1_305' title='bbox 617 1961 732 1984; x_wconf 85' lang='lat' dir='ltr'><strong>tuentem</strong></span> <span class='ocrx_word' id='word_1_306' title='bbox 748 1958 842 1985; x_wconf 83' lang='lat' dir='ltr'><strong>venire</strong></span> <span class='ocrx_word' id='word_1_307' title='bbox 855 1965 901 1992; x_wconf 91' lang='lat' dir='ltr'><strong>pa-</strong></span> 
     </span>
    </p>
   </div>
   <div class='ocr_carea' id='block_1_40' title="bbox 111 1999 899 2038">
    <p class='ocr_par' dir='ltr' id='par_1_40' title="bbox 111 1999 899 2038">
     <span class='ocr_line' id='line_1_40' title="bbox 111 1999 899 2038; baseline 0.008 -12"><span class='ocrx_word' id='word_1_308' title='bbox 111 1999 218 2033; x_wconf 86' lang='lat' dir='ltr'><strong>tiamini,</strong></span> <span class='ocrx_word' id='word_1_309' title='bbox 229 2008 291 2035; x_wconf 71' lang='lat' dir='ltr'><strong>qum</strong></span> <span class='ocrx_word' id='word_1_310' title='bbox 302 2001 440 2036; x_wconf 83' lang='lat' dir='ltr'><strong>discipulis</strong></span> <span class='ocrx_word' id='word_1_311' title='bbox 448 2010 463 2029; x_wconf 89' lang='lat' dir='ltr'><strong>a</strong></span> <span class='ocrx_word' id='word_1_312' title='bbox 474 2002 610 2031; x_wconf 87' lang='lat' dir='ltr'><strong>Salvatore</strong></span> <span class='ocrx_word' id='word_1_313' title='bbox 622 2004 782 2032; x_wconf 79' lang='lat' dir='ltr'><strong>suntdicta?</strong></span> <span class='ocrx_word' id='word_1_314' title='bbox 793 2005 899 2038; x_wconf 79' lang='lat' dir='ltr'><strong>Euntes,</strong></span> 
     </span>
    </p>
   </div>
   <div class='ocr_carea' id='block_1_41' title="bbox 110 2044 902 2083">
    <p class='ocr_par' dir='ltr' id='par_1_41' title="bbox 110 2044 902 2083">
     <span class='ocr_line' id='line_1_41' title="bbox 110 2044 902 2083; baseline 0.009 -13"><span class='ocrx_word' id='word_1_315' title='bbox 110 2044 207 2079; x_wconf 83' lang='lat' dir='ltr'><strong>inquit,</strong></span> <span class='ocrx_word' id='word_1_316' title='bbox 222 2046 311 2073; x_wconf 71' lang='lat' dir='ltr'><strong>docete</strong></span> <span class='ocrx_word' id='word_1_317' title='bbox 324 2054 408 2073; x_wconf 87' lang='lat' dir='ltr'><strong>omnes</strong></span> <span class='ocrx_word' id='word_1_318' title='bbox 419 2052 504 2083; x_wconf 84' lang='lat' dir='ltr'><strong>gentes</strong></span> <span class='ocrx_word' id='word_1_319' title='bbox 513 2069 520 2080; x_wconf 83' lang='grc'>,</span> <span class='ocrx_word' id='word_1_320' title='bbox 536 2048 689 2083; x_wconf 76' lang='lat' dir='ltr'><strong>baptizanles</strong></span> <span class='ocrx_word' id='word_1_321' title='bbox 701 2057 742 2076; x_wconf 80' lang='lat' dir='ltr'><strong>eos</strong></span> <span class='ocrx_word' id='word_1_322' title='bbox 756 2050 782 2076; x_wconf 84' lang='lat' dir='ltr'><strong>in</strong></span> <span class='ocrx_word' id='word_1_323' title='bbox 801 2051 902 2077; x_wconf 78' lang='lat' dir='ltr'><strong>nomine</strong></span> 
     </span>
    </p>
   </div>
   <div class='ocr_carea' id='block_1_42' title="bbox 110 2089 901 2131">
    <p class='ocr_par' dir='ltr' id='par_1_42' title="bbox 110 2089 901 2131">
     <span class='ocr_line' id='line_1_42' title="bbox 110 2089 901 2131; baseline 0.01 -15"><span class='ocrx_word' id='word_1_324' title='bbox 110 2089 192 2118; x_wconf 85' lang='lat' dir='ltr'><strong>Patris</strong></span> <span class='ocrx_word' id='word_1_325' title='bbox 201 2096 226 2118; x_wconf 90' lang='lat' dir='ltr'><strong>et</strong></span> <span class='ocrx_word' id='word_1_326' title='bbox 238 2091 302 2118; x_wconf 79' lang='lat' dir='ltr'><strong>Filii</strong></span> <span class='ocrx_word' id='word_1_327' title='bbox 314 2097 338 2119; x_wconf 84' lang='lat' dir='ltr'><strong>et</strong></span> <span class='ocrx_word' id='word_1_328' title='bbox 351 2092 463 2127; x_wconf 75' lang='lat' dir='ltr'><strong>Spiritus</strong></span> <span class='ocrx_word' id='word_1_329' title='bbox 477 2095 558 2121; x_wconf 78' lang='lat' dir='ltr'><strong>sancti</strong></span> <span class='ocrx_word' id='word_1_330' title='bbox 571 2094 676 2131; x_wconf 82' lang='lat' dir='ltr'><strong>(Matth.</strong></span> <span class='ocrx_word' id='word_1_331' title='bbox 692 2095 736 2123; x_wconf 76' lang='grc'><strong>28.</strong></span> <span class='ocrx_word' id='word_1_332' title='bbox 753 2095 808 2131; x_wconf 84' lang='lat' dir='ltr'><strong>l9).</strong></span> <span class='ocrx_word' id='word_1_333' title='bbox 820 2095 901 2124; x_wconf 84' lang='lat' dir='ltr'><strong>Vides</strong></span> 
     </span>
    </p>
   </div>
   <div class='ocr_carea' id='block_1_43' title="bbox 109 2137 901 2174">
    <p class='ocr_par' dir='ltr' id='par_1_43' title="bbox 109 2137 901 2174">
     <span class='ocr_line' id='line_1_43' title="bbox 109 2137 901 2174; baseline 0.009 -11"><span class='ocrx_word' id='word_1_334' title='bbox 109 2138 233 2172; x_wconf 83' lang='lat' dir='ltr'><strong>:rqualem</strong></span> <span class='ocrx_word' id='word_1_335' title='bbox 249 2137 350 2166; x_wconf 89' lang='lat' dir='ltr'><strong>honore</strong></span> <span class='ocrx_word' id='word_1_336' title='bbox 366 2139 552 2174; x_wconf 74' lang='lat' dir='ltr'><strong>maiestatem?</strong></span> <span class='ocrx_word' id='word_1_337' title='bbox 567 2141 640 2168; x_wconf 91' lang='lat' dir='ltr'><strong>vides</strong></span> <span class='ocrx_word' id='word_1_338' title='bbox 654 2141 823 2169; x_wconf 91' lang='lat' dir='ltr'><strong>concordiam</strong></span> <span class='ocrx_word' id='word_1_339' title='bbox 837 2150 901 2170; x_wconf 85' lang='lat' dir='ltr'><strong>exa-</strong></span> 
     </span>
    </p>
   </div>
   <div class='ocr_carea' id='block_1_44' title="bbox 108 2183 900 2219">
    <p class='ocr_par' dir='ltr' id='par_1_44' title="bbox 108 2183 900 2219">
     <span class='ocr_line' id='line_1_44' title="bbox 108 2183 900 2219; baseline 0.008 -10"><span class='ocrx_word' id='word_1_340' title='bbox 108 2187 148 2210; x_wconf 85' lang='lat' dir='ltr'><strong>cte</strong></span> <span class='ocrx_word' id='word_1_341' title='bbox 165 2183 348 2219; x_wconf 82' lang='lat' dir='ltr'><strong>descriptam?</strong></span> <span class='ocrx_word' id='word_1_342' title='bbox 359 2185 434 2213; x_wconf 75' lang='lat' dir='ltr'><strong>vides</strong></span> <span class='ocrx_word' id='word_1_343' title='bbox 453 2190 482 2212; x_wconf 89' lang='lat' dir='ltr'><strong>ttt</strong></span> <span class='ocrx_word' id='word_1_344' title='bbox 503 2186 616 2214; x_wconf 85' lang='lat' dir='ltr'><strong>indivisa</strong></span> <span class='ocrx_word' id='word_1_345' title='bbox 636 2187 671 2214; x_wconf 88' lang='lat' dir='ltr'><strong>sit</strong></span> <span class='ocrx_word' id='word_1_346' title='bbox 685 2187 822 2215; x_wconf 75' lang='lat' dir='ltr'><strong>Trinitas?</strong></span> <span class='ocrx_word' id='word_1_347' title='bbox 837 2196 900 2215; x_wconf 89' lang='lat' dir='ltr'><strong>uttnt</strong></span> 
     </span>
    </p>
   </div>
   <div class='ocr_carea' id='block_1_45' title="bbox 109 2229 900 2268">
    <p class='ocr_par' dir='ltr' id='par_1_45' title="bbox 109 2229 900 2268">
     <span class='ocr_line' id='line_1_45' title="bbox 109 2229 900 2268; baseline 0.009 -13"><span class='ocrx_word' id='word_1_348' title='bbox 109 2229 207 2263; x_wconf 78' lang='lat' dir='ltr'><strong>uspiam</strong></span> <span class='ocrx_word' id='word_1_349' title='bbox 221 2229 365 2258; x_wconf 81' lang='lat' dir='ltr'><strong>discrimen</strong></span> <span class='ocrx_word' id='word_1_350' title='bbox 384 2236 430 2258; x_wconf 89' lang='lat' dir='ltr'><strong>aut</strong></span> <span class='ocrx_word' id='word_1_351' title='bbox 449 2232 598 2260; x_wconf 89' lang='lat' dir='ltr'><strong>immutatio</strong></span> <span class='ocrx_word' id='word_1_352' title='bbox 615 2233 818 2262; x_wconf 77' lang='lat' dir='ltr'><strong>imminutiove?</strong></span> <span class='ocrx_word' id='word_1_353' title='bbox 832 2234 900 2268; x_wconf 90' lang='lat' dir='ltr'><strong>Quid</strong></span> 
     </span>
    </p>
   </div>
   <div class='ocr_carea' id='block_1_46' title="bbox 109 2275 901 2315">
    <p class='ocr_par' dir='ltr' id='par_1_46' title="bbox 109 2275 901 2315">
     <span class='ocr_line' id='line_1_46' title="bbox 109 2275 901 2315; baseline 0.006 -13"><span class='ocrx_word' id='word_1_354' title='bbox 109 2282 153 2302; x_wconf 79' lang='lat' dir='ltr'><strong>vos</strong></span> <span class='ocrx_word' id='word_1_355' title='bbox 169 2275 276 2303; x_wconf 83' lang='lat' dir='ltr'><strong>Domini</strong></span> <span class='ocrx_word' id='word_1_356' title='bbox 289 2277 378 2306; x_wconf 78' lang='lat' dir='ltr'><strong>verbis</strong></span> <span class='ocrx_word' id='word_1_357' title='bbox 396 2284 463 2304; x_wconf 88' lang='lat' dir='ltr'><strong>nova</strong></span> <span class='ocrx_word' id='word_1_358' title='bbox 482 2277 603 2313; x_wconf 59' lang='lat' dir='ltr'><strong>quadam</strong></span> <span class='ocrx_word' id='word_1_359' title='bbox 617 2279 741 2306; x_wconf 87' lang='lat' dir='ltr'><strong>mattdata</strong></span> <span class='ocrx_word' id='word_1_360' title='bbox 756 2279 901 2315; x_wconf 85' lang='lat' dir='ltr'><strong>adjuttgere</strong></span> 
     </span>
    </p>
   </div>
   <div class='ocr_carea' id='block_1_47' title="bbox 108 2321 901 2359">
    <p class='ocr_par' dir='ltr' id='par_1_47' title="bbox 108 2321 901 2359">
     <span class='ocr_line' id='line_1_47' title="bbox 108 2321 901 2359; baseline 0.008 -12"><span class='ocrx_word' id='word_1_361' title='bbox 108 2321 209 2349; x_wconf 84' lang='lat' dir='ltr'><strong>audetis</strong></span> <span class='ocrx_word' id='word_1_362' title='bbox 217 2322 231 2348; x_wconf 69' lang='grc'><strong><em>2</em></strong></span> <span class='ocrx_word' id='word_1_363' title='bbox 244 2330 277 2350; x_wconf 90' lang='lat' dir='ltr'><strong>an</strong></span> <span class='ocrx_word' id='word_1_364' title='bbox 293 2329 357 2350; x_wconf 84' lang='lat' dir='ltr'><strong>vero</strong></span> <span class='ocrx_word' id='word_1_365' title='bbox 369 2323 477 2351; x_wconf 83' lang='lat' dir='ltr'><strong>nescitis</strong></span> <span class='ocrx_word' id='word_1_366' title='bbox 489 2324 515 2350; x_wconf 92' lang='lat' dir='ltr'><strong>itt</strong></span> <span class='ocrx_word' id='word_1_367' title='bbox 526 2324 639 2359; x_wconf 81' lang='lat' dir='ltr'><strong>negotiis</strong></span> <span class='ocrx_word' id='word_1_368' title='bbox 650 2325 730 2352; x_wconf 87' lang='lat' dir='ltr'><strong>etiam</strong></span> <span class='ocrx_word' id='word_1_369' title='bbox 745 2325 868 2353; x_wconf 88' lang='lat' dir='ltr'><strong>ltumanis</strong></span> <span class='ocrx_word' id='word_1_370' title='bbox 877 2326 901 2354; x_wconf 82' lang='lat' dir='ltr'><strong>si</strong></span> 
     </span>
    </p>
   </div>
   <div class='ocr_carea' id='block_1_48' title="bbox 108 2367 899 2406">
    <p class='ocr_par' dir='ltr' id='par_1_48' title="bbox 108 2367 899 2406">
     <span class='ocr_line' id='line_1_48' title="bbox 108 2367 899 2406; baseline 0.009 -12"><span class='ocrx_word' id='word_1_371' title='bbox 108 2367 165 2399; x_wconf 83' lang='lat' dir='ltr'><strong>quis</strong></span> <span class='ocrx_word' id='word_1_372' title='bbox 176 2367 247 2396; x_wconf 78' lang='lat' dir='ltr'><strong>forte</strong></span> <span class='ocrx_word' id='word_1_373' title='bbox 260 2374 372 2396; x_wconf 84' lang='lat' dir='ltr'><strong>conatus</strong></span> <span class='ocrx_word' id='word_1_374' title='bbox 383 2369 428 2401; x_wconf 86' lang='lat' dir='ltr'><strong>sit,</strong></span> <span class='ocrx_word' id='word_1_375' title='bbox 441 2375 487 2397; x_wconf 88' lang='lat' dir='ltr'><strong>aut</strong></span> <span class='ocrx_word' id='word_1_376' title='bbox 499 2378 532 2398; x_wconf 92' lang='lat' dir='ltr'><strong>eo</strong></span> <span class='ocrx_word' id='word_1_377' title='bbox 546 2370 582 2398; x_wconf 87' lang='lat' dir='ltr'><strong>sit</strong></span> <span class='ocrx_word' id='word_1_378' title='bbox 600 2378 756 2406; x_wconf 81' lang='lat' dir='ltr'><strong>progressus</strong></span> <span class='ocrx_word' id='word_1_379' title='bbox 769 2372 899 2406; x_wconf 78' lang='lat' dir='ltr'><strong>audacite,</strong></span> 
     </span>
    </p>
   </div>
   <div class='ocr_carea' id='block_1_49' title="bbox 109 2415 900 2453">
    <p class='ocr_par' dir='ltr' id='par_1_49' title="bbox 109 2415 900 2453">
     <span class='ocr_line' id='line_1_49' title="bbox 109 2415 900 2453; baseline 0.009 -13"><span class='ocrx_word' id='word_1_380' title='bbox 109 2417 160 2440; x_wconf 90' lang='lat' dir='ltr'><strong>uta</strong></span> <span class='ocrx_word' id='word_1_381' title='bbox 173 2422 238 2450; x_wconf 82' lang='lat' dir='ltr'><strong>rege</strong></span> <span class='ocrx_word' id='word_1_382' title='bbox 250 2415 339 2443; x_wconf 87' lang='lat' dir='ltr'><strong>missis</strong></span> <span class='ocrx_word' id='word_1_383' title='bbox 351 2416 436 2445; x_wconf 86' lang='lat' dir='ltr'><strong>literis</strong></span> <span class='ocrx_word' id='word_1_384' title='bbox 449 2417 592 2452; x_wconf 85' lang='lat' dir='ltr'><strong>quidquam</strong></span> <span class='ocrx_word' id='word_1_385' title='bbox 610 2418 717 2453; x_wconf 87' lang='lat' dir='ltr'><strong>adjiciat</strong></span> <span class='ocrx_word' id='word_1_386' title='bbox 729 2419 900 2453; x_wconf 82' lang='lat' dir='ltr'><strong>detrahatve,</strong></span> 
     </span>
    </p>
   </div>
   <div class='ocr_carea' id='block_1_50' title="bbox 108 2460 900 2502">
    <p class='ocr_par' dir='ltr' id='par_1_50' title="bbox 108 2460 900 2502">
     <span class='ocr_line' id='line_1_50' title="bbox 108 2460 900 2502; baseline 0.013 -16"><span class='ocrx_word' id='word_1_387' title='bbox 108 2460 149 2494; x_wconf 85' lang='lat' dir='ltr'><strong>qui</strong></span> <span class='ocrx_word' id='word_1_388' title='bbox 162 2461 284 2495; x_wconf 81' lang='lat' dir='ltr'><strong>ejusdem</strong></span> <span class='ocrx_word' id='word_1_389' title='bbox 298 2462 415 2498; x_wconf 85' lang='lat' dir='ltr'><strong>alioquin</strong></span> <span class='ocrx_word' id='word_1_390' title='bbox 426 2468 467 2491; x_wconf 89' lang='lat' dir='ltr'><strong>est</strong></span> <span class='ocrx_word' id='word_1_391' title='bbox 479 2464 586 2500; x_wconf 84' lang='lat' dir='ltr'><strong>generis</strong></span> <span class='ocrx_word' id='word_1_392' title='bbox 598 2465 735 2494; x_wconf 88' lang='lat' dir='ltr'><strong>nobiscum</strong></span> <span class='ocrx_word' id='word_1_393' title='bbox 744 2487 752 2500; x_wconf 86' lang='lat'><strong>,</strong></span> <span class='ocrx_word' id='word_1_394' title='bbox 767 2467 900 2502; x_wconf 83' lang='lat' dir='ltr'><strong>ejusdem-</strong></span> 
     </span>
    </p>
   </div>
   <div class='ocr_carea' id='block_1_51' title="bbox 108 2510 900 2549">
    <p class='ocr_par' dir='ltr' id='par_1_51' title="bbox 108 2510 900 2549">
     <span class='ocr_line' id='line_1_51' title="bbox 108 2510 900 2549; baseline 0.01 -15"><span class='ocrx_word' id='word_1_395' title='bbox 108 2513 156 2541; x_wconf 80' lang='lat' dir='ltr'><strong>que</strong></span> <span class='ocrx_word' id='word_1_396' title='bbox 174 2514 288 2535; x_wconf 78' lang='lat' dir='ltr'><strong>consors</strong></span> <span class='ocrx_word' id='word_1_397' title='bbox 304 2514 417 2543; x_wconf 67' lang='lat' dir='ltr'><strong>naturae,</strong></span> <span class='ocrx_word' id='word_1_398' title='bbox 433 2510 520 2539; x_wconf 85' lang='lat' dir='ltr'><strong>solere</strong></span> <span class='ocrx_word' id='word_1_399' title='bbox 538 2510 613 2538; x_wconf 94' lang='lat' dir='ltr'><strong>illum</strong></span> <span class='ocrx_word' id='word_1_400' title='bbox 630 2516 752 2540; x_wconf 87' lang='lat' dir='ltr'><strong>extremo</strong></span> <span class='ocrx_word' id='word_1_401' title='bbox 768 2514 900 2549; x_wconf 88' lang='lat' dir='ltr'><strong>supplicio</strong></span> 
     </span>
    </p>
   </div>
   <div class='ocr_carea' id='block_1_52' title="bbox 109 2553 899 2594">
    <p class='ocr_par' dir='ltr' id='par_1_52' title="bbox 109 2553 899 2594">
     <span class='ocr_line' id='line_1_52' title="bbox 109 2553 899 2594; baseline 0.009 -14"><span class='ocrx_word' id='word_1_402' title='bbox 109 2553 240 2587; x_wconf 85' lang='lat' dir='ltr'><strong>mulctari,</strong></span> <span class='ocrx_word' id='word_1_403' title='bbox 255 2554 380 2590; x_wconf 90' lang='lat' dir='ltr'><strong>nullaque</strong></span> <span class='ocrx_word' id='word_1_404' title='bbox 394 2563 474 2591; x_wconf 86' lang='lat' dir='ltr'><strong>posse</strong></span> <span class='ocrx_word' id='word_1_405' title='bbox 490 2557 594 2585; x_wconf 84' lang='lat' dir='ltr'><strong>ratione</strong></span> <span class='ocrx_word' id='word_1_406' title='bbox 607 2566 623 2585; x_wconf 93' lang='lat' dir='ltr'><strong>a</strong></span> <span class='ocrx_word' id='word_1_407' title='bbox 638 2559 732 2587; x_wconf 86' lang='lat' dir='ltr'><strong>merita</strong></span> <span class='ocrx_word' id='word_1_408' title='bbox 747 2566 825 2594; x_wconf 79' lang='lat' dir='ltr'><strong>pcena</strong></span> <span class='ocrx_word' id='word_1_409' title='bbox 840 2560 899 2587; x_wconf 88' lang='lat' dir='ltr'><strong>vin-</strong></span> 
     </span>
    </p>
   </div>
   <div class='ocr_carea' id='block_1_53' title="bbox 107 2599 897 2640">
    <p class='ocr_par' dir='ltr' id='par_1_53' title="bbox 107 2599 897 2640">
     <span class='ocr_line' id='line_1_53' title="bbox 107 2599 897 2640; baseline 0.009 -14"><span class='ocrx_word' id='word_1_410' title='bbox 107 2599 204 2627; x_wconf 81' lang='lat' dir='ltr'><strong>dicari?</strong></span> <span class='ocrx_word' id='word_1_411' title='bbox 216 2601 293 2636; x_wconf 82' lang='lat' dir='ltr'><strong>Quod</strong></span> <span class='ocrx_word' id='word_1_412' title='bbox 306 2603 329 2629; x_wconf 87' lang='lat' dir='ltr'><strong>si</strong></span> <span class='ocrx_word' id='word_1_413' title='bbox 343 2607 445 2630; x_wconf 83' lang='lat' dir='ltr'><strong>tantum</strong></span> <span class='ocrx_word' id='word_1_414' title='bbox 457 2603 484 2631; x_wconf 87' lang='lat' dir='ltr'><strong>itt</strong></span> <span class='ocrx_word' id='word_1_415' title='bbox 497 2603 614 2631; x_wconf 87' lang='lat' dir='ltr'><strong>hominis</strong></span> <span class='ocrx_word' id='word_1_416' title='bbox 626 2605 739 2640; x_wconf 82' lang='lat' dir='ltr'><strong>negotiis</strong></span> <span class='ocrx_word' id='word_1_417' title='bbox 751 2605 897 2640; x_wconf 86' lang='lat' dir='ltr'><strong>periculum</strong></span> 
     </span>
    </p>
   </div>
   <div class='ocr_carea' id='block_1_54' title="bbox 108 2646 899 2687">
    <p class='ocr_par' dir='ltr' id='par_1_54' title="bbox 108 2646 899 2687">
     <span class='ocr_line' id='line_1_54' title="bbox 108 2646 899 2687; baseline 0.01 -16"><span class='ocrx_word' id='word_1_418' title='bbox 108 2646 234 2679; x_wconf 83' lang='lat' dir='ltr'><strong>Imminet,</strong></span> <span class='ocrx_word' id='word_1_419' title='bbox 249 2655 328 2682; x_wconf 85' lang='lat' dir='ltr'><strong>quant</strong></span> <span class='ocrx_word' id='word_1_420' title='bbox 341 2648 447 2676; x_wconf 87' lang='lat' dir='ltr'><strong>tandem</strong></span> <span class='ocrx_word' id='word_1_421' title='bbox 459 2650 564 2677; x_wconf 81' lang='lat' dir='ltr'><strong>veniam</strong></span> <span class='ocrx_word' id='word_1_422' title='bbox 577 2650 742 2681; x_wconf 72' lang='lat' dir='ltr'><strong>obtinebunt.</strong></span> <span class='ocrx_word' id='word_1_423' title='bbox 755 2651 800 2687; x_wconf 85' lang='lat' dir='ltr'><strong>qui</strong></span> <span class='ocrx_word' id='word_1_424' title='bbox 815 2659 899 2687; x_wconf 85' lang='lat' dir='ltr'><strong>usque</strong></span> 
     </span>
    </p>
   </div>
   <div class='ocr_carea' id='block_1_55' title="bbox 107 2693 897 2732">
    <p class='ocr_par' dir='ltr' id='par_1_55' title="bbox 107 2693 897 2732">
     <span class='ocr_line' id='line_1_55' title="bbox 107 2693 897 2732; baseline 0.009 -14"><span class='ocrx_word' id='word_1_425' title='bbox 107 2698 138 2718; x_wconf 81' lang='lat' dir='ltr'><strong>eo</strong></span> <span class='ocrx_word' id='word_1_426' title='bbox 148 2693 288 2727; x_wconf 89' lang='lat' dir='ltr'><strong>prosiliunt</strong></span> <span class='ocrx_word' id='word_1_427' title='bbox 298 2695 466 2730; x_wconf 68' lang='lat' dir='ltr'><strong>arrogantiae.</strong></span> <span class='ocrx_word' id='word_1_428' title='bbox 479 2700 508 2723; x_wconf 91' lang='lat' dir='ltr'><strong>ut</strong></span> <span class='ocrx_word' id='word_1_429' title='bbox 518 2703 576 2732; x_wconf 73' lang='lat' dir='ltr'><strong>qua:</strong></span> <span class='ocrx_word' id='word_1_430' title='bbox 586 2704 601 2724; x_wconf 91' lang='lat' dir='ltr'><strong>a</strong></span> <span class='ocrx_word' id='word_1_431' title='bbox 611 2698 745 2724; x_wconf 92' lang='lat' dir='ltr'><strong>communi</strong></span> <span class='ocrx_word' id='word_1_432' title='bbox 759 2698 897 2727; x_wconf 88' lang='lat' dir='ltr'><strong>Salvatore</strong></span> 
     </span>
    </p>
   </div>
   <div class='ocr_carea' id='block_1_56' title="bbox 107 2739 896 2780">
    <p class='ocr_par' dir='ltr' id='par_1_56' title="bbox 107 2739 896 2780">
     <span class='ocr_line' id='line_1_56' title="bbox 107 2739 896 2780; baseline 0.011 -16"><span class='ocrx_word' id='word_1_433' title='bbox 107 2743 196 2766; x_wconf 88' lang='lat' dir='ltr'><strong>nostro</strong></span> <span class='ocrx_word' id='word_1_434' title='bbox 210 2745 269 2767; x_wconf 91' lang='lat' dir='ltr'><strong>sunt</strong></span> <span class='ocrx_word' id='word_1_435' title='bbox 282 2739 364 2774; x_wconf 90' lang='lat' dir='ltr'><strong>dicta,</strong></span> <span class='ocrx_word' id='word_1_436' title='bbox 377 2749 548 2778; x_wconf 86' lang='lat' dir='ltr'><strong>corrumpere</strong></span> <span class='ocrx_word' id='word_1_437' title='bbox 561 2744 712 2778; x_wconf 87' lang='lat' dir='ltr'><strong>moliantur,</strong></span> <span class='ocrx_word' id='word_1_438' title='bbox 726 2752 812 2780; x_wconf 88' lang='lat' dir='ltr'><strong>neque</strong></span> <span class='ocrx_word' id='word_1_439' title='bbox 826 2745 896 2773; x_wconf 87' lang='lat' dir='ltr'><strong>Pau-</strong></span> 
     </span>
    </p>
   </div>
   <div class='ocr_carea' id='block_1_57' title="bbox 106 2784 896 2825">
    <p class='ocr_par' dir='ltr' id='par_1_57' title="bbox 106 2784 896 2825">
     <span class='ocr_line' id='line_1_57' title="bbox 106 2784 896 2825; baseline 0.011 -14"><span class='ocrx_word' id='word_1_440' title='bbox 106 2784 175 2818; x_wconf 88' lang='lat' dir='ltr'><strong>lunt,</strong></span> <span class='ocrx_word' id='word_1_441' title='bbox 195 2787 239 2821; x_wconf 89' lang='lat' dir='ltr'><strong>qui</strong></span> <span class='ocrx_word' id='word_1_442' title='bbox 260 2787 412 2823; x_wconf 88' lang='lat' dir='ltr'><strong>loquetttem</strong></span> <span class='ocrx_word' id='word_1_443' title='bbox 434 2790 460 2816; x_wconf 90' lang='lat' dir='ltr'><strong>itt</strong></span> <span class='ocrx_word' id='word_1_444' title='bbox 480 2797 510 2817; x_wconf 87' lang='lat' dir='ltr'><strong>se</strong></span> <span class='ocrx_word' id='word_1_445' title='bbox 529 2790 662 2818; x_wconf 87' lang='lat' dir='ltr'><strong>Christum</strong></span> <span class='ocrx_word' id='word_1_446' title='bbox 685 2791 781 2825; x_wconf 88' lang='lat' dir='ltr'><strong>habet,</strong></span> <span class='ocrx_word' id='word_1_447' title='bbox 803 2793 896 2822; x_wconf 88' lang='lat' dir='ltr'><strong>attdire</strong></span> 
     </span>
    </p>
   </div>
   <div class='ocr_carea' id='block_1_58' title="bbox 107 2832 895 2874">
    <p class='ocr_par' dir='ltr' id='par_1_58' title="bbox 107 2832 895 2874">
     <span class='ocr_line' id='line_1_58' title="bbox 107 2832 895 2874; baseline 0.014 -16"><span class='ocrx_word' id='word_1_448' title='bbox 107 2832 246 2866; x_wconf 77' lang='lat' dir='ltr'><strong>dignentur</strong></span> <span class='ocrx_word' id='word_1_449' title='bbox 257 2834 328 2862; x_wconf 83' lang='lat' dir='ltr'><strong>clara</strong></span> <span class='ocrx_word' id='word_1_450' title='bbox 343 2843 408 2864; x_wconf 81' lang='lat' dir='ltr'><strong>voce</strong></span> <span class='ocrx_word' id='word_1_451' title='bbox 420 2836 577 2865; x_wconf 87' lang='lat' dir='ltr'><strong>clamantem</strong></span> <span class='ocrx_word' id='word_1_452' title='bbox 589 2846 620 2866; x_wconf 89' lang='lat' dir='ltr'><strong>ac</strong></span> <span class='ocrx_word' id='word_1_453' title='bbox 632 2839 764 2868; x_wconf 84' lang='lat' dir='ltr'><strong>dicentem</strong></span> <span class='ocrx_word' id='word_1_454' title='bbox 775 2861 783 2874; x_wconf 89' lang='lat'><strong>,</strong></span> <span class='ocrx_word' id='word_1_455' title='bbox 799 2840 895 2868; x_wconf 81' lang='lat' dir='ltr'><strong>Oculus</strong></span> 
     </span>
    </p>
   </div>
   <div class='ocr_carea' id='block_1_59' title="bbox 107 2880 895 2917">
    <p class='ocr_par' dir='ltr' id='par_1_59' title="bbox 107 2880 895 2917">
     <span class='ocr_line' id='line_1_59' title="bbox 107 2880 895 2917; baseline 0.013 -12"><span class='ocrx_word' id='word_1_456' title='bbox 107 2886 154 2905; x_wconf 68' lang='lat' dir='ltr'><strong>non</strong></span> <span class='ocrx_word' id='word_1_457' title='bbox 168 2880 244 2913; x_wconf 82' lang='lat' dir='ltr'><strong>ridit,</strong></span> <span class='ocrx_word' id='word_1_458' title='bbox 260 2887 284 2908; x_wconf 77' lang='lat' dir='ltr'><strong>et</strong></span> <span class='ocrx_word' id='word_1_459' title='bbox 296 2883 366 2909; x_wconf 87' lang='lat' dir='ltr'><strong>auris</strong></span> <span class='ocrx_word' id='word_1_460' title='bbox 385 2891 435 2910; x_wconf 83' lang='lat' dir='ltr'><strong>non</strong></span> <span class='ocrx_word' id='word_1_461' title='bbox 452 2885 548 2912; x_wconf 73' lang='lat' dir='ltr'><strong>audit-it</strong></span> <span class='ocrx_word' id='word_1_462' title='bbox 558 2906 565 2917; x_wconf 93' lang='lat'><strong>,</strong></span> <span class='ocrx_word' id='word_1_463' title='bbox 580 2890 602 2913; x_wconf 83' lang='lat' dir='ltr'><strong>et</strong></span> <span class='ocrx_word' id='word_1_464' title='bbox 620 2886 646 2913; x_wconf 88' lang='lat' dir='ltr'><strong>in</strong></span> <span class='ocrx_word' id='word_1_465' title='bbox 664 2895 708 2913; x_wconf 81' lang='lat' dir='ltr'><strong>cor</strong></span> <span class='ocrx_word' id='word_1_466' title='bbox 722 2887 832 2915; x_wconf 85' lang='lat' dir='ltr'><strong>hominis</strong></span> <span class='ocrx_word' id='word_1_467' title='bbox 845 2896 895 2917; x_wconf 86' lang='lat' dir='ltr'><strong>non</strong></span> 
     </span>
    </p>
   </div>
   <div class='ocr_carea' id='block_1_60' title="bbox 109 2926 895 2969">
    <p class='ocr_par' dir='ltr' id='par_1_60' title="bbox 109 2926 895 2969">
     <span class='ocr_line' id='line_1_60' title="bbox 109 2926 895 2969; baseline 0.013 -18"><span class='ocrx_word' id='word_1_468' title='bbox 109 2926 269 2955; x_wconf 71' lang='lat' dir='ltr'><strong>ascenderunt</strong></span> <span class='ocrx_word' id='word_1_469' title='bbox 283 2936 340 2962; x_wconf 61' lang='lat' dir='ltr'><strong>qui:</strong></span> <span class='ocrx_word' id='word_1_470' title='bbox 351 2931 503 2965; x_wconf 57' lang='lat' dir='ltr'><strong>preparavit</strong></span> <span class='ocrx_word' id='word_1_471' title='bbox 513 2930 579 2959; x_wconf 78' lang='lat' dir='ltr'><strong>Deus</strong></span> <span class='ocrx_word' id='word_1_472' title='bbox 592 2932 634 2964; x_wconf 88' lang='lat' dir='ltr'><strong>iis,</strong></span> <span class='ocrx_word' id='word_1_473' title='bbox 644 2932 688 2967; x_wconf 87' lang='lat' dir='ltr'><strong>qui</strong></span> <span class='ocrx_word' id='word_1_474' title='bbox 702 2932 811 2969; x_wconf 65' lang='lat' dir='ltr'><strong>«litigant</strong></span> <span class='ocrx_word' id='word_1_475' title='bbox 822 2933 895 2961; x_wconf 76' lang='lat' dir='ltr'><strong>ilium</strong></span> 
     </span>
    </p>
   </div>
   <div class='ocr_carea' id='block_1_61' title="bbox 591 192 900 224">
    <p class='ocr_par' dir='ltr' id='par_1_61' title="bbox 591 192 900 222">
     <span class='ocr_line' id='line_1_61' title="bbox 591 192 900 222; baseline 0.003 -2"><span class='ocrx_word' id='word_1_476' title='bbox 591 192 634 221; x_wconf 83' lang='lat' dir='ltr'><strong>DE</strong></span> <span class='ocrx_word' id='word_1_477' title='bbox 653 192 785 222; x_wconf 68' lang='lat' dir='ltr'><strong>SANCTA</strong></span> <span class='ocrx_word' id='word_1_478' title='bbox 805 193 900 221; x_wconf 67' lang='lat' dir='ltr'><strong>PENTi</strong></span> 
     </span>
    </p>
   </div>
   <div class='ocr_carea' id='block_1_62' title="bbox 952 192 1748 224">
    <p class='ocr_par' dir='ltr' id='par_1_62' title="bbox 952 193 1748 224">
     <span class='ocr_line' id='line_1_62' title="bbox 952 193 1748 224; baseline 0.004 -3"><span class='ocrx_word' id='word_1_479' title='bbox 952 193 1037 221; x_wconf 82' lang='lat' dir='ltr'><strong>)STE.</strong></span> <span class='ocrx_word' id='word_1_480' title='bbox 1058 194 1171 222; x_wconf 74' lang='lat' dir='ltr'><strong>HOMIL.</strong></span> <span class='ocrx_word' id='word_1_481' title='bbox 1192 194 1224 222; x_wconf 91' lang='grc'><strong>11.</strong></span> <span class='ocrx_word' id='word_1_482' title='bbox 1695 195 1748 224; x_wconf 67' lang='grc' dir='ltr'><strong>ωτ</strong></span> 
     </span>
    </p>
   </div>
   <div class='ocr_carea' id='block_1_63' title="bbox 959 253 1747 290">
    <p class='ocr_par' dir='ltr' id='par_1_63' title="bbox 959 253 1747 290">
     <span class='ocr_line' id='line_1_63' title="bbox 959 253 1747 290; baseline 0.003 -10"><span class='ocrx_word' id='word_1_483' title='bbox 959 253 1004 289; x_wconf 84' lang='lat' dir='ltr'><strong>(i.</strong></span> <span class='ocrx_word' id='word_1_484' title='bbox 1026 253 1085 281; x_wconf 87' lang='lat' dir='ltr'><strong>Cor.</strong></span> <span class='ocrx_word' id='word_1_485' title='bbox 1100 253 1128 283; x_wconf 71' lang='grc' dir='ltr'><strong>Ξ.</strong></span> <span class='ocrx_word' id='word_1_486' title='bbox 1160 253 1176 281; x_wconf 85' lang='lat'><strong>9</strong></span> <span class='ocrx_word' id='word_1_487' title='bbox 1189 254 1217 288; x_wconf 85' lang='lat'><strong>)?</strong></span> <span class='ocrx_word' id='word_1_488' title='bbox 1231 253 1260 281; x_wconf 90' lang='lat' dir='ltr'><strong>Si</strong></span> <span class='ocrx_word' id='word_1_489' title='bbox 1275 260 1338 289; x_wconf 83' lang='lat' dir='ltr'><strong>ergo</strong></span> <span class='ocrx_word' id='word_1_490' title='bbox 1357 261 1443 289; x_wconf 86' lang='lat' dir='ltr'><strong>neque</strong></span> <span class='ocrx_word' id='word_1_491' title='bbox 1459 254 1551 282; x_wconf 90' lang='lat' dir='ltr'><strong>oculus</strong></span> <span class='ocrx_word' id='word_1_492' title='bbox 1566 254 1647 289; x_wconf 85' lang='lat' dir='ltr'><strong>vidit,</strong></span> <span class='ocrx_word' id='word_1_493' title='bbox 1662 262 1747 290; x_wconf 85' lang='lat' dir='ltr'><strong>neque</strong></span> 
     </span>
    </p>
   </div>
   <div class='ocr_carea' id='block_1_64' title="bbox 955 299 1746 338">
    <p class='ocr_par' dir='ltr' id='par_1_64' title="bbox 955 299 1746 338">
     <span class='ocr_line' id='line_1_64' title="bbox 955 299 1746 338; baseline 0.003 -12"><span class='ocrx_word' id='word_1_494' title='bbox 955 300 1027 327; x_wconf 89' lang='lat' dir='ltr'><strong>auris</strong></span> <span class='ocrx_word' id='word_1_495' title='bbox 1047 299 1145 327; x_wconf 80' lang='lat' dir='ltr'><strong>audivit</strong></span> <span class='ocrx_word' id='word_1_496' title='bbox 1156 320 1163 331; x_wconf 78' lang='grc'><em>,</em></span> <span class='ocrx_word' id='word_1_497' title='bbox 1180 307 1266 334; x_wconf 89' lang='lat' dir='ltr'><strong>neque</strong></span> <span class='ocrx_word' id='word_1_498' title='bbox 1283 307 1332 327; x_wconf 93' lang='lat' dir='ltr'><strong>cor</strong></span> <span class='ocrx_word' id='word_1_499' title='bbox 1350 308 1445 335; x_wconf 79' lang='lat' dir='ltr'><strong>capere</strong></span> <span class='ocrx_word' id='word_1_500' title='bbox 1463 301 1549 335; x_wconf 84' lang='lat' dir='ltr'><strong>potuit</strong></span> <span class='ocrx_word' id='word_1_501' title='bbox 1568 302 1746 338; x_wconf 75' lang='lat' dir='ltr'><strong>cognitionem</strong></span> 
     </span>
    </p>
   </div>
   <div class='ocr_carea' id='block_1_65' title="bbox 955 345 1746 382">
    <p class='ocr_par' dir='ltr' id='par_1_65' title="bbox 955 345 1746 382">
     <span class='ocr_line' id='line_1_65' title="bbox 955 345 1746 382; baseline 0.003 -10"><span class='ocrx_word' id='word_1_502' title='bbox 955 345 1096 378; x_wconf 88' lang='lat' dir='ltr'><strong>bonorum,</strong></span> <span class='ocrx_word' id='word_1_503' title='bbox 1111 353 1170 380; x_wconf 69' lang='lat' dir='ltr'><strong>qua:</strong></span> <span class='ocrx_word' id='word_1_504' title='bbox 1184 345 1270 380; x_wconf 87' lang='lat' dir='ltr'><strong>ipsum</strong></span> <span class='ocrx_word' id='word_1_505' title='bbox 1289 346 1458 382; x_wconf 81' lang='lat' dir='ltr'><strong>diligentibus</strong></span> <span class='ocrx_word' id='word_1_506' title='bbox 1476 351 1538 374; x_wconf 89' lang='lat' dir='ltr'><strong>sunt</strong></span> <span class='ocrx_word' id='word_1_507' title='bbox 1551 352 1651 382; x_wconf 81' lang='lat' dir='ltr'><strong>parata,</strong></span> <span class='ocrx_word' id='word_1_508' title='bbox 1665 347 1746 380; x_wconf 83' lang='lat' dir='ltr'><strong>unde.</strong></span> 
     </span>
    </p>
   </div>
   <div class='ocr_carea' id='block_1_66' title="bbox 955 392 1746 427">
    <p class='ocr_par' dir='ltr' id='par_1_66' title="bbox 955 392 1746 427">
     <span class='ocr_line' id='line_1_66' title="bbox 955 392 1746 427; baseline 0 -8"><span class='ocrx_word' id='word_1_509' title='bbox 955 400 1056 427; x_wconf 74' lang='lat' dir='ltr'><strong>qumso,</strong></span> <span class='ocrx_word' id='word_1_510' title='bbox 1072 393 1126 419; x_wconf 82' lang='lat' dir='ltr'><strong>ﬁeri</strong></span> <span class='ocrx_word' id='word_1_511' title='bbox 1140 393 1246 427; x_wconf 82' lang='lat' dir='ltr'><strong>poterit.</strong></span> <span class='ocrx_word' id='word_1_512' title='bbox 1259 400 1275 419; x_wconf 93' lang='grc' dir='ltr'><strong>ο</strong></span> <span class='ocrx_word' id='word_1_513' title='bbox 1289 392 1364 420; x_wconf 88' lang='lat' dir='ltr'><strong>beate</strong></span> <span class='ocrx_word' id='word_1_514' title='bbox 1378 392 1468 424; x_wconf 87' lang='lat' dir='ltr'><strong>Paule,</strong></span> <span class='ocrx_word' id='word_1_515' title='bbox 1485 397 1513 420; x_wconf 90' lang='lat' dir='ltr'><strong>ut</strong></span> <span class='ocrx_word' id='word_1_516' title='bbox 1531 400 1580 420; x_wconf 87' lang='lat' dir='ltr'><strong>nos</strong></span> <span class='ocrx_word' id='word_1_517' title='bbox 1593 401 1684 421; x_wconf 90' lang='lat' dir='ltr'><strong>eorttnt</strong></span> <span class='ocrx_word' id='word_1_518' title='bbox 1698 401 1746 421; x_wconf 85' lang='lat' dir='ltr'><strong>co-</strong></span> 
     </span>
    </p>
   </div>
   <div class='ocr_carea' id='block_1_67' title="bbox 954 438 1746 473">
    <p class='ocr_par' dir='ltr' id='par_1_67' title="bbox 954 438 1746 473">
     <span class='ocr_line' id='line_1_67' title="bbox 954 438 1746 473; baseline 0.001 -9"><span class='ocrx_word' id='word_1_519' title='bbox 954 438 1099 473; x_wconf 85' lang='lat' dir='ltr'><strong>gnitionem</strong></span> <span class='ocrx_word' id='word_1_520' title='bbox 1115 438 1308 473; x_wconf 83' lang='lat' dir='ltr'><strong>assequamur?</strong></span> <span class='ocrx_word' id='word_1_521' title='bbox 1323 438 1453 473; x_wconf 78' lang='lat' dir='ltr'><strong>Exspecta</strong></span> <span class='ocrx_word' id='word_1_522' title='bbox 1476 438 1610 473; x_wconf 85' lang='lat' dir='ltr'><strong>paulisper</strong></span> <span class='ocrx_word' id='word_1_523' title='bbox 1626 448 1631 466; x_wconf 90' lang='lat'>:</span> <span class='ocrx_word' id='word_1_524' title='bbox 1647 443 1701 465; x_wconf 92' lang='lat' dir='ltr'><strong>tum</strong></span> <span class='ocrx_word' id='word_1_525' title='bbox 1719 444 1746 466; x_wconf 92' lang='lat' dir='ltr'><strong>tu</strong></span> 
     </span>
    </p>
   </div>
   <div class='ocr_carea' id='block_1_68' title="bbox 955 483 1747 520">
    <p class='ocr_par' dir='ltr' id='par_1_68' title="bbox 955 483 1747 520">
     <span class='ocr_line' id='line_1_68' title="bbox 955 483 1747 520; baseline -0.001 -9"><span class='ocrx_word' id='word_1_526' title='bbox 955 483 1028 511; x_wconf 90' lang='lat' dir='ltr'><strong>illttm</strong></span> <span class='ocrx_word' id='word_1_527' title='bbox 1051 484 1135 517; x_wconf 86' lang='lat' dir='ltr'><strong>ipsum</strong></span> <span class='ocrx_word' id='word_1_528' title='bbox 1157 484 1248 511; x_wconf 90' lang='lat' dir='ltr'><strong>audies</strong></span> <span class='ocrx_word' id='word_1_529' title='bbox 1268 484 1318 511; x_wconf 92' lang='lat' dir='ltr'><strong>hoc</strong></span> <span class='ocrx_word' id='word_1_530' title='bbox 1332 483 1474 511; x_wconf 85' lang='lat' dir='ltr'><strong>dicentem.</strong></span> <span class='ocrx_word' id='word_1_531' title='bbox 1491 484 1580 520; x_wconf 86' lang='lat' dir='ltr'><strong>itaque</strong></span> <span class='ocrx_word' id='word_1_532' title='bbox 1594 484 1689 518; x_wconf 85' lang='lat' dir='ltr'><strong>adjecit</strong></span> <span class='ocrx_word' id='word_1_533' title='bbox 1704 484 1747 511; x_wconf 91' lang='lat' dir='ltr'><strong>di-</strong></span> 
     </span>
    </p>
   </div>
   <div class='ocr_carea' id='block_1_69' title="bbox 955 528 1747 564">
    <p class='ocr_par' dir='ltr' id='par_1_69' title="bbox 955 528 1747 564">
     <span class='ocr_line' id='line_1_69' title="bbox 955 528 1747 564; baseline -0.001 -8"><span class='ocrx_word' id='word_1_534' title='bbox 955 536 1019 556; x_wconf 81' lang='lat' dir='ltr'><strong>cens</strong></span> <span class='ocrx_word' id='word_1_535' title='bbox 1035 537 1042 555; x_wconf 92' lang='lat'><strong>:</strong></span> <span class='ocrx_word' id='word_1_536' title='bbox 1059 528 1139 555; x_wconf 81' lang='lat' dir='ltr'><strong>Nobis</strong></span> <span class='ocrx_word' id='word_1_537' title='bbox 1158 534 1240 556; x_wconf 83' lang='lat' dir='ltr'><strong>autent</strong></span> <span class='ocrx_word' id='word_1_538' title='bbox 1257 529 1373 556; x_wconf 71' lang='lat' dir='ltr'><strong>ret-elavi!</strong></span> <span class='ocrx_word' id='word_1_539' title='bbox 1388 528 1456 556; x_wconf 82' lang='lat' dir='ltr'><strong>Deus</strong></span> <span class='ocrx_word' id='word_1_540' title='bbox 1475 537 1520 564; x_wconf 84' lang='lat' dir='ltr'><strong>per</strong></span> <span class='ocrx_word' id='word_1_541' title='bbox 1538 529 1654 564; x_wconf 87' lang='lat' dir='ltr'><strong>spirituttt</strong></span> <span class='ocrx_word' id='word_1_542' title='bbox 1673 538 1747 556; x_wconf 85' lang='lat' dir='ltr'><strong>suum</strong></span> 
     </span>
    </p>
   </div>
   <div class='ocr_carea' id='block_1_70' title="bbox 956 575 1745 611">
    <p class='ocr_par' dir='ltr' id='par_1_70' title="bbox 956 575 1745 611">
     <span class='ocr_line' id='line_1_70' title="bbox 956 575 1745 611; baseline 0 -9"><span class='ocrx_word' id='word_1_543' title='bbox 956 575 1035 611; x_wconf 76' lang='lat' dir='ltr'><strong>(Ibid.</strong></span> <span class='ocrx_word' id='word_1_544' title='bbox 1054 583 1078 602; x_wconf 76' lang='grc' dir='ltr'><strong>υ.</strong></span> <span class='ocrx_word' id='word_1_545' title='bbox 1094 575 1138 611; x_wconf 81' lang='grc'><strong>10)</strong></span> <span class='ocrx_word' id='word_1_546' title='bbox 1156 584 1163 603; x_wconf 85' lang='lat'><strong><em>:</em></strong></span> <span class='ocrx_word' id='word_1_547' title='bbox 1179 583 1265 611; x_wconf 85' lang='lat' dir='ltr'><strong>neque</strong></span> <span class='ocrx_word' id='word_1_548' title='bbox 1284 583 1347 603; x_wconf 88' lang='lat' dir='ltr'><strong>vero</strong></span> <span class='ocrx_word' id='word_1_549' title='bbox 1372 575 1414 602; x_wconf 88' lang='lat' dir='ltr'><strong>hic</strong></span> <span class='ocrx_word' id='word_1_550' title='bbox 1435 575 1570 607; x_wconf 87' lang='lat' dir='ltr'><strong>substitit;</strong></span> <span class='ocrx_word' id='word_1_551' title='bbox 1586 575 1631 602; x_wconf 90' lang='lat' dir='ltr'><strong>scd</strong></span> <span class='ocrx_word' id='word_1_552' title='bbox 1649 580 1677 602; x_wconf 91' lang='lat' dir='ltr'><strong>ut</strong></span> <span class='ocrx_word' id='word_1_553' title='bbox 1697 583 1745 610; x_wconf 93' lang='lat' dir='ltr'><strong>po-</strong></span> 
     </span>
    </p>
   </div>
   <div class='ocr_carea' id='block_1_71' title="bbox 955 622 1745 658">
    <p class='ocr_par' dir='ltr' id='par_1_71' title="bbox 955 622 1745 658">
     <span class='ocr_line' id='line_1_71' title="bbox 955 622 1745 658; baseline 0 -9"><span class='ocrx_word' id='word_1_554' title='bbox 955 623 1044 650; x_wconf 65' lang='lat' dir='ltr'><strong>tentiae</strong></span> <span class='ocrx_word' id='word_1_555' title='bbox 1056 622 1265 658; x_wconf 77' lang='lat' dir='ltr'><strong>magnitudinem</strong></span> <span class='ocrx_word' id='word_1_556' title='bbox 1279 622 1417 653; x_wconf 79' lang='lat' dir='ltr'><strong>indicaret.</strong></span> <span class='ocrx_word' id='word_1_557' title='bbox 1430 626 1458 648; x_wconf 91' lang='lat' dir='ltr'><strong>et</strong></span> <span class='ocrx_word' id='word_1_558' title='bbox 1470 629 1523 657; x_wconf 93' lang='lat' dir='ltr'><strong>quo</strong></span> <span class='ocrx_word' id='word_1_559' title='bbox 1538 626 1614 656; x_wconf 89' lang='lat' dir='ltr'><strong>pacto</strong></span> <span class='ocrx_word' id='word_1_560' title='bbox 1627 622 1745 657; x_wconf 89' lang='lat' dir='ltr'><strong>ejusdem</strong></span> 
     </span>
    </p>
   </div>
   <div class='ocr_carea' id='block_1_72' title="bbox 954 667 1745 703">
    <p class='ocr_par' dir='ltr' id='par_1_72' title="bbox 954 667 1745 703">
     <span class='ocr_line' id='line_1_72' title="bbox 954 667 1745 703; baseline -0.003 -7"><span class='ocrx_word' id='word_1_561' title='bbox 954 668 989 695; x_wconf 89' lang='lat' dir='ltr'><strong>sit</strong></span> <span class='ocrx_word' id='word_1_562' title='bbox 1008 669 1164 696; x_wconf 72' lang='lat' dir='ltr'><strong>substantia:</strong></span> <span class='ocrx_word' id='word_1_563' title='bbox 1181 673 1260 703; x_wconf 91' lang='lat' dir='ltr'><strong>atque</strong></span> <span class='ocrx_word' id='word_1_564' title='bbox 1278 667 1358 695; x_wconf 86' lang='lat' dir='ltr'><strong>Pater</strong></span> <span class='ocrx_word' id='word_1_565' title='bbox 1371 672 1396 695; x_wconf 87' lang='lat' dir='ltr'><strong>et</strong></span> <span class='ocrx_word' id='word_1_566' title='bbox 1412 667 1514 694; x_wconf 86' lang='lat' dir='ltr'><strong>Filius:</strong></span> <span class='ocrx_word' id='word_1_567' title='bbox 1530 667 1641 702; x_wconf 81' lang='lat' dir='ltr'><strong>Spiritus</strong></span> <span class='ocrx_word' id='word_1_568' title='bbox 1655 668 1725 695; x_wconf 90' lang='lat' dir='ltr'><strong>eniut</strong></span> <span class='ocrx_word' id='word_1_569' title='bbox 1737 689 1745 698; x_wconf 81' lang='grc'><em>,</em></span> 
     </span>
    </p>
   </div>
   <div class='ocr_carea' id='block_1_73' title="bbox 954 712 1746 748">
    <p class='ocr_par' dir='ltr' id='par_1_73' title="bbox 954 712 1746 748">
     <span class='ocr_line' id='line_1_73' title="bbox 954 712 1746 748; baseline -0.001 -8"><span class='ocrx_word' id='word_1_570' title='bbox 954 713 1055 747; x_wconf 89' lang='lat' dir='ltr'><strong>inquit,</strong></span> <span class='ocrx_word' id='word_1_571' title='bbox 1072 715 1157 740; x_wconf 88' lang='lat' dir='ltr'><strong>omnia</strong></span> <span class='ocrx_word' id='word_1_572' title='bbox 1177 718 1316 745; x_wconf 80' lang='lat' dir='ltr'><strong>scrutatur,</strong></span> <span class='ocrx_word' id='word_1_573' title='bbox 1335 713 1412 740; x_wconf 82' lang='lat' dir='ltr'><strong>etiam</strong></span> <span class='ocrx_word' id='word_1_574' title='bbox 1433 713 1560 748; x_wconf 81' lang='lat' dir='ltr'><strong>profunda</strong></span> <span class='ocrx_word' id='word_1_575' title='bbox 1578 712 1625 740; x_wconf 87' lang='lat' dir='ltr'><strong>Dei</strong></span> <span class='ocrx_word' id='word_1_576' title='bbox 1643 712 1746 747; x_wconf 60' lang='lat' dir='ltr'><strong>(Ibid).</strong></span> 
     </span>
    </p>
   </div>
   <div class='ocr_carea' id='block_1_74' title="bbox 955 759 1748 794">
    <p class='ocr_par' dir='ltr' id='par_1_74' title="bbox 955 759 1748 794">
     <span class='ocr_line' id='line_1_74' title="bbox 955 759 1748 794; baseline 0 -8"><span class='ocrx_word' id='word_1_577' title='bbox 955 759 1054 786; x_wconf 89' lang='lat' dir='ltr'><strong>Deinde</strong></span> <span class='ocrx_word' id='word_1_578' title='bbox 1070 767 1131 786; x_wconf 87' lang='lat' dir='ltr'><strong>cum</strong></span> <span class='ocrx_word' id='word_1_579' title='bbox 1152 759 1282 794; x_wconf 76' lang='lat' dir='ltr'><strong>exemplis</strong></span> <span class='ocrx_word' id='word_1_580' title='bbox 1299 759 1422 786; x_wconf 89' lang='lat' dir='ltr'><strong>humanis</strong></span> <span class='ocrx_word' id='word_1_581' title='bbox 1443 759 1634 787; x_wconf 86' lang='lat' dir='ltr'><strong>accuratiorem</strong></span> <span class='ocrx_word' id='word_1_582' title='bbox 1649 759 1748 787; x_wconf 88' lang='lat' dir='ltr'><strong>doctri-</strong></span> 
     </span>
    </p>
   </div>
   <div class='ocr_carea' id='block_1_75' title="bbox 955 805 1747 840">
    <p class='ocr_par' dir='ltr' id='par_1_75' title="bbox 955 805 1747 840">
     <span class='ocr_line' id='line_1_75' title="bbox 955 805 1747 840; baseline 0.001 -9"><span class='ocrx_word' id='word_1_583' title='bbox 955 813 1015 831; x_wconf 91' lang='lat' dir='ltr'><strong>nam</strong></span> <span class='ocrx_word' id='word_1_584' title='bbox 1030 805 1148 832; x_wconf 81' lang='lat' dir='ltr'><strong>inscrcrc</strong></span> <span class='ocrx_word' id='word_1_585' title='bbox 1161 805 1256 832; x_wconf 89' lang='lat' dir='ltr'><strong>animis</strong></span> <span class='ocrx_word' id='word_1_586' title='bbox 1267 806 1364 832; x_wconf 90' lang='lat' dir='ltr'><strong>nostris</strong></span> <span class='ocrx_word' id='word_1_587' title='bbox 1375 805 1463 838; x_wconf 86' lang='lat' dir='ltr'><strong>vellet,</strong></span> <span class='ocrx_word' id='word_1_588' title='bbox 1477 805 1574 840; x_wconf 88' lang='lat' dir='ltr'><strong>adjecit</strong></span> <span class='ocrx_word' id='word_1_589' title='bbox 1587 815 1592 832; x_wconf 92' lang='lat'>:</span> <span class='ocrx_word' id='word_1_590' title='bbox 1608 805 1671 838; x_wconf 83' lang='lat' dir='ltr'><strong>Quis</strong></span> <span class='ocrx_word' id='word_1_591' title='bbox 1681 807 1747 833; x_wconf 85' lang='lat' dir='ltr'><strong>enim</strong></span> 
     </span>
    </p>
   </div>
   <div class='ocr_carea' id='block_1_76' title="bbox 954 851 1748 888">
    <p class='ocr_par' dir='ltr' id='par_1_76' title="bbox 954 851 1748 888">
     <span class='ocr_line' id='line_1_76' title="bbox 954 851 1748 888; baseline 0.006 -12"><span class='ocrx_word' id='word_1_592' title='bbox 954 851 1082 877; x_wconf 85' lang='lat' dir='ltr'><strong>hominum</strong></span> <span class='ocrx_word' id='word_1_593' title='bbox 1101 852 1146 878; x_wconf 86' lang='lat' dir='ltr'><strong>scit</strong></span> <span class='ocrx_word' id='word_1_594' title='bbox 1165 859 1222 885; x_wconf 74' lang='lat' dir='ltr'><strong>qua:</strong></span> <span class='ocrx_word' id='word_1_595' title='bbox 1237 856 1298 878; x_wconf 88' lang='lat' dir='ltr'><strong>sunt</strong></span> <span class='ocrx_word' id='word_1_596' title='bbox 1317 851 1442 884; x_wconf 83' lang='lat' dir='ltr'><strong>hominis,</strong></span> <span class='ocrx_word' id='word_1_597' title='bbox 1458 851 1508 879; x_wconf 86' lang='lat' dir='ltr'><strong>nisi</strong></span> <span class='ocrx_word' id='word_1_598' title='bbox 1521 852 1625 888; x_wconf 83' lang='lat' dir='ltr'><strong>spiritus</strong></span> <span class='ocrx_word' id='word_1_599' title='bbox 1639 852 1748 881; x_wconf 84' lang='lat' dir='ltr'><strong>hominis</strong></span> 
     </span>
    </p>
   </div>
   <div class='ocr_carea' id='block_1_77' title="bbox 953 897 1749 934">
    <p class='ocr_par' dir='ltr' id='par_1_77' title="bbox 953 897 1749 934">
     <span class='ocr_line' id='line_1_77' title="bbox 953 897 1749 934; baseline 0.003 -10"><span class='ocrx_word' id='word_1_600' title='bbox 953 898 996 932; x_wconf 88' lang='lat' dir='ltr'><strong>qui</strong></span> <span class='ocrx_word' id='word_1_601' title='bbox 1008 898 1034 924; x_wconf 88' lang='lat' dir='ltr'><strong>in</strong></span> <span class='ocrx_word' id='word_1_602' title='bbox 1047 898 1102 933; x_wconf 84' lang='lat' dir='ltr'><strong>ipso</strong></span> <span class='ocrx_word' id='word_1_603' title='bbox 1115 899 1171 925; x_wconf 82' lang='lat' dir='ltr'><strong>est?</strong></span> <span class='ocrx_word' id='word_1_604' title='bbox 1184 898 1228 925; x_wconf 82' lang='lat' dir='ltr'><strong>Sic</strong></span> <span class='ocrx_word' id='word_1_605' title='bbox 1240 903 1264 925; x_wconf 88' lang='lat' dir='ltr'><strong>et</strong></span> <span class='ocrx_word' id='word_1_606' title='bbox 1274 906 1330 930; x_wconf 77' lang='lat' dir='ltr'><strong>qua:</strong></span> <span class='ocrx_word' id='word_1_607' title='bbox 1341 897 1388 925; x_wconf 84' lang='lat' dir='ltr'><strong>Dei</strong></span> <span class='ocrx_word' id='word_1_608' title='bbox 1402 903 1460 925; x_wconf 86' lang='lat' dir='ltr'><strong>sunt</strong></span> <span class='ocrx_word' id='word_1_609' title='bbox 1475 906 1547 926; x_wconf 84' lang='lat' dir='ltr'><strong>nemo</strong></span> <span class='ocrx_word' id='word_1_610' title='bbox 1560 899 1684 934; x_wconf 81' lang='lat' dir='ltr'><strong>cognovit,</strong></span> <span class='ocrx_word' id='word_1_611' title='bbox 1699 899 1749 926; x_wconf 79' lang='lat' dir='ltr'><strong>nisi</strong></span> 
     </span>
    </p>
   </div>
   <div class='ocr_carea' id='block_1_78' title="bbox 954 943 1748 981">
    <p class='ocr_par' dir='ltr' id='par_1_78' title="bbox 954 943 1748 981">
     <span class='ocr_line' id='line_1_78' title="bbox 954 943 1748 981; baseline 0.003 -11"><span class='ocrx_word' id='word_1_612' title='bbox 954 943 1068 979; x_wconf 86' lang='lat' dir='ltr'><strong>Spiritus</strong></span> <span class='ocrx_word' id='word_1_613' title='bbox 1079 943 1128 971; x_wconf 85' lang='lat' dir='ltr'><strong>Dei</strong></span> <span class='ocrx_word' id='word_1_614' title='bbox 1142 944 1194 980; x_wconf 85' lang='lat' dir='ltr'><strong>(Ib.</strong></span> <span class='ocrx_word' id='word_1_615' title='bbox 1209 952 1232 971; x_wconf 80' lang='grc' dir='ltr'><strong>υ.</strong></span> <span class='ocrx_word' id='word_1_616' title='bbox 1249 943 1303 981; x_wconf 82' lang='lat' dir='ltr'><strong>ii).</strong></span> <span class='ocrx_word' id='word_1_617' title='bbox 1321 944 1398 971; x_wconf 82' lang='lat' dir='ltr'><strong>Vides</strong></span> <span class='ocrx_word' id='word_1_618' title='bbox 1411 944 1535 971; x_wconf 87' lang='lat' dir='ltr'><strong>eximiam</strong></span> <span class='ocrx_word' id='word_1_619' title='bbox 1548 945 1748 980; x_wconf 80' lang='lat' dir='ltr'><strong>perfectamque</strong></span> 
     </span>
    </p>
   </div>
   <div class='ocr_carea' id='block_1_79' title="bbox 953 989 1747 1025">
    <p class='ocr_par' dir='ltr' id='par_1_79' title="bbox 953 989 1747 1025">
     <span class='ocr_line' id='line_1_79' title="bbox 953 989 1747 1025; baseline 0.003 -9"><span class='ocrx_word' id='word_1_620' title='bbox 953 989 1123 1017; x_wconf 84' lang='lat' dir='ltr'><strong>doctrinam?</strong></span> <span class='ocrx_word' id='word_1_621' title='bbox 1134 989 1374 1023; x_wconf 87' lang='lat' dir='ltr'><strong>Quemadmodum,</strong></span> <span class='ocrx_word' id='word_1_622' title='bbox 1387 990 1481 1024; x_wconf 89' lang='lat' dir='ltr'><strong>inquit,</strong></span> <span class='ocrx_word' id='word_1_623' title='bbox 1493 997 1536 1024; x_wconf 84' lang='lat' dir='ltr'><strong>ea,</strong></span> <span class='ocrx_word' id='word_1_624' title='bbox 1548 998 1607 1025; x_wconf 77' lang='lat' dir='ltr'><strong>qua:</strong></span> <span class='ocrx_word' id='word_1_625' title='bbox 1618 991 1644 1018; x_wconf 87' lang='lat' dir='ltr'><strong>itt</strong></span> <span class='ocrx_word' id='word_1_626' title='bbox 1658 996 1747 1018; x_wconf 85' lang='lat' dir='ltr'><strong>mente</strong></span> 
     </span>
    </p>
   </div>
   <div class='ocr_carea' id='block_1_80' title="bbox 953 1035 1747 1071">
    <p class='ocr_par' dir='ltr' id='par_1_80' title="bbox 953 1035 1747 1071">
     <span class='ocr_line' id='line_1_80' title="bbox 953 1035 1747 1071; baseline 0.001 -9"><span class='ocrx_word' id='word_1_627' title='bbox 953 1040 1016 1062; x_wconf 87' lang='lat' dir='ltr'><strong>sunt</strong></span> <span class='ocrx_word' id='word_1_628' title='bbox 1028 1035 1161 1068; x_wconf 91' lang='lat' dir='ltr'><strong>hominis,</strong></span> <span class='ocrx_word' id='word_1_629' title='bbox 1177 1036 1232 1063; x_wconf 72' lang='lat' dir='ltr'><strong>fieri</strong></span> <span class='ocrx_word' id='word_1_630' title='bbox 1248 1035 1338 1070; x_wconf 89' lang='lat' dir='ltr'><strong>nequit</strong></span> <span class='ocrx_word' id='word_1_631' title='bbox 1352 1039 1381 1062; x_wconf 92' lang='lat' dir='ltr'><strong>ut</strong></span> <span class='ocrx_word' id='word_1_632' title='bbox 1398 1036 1467 1063; x_wconf 88' lang='lat' dir='ltr'><strong>alter</strong></span> <span class='ocrx_word' id='word_1_633' title='bbox 1487 1036 1606 1070; x_wconf 88' lang='lat' dir='ltr'><strong>noverit,</strong></span> <span class='ocrx_word' id='word_1_634' title='bbox 1621 1036 1667 1064; x_wconf 89' lang='lat' dir='ltr'><strong>sed</strong></span> <span class='ocrx_word' id='word_1_635' title='bbox 1690 1037 1747 1071; x_wconf 83' lang='lat' dir='ltr'><strong>ipse</strong></span> 
     </span>
    </p>
   </div>
   <div class='ocr_carea' id='block_1_81' title="bbox 953 1081 1748 1116">
    <p class='ocr_par' dir='ltr' id='par_1_81' title="bbox 953 1081 1748 1116">
     <span class='ocr_line' id='line_1_81' title="bbox 953 1081 1748 1116; baseline 0 -8"><span class='ocrx_word' id='word_1_636' title='bbox 953 1088 996 1108; x_wconf 88' lang='lat' dir='ltr'><strong>res</strong></span> <span class='ocrx_word' id='word_1_637' title='bbox 1008 1088 1069 1108; x_wconf 90' lang='lat' dir='ltr'><strong>suas</strong></span> <span class='ocrx_word' id='word_1_638' title='bbox 1084 1081 1154 1108; x_wconf 83' lang='lat' dir='ltr'><strong>novit</strong></span> <span class='ocrx_word' id='word_1_639' title='bbox 1169 1081 1242 1109; x_wconf 89' lang='lat' dir='ltr'><strong>solus</strong></span> <span class='ocrx_word' id='word_1_640' title='bbox 1254 1090 1260 1108; x_wconf 89' lang='lat'>:</span> <span class='ocrx_word' id='word_1_641' title='bbox 1275 1082 1314 1109; x_wconf 87' lang='lat' dir='ltr'><strong>sic</strong></span> <span class='ocrx_word' id='word_1_642' title='bbox 1325 1086 1352 1108; x_wconf 88' lang='lat' dir='ltr'><strong>et</strong></span> <span class='ocrx_word' id='word_1_643' title='bbox 1365 1089 1424 1116; x_wconf 63' lang='lat' dir='ltr'><strong>quae</strong></span> <span class='ocrx_word' id='word_1_644' title='bbox 1438 1081 1483 1109; x_wconf 90' lang='lat' dir='ltr'><strong>Dei</strong></span> <span class='ocrx_word' id='word_1_645' title='bbox 1498 1086 1561 1109; x_wconf 87' lang='lat' dir='ltr'><strong>sunt</strong></span> <span class='ocrx_word' id='word_1_646' title='bbox 1573 1082 1661 1109; x_wconf 92' lang='lat' dir='ltr'><strong>nullus</strong></span> <span class='ocrx_word' id='word_1_647' title='bbox 1675 1083 1748 1109; x_wconf 82' lang='lat' dir='ltr'><strong>novit</strong></span> 
     </span>
    </p>
   </div>
   <div class='ocr_carea' id='block_1_82' title="bbox 953 1127 1747 1163">
    <p class='ocr_par' dir='ltr' id='par_1_82' title="bbox 953 1127 1747 1163">
     <span class='ocr_line' id='line_1_82' title="bbox 953 1127 1747 1163; baseline 0 -9"><span class='ocrx_word' id='word_1_648' title='bbox 953 1127 1004 1154; x_wconf 86' lang='lat' dir='ltr'><strong>nisi</strong></span> <span class='ocrx_word' id='word_1_649' title='bbox 1025 1127 1139 1162; x_wconf 87' lang='lat' dir='ltr'><strong>Spiritus</strong></span> <span class='ocrx_word' id='word_1_650' title='bbox 1161 1127 1224 1160; x_wconf 87' lang='lat' dir='ltr'><strong>Dei,</strong></span> <span class='ocrx_word' id='word_1_651' title='bbox 1239 1127 1309 1163; x_wconf 91' lang='lat' dir='ltr'><strong>quod</strong></span> <span class='ocrx_word' id='word_1_652' title='bbox 1331 1128 1474 1155; x_wconf 90' lang='lat' dir='ltr'><strong>maximum</strong></span> <span class='ocrx_word' id='word_1_653' title='bbox 1493 1132 1534 1155; x_wconf 89' lang='lat' dir='ltr'><strong>cst</strong></span> <span class='ocrx_word' id='word_1_654' title='bbox 1546 1128 1672 1163; x_wconf 87' lang='lat' dir='ltr'><strong>valdeque</strong></span> <span class='ocrx_word' id='word_1_655' title='bbox 1687 1127 1747 1155; x_wconf 90' lang='lat' dir='ltr'><strong>ido-</strong></span> 
     </span>
    </p>
   </div>
   <div class='ocr_carea' id='block_1_83' title="bbox 953 1173 1746 1209">
    <p class='ocr_par' dir='ltr' id='par_1_83' title="bbox 953 1173 1746 1209">
     <span class='ocr_line' id='line_1_83' title="bbox 953 1173 1746 1209; baseline 0.001 -9"><span class='ocrx_word' id='word_1_656' title='bbox 953 1180 1032 1201; x_wconf 87' lang='lat' dir='ltr'><strong>neum</strong></span> <span class='ocrx_word' id='word_1_657' title='bbox 1043 1173 1075 1200; x_wconf 92' lang='lat' dir='ltr'><strong>ad</strong></span> <span class='ocrx_word' id='word_1_658' title='bbox 1086 1173 1277 1200; x_wconf 85' lang='lat' dir='ltr'><strong>ostendendam</strong></span> <span class='ocrx_word' id='word_1_659' title='bbox 1288 1173 1402 1208; x_wconf 90' lang='lat' dir='ltr'><strong>Spiritus</strong></span> <span class='ocrx_word' id='word_1_660' title='bbox 1412 1173 1576 1209; x_wconf 85' lang='lat' dir='ltr'><strong>dignitatem.</strong></span> <span class='ocrx_word' id='word_1_661' title='bbox 1588 1174 1746 1209; x_wconf 84' lang='lat' dir='ltr'><strong>Exemplum</strong></span> 
     </span>
    </p>
   </div>
   <div class='ocr_carea' id='block_1_84' title="bbox 953 1219 1748 1255">
    <p class='ocr_par' dir='ltr' id='par_1_84' title="bbox 953 1219 1748 1255">
     <span class='ocr_line' id='line_1_84' title="bbox 953 1219 1748 1255; baseline 0.003 -10"><span class='ocrx_word' id='word_1_662' title='bbox 953 1219 1023 1246; x_wconf 90' lang='lat' dir='ltr'><strong>enim</strong></span> <span class='ocrx_word' id='word_1_663' title='bbox 1038 1219 1134 1252; x_wconf 84' lang='lat' dir='ltr'><strong>attulit,</strong></span> <span class='ocrx_word' id='word_1_664' title='bbox 1147 1219 1222 1254; x_wconf 87' lang='lat' dir='ltr'><strong>qttasi</strong></span> <span class='ocrx_word' id='word_1_665' title='bbox 1239 1219 1289 1247; x_wconf 88' lang='lat' dir='ltr'><strong>ltoc</strong></span> <span class='ocrx_word' id='word_1_666' title='bbox 1304 1220 1423 1247; x_wconf 89' lang='lat' dir='ltr'><strong>innueret</strong></span> <span class='ocrx_word' id='word_1_667' title='bbox 1440 1228 1446 1247; x_wconf 95' lang='lat'><strong>:</strong></span> <span class='ocrx_word' id='word_1_668' title='bbox 1460 1219 1529 1247; x_wconf 83' lang='lat' dir='ltr'><strong>Fieri</strong></span> <span class='ocrx_word' id='word_1_669' title='bbox 1543 1227 1596 1247; x_wconf 93' lang='lat' dir='ltr'><strong>tton</strong></span> <span class='ocrx_word' id='word_1_670' title='bbox 1610 1225 1705 1255; x_wconf 87' lang='lat' dir='ltr'><strong>potest,</strong></span> <span class='ocrx_word' id='word_1_671' title='bbox 1719 1225 1748 1248; x_wconf 88' lang='lat' dir='ltr'><strong>ttt</strong></span> 
     </span>
    </p>
   </div>
   <div class='ocr_carea' id='block_1_85' title="bbox 953 1263 1746 1299">
    <p class='ocr_par' dir='ltr' id='par_1_85' title="bbox 953 1263 1746 1299">
     <span class='ocr_line' id='line_1_85' title="bbox 953 1263 1746 1299; baseline 0.003 -9"><span class='ocrx_word' id='word_1_672' title='bbox 953 1265 1012 1299; x_wconf 89' lang='lat' dir='ltr'><strong>quis</strong></span> <span class='ocrx_word' id='word_1_673' title='bbox 1026 1263 1163 1291; x_wconf 91' lang='lat' dir='ltr'><strong>hominum</strong></span> <span class='ocrx_word' id='word_1_674' title='bbox 1177 1271 1208 1291; x_wconf 88' lang='lat' dir='ltr'><strong>ea</strong></span> <span class='ocrx_word' id='word_1_675' title='bbox 1219 1284 1227 1296; x_wconf 94' lang='lat'><strong>,</strong></span> <span class='ocrx_word' id='word_1_676' title='bbox 1242 1272 1300 1299; x_wconf 73' lang='lat' dir='ltr'><strong>qute</strong></span> <span class='ocrx_word' id='word_1_677' title='bbox 1316 1264 1342 1291; x_wconf 94' lang='lat' dir='ltr'><strong>in</strong></span> <span class='ocrx_word' id='word_1_678' title='bbox 1357 1271 1404 1291; x_wconf 91' lang='lat' dir='ltr'><strong>sua</strong></span> <span class='ocrx_word' id='word_1_679' title='bbox 1422 1268 1510 1292; x_wconf 89' lang='lat' dir='ltr'><strong>mente</strong></span> <span class='ocrx_word' id='word_1_680' title='bbox 1525 1270 1605 1298; x_wconf 86' lang='lat' dir='ltr'><strong>sunt,</strong></span> <span class='ocrx_word' id='word_1_681' title='bbox 1621 1272 1746 1299; x_wconf 90' lang='lat' dir='ltr'><strong>umquam</strong></span> 
     </span>
    </p>
   </div>
   <div class='ocr_carea' id='block_1_86' title="bbox 954 1309 1746 1346">
    <p class='ocr_par' dir='ltr' id='par_1_86' title="bbox 954 1309 1746 1346">
     <span class='ocr_line' id='line_1_86' title="bbox 954 1309 1746 1346; baseline 0.004 -11"><span class='ocrx_word' id='word_1_682' title='bbox 954 1310 1066 1344; x_wconf 79' lang='lat' dir='ltr'><strong>ignoret.</strong></span> <span class='ocrx_word' id='word_1_683' title='bbox 1082 1309 1116 1337; x_wconf 89' lang='lat' dir='ltr'><strong>Ut</strong></span> <span class='ocrx_word' id='word_1_684' title='bbox 1135 1309 1214 1344; x_wconf 83' lang='lat' dir='ltr'><strong>igitur</strong></span> <span class='ocrx_word' id='word_1_685' title='bbox 1226 1309 1282 1337; x_wconf 87' lang='lat' dir='ltr'><strong>ﬁeri</strong></span> <span class='ocrx_word' id='word_1_686' title='bbox 1298 1310 1348 1337; x_wconf 88' lang='lat' dir='ltr'><strong>hoc</strong></span> <span class='ocrx_word' id='word_1_687' title='bbox 1361 1317 1413 1337; x_wconf 92' lang='lat' dir='ltr'><strong>non</strong></span> <span class='ocrx_word' id='word_1_688' title='bbox 1429 1314 1536 1344; x_wconf 87' lang='lat' dir='ltr'><strong>potest,</strong></span> <span class='ocrx_word' id='word_1_689' title='bbox 1549 1310 1589 1337; x_wconf 91' lang='lat' dir='ltr'><strong>sic</strong></span> <span class='ocrx_word' id='word_1_690' title='bbox 1602 1315 1628 1338; x_wconf 87' lang='lat' dir='ltr'><strong>et</strong></span> <span class='ocrx_word' id='word_1_691' title='bbox 1640 1318 1671 1338; x_wconf 87' lang='lat' dir='ltr'><strong>ea</strong></span> <span class='ocrx_word' id='word_1_692' title='bbox 1687 1318 1746 1346; x_wconf 68' lang='lat' dir='ltr'><strong>quae</strong></span> 
     </span>
    </p>
   </div>
   <div class='ocr_carea' id='block_1_87' title="bbox 954 1355 1745 1390">
    <p class='ocr_par' dir='ltr' id='par_1_87' title="bbox 954 1355 1745 1390">
     <span class='ocr_line' id='line_1_87' title="bbox 954 1355 1745 1390; baseline 0.003 -8"><span class='ocrx_word' id='word_1_693' title='bbox 954 1355 1000 1382; x_wconf 90' lang='lat' dir='ltr'><strong>Dei</strong></span> <span class='ocrx_word' id='word_1_694' title='bbox 1015 1359 1078 1382; x_wconf 88' lang='lat' dir='ltr'><strong>sunt</strong></span> <span class='ocrx_word' id='word_1_695' title='bbox 1090 1359 1143 1382; x_wconf 90' lang='lat' dir='ltr'><strong>tam</strong></span> <span class='ocrx_word' id='word_1_696' title='bbox 1159 1361 1251 1383; x_wconf 84' lang='lat' dir='ltr'><strong>exacte</strong></span> <span class='ocrx_word' id='word_1_697' title='bbox 1271 1355 1386 1390; x_wconf 90' lang='lat' dir='ltr'><strong>Spiritus</strong></span> <span class='ocrx_word' id='word_1_698' title='bbox 1405 1361 1513 1383; x_wconf 89' lang='lat' dir='ltr'><strong>sanctus</strong></span> <span class='ocrx_word' id='word_1_699' title='bbox 1532 1357 1615 1383; x_wconf 80' lang='lat' dir='ltr'><strong>novit.</strong></span> <span class='ocrx_word' id='word_1_700' title='bbox 1630 1356 1682 1384; x_wconf 69' lang='lat' dir='ltr'><strong>Sed</strong></span> <span class='ocrx_word' id='word_1_701' title='bbox 1697 1365 1745 1384; x_wconf 84' lang='lat' dir='ltr'><strong>ne-</strong></span> 
     </span>
    </p>
   </div>
   <div class='ocr_carea' id='block_1_88' title="bbox 952 1401 1747 1437">
    <p class='ocr_par' dir='ltr' id='par_1_88' title="bbox 952 1401 1747 1437">
     <span class='ocr_line' id='line_1_88' title="bbox 952 1401 1747 1437; baseline 0.003 -9"><span class='ocrx_word' id='word_1_702' title='bbox 952 1402 1008 1437; x_wconf 79' lang='lat' dir='ltr'><strong>gari</strong></span> <span class='ocrx_word' id='word_1_703' title='bbox 1021 1409 1073 1428; x_wconf 90' lang='lat' dir='ltr'><strong>non</strong></span> <span class='ocrx_word' id='word_1_704' title='bbox 1089 1406 1185 1437; x_wconf 84' lang='lat' dir='ltr'><strong>potest,</strong></span> <span class='ocrx_word' id='word_1_705' title='bbox 1198 1402 1260 1436; x_wconf 91' lang='lat' dir='ltr'><strong>quin</strong></span> <span class='ocrx_word' id='word_1_706' title='bbox 1273 1401 1313 1429; x_wconf 82' lang='lat' dir='ltr'><strong>his</strong></span> <span class='ocrx_word' id='word_1_707' title='bbox 1323 1402 1404 1429; x_wconf 83' lang='lat' dir='ltr'><strong>etiam</strong></span> <span class='ocrx_word' id='word_1_708' title='bbox 1417 1401 1505 1429; x_wconf 86' lang='lat' dir='ltr'><strong>verbis</strong></span> <span class='ocrx_word' id='word_1_709' title='bbox 1519 1402 1612 1430; x_wconf 79' lang='lat' dir='ltr'><strong>beatus</strong></span> <span class='ocrx_word' id='word_1_710' title='bbox 1625 1402 1674 1430; x_wconf 90' lang='lat' dir='ltr'><strong>iste</strong></span> <span class='ocrx_word' id='word_1_711' title='bbox 1686 1402 1747 1430; x_wconf 87' lang='lat' dir='ltr'><strong>illos</strong></span> 
     </span>
    </p>
   </div>
   <div class='ocr_carea' id='block_1_89' title="bbox 954 1447 1747 1483">
    <p class='ocr_par' dir='ltr' id='par_1_89' title="bbox 954 1447 1747 1483">
     <span class='ocr_line' id='line_1_89' title="bbox 954 1447 1747 1483; baseline 0 -9"><span class='ocrx_word' id='word_1_712' title='bbox 954 1452 1042 1482; x_wconf 80' lang='lat' dir='ltr'><strong>tangat</strong></span> <span class='ocrx_word' id='word_1_713' title='bbox 1053 1468 1061 1480; x_wconf 87' lang='lat'><strong>,</strong></span> <span class='ocrx_word' id='word_1_714' title='bbox 1076 1448 1121 1483; x_wconf 91' lang='lat' dir='ltr'><strong>qui</strong></span> <span class='ocrx_word' id='word_1_715' title='bbox 1136 1447 1171 1474; x_wconf 89' lang='lat' dir='ltr'><strong>ob</strong></span> <span class='ocrx_word' id='word_1_716' title='bbox 1184 1447 1353 1482; x_wconf 85' lang='lat' dir='ltr'><strong>attticipatam</strong></span> <span class='ocrx_word' id='word_1_717' title='bbox 1367 1455 1442 1474; x_wconf 87' lang='lat' dir='ltr'><strong>suant</strong></span> <span class='ocrx_word' id='word_1_718' title='bbox 1459 1447 1612 1483; x_wconf 86' lang='lat' dir='ltr'><strong>opinionem</strong></span> <span class='ocrx_word' id='word_1_719' title='bbox 1626 1455 1686 1475; x_wconf 89' lang='lat' dir='ltr'><strong>cum</strong></span> <span class='ocrx_word' id='word_1_720' title='bbox 1702 1455 1747 1474; x_wconf 90' lang='lat' dir='ltr'><strong>sa-</strong></span> 
     </span>
    </p>
   </div>
   <div class='ocr_carea' id='block_1_90' title="bbox 953 1492 1746 1528">
    <p class='ocr_par' dir='ltr' id='par_1_90' title="bbox 953 1492 1746 1528">
     <span class='ocr_line' id='line_1_90' title="bbox 953 1492 1746 1528; baseline 0.001 -8"><span class='ocrx_word' id='word_1_721' title='bbox 953 1493 1015 1521; x_wconf 87' lang='lat' dir='ltr'><strong>lutis</strong></span> <span class='ocrx_word' id='word_1_722' title='bbox 1027 1500 1082 1520; x_wconf 75' lang='lat' dir='ltr'><strong>sua:</strong></span> <span class='ocrx_word' id='word_1_723' title='bbox 1095 1493 1257 1520; x_wconf 86' lang='lat' dir='ltr'><strong>detrimento</strong></span> <span class='ocrx_word' id='word_1_724' title='bbox 1269 1497 1370 1520; x_wconf 90' lang='lat' dir='ltr'><strong>tantunt</strong></span> <span class='ocrx_word' id='word_1_725' title='bbox 1386 1493 1485 1520; x_wconf 89' lang='lat' dir='ltr'><strong>bellum</strong></span> <span class='ocrx_word' id='word_1_726' title='bbox 1498 1492 1612 1528; x_wconf 79' lang='lat' dir='ltr'><strong>Spiritus</strong></span> <span class='ocrx_word' id='word_1_727' title='bbox 1626 1493 1746 1528; x_wconf 75' lang='lat' dir='ltr'><strong>dignitati</strong></span> 
     </span>
    </p>
   </div>
   <div class='ocr_carea' id='block_1_91' title="bbox 952 1538 1746 1575">
    <p class='ocr_par' dir='ltr' id='par_1_91' title="bbox 952 1538 1746 1575">
     <span class='ocr_line' id='line_1_91' title="bbox 952 1538 1746 1575; baseline 0.001 -9"><span class='ocrx_word' id='word_1_728' title='bbox 952 1546 983 1566; x_wconf 90' lang='lat' dir='ltr'><strong>se</strong></span> <span class='ocrx_word' id='word_1_729' title='bbox 997 1538 1124 1567; x_wconf 86' lang='lat' dir='ltr'><strong>indixisse</strong></span> <span class='ocrx_word' id='word_1_730' title='bbox 1137 1538 1284 1572; x_wconf 88' lang='lat' dir='ltr'><strong>declarant,</strong></span> <span class='ocrx_word' id='word_1_731' title='bbox 1296 1543 1477 1574; x_wconf 86' lang='lat' dir='ltr'><strong>quantumque</strong></span> <span class='ocrx_word' id='word_1_732' title='bbox 1490 1539 1568 1566; x_wconf 88' lang='lat' dir='ltr'><strong>situm</strong></span> <span class='ocrx_word' id='word_1_733' title='bbox 1580 1539 1606 1567; x_wconf 92' lang='lat' dir='ltr'><strong>in</strong></span> <span class='ocrx_word' id='word_1_734' title='bbox 1618 1539 1682 1575; x_wconf 83' lang='lat' dir='ltr'><strong>ipsis</strong></span> <span class='ocrx_word' id='word_1_735' title='bbox 1694 1545 1746 1572; x_wconf 85' lang='lat' dir='ltr'><strong>est,</strong></span> 
     </span>
    </p>
   </div>
   <div class='ocr_carea' id='block_1_92' title="bbox 952 1584 1747 1621">
    <p class='ocr_par' dir='ltr' id='par_1_92' title="bbox 952 1584 1747 1621">
     <span class='ocr_line' id='line_1_92' title="bbox 952 1584 1747 1621; baseline 0 -9"><span class='ocrx_word' id='word_1_736' title='bbox 952 1592 1014 1612; x_wconf 90' lang='lat' dir='ltr'><strong>eum</strong></span> <span class='ocrx_word' id='word_1_737' title='bbox 1028 1585 1145 1620; x_wconf 87' lang='lat' dir='ltr'><strong>supremi</strong></span> <span class='ocrx_word' id='word_1_738' title='bbox 1159 1584 1312 1612; x_wconf 90' lang='lat' dir='ltr'><strong>dominatus</strong></span> <span class='ocrx_word' id='word_1_739' title='bbox 1325 1585 1453 1620; x_wconf 79' lang='lat' dir='ltr'><strong>dignitate</strong></span> <span class='ocrx_word' id='word_1_740' title='bbox 1473 1585 1576 1620; x_wconf 84' lang='lat' dir='ltr'><strong>privant</strong></span> <span class='ocrx_word' id='word_1_741' title='bbox 1588 1606 1596 1617; x_wconf 95' lang='lat'><strong>,</strong></span> <span class='ocrx_word' id='word_1_742' title='bbox 1615 1590 1693 1621; x_wconf 86' lang='lat' dir='ltr'><strong>atque</strong></span> <span class='ocrx_word' id='word_1_743' title='bbox 1713 1586 1747 1612; x_wconf 87' lang='lat' dir='ltr'><strong>ad</strong></span> 
     </span>
    </p>
   </div>
   <div class='ocr_carea' id='block_1_93' title="bbox 952 1631 1747 1666">
    <p class='ocr_par' dir='ltr' id='par_1_93' title="bbox 952 1631 1747 1666">
     <span class='ocr_line' id='line_1_93' title="bbox 952 1631 1747 1666; baseline 0.001 -8"><span class='ocrx_word' id='word_1_744' title='bbox 952 1635 1134 1659; x_wconf 84' lang='lat' dir='ltr'><strong>creaturarum</strong></span> <span class='ocrx_word' id='word_1_745' title='bbox 1158 1631 1286 1666; x_wconf 89' lang='lat' dir='ltr'><strong>dejiciunt</strong></span> <span class='ocrx_word' id='word_1_746' title='bbox 1309 1631 1449 1658; x_wconf 89' lang='lat' dir='ltr'><strong>vilitatem.</strong></span> <span class='ocrx_word' id='word_1_747' title='bbox 1474 1631 1661 1659; x_wconf 85' lang='lat' dir='ltr'><strong>Verumtamen</strong></span> <span class='ocrx_word' id='word_1_748' title='bbox 1685 1632 1747 1659; x_wconf 87' lang='lat' dir='ltr'><strong>licet</strong></span> 
     </span>
    </p>
   </div>
   <div class='ocr_carea' id='block_1_94' title="bbox 952 1675 1747 1712">
    <p class='ocr_par' dir='ltr' id='par_1_94' title="bbox 952 1675 1747 1712">
     <span class='ocr_line' id='line_1_94' title="bbox 952 1675 1747 1712; baseline 0 -8"><span class='ocrx_word' id='word_1_749' title='bbox 952 1677 990 1704; x_wconf 90' lang='lat' dir='ltr'><strong>illi</strong></span> <span class='ocrx_word' id='word_1_750' title='bbox 1008 1677 1187 1705; x_wconf 79' lang='lat' dir='ltr'><strong>contentionis</strong></span> <span class='ocrx_word' id='word_1_751' title='bbox 1203 1676 1292 1704; x_wconf 88' lang='lat' dir='ltr'><strong>studio</strong></span> <span class='ocrx_word' id='word_1_752' title='bbox 1307 1677 1379 1704; x_wconf 89' lang='lat' dir='ltr'><strong>ducti</strong></span> <span class='ocrx_word' id='word_1_753' title='bbox 1398 1675 1542 1712; x_wconf 75' lang='lat' dir='ltr'><strong>Scripturze</strong></span> <span class='ocrx_word' id='word_1_754' title='bbox 1561 1684 1644 1704; x_wconf 67' lang='lat' dir='ltr'><strong>sacrae</strong></span> <span class='ocrx_word' id='word_1_755' title='bbox 1657 1677 1747 1704; x_wconf 84' lang='lat' dir='ltr'><strong>verbis</strong></span> 
     </span>
    </p>
   </div>
   <div class='ocr_carea' id='block_1_95' title="bbox 951 1723 1746 1758">
    <p class='ocr_par' dir='ltr' id='par_1_95' title="bbox 951 1723 1746 1758">
     <span class='ocr_line' id='line_1_95' title="bbox 951 1723 1746 1758; baseline 0 -8"><span class='ocrx_word' id='word_1_756' title='bbox 951 1723 1119 1751; x_wconf 88' lang='lat' dir='ltr'><strong>adversarios</strong></span> <span class='ocrx_word' id='word_1_757' title='bbox 1141 1731 1202 1751; x_wconf 85' lang='lat' dir='ltr'><strong>sese</strong></span> <span class='ocrx_word' id='word_1_758' title='bbox 1227 1727 1381 1758; x_wconf 87' lang='lat' dir='ltr'><strong>opponant,</strong></span> <span class='ocrx_word' id='word_1_759' title='bbox 1403 1731 1452 1751; x_wconf 88' lang='lat' dir='ltr'><strong>ttos</strong></span> <span class='ocrx_word' id='word_1_760' title='bbox 1475 1723 1562 1750; x_wconf 81' lang='lat' dir='ltr'><strong>divina</strong></span> <span class='ocrx_word' id='word_1_761' title='bbox 1588 1723 1746 1751; x_wconf 86' lang='lat' dir='ltr'><strong>documenta</strong></span> 
     </span>
    </p>
   </div>
   <div class='ocr_carea' id='block_1_96' title="bbox 951 1769 1748 1805">
    <p class='ocr_par' dir='ltr' id='par_1_96' title="bbox 951 1769 1748 1805">
     <span class='ocr_line' id='line_1_96' title="bbox 951 1769 1748 1805; baseline -0.001 -8"><span class='ocrx_word' id='word_1_762' title='bbox 951 1770 1024 1797; x_wconf 87' lang='lat' dir='ltr'><strong>velut</strong></span> <span class='ocrx_word' id='word_1_763' title='bbox 1036 1769 1143 1798; x_wconf 82' lang='lat' dir='ltr'><strong>oracula</strong></span> <span class='ocrx_word' id='word_1_764' title='bbox 1155 1769 1189 1797; x_wconf 91' lang='lat' dir='ltr'><strong>de</strong></span> <span class='ocrx_word' id='word_1_765' title='bbox 1202 1770 1267 1797; x_wconf 72' lang='lat' dir='ltr'><strong>cmlo</strong></span> <span class='ocrx_word' id='word_1_766' title='bbox 1281 1770 1361 1797; x_wconf 86' lang='lat' dir='ltr'><strong>missa</strong></span> <span class='ocrx_word' id='word_1_767' title='bbox 1376 1770 1561 1805; x_wconf 84' lang='lat' dir='ltr'><strong>suscipientes,</strong></span> <span class='ocrx_word' id='word_1_768' title='bbox 1576 1769 1678 1797; x_wconf 83' lang='lat' dir='ltr'><strong>debitas</strong></span> <span class='ocrx_word' id='word_1_769' title='bbox 1691 1769 1748 1796; x_wconf 89' lang='lat' dir='ltr'><strong>latt-</strong></span> 
     </span>
    </p>
   </div>
   <div class='ocr_carea' id='block_1_97' title="bbox 952 1814 1747 1847">
    <p class='ocr_par' dir='ltr' id='par_1_97' title="bbox 952 1814 1747 1847">
     <span class='ocr_line' id='line_1_97' title="bbox 952 1814 1747 1847; baseline 0 -5"><span class='ocrx_word' id='word_1_770' title='bbox 952 1815 1000 1843; x_wconf 89' lang='lat' dir='ltr'><strong>des</strong></span> <span class='ocrx_word' id='word_1_771' title='bbox 1015 1815 1160 1843; x_wconf 85' lang='lat' dir='ltr'><strong>oil‘eramus</strong></span> <span class='ocrx_word' id='word_1_772' title='bbox 1170 1835 1177 1847; x_wconf 94' lang='lat'><strong>,</strong></span> <span class='ocrx_word' id='word_1_773' title='bbox 1189 1819 1218 1843; x_wconf 85' lang='lat' dir='ltr'><strong>et</strong></span> <span class='ocrx_word' id='word_1_774' title='bbox 1231 1822 1291 1842; x_wconf 92' lang='lat' dir='ltr'><strong>cum</strong></span> <span class='ocrx_word' id='word_1_775' title='bbox 1306 1819 1376 1842; x_wconf 88' lang='lat' dir='ltr'><strong>recta</strong></span> <span class='ocrx_word' id='word_1_776' title='bbox 1392 1814 1444 1843; x_wconf 86' lang='lat' dir='ltr'><strong>ﬁde</strong></span> <span class='ocrx_word' id='word_1_777' title='bbox 1458 1815 1537 1842; x_wconf 88' lang='lat' dir='ltr'><strong>etiam</strong></span> <span class='ocrx_word' id='word_1_778' title='bbox 1550 1815 1669 1843; x_wconf 85' lang='lat' dir='ltr'><strong>veritatis</strong></span> <span class='ocrx_word' id='word_1_779' title='bbox 1682 1822 1747 1843; x_wconf 87' lang='lat' dir='ltr'><strong>exa-</strong></span> 
     </span>
    </p>
   </div>
   <div class='ocr_carea' id='block_1_98' title="bbox 952 1861 1746 1898">
    <p class='ocr_par' dir='ltr' id='par_1_98' title="bbox 952 1861 1746 1898">
     <span class='ocr_line' id='line_1_98' title="bbox 952 1861 1746 1898; baseline 0.003 -10"><span class='ocrx_word' id='word_1_780' title='bbox 952 1866 1022 1889; x_wconf 86' lang='lat' dir='ltr'><strong>ctam</strong></span> <span class='ocrx_word' id='word_1_781' title='bbox 1039 1862 1218 1897; x_wconf 75' lang='lat' dir='ltr'><strong>cognitionem</strong></span> <span class='ocrx_word' id='word_1_782' title='bbox 1242 1869 1297 1897; x_wconf 79' lang='lat' dir='ltr'><strong>prae</strong></span> <span class='ocrx_word' id='word_1_783' title='bbox 1316 1861 1393 1889; x_wconf 90' lang='lat' dir='ltr'><strong>nobis</strong></span> <span class='ocrx_word' id='word_1_784' title='bbox 1411 1862 1535 1890; x_wconf 87' lang='lat' dir='ltr'><strong>feramus.</strong></span> <span class='ocrx_word' id='word_1_785' title='bbox 1551 1863 1637 1898; x_wconf 85' lang='lat' dir='ltr'><strong>Atque</strong></span> <span class='ocrx_word' id='word_1_786' title='bbox 1651 1862 1683 1889; x_wconf 87' lang='lat' dir='ltr'><strong>ad</strong></span> <span class='ocrx_word' id='word_1_787' title='bbox 1699 1870 1746 1890; x_wconf 88' lang='lat' dir='ltr'><strong>eos</strong></span> 
     </span>
    </p>
   </div>
   <div class='ocr_carea' id='block_1_99' title="bbox 951 1907 1746 1943">
    <p class='ocr_par' dir='ltr' id='par_1_99' title="bbox 951 1907 1746 1943">
     <span class='ocr_line' id='line_1_99' title="bbox 951 1907 1746 1943; baseline 0.003 -9"><span class='ocrx_word' id='word_1_788' title='bbox 951 1907 1059 1943; x_wconf 89' lang='lat' dir='ltr'><strong>quidem</strong></span> <span class='ocrx_word' id='word_1_789' title='bbox 1071 1907 1245 1936; x_wconf 85' lang='lat' dir='ltr'><strong>revincendos</strong></span> <span class='ocrx_word' id='word_1_790' title='bbox 1257 1929 1264 1940; x_wconf 92' lang='lat'><strong>,</strong></span> <span class='ocrx_word' id='word_1_791' title='bbox 1279 1908 1324 1943; x_wconf 91' lang='lat' dir='ltr'><strong>qui</strong></span> <span class='ocrx_word' id='word_1_792' title='bbox 1339 1915 1368 1935; x_wconf 87' lang='lat' dir='ltr'><strong>ea</strong></span> <span class='ocrx_word' id='word_1_793' title='bbox 1381 1929 1390 1941; x_wconf 93' lang='lat'><strong>,</strong></span> <span class='ocrx_word' id='word_1_794' title='bbox 1401 1916 1460 1943; x_wconf 76' lang='lat' dir='ltr'><strong>qua:</strong></span> <span class='ocrx_word' id='word_1_795' title='bbox 1476 1908 1590 1942; x_wconf 87' lang='lat' dir='ltr'><strong>Spirittts</strong></span> <span class='ocrx_word' id='word_1_796' title='bbox 1604 1909 1686 1936; x_wconf 83' lang='lat' dir='ltr'><strong>sancti</strong></span> <span class='ocrx_word' id='word_1_797' title='bbox 1701 1917 1746 1936; x_wconf 88' lang='lat' dir='ltr'><strong>re-</strong></span> 
     </span>
    </p>
   </div>
   <div class='ocr_carea' id='block_1_100' title="bbox 952 1953 1748 1988">
    <p class='ocr_par' dir='ltr' id='par_1_100' title="bbox 952 1953 1748 1988">
     <span class='ocr_line' id='line_1_100' title="bbox 952 1953 1748 1988; baseline -0.003 -8"><span class='ocrx_word' id='word_1_798' title='bbox 952 1953 1058 1988; x_wconf 81' lang='lat' dir='ltr'><strong>sponsis</strong></span> <span class='ocrx_word' id='word_1_799' title='bbox 1072 1954 1205 1981; x_wconf 85' lang='lat' dir='ltr'><strong>contraria</strong></span> <span class='ocrx_word' id='word_1_800' title='bbox 1227 1958 1306 1987; x_wconf 91' lang='lat' dir='ltr'><strong>sunt,</strong></span> <span class='ocrx_word' id='word_1_801' title='bbox 1322 1953 1419 1981; x_wconf 84' lang='lat' dir='ltr'><strong>docere</strong></span> <span class='ocrx_word' id='word_1_802' title='bbox 1443 1961 1497 1980; x_wconf 93' lang='lat' dir='ltr'><strong>non</strong></span> <span class='ocrx_word' id='word_1_803' title='bbox 1517 1954 1653 1987; x_wconf 88' lang='lat' dir='ltr'><strong>dubitant,</strong></span> <span class='ocrx_word' id='word_1_804' title='bbox 1673 1953 1748 1981; x_wconf 79' lang='lat' dir='ltr'><strong>sum.</strong></span> 
     </span>
    </p>
   </div>
   <div class='ocr_carea' id='block_1_101' title="bbox 951 1999 1748 2036">
    <p class='ocr_par' dir='ltr' id='par_1_101' title="bbox 951 1999 1748 2036">
     <span class='ocr_line' id='line_1_101' title="bbox 951 1999 1748 2036; baseline 0.005 -11"><span class='ocrx_word' id='word_1_805' title='bbox 951 2000 1024 2027; x_wconf 86' lang='lat' dir='ltr'><strong>ciunt</strong></span> <span class='ocrx_word' id='word_1_806' title='bbox 1037 2007 1067 2028; x_wconf 86' lang='lat' dir='ltr'><strong>ea</strong></span> <span class='ocrx_word' id='word_1_807' title='bbox 1081 2007 1140 2035; x_wconf 65' lang='lat' dir='ltr'><strong>qua:</strong></span> <span class='ocrx_word' id='word_1_808' title='bbox 1160 1999 1230 2027; x_wconf 87' lang='lat' dir='ltr'><strong>dicta</strong></span> <span class='ocrx_word' id='word_1_809' title='bbox 1251 2004 1331 2033; x_wconf 87' lang='lat' dir='ltr'><strong>sunt;</strong></span> <span class='ocrx_word' id='word_1_810' title='bbox 1349 2007 1444 2027; x_wconf 86' lang='lat' dir='ltr'><strong>verum</strong></span> <span class='ocrx_word' id='word_1_811' title='bbox 1457 2001 1527 2028; x_wconf 89' lang='lat' dir='ltr'><strong>enim</strong></span> <span class='ocrx_word' id='word_1_812' title='bbox 1543 2008 1605 2028; x_wconf 83' lang='lat' dir='ltr'><strong>vero</strong></span> <span class='ocrx_word' id='word_1_813' title='bbox 1618 2001 1693 2036; x_wconf 87' lang='lat' dir='ltr'><strong>cujus</strong></span> <span class='ocrx_word' id='word_1_814' title='bbox 1707 2002 1748 2030; x_wconf 86' lang='lat' dir='ltr'><strong>rei</strong></span> 
     </span>
    </p>
   </div>
   <div class='ocr_carea' id='block_1_102' title="bbox 951 2046 1747 2083">
    <p class='ocr_par' dir='ltr' id='par_1_102' title="bbox 951 2046 1747 2083">
     <span class='ocr_line' id='line_1_102' title="bbox 951 2046 1747 2083; baseline 0.003 -10"><span class='ocrx_word' id='word_1_815' title='bbox 951 2046 1034 2081; x_wconf 81' lang='lat' dir='ltr'><strong>gratia</strong></span> <span class='ocrx_word' id='word_1_816' title='bbox 1058 2051 1190 2074; x_wconf 85' lang='lat' dir='ltr'><strong>tantorum</strong></span> <span class='ocrx_word' id='word_1_817' title='bbox 1214 2054 1321 2074; x_wconf 86' lang='lat' dir='ltr'><strong>causam</strong></span> <span class='ocrx_word' id='word_1_818' title='bbox 1344 2047 1474 2074; x_wconf 91' lang='lat' dir='ltr'><strong>bonorum</strong></span> <span class='ocrx_word' id='word_1_819' title='bbox 1497 2054 1549 2075; x_wconf 92' lang='lat' dir='ltr'><strong>non</strong></span> <span class='ocrx_word' id='word_1_820' title='bbox 1574 2048 1662 2076; x_wconf 81' lang='lat' dir='ltr'><strong>statim</strong></span> <span class='ocrx_word' id='word_1_821' title='bbox 1686 2053 1747 2083; x_wconf 65' lang='lat' dir='ltr'><strong>post</strong></span> 
     </span>
    </p>
   </div>
   <div class='ocr_carea' id='block_1_103' title="bbox 952 2091 1747 2128">
    <p class='ocr_par' dir='ltr' id='par_1_103' title="bbox 952 2091 1747 2128">
     <span class='ocr_line' id='line_1_103' title="bbox 952 2091 1747 2128; baseline 0.003 -10"><span class='ocrx_word' id='word_1_822' title='bbox 952 2099 1027 2119; x_wconf 88' lang='lat' dir='ltr'><strong>suam</strong></span> <span class='ocrx_word' id='word_1_823' title='bbox 1043 2091 1070 2119; x_wconf 91' lang='lat' dir='ltr'><strong>in</strong></span> <span class='ocrx_word' id='word_1_824' title='bbox 1083 2091 1163 2119; x_wconf 70' lang='lat' dir='ltr'><strong>ctelos</strong></span> <span class='ocrx_word' id='word_1_825' title='bbox 1176 2092 1360 2119; x_wconf 85' lang='lat' dir='ltr'><strong>ascensionem</strong></span> <span class='ocrx_word' id='word_1_826' title='bbox 1375 2091 1502 2120; x_wconf 91' lang='lat' dir='ltr'><strong>Dominus</strong></span> <span class='ocrx_word' id='word_1_827' title='bbox 1515 2092 1549 2121; x_wconf 89' lang='lat' dir='ltr'><strong>sit</strong></span> <span class='ocrx_word' id='word_1_828' title='bbox 1564 2092 1682 2128; x_wconf 80' lang='lat' dir='ltr'><strong>largitus,</strong></span> <span class='ocrx_word' id='word_1_829' title='bbox 1699 2092 1747 2120; x_wconf 84' lang='lat' dir='ltr'><strong>sed</strong></span> 
     </span>
    </p>
   </div>
   <div class='ocr_carea' id='block_1_104' title="bbox 952 2138 1747 2174">
    <p class='ocr_par' dir='ltr' id='par_1_104' title="bbox 952 2138 1747 2174">
     <span class='ocr_line' id='line_1_104' title="bbox 952 2138 1747 2174; baseline 0.001 -10"><span class='ocrx_word' id='word_1_830' title='bbox 952 2146 1050 2173; x_wconf 84' lang='lat' dir='ltr'><strong>paucos</strong></span> <span class='ocrx_word' id='word_1_831' title='bbox 1063 2138 1119 2166; x_wconf 88' lang='lat' dir='ltr'><strong>dies</strong></span> <span class='ocrx_word' id='word_1_832' title='bbox 1135 2138 1208 2173; x_wconf 89' lang='lat' dir='ltr'><strong>prius</strong></span> <span class='ocrx_word' id='word_1_833' title='bbox 1220 2138 1311 2165; x_wconf 85' lang='lat' dir='ltr'><strong>siverit</strong></span> <span class='ocrx_word' id='word_1_834' title='bbox 1324 2143 1491 2174; x_wconf 84' lang='lat' dir='ltr'><strong>exspectare,</strong></span> <span class='ocrx_word' id='word_1_835' title='bbox 1506 2146 1538 2168; x_wconf 82' lang='lat' dir='ltr'><strong>ac</strong></span> <span class='ocrx_word' id='word_1_836' title='bbox 1550 2138 1623 2168; x_wconf 87' lang='lat' dir='ltr'><strong>solos</strong></span> <span class='ocrx_word' id='word_1_837' title='bbox 1637 2145 1747 2166; x_wconf 85' lang='lat' dir='ltr'><strong>manere</strong></span> 
     </span>
    </p>
   </div>
   <div class='ocr_carea' id='block_1_105' title="bbox 952 2183 1747 2218">
    <p class='ocr_par' dir='ltr' id='par_1_105' title="bbox 952 2183 1747 2218">
     <span class='ocr_line' id='line_1_105' title="bbox 952 2183 1747 2218; baseline 0.001 -8"><span class='ocrx_word' id='word_1_838' title='bbox 952 2183 1098 2218; x_wconf 87' lang='lat' dir='ltr'><strong>discipulos</strong></span> <span class='ocrx_word' id='word_1_839' title='bbox 1112 2183 1194 2216; x_wconf 91' lang='lat' dir='ltr'><strong>domi,</strong></span> <span class='ocrx_word' id='word_1_840' title='bbox 1208 2188 1263 2211; x_wconf 91' lang='lat' dir='ltr'><strong>tum</strong></span> <span class='ocrx_word' id='word_1_841' title='bbox 1275 2183 1370 2211; x_wconf 86' lang='lat' dir='ltr'><strong>deinde</strong></span> <span class='ocrx_word' id='word_1_842' title='bbox 1379 2183 1493 2218; x_wconf 88' lang='lat' dir='ltr'><strong>Spiritus</strong></span> <span class='ocrx_word' id='word_1_843' title='bbox 1506 2184 1618 2218; x_wconf 67' lang='lat' dir='ltr'><strong>gratiam</strong></span> <span class='ocrx_word' id='word_1_844' title='bbox 1632 2184 1747 2212; x_wconf 89' lang='lat' dir='ltr'><strong>demise-</strong></span> 
     </span>
    </p>
   </div>
   <div class='ocr_carea' id='block_1_106' title="bbox 952 2228 1747 2264">
    <p class='ocr_par' dir='ltr' id='par_1_106' title="bbox 952 2228 1747 2264">
     <span class='ocr_line' id='line_1_106' title="bbox 952 2228 1747 2264; baseline 0.003 -8"><span class='ocrx_word' id='word_1_845' title='bbox 952 2229 1002 2260; x_wconf 85' lang='lat' dir='ltr'><strong>rit,</strong></span> <span class='ocrx_word' id='word_1_846' title='bbox 1016 2236 1105 2264; x_wconf 70' lang='lat' dir='ltr'><strong>operm</strong></span> <span class='ocrx_word' id='word_1_847' title='bbox 1119 2229 1232 2264; x_wconf 89' lang='lat' dir='ltr'><strong>pretium</strong></span> <span class='ocrx_word' id='word_1_848' title='bbox 1248 2228 1342 2257; x_wconf 85' lang='lat' dir='ltr'><strong>facturi</strong></span> <span class='ocrx_word' id='word_1_849' title='bbox 1359 2228 1501 2263; x_wconf 78' lang='lat' dir='ltr'><strong>videmur,</strong></span> <span class='ocrx_word' id='word_1_850' title='bbox 1514 2229 1536 2256; x_wconf 88' lang='lat' dir='ltr'><strong>si</strong></span> <span class='ocrx_word' id='word_1_851' title='bbox 1549 2229 1684 2258; x_wconf 89' lang='lat' dir='ltr'><strong>dilectioni</strong></span> <span class='ocrx_word' id='word_1_852' title='bbox 1701 2238 1747 2258; x_wconf 79' lang='lat' dir='ltr'><strong>vc-</strong></span> 
     </span>
    </p>
   </div>
   <div class='ocr_carea' id='block_1_107' title="bbox 952 2269 1746 2313">
    <p class='ocr_par' dir='ltr' id='par_1_107' title="bbox 952 2269 1746 2313">
     <span class='ocr_line' id='line_1_107' title="bbox 952 2269 1746 2313; baseline 0.003 -12"><span class='ocrx_word' id='word_1_853' title='bbox 952 2279 1015 2301; x_wconf 69' lang='lat' dir='ltr'><strong>stra:</strong></span> <span class='ocrx_word' id='word_1_854' title='bbox 1028 2274 1176 2301; x_wconf 86' lang='lat' dir='ltr'><strong>referamus</strong></span> <span class='ocrx_word' id='word_1_855' title='bbox 1191 2283 1197 2301; x_wconf 92' lang='lat'>:</span> <span class='ocrx_word' id='word_1_856' title='bbox 1212 2282 1265 2301; x_wconf 91' lang='lat' dir='ltr'><strong>non</strong></span> <span class='ocrx_word' id='word_1_857' title='bbox 1279 2269 1350 2302; x_wconf 84' lang='lat' dir='ltr'><strong>enim</strong></span> <span class='ocrx_word' id='word_1_858' title='bbox 1364 2279 1464 2303; x_wconf 88' lang='lat' dir='ltr'><strong>temere</strong></span> <span class='ocrx_word' id='word_1_859' title='bbox 1473 2295 1481 2308; x_wconf 92' lang='lat'><strong>,</strong></span> <span class='ocrx_word' id='word_1_860' title='bbox 1498 2283 1584 2313; x_wconf 87' lang='lat' dir='ltr'><strong>neque</strong></span> <span class='ocrx_word' id='word_1_861' title='bbox 1596 2275 1655 2303; x_wconf 91' lang='lat' dir='ltr'><strong>sinc</strong></span> <span class='ocrx_word' id='word_1_862' title='bbox 1666 2283 1746 2303; x_wconf 84' lang='lat' dir='ltr'><strong>causa</strong></span> 
     </span>
    </p>
   </div>
   <div class='ocr_carea' id='block_1_108' title="bbox 952 2320 1747 2358">
    <p class='ocr_par' dir='ltr' id='par_1_108' title="bbox 952 2320 1747 2358">
     <span class='ocr_line' id='line_1_108' title="bbox 952 2320 1747 2358; baseline 0.003 -10"><span class='ocrx_word' id='word_1_863' title='bbox 952 2320 1050 2348; x_wconf 76' lang='lat' dir='ltr'><strong>factum</strong></span> <span class='ocrx_word' id='word_1_864' title='bbox 1063 2324 1106 2348; x_wconf 90' lang='lat' dir='ltr'><strong>est</strong></span> <span class='ocrx_word' id='word_1_865' title='bbox 1119 2320 1192 2348; x_wconf 90' lang='lat' dir='ltr'><strong>illud.</strong></span> <span class='ocrx_word' id='word_1_866' title='bbox 1206 2321 1272 2348; x_wconf 84' lang='lat' dir='ltr'><strong>Nam</strong></span> <span class='ocrx_word' id='word_1_867' title='bbox 1287 2322 1412 2357; x_wconf 85' lang='lat' dir='ltr'><strong>quoniam</strong></span> <span class='ocrx_word' id='word_1_868' title='bbox 1425 2330 1509 2358; x_wconf 83' lang='lat' dir='ltr'><strong>genus</strong></span> <span class='ocrx_word' id='word_1_869' title='bbox 1522 2322 1668 2350; x_wconf 87' lang='lat' dir='ltr'><strong>humanum</strong></span> <span class='ocrx_word' id='word_1_870' title='bbox 1681 2323 1747 2353; x_wconf 82' lang='lat' dir='ltr'><strong>vidit</strong></span> 
     </span>
    </p>
   </div>
   <div class='ocr_carea' id='block_1_109' title="bbox 952 2367 1745 2406">
    <p class='ocr_par' dir='ltr' id='par_1_109' title="bbox 952 2367 1745 2406">
     <span class='ocr_line' id='line_1_109' title="bbox 952 2367 1745 2406; baseline 0.006 -13"><span class='ocrx_word' id='word_1_871' title='bbox 952 2375 1006 2394; x_wconf 93' lang='lat' dir='ltr'><strong>non</strong></span> <span class='ocrx_word' id='word_1_872' title='bbox 1019 2372 1092 2394; x_wconf 87' lang='lat' dir='ltr'><strong>tanto</strong></span> <span class='ocrx_word' id='word_1_873' title='bbox 1105 2367 1131 2394; x_wconf 93' lang='lat' dir='ltr'><strong>in</strong></span> <span class='ocrx_word' id='word_1_874' title='bbox 1147 2367 1233 2402; x_wconf 88' lang='lat' dir='ltr'><strong>pretio</strong></span> <span class='ocrx_word' id='word_1_875' title='bbox 1244 2368 1342 2396; x_wconf 87' lang='lat' dir='ltr'><strong>habere</strong></span> <span class='ocrx_word' id='word_1_876' title='bbox 1352 2376 1411 2406; x_wconf 67' lang='lat' dir='ltr'><strong>qua:</strong></span> <span class='ocrx_word' id='word_1_877' title='bbox 1421 2373 1483 2398; x_wconf 88' lang='lat' dir='ltr'><strong>sunt</strong></span> <span class='ocrx_word' id='word_1_878' title='bbox 1494 2369 1520 2396; x_wconf 95' lang='lat' dir='ltr'><strong>in</strong></span> <span class='ocrx_word' id='word_1_879' title='bbox 1531 2370 1652 2398; x_wconf 84' lang='lat' dir='ltr'><strong>manibus</strong></span> <span class='ocrx_word' id='word_1_880' title='bbox 1665 2370 1745 2404; x_wconf 83' lang='lat' dir='ltr'><strong>bona,</strong></span> 
     </span>
    </p>
   </div>
   <div class='ocr_carea' id='block_1_110' title="bbox 951 2411 1747 2451">
    <p class='ocr_par' dir='ltr' id='par_1_110' title="bbox 951 2411 1747 2451">
     <span class='ocr_line' id='line_1_110' title="bbox 951 2411 1747 2451; baseline 0.005 -11"><span class='ocrx_word' id='word_1_881' title='bbox 951 2420 1039 2447; x_wconf 88' lang='lat' dir='ltr'><strong>neque</strong></span> <span class='ocrx_word' id='word_1_882' title='bbox 1053 2420 1100 2447; x_wconf 89' lang='lat' dir='ltr'><strong>pro</strong></span> <span class='ocrx_word' id='word_1_883' title='bbox 1113 2411 1241 2448; x_wconf 79' lang='lat' dir='ltr'><strong>dignitate</strong></span> <span class='ocrx_word' id='word_1_884' title='bbox 1254 2421 1285 2440; x_wconf 84' lang='lat' dir='ltr'><strong>ea</strong></span> <span class='ocrx_word' id='word_1_885' title='bbox 1298 2414 1402 2447; x_wconf 84' lang='lat' dir='ltr'><strong>colere,</strong></span> <span class='ocrx_word' id='word_1_886' title='bbox 1416 2422 1476 2451; x_wconf 73' lang='lat' dir='ltr'><strong>qua:</strong></span> <span class='ocrx_word' id='word_1_887' title='bbox 1493 2415 1609 2450; x_wconf 87' lang='lat' dir='ltr'><strong>jucunda</strong></span> <span class='ocrx_word' id='word_1_888' title='bbox 1627 2415 1708 2446; x_wconf 87' lang='lat' dir='ltr'><strong>simul</strong></span> <span class='ocrx_word' id='word_1_889' title='bbox 1720 2421 1747 2444; x_wconf 91' lang='lat' dir='ltr'><strong>et</strong></span> 
     </span>
    </p>
   </div>
   <div class='ocr_carea' id='block_1_111' title="bbox 952 2457 1748 2499">
    <p class='ocr_par' dir='ltr' id='par_1_111' title="bbox 952 2457 1748 2499">
     <span class='ocr_line' id='line_1_111' title="bbox 952 2457 1748 2499; baseline 0.006 -14"><span class='ocrx_word' id='word_1_890' title='bbox 952 2465 1046 2493; x_wconf 87' lang='lat' dir='ltr'><strong>magna</strong></span> <span class='ocrx_word' id='word_1_891' title='bbox 1065 2457 1219 2490; x_wconf 78' lang='lat' dir='ltr'><strong>videantur,</strong></span> <span class='ocrx_word' id='word_1_892' title='bbox 1233 2459 1284 2487; x_wconf 89' lang='lat' dir='ltr'><strong>nisi</strong></span> <span class='ocrx_word' id='word_1_893' title='bbox 1303 2460 1384 2488; x_wconf 87' lang='lat' dir='ltr'><strong>etiam</strong></span> <span class='ocrx_word' id='word_1_894' title='bbox 1403 2462 1597 2499; x_wconf 88' lang='lat' dir='ltr'><strong>contrariorum</strong></span> <span class='ocrx_word' id='word_1_895' title='bbox 1619 2470 1748 2490; x_wconf 77' lang='lat' dir='ltr'><strong>occursus</strong></span> 
     </span>
    </p>
   </div>
   <div class='ocr_carea' id='block_1_112' title="bbox 952 2504 1746 2545">
    <p class='ocr_par' dir='ltr' id='par_1_112' title="bbox 952 2504 1746 2545">
     <span class='ocr_line' id='line_1_112' title="bbox 952 2504 1746 2545; baseline 0.008 -15"><span class='ocrx_word' id='word_1_896' title='bbox 952 2504 1108 2539; x_wconf 84' lang='lat' dir='ltr'><strong>irrcpserit;</strong></span> <span class='ocrx_word' id='word_1_897' title='bbox 1124 2505 1239 2540; x_wconf 84' lang='lat' dir='ltr'><strong>exempli</strong></span> <span class='ocrx_word' id='word_1_898' title='bbox 1255 2512 1333 2533; x_wconf 87' lang='lat' dir='ltr'><strong>causa</strong></span> <span class='ocrx_word' id='word_1_899' title='bbox 1350 2505 1509 2541; x_wconf 89' lang='lat' dir='ltr'><strong>(dicendum</strong></span> <span class='ocrx_word' id='word_1_900' title='bbox 1525 2507 1596 2535; x_wconf 89' lang='lat' dir='ltr'><strong>enim</strong></span> <span class='ocrx_word' id='word_1_901' title='bbox 1611 2512 1652 2535; x_wconf 88' lang='lat' dir='ltr'><strong>est</strong></span> <span class='ocrx_word' id='word_1_902' title='bbox 1668 2515 1746 2545; x_wconf 87' lang='lat' dir='ltr'><strong>aper-</strong></span> 
     </span>
    </p>
   </div>
   <div class='ocr_carea' id='block_1_113' title="bbox 952 2550 1746 2590">
    <p class='ocr_par' dir='ltr' id='par_1_113' title="bbox 952 2550 1746 2590">
     <span class='ocr_line' id='line_1_113' title="bbox 952 2550 1746 2590; baseline 0.006 -12"><span class='ocrx_word' id='word_1_903' title='bbox 952 2551 1035 2585; x_wconf 85' lang='lat' dir='ltr'><strong>tius),</strong></span> <span class='ocrx_word' id='word_1_904' title='bbox 1048 2550 1093 2586; x_wconf 85' lang='lat' dir='ltr'><strong>qui</strong></span> <span class='ocrx_word' id='word_1_905' title='bbox 1107 2558 1173 2579; x_wconf 79' lang='lat' dir='ltr'><strong>sano</strong></span> <span class='ocrx_word' id='word_1_906' title='bbox 1187 2556 1228 2579; x_wconf 86' lang='lat' dir='ltr'><strong>est</strong></span> <span class='ocrx_word' id='word_1_907' title='bbox 1245 2559 1278 2580; x_wconf 91' lang='lat' dir='ltr'><strong>ac</strong></span> <span class='ocrx_word' id='word_1_908' title='bbox 1291 2557 1384 2587; x_wconf 79' lang='lat' dir='ltr'><strong>vegeto</strong></span> <span class='ocrx_word' id='word_1_909' title='bbox 1397 2560 1510 2589; x_wconf 87' lang='lat' dir='ltr'><strong>corpore</strong></span> <span class='ocrx_word' id='word_1_910' title='bbox 1519 2575 1526 2585; x_wconf 92' lang='lat'><strong>,</strong></span> <span class='ocrx_word' id='word_1_911' title='bbox 1542 2562 1629 2590; x_wconf 90' lang='lat' dir='ltr'><strong>neque</strong></span> <span class='ocrx_word' id='word_1_912' title='bbox 1642 2556 1724 2586; x_wconf 82' lang='lat' dir='ltr'><strong>sentit</strong></span> <span class='ocrx_word' id='word_1_913' title='bbox 1735 2577 1746 2587; x_wconf 56' lang='grc' dir='ltr'><strong>λ</strong></span> 
     </span>
    </p>
   </div>
   <div class='ocr_carea' id='block_1_114' title="bbox 951 2602 1744 2638">
    <p class='ocr_par' dir='ltr' id='par_1_114' title="bbox 951 2602 1744 2638">
     <span class='ocr_line' id='line_1_114' title="bbox 951 2602 1744 2638; baseline 0.003 -10"><span class='ocrx_word' id='word_1_914' title='bbox 951 2609 1038 2638; x_wconf 87' lang='lat' dir='ltr'><strong>neqtte</strong></span> <span class='ocrx_word' id='word_1_915' title='bbox 1060 2603 1129 2632; x_wconf 86' lang='lat' dir='ltr'><strong>seire</strong></span> <span class='ocrx_word' id='word_1_916' title='bbox 1150 2606 1238 2636; x_wconf 88' lang='lat' dir='ltr'><strong>potest</strong></span> <span class='ocrx_word' id='word_1_917' title='bbox 1258 2606 1369 2635; x_wconf 82' lang='lat' dir='ltr'><strong>exacte,</strong></span> <span class='ocrx_word' id='word_1_918' title='bbox 1385 2606 1482 2637; x_wconf 90' lang='lat' dir='ltr'><strong>quanta</strong></span> <span class='ocrx_word' id='word_1_919' title='bbox 1503 2602 1540 2629; x_wconf 91' lang='lat' dir='ltr'><strong>illi</strong></span> <span class='ocrx_word' id='word_1_920' title='bbox 1560 2603 1662 2632; x_wconf 84' lang='lat' dir='ltr'><strong>sanitas</strong></span> <span class='ocrx_word' id='word_1_921' title='bbox 1674 2603 1744 2632; x_wconf 87' lang='lat' dir='ltr'><strong>bona</strong></span> 
     </span>
    </p>
   </div>
   <div class='ocr_carea' id='block_1_115' title="bbox 950 2647 1745 2683">
    <p class='ocr_par' dir='ltr' id='par_1_115' title="bbox 950 2647 1745 2683">
     <span class='ocr_line' id='line_1_115' title="bbox 950 2647 1745 2683; baseline 0.003 -9"><span class='ocrx_word' id='word_1_922' title='bbox 950 2648 1100 2683; x_wconf 85' lang='lat' dir='ltr'><strong>largiretur,</strong></span> <span class='ocrx_word' id='word_1_923' title='bbox 1115 2648 1165 2675; x_wconf 89' lang='lat' dir='ltr'><strong>nisi</strong></span> <span class='ocrx_word' id='word_1_924' title='bbox 1185 2647 1340 2675; x_wconf 80' lang='lat' dir='ltr'><strong>infirmitate</strong></span> <span class='ocrx_word' id='word_1_925' title='bbox 1360 2648 1506 2683; x_wconf 83' lang='lat' dir='ltr'><strong>obrepente</strong></span> <span class='ocrx_word' id='word_1_926' title='bbox 1525 2648 1647 2677; x_wconf 88' lang='lat' dir='ltr'><strong>morbum</strong></span> <span class='ocrx_word' id='word_1_927' title='bbox 1662 2649 1745 2677; x_wconf 85' lang='lat' dir='ltr'><strong>etiam</strong></span> 
     </span>
    </p>
   </div>
   <div class='ocr_carea' id='block_1_116' title="bbox 949 2693 1743 2730">
    <p class='ocr_par' dir='ltr' id='par_1_116' title="bbox 949 2693 1743 2730">
     <span class='ocr_line' id='line_1_116' title="bbox 949 2693 1743 2730; baseline 0.003 -10"><span class='ocrx_word' id='word_1_928' title='bbox 949 2693 1029 2721; x_wconf 87' lang='lat' dir='ltr'><strong>fuerit</strong></span> <span class='ocrx_word' id='word_1_929' title='bbox 1050 2699 1177 2730; x_wconf 85' lang='lat' dir='ltr'><strong>expertus</strong></span> <span class='ocrx_word' id='word_1_930' title='bbox 1192 2703 1198 2721; x_wconf 89' lang='lat'>:</span> <span class='ocrx_word' id='word_1_931' title='bbox 1214 2699 1241 2721; x_wconf 93' lang='lat' dir='ltr'><strong>et</strong></span> <span class='ocrx_word' id='word_1_932' title='bbox 1254 2694 1299 2729; x_wconf 91' lang='lat' dir='ltr'><strong>qui</strong></span> <span class='ocrx_word' id='word_1_933' title='bbox 1319 2694 1389 2721; x_wconf 89' lang='lat' dir='ltr'><strong>diem</strong></span> <span class='ocrx_word' id='word_1_934' title='bbox 1413 2702 1506 2722; x_wconf 87' lang='lat' dir='ltr'><strong>rursus</strong></span> <span class='ocrx_word' id='word_1_935' title='bbox 1524 2695 1632 2730; x_wconf 84' lang='lat' dir='ltr'><strong>aspicit,</strong></span> <span class='ocrx_word' id='word_1_936' title='bbox 1652 2695 1743 2724; x_wconf 82' lang='lat' dir='ltr'><strong>lumen</strong></span> 
     </span>
    </p>
   </div>
   <div class='ocr_carea' id='block_1_117' title="bbox 949 2739 1742 2774">
    <p class='ocr_par' dir='ltr' id='par_1_117' title="bbox 949 2739 1742 2774">
     <span class='ocr_line' id='line_1_117' title="bbox 949 2739 1742 2774; baseline 0.001 -8"><span class='ocrx_word' id='word_1_937' title='bbox 949 2740 1014 2767; x_wconf 87' lang='lat' dir='ltr'><strong>tanti</strong></span> <span class='ocrx_word' id='word_1_938' title='bbox 1033 2747 1086 2766; x_wconf 92' lang='lat' dir='ltr'><strong>non</strong></span> <span class='ocrx_word' id='word_1_939' title='bbox 1105 2739 1167 2767; x_wconf 83' lang='lat' dir='ltr'><strong>facit</strong></span> <span class='ocrx_word' id='word_1_940' title='bbox 1179 2760 1186 2772; x_wconf 82' lang='lat'><strong>,</strong></span> <span class='ocrx_word' id='word_1_941' title='bbox 1201 2740 1250 2767; x_wconf 77' lang='lat' dir='ltr'><strong>nisi</strong></span> <span class='ocrx_word' id='word_1_942' title='bbox 1270 2740 1349 2767; x_wconf 88' lang='lat' dir='ltr'><strong>etiam</strong></span> <span class='ocrx_word' id='word_1_943' title='bbox 1366 2741 1450 2767; x_wconf 90' lang='lat' dir='ltr'><strong>noctis</strong></span> <span class='ocrx_word' id='word_1_944' title='bbox 1465 2739 1586 2768; x_wconf 87' lang='lat' dir='ltr'><strong>tenebras</strong></span> <span class='ocrx_word' id='word_1_945' title='bbox 1600 2747 1742 2774; x_wconf 87' lang='lat' dir='ltr'><strong>persense-</strong></span> 
     </span>
    </p>
   </div>
   <div class='ocr_carea' id='block_1_118' title="bbox 947 2786 1745 2822">
    <p class='ocr_par' dir='ltr' id='par_1_118' title="bbox 947 2786 1745 2822">
     <span class='ocr_line' id='line_1_118' title="bbox 947 2786 1745 2822; baseline 0.001 -9"><span class='ocrx_word' id='word_1_946' title='bbox 947 2787 991 2813; x_wconf 87' lang='lat' dir='ltr'><strong>rit.</strong></span> <span class='ocrx_word' id='word_1_947' title='bbox 1013 2786 1117 2813; x_wconf 91' lang='lat' dir='ltr'><strong>Etenim</strong></span> <span class='ocrx_word' id='word_1_948' title='bbox 1142 2787 1336 2814; x_wconf 90' lang='lat' dir='ltr'><strong>contrariorum</strong></span> <span class='ocrx_word' id='word_1_949' title='bbox 1359 2787 1522 2822; x_wconf 85' lang='lat' dir='ltr'><strong>experientia</strong></span> <span class='ocrx_word' id='word_1_950' title='bbox 1546 2787 1670 2820; x_wconf 75' lang='lat' dir='ltr'><strong>magistra</strong></span> <span class='ocrx_word' id='word_1_951' title='bbox 1693 2794 1745 2814; x_wconf 77' lang='lat' dir='ltr'><strong>nos</strong></span> 
     </span>
    </p>
   </div>
   <div class='ocr_carea' id='block_1_119' title="bbox 948 2831 1742 2868">
    <p class='ocr_par' dir='ltr' id='par_1_119' title="bbox 948 2831 1742 2868">
     <span class='ocr_line' id='line_1_119' title="bbox 948 2831 1742 2868; baseline 0.001 -9"><span class='ocrx_word' id='word_1_952' title='bbox 948 2836 1040 2868; x_wconf 89' lang='lat' dir='ltr'><strong>aperte</strong></span> <span class='ocrx_word' id='word_1_953' title='bbox 1053 2832 1142 2865; x_wconf 84' lang='lat' dir='ltr'><strong>docet,</strong></span> <span class='ocrx_word' id='word_1_954' title='bbox 1158 2833 1245 2868; x_wconf 91' lang='lat' dir='ltr'><strong>qualia</strong></span> <span class='ocrx_word' id='word_1_955' title='bbox 1259 2833 1312 2860; x_wconf 91' lang='lat' dir='ltr'><strong>sint</strong></span> <span class='ocrx_word' id='word_1_956' title='bbox 1324 2840 1368 2866; x_wconf 73' lang='lat' dir='ltr'><strong>ea,</strong></span> <span class='ocrx_word' id='word_1_957' title='bbox 1378 2832 1474 2868; x_wconf 79' lang='lat' dir='ltr'><strong>quibus</strong></span> <span class='ocrx_word' id='word_1_958' title='bbox 1486 2836 1564 2861; x_wconf 86' lang='lat' dir='ltr'><strong>antea</strong></span> <span class='ocrx_word' id='word_1_959' title='bbox 1577 2831 1742 2860; x_wconf 68' lang='lat' dir='ltr'><strong>fruebant&#39;un</strong></span> 
     </span>
    </p>
   </div>
   <div class='ocr_carea' id='block_1_120' title="bbox 948 2879 1742 2917">
    <p class='ocr_par' dir='ltr' id='par_1_120' title="bbox 948 2879 1742 2917">
     <span class='ocr_line' id='line_1_120' title="bbox 948 2879 1742 2917; baseline -0.001 -10"><span class='ocrx_word' id='word_1_960' title='bbox 948 2879 1050 2908; x_wconf 88' lang='lat' dir='ltr'><strong>Idcirco</strong></span> <span class='ocrx_word' id='word_1_961' title='bbox 1071 2881 1195 2907; x_wconf 90' lang='lat' dir='ltr'><strong>nimirum</strong></span> <span class='ocrx_word' id='word_1_962' title='bbox 1218 2886 1271 2907; x_wconf 92' lang='lat' dir='ltr'><strong>tum</strong></span> <span class='ocrx_word' id='word_1_963' title='bbox 1293 2888 1414 2917; x_wconf 85' lang='lat' dir='ltr'><strong>quoque,</strong></span> <span class='ocrx_word' id='word_1_964' title='bbox 1434 2879 1646 2916; x_wconf 79' lang='lat' dir='ltr'><strong>quandoquidem</strong></span> <span class='ocrx_word' id='word_1_965' title='bbox 1670 2885 1742 2914; x_wconf 60' lang='grc' dir='ltr'><strong>ιιι-πει</strong></span> 
     </span>
    </p>
   </div>
   <div class='ocr_carea' id='block_1_121' title="bbox 948 2923 1741 2962">
    <p class='ocr_par' dir='ltr' id='par_1_121' title="bbox 948 2923 1741 2962">
     <span class='ocr_line' id='line_1_121' title="bbox 948 2923 1741 2962; baseline 0.004 -9"><span class='ocrx_word' id='word_1_966' title='bbox 948 2929 1024 2954; x_wconf 87' lang='lat' dir='ltr'><strong>sente</strong></span> <span class='ocrx_word' id='word_1_967' title='bbox 1046 2925 1092 2954; x_wconf 91' lang='lat' dir='ltr'><strong>illo</strong></span> <span class='ocrx_word' id='word_1_968' title='bbox 1113 2927 1246 2954; x_wconf 80' lang='lat' dir='ltr'><strong>sexcentis</strong></span> <span class='ocrx_word' id='word_1_969' title='bbox 1267 2926 1344 2954; x_wconf 90' lang='lat' dir='ltr'><strong>bonis</strong></span> <span class='ocrx_word' id='word_1_970' title='bbox 1365 2926 1487 2962; x_wconf 89' lang='lat' dir='ltr'><strong>discipuli</strong></span> <span class='ocrx_word' id='word_1_971' title='bbox 1507 2925 1583 2962; x_wconf 89' lang='lat' dir='ltr'><strong>potiti</strong></span> <span class='ocrx_word' id='word_1_972' title='bbox 1600 2923 1697 2961; x_wconf 46' lang='lat' dir='ltr'><strong>erant;</strong></span> <span class='ocrx_word' id='word_1_973' title='bbox 1713 2930 1741 2956; x_wconf 73' lang='lat' dir='ltr'><strong>et</strong></span> 
     </span>
    </p>
   </div>
  </div>
