1976 3130
232 181 291 208 467
306 166 326 186 ⁸

234 235 309 270 ψιοὰ
331 244 391 264 cum
418 237 461 264 illo
484 238 580 265 versati
603 238 735 271 fuissent.
756 239 816 266 dies
841 239 1033 274 iucundissime

239 281 430 316 transigebant.
443 282 542 311 Omnes
552 284 621 311 enitn
636 285 729 312 incola:
740 284 889 313 Palmstinte
901 291 1034 320 tamquam

238 326 274 354 ad
290 326 428 355 luminaria
442 329 564 364 quaedam
578 330 668 357 oculos
683 338 746 358 suos
759 331 897 358 adeorum
911 338 956 358 ora
972 337 1036 358 con-

242 372 391 405 vertebant,
403 374 509 409 quando
519 380 546 403 et
557 381 676 403 mortuos
686 376 719 402 ad
732 377 810 403 vitam
827 376 998 403 revocabant.
1009 383 1036 404 et

242 417 362 454 leprosos
377 420 538 448 mandabant
548 441 556 453 ,
571 420 706 448 (Ιςωιιοηοε
725 421 893 456 expellebant
904 442 912 454 ,
928 422 1035 449 morbos

239 463 370 492 curabant
380 485 387 496 ,
403 465 506 501 aliaque
521 466 601 494 multa
617 467 744 494 miracula
757 467 872 494 edebant
887 477 893 494 :
909 468 1034 502 quoniam

243 509 323 544 igitur
333 511 368 538 ita
383 511 499 540 illustres
508 517 584 540 erant
595 517 622 540 et
635 513 763 546 celebres,
777 519 915 549 propterea
929 514 961 542 ad
973 519 1036 542 tetu-

241 563 292 590 pus
304 565 350 585 eos
373 558 493 592 permisit
503 559 537 586 ab
548 559 606 594 eius
616 560 713 587 virtute
725 560 839 595 sejungi,
851 561 926 595 cujus
936 561 1036 588 auxilio

241 602 394 630 nitebantur
408 612 415 630 :
429 609 457 630 ut
475 612 534 632 cum
553 613 585 632 eo
601 605 712 632 fuissent
726 606 864 639 destituti,
880 611 935 634 tum
950 614 1035 641 quan-

243 652 297 675 tum
313 648 365 676 illis
379 650 436 684 ejus
450 650 575 678 bonitatis
588 652 730 687 praesentia
750 652 905 686 prodesset,
931 652 1035 680 edisce-

242 699 320 725 rent,
340 700 442 723 etcum
461 699 656 732 prmtt-ritorum
683 698 812 725 bonorum
826 699 1034 733 magnitudinem

243 741 440 775 perspexissent
452 763 458 772 ,
476 743 568 776 majori
585 751 644 771 cum
667 744 754 770 studio
774 744 901 772 Paracleti
916 744 1036 772 donatio-

243 792 304 812 nem
319 786 482 822 exciperent.
507 788 612 815 Etenim
635 789 695 816 illos
717 794 861 817 nummulos
881 791 1033 818 consolatus

243 836 284 858 est
294 852 302 863 ,
316 837 343 859 et
355 837 464 867 propter
478 834 596 868 magistri
618 835 764 862 discessum
777 836 897 871 lugentes
911 844 942 864 ac
954 837 1036 864 tristi-

243 876 279 902 tia
290 877 405 912 repletos
417 885 472 906 sua:
484 879 551 906 lucis
562 880 641 907 radiis
658 881 806 914 illustravit,
824 889 906 916 prope
916 883 1036 916 jaceutes

243 922 346 955 erexit,
370 924 492 951 maeroris
513 924 652 960 caliginem
675 925 820 958 discussit,
835 931 862 953 et
876 929 1036 955 anxietatem

244 975 351 995 omnem
373 968 485 1003 depulit.
506 969 724 1005 Quandoquidem
748 979 861 1007 namque
875 972 1036 1000 dominiCnm

244 1020 336 1041 vocem
349 1014 507 1047 audierant,
525 1015 620 1043 Eunm
634 1017 720 1045 docete
732 1026 817 1045 onum
825 1024 912 1054 gentes
929 1019 1035 1055 (Matth.

244 1057 290 1086 28.
304 1058 348 1094 l9)
364 1060 541 1089 :dnbitabaut
561 1067 650 1090 autem
670 1063 797 1100 deinceps
820 1070 848 1092 et
869 1066 1036 1100 ignorabant,

245 1111 299 1138 quo
325 1105 458 1139 proﬁcisci
482 1115 616 1142 quemque
642 1114 788 1143 oporteret,
816 1116 843 1138 et
870 1111 896 1138 in
923 1119 1037 1146 quanam

246 1149 320 1176 orbis
335 1155 466 1178 terrarum
490 1153 598 1187 regione
620 1155 730 1182 verbum
753 1155 799 1183 Dei
824 1157 987 1192 praedicare;
1011 1159 1036 1185 in

245 1195 335 1229 specie
357 1195 505 1232 linguarum
528 1198 643 1233 Spiritus
662 1206 770 1228 sanctus
783 1202 909 1235 advenit,
928 1204 1039 1239 singulis

246 1240 318 1268 orbis
339 1246 469 1270 terrarum
498 1245 620 1279 regiones
634 1246 769 1275 docendas
784 1248 936 1280 distribuit.
958 1255 1039 1285 atque

247 1286 386 1320 impertita:
413 1287 508 1323 linguai
531 1297 610 1324 opera
633 1295 765 1327 tamquam
787 1293 813 1320 in
836 1295 924 1322 tabula
945 1303 1038 1323 eorum

247 1330 308 1358 fidei
331 1334 466 1361 commissi
489 1336 661 1370 magistratum
683 1345 715 1365 ac
731 1339 873 1374 magisterii
898 1340 970 1377 leges
991 1341 1039 1369 de-

246 1377 363 1412 scripsit.

283 1423 334 1450 Cur
352 1425 378 1452 in
398 1426 479 1460 specie
502 1427 646 1462 linguarum
663 1428 785 1464 Spiritus.
798 1445 834 1451 —-
854 1431 996 1467 Propterea
1013 1434 1040 1462 in

249 1470 337 1503 specie
361 1470 508 1506 linguarum
534 1473 648 1508 Spiritus
671 1475 778 1503 advenit
799 1485 805 1503 :
829 1485 914 1513 neque
941 1479 1040 1508 idcirco

249 1518 361 1547 tantum,
377 1515 424 1544 sed
439 1521 468 1544 ut
481 1519 580 1546 veteris
594 1520 673 1547 etiam
689 1520 806 1549 historia:
822 1524 976 1551 memoriam
992 1533 1041 1552 no-

248 1560 289 1587 bis
304 1559 449 1588 refricaret.
465 1562 531 1590 Cum
544 1564 614 1591 extim
629 1565 692 1592 olim
707 1565 829 1595 homines
844 1569 966 1603 superbia
978 1571 1040 1598 elati

251 1606 343 1633 turrim
356 1613 493 1636 exstruere
505 1609 648 1643 voluerint,
660 1619 719 1646 qu:e
732 1613 766 1640 ad
779 1614 873 1641 ca-lum
888 1623 970 1651 usque
981 1624 1042 1651 pen

250 1651 363 1686 lingeret
373 1673 379 1684 ,
394 1658 421 1681 et
436 1654 537 1682 invecta
553 1656 682 1685 divisione
696 1658 845 1693 linguarum
859 1668 965 1694 pravam
980 1662 1041 1689 illo-

251 1703 308 1724 rum
323 1698 464 1726 coitionem
485 1705 513 1728 et
532 1702 703 1730 concordiam
725 1703 859 1739 dissiparit
881 1705 949 1734 Deus
964 1707 1041 1743 (Gen.

252 1744 296 1778 ll)
309 1753 316 1771 :
331 1745 430 1773 ideirco
443 1754 511 1774 nunc
525 1756 631 1783 quoque
645 1749 670 1776 in
685 1751 775 1784 specie
789 1752 924 1786 iguearum
939 1753 1041 1789 lingua-

250 1795 309 1816 rum
324 1790 357 1817 ad
379 1798 425 1818 eos
446 1792 551 1820 advolat
570 1794 684 1828 Spiritus
706 1802 832 1827 sanctus.
857 1803 884 1825 ut
899 1806 946 1833 per
968 1800 1041 1827 illum

250 1835 342 1862 orbem
363 1841 491 1865 terrarum
513 1838 627 1866 divisum
647 1840 799 1877 conjungat.
825 1843 860 1870 Et
881 1845 977 1872 accidit
999 1854 1042 1873 res

251 1887 318 1907 nova
331 1881 410 1909 simul
433 1891 464 1910 ac
483 1884 550 1912 mira
567 1894 574 1913 :
591 1891 618 1913 ut
631 1886 702 1914 enim
719 1891 774 1915 tum
789 1889 933 1924 antiquitus
946 1891 1043 1926 lingua:

252 1929 382 1954 terrarum
395 1929 487 1956 orbem
502 1930 664 1965 diviserunt,
680 1937 707 1960 et
721 1933 818 1961 malam
831 1936 999 1963 concordiam
1016 1937 1042 1964 in

251 1971 388 2000 dissidium
403 1980 592 2004 converterunt
610 1986 616 2003 :
635 1977 669 2005 ita
693 1987 763 2007 nunc
784 1987 889 2015 quoque
911 1985 1041 2010 terrarum

250 2017 341 2045 orbem
358 2019 453 2055 lingua:
468 2022 635 2056 copularunt,
651 2028 678 2050 et
691 2032 751 2059 qua:
762 2025 926 2054 dissidebant
940 2027 965 2054 in
979 2035 1043 2056 con-

251 2063 368 2092 cordiam
383 2065 554 2095 reduxerunt.
576 2068 664 2105 itaque
680 2070 706 2097 iu
727 2071 815 2105 specie
835 2072 983 2107 linguarum
1004 2075 1044 2101 id-

251 2108 324 2136 circo
343 2109 470 2138 advenit:
486 2117 619 2148 tamquam
643 2115 712 2150 ignis
731 2122 820 2144 autem
841 2117 937 2153 lingua:
956 2124 1041 2152 erant,

251 2154 322 2188 quod
334 2155 514 2191 sylvescentes
528 2158 553 2186 in
568 2159 644 2187 nobis
661 2167 828 2196 peccatorum
841 2163 924 2198 spina:
937 2172 1045 2193 succre-

252 2200 361 2229 vissent.
376 2202 441 2232 Nam
456 2205 679 2240 quemadmodum
692 2212 762 2236 terra
776 2208 870 2237 fertilis
884 2218 914 2237 ac
928 2211 1040 2246 pinguis,

251 2246 274 2273 si
288 2247 398 2276 minime
419 2250 538 2286 colatur,
561 2260 683 2287 magnam
703 2254 839 2289 spinarum
863 2255 964 2291 sylvam
979 2264 1044 2291 pro-

250 2292 337 2320 fundit
348 2302 355 2321 :
369 2295 407 2322 sic
419 2301 446 2323 et
458 2302 552 2325 natura
566 2303 666 2333 nostra,
679 2308 738 2334 quae
750 2308 764 2327 a
775 2300 901 2330 Creatore
912 2310 961 2330 suo
973 2302 1042 2331 bona

250 2343 291 2365 est
304 2340 427 2373 condita,
452 2347 479 2370 et
500 2344 533 2371 ad
548 2344 652 2372 virtutis
677 2345 766 2381 fruges
786 2346 897 2380 idonea,
922 2356 955 2376 eo
972 2349 1043 2384 quod

251 2392 336 2420 neque
355 2387 462 2422 pictatis
479 2397 596 2419 aratrum
616 2400 702 2428 neque
717 2394 876 2428 cognitionis
891 2395 937 2422 Dei
951 2403 1043 2424 semen

251 2434 418 2468 excepisset,
435 2437 510 2470 quasi
523 2438 613 2472 spinas
635 2439 763 2474 quasdam
785 2445 812 2468 et
832 2441 909 2469 aliam
924 2442 1043 2470 inutilem

251 2479 354 2514 sylvam
370 2481 532 2516 impietatem
547 2484 679 2518 produxit.
693 2485 726 2513 Et
735 2486 958 2521 quemadmodum
972 2496 1043 2524 saepe

252 2530 362 2561 propter
373 2527 509 2562 spinarum
522 2530 717 2559 multitudinem
726 2552 734 2565 ,
753 2539 785 2560 ac
797 2533 929 2561 malorum
946 2535 1044 2569 grami-

253 2580 317 2600 num
332 2577 411 2602 terra:
425 2575 505 2602 facies
521 2583 554 2604 ne
573 2582 685 2612 apparet
701 2579 808 2614 quidem
823 2588 830 2606 :
844 2580 882 2606 sic
900 2584 927 2608 et
947 2581 1044 2608 animai

253 2624 352 2647 nostrae
364 2620 487 2648 nobilitas
497 2622 649 2658 puritasque
659 2624 768 2652 minime
777 2625 931 2661 apparebat,
945 2634 1045 2661 quous-

252 2672 306 2701 que
329 2671 431 2694 naturze
459 2667 583 2695 humana:
606 2669 721 2704 agricola
747 2671 880 2704 vertisset,
907 2677 934 2700 et
958 2673 1044 2707 ipsam

253 2712 375 2741 immisso
396 2712 511 2749 Spiritus
534 2714 595 2750 igne
618 2721 823 2752 perpurgasset,
844 2721 941 2753 atque,
964 2724 993 2746 ut
1009 2719 1042 2747 ad

253 2759 437 2799 excipiendum
449 2760 559 2790 cmleste
571 2769 663 2790 semen
678 2763 772 2791 idonea
793 2763 948 2792 redderetur
957 2786 965 2798 ,
978 2765 1043 2793 effe-

252 2804 343 2831 cisset.

287 2850 314 2876 3.
334 2851 418 2879 Tanta
442 2857 524 2886 sunt,
548 2853 641 2889 bisque
665 2855 749 2882 multo
769 2856 841 2891 plura
855 2877 862 2889 ,
886 2864 945 2892 qure
968 2857 1044 2885 nobis

251 2897 330 2930 huius
349 2897 402 2925 diei
423 2897 552 2927 beneﬁcio
567 2900 636 2928 bona
655 2900 828 2930 obvenerunt.
852 2900 916 2937 Quae
928 2909 988 2930 cum
1007 2903 1043 2932 ita

609 183 638 210 S.
648 183 798 212 JOANNIS
815 181 1039 210 CllliYSOS'l'Oll

1094 182 1234 212 .RCIIIEP.
1255 185 1523 214 οοδδΤΑΝτιΝοι).

1828 189 1881 215 U38

1090 239 1158 273 sint,
1173 247 1220 267 oro
1235 240 1406 276 obtestorque
1419 249 1476 272 vos.
1493 249 1540 276 pro
1553 241 1682 277 dignitate
1695 247 1880 277 cougestarmzi

1087 286 1114 312 in
1128 293 1176 313 nos
1190 286 1332 319 bonorum.
1349 287 1443 314 festum
1457 295 1505 314 uos
1517 295 1622 322 quoque
1634 288 1814 321 celebremus,
1829 297 1881 315 non

1084 331 1192 366 januam
1210 333 1217 347 ι
1239 338 1419 365 communes.
1442 332 1490 361 sed
1514 333 1616 360 animas
1645 339 1785 361 cementes
1797 342 1808 366 ;
1832 342 1882 361 non

1086 377 1174 404 forum
1190 379 1321 413 tapetibus
1335 383 1506 411 exet-nantes,
1523 378 1569 405 sed
1584 379 1700 406 animam
1715 379 1882 413 splendidam

1089 423 1193 450 virtutis
1211 423 1310 451 amictu
1324 423 1468 451 reddentes
1478 445 1485 456 ,
1501 428 1530 451 ut
1543 423 1594 451 hoc
1609 428 1687 458 pacto
1710 425 1846 459 possimus
1859 431 1883 451 et

1089 468 1203 503 Spiritus
1213 469 1325 504 gratiam
1335 469 1482 504 suscipere,
1493 475 1520 496 et
1533 469 1634 497 fructus
1649 469 1711 497 inde
1720 469 1885 505 pullulantes

1087 515 1242 549 decerpere.
1379 536 1382 539 .

1125 561 1176 594 Qui
1196 562 1246 588 sint
1266 563 1362 596 fructus
1378 561 1490 596 Spiritus
1507 562 1598 588 murti.
1615 577 1651 581 -—
1664 561 1730 595 Quis
1742 569 1828 595 porro
1843 561 1886 588 illa

1086 605 1189 633 fructus
1209 611 1251 634 est
1269 607 1405 642 Spiritus?
1427 607 1574 634 Audiamus
1596 607 1706 634 Paulum
1728 608 1884 634 dicentem:

1090 651 1199 679 Fructus
1211 657 1297 678 autent
1308 651 1422 686 Spiritus
1437 656 1472 678 est
1485 652 1589 683 caritas,
1600 652 1734 687 gaudium,
1748 660 1802 686 pax
1816 652 1885 686 (Gal.

1088 697 1114 724 5.
1129 697 1187 731 ΕΞ),
1203 697 1268 724 Vide
1283 702 1381 732 quanta
1402 697 1437 724 sit
1457 697 1593 724 accuratio
1614 697 1640 724 in
1656 697 1745 724 verbis
1756 717 1764 729 ,
1788 703 1886 732 quanta

1089 744 1114 770 in
1136 743 1256 770 doctrina
1271 743 1456 770 convenientia
1473 751 1480 768 :
1497 742 1625 776 pnemisit
1646 743 1787 770 caritatem
1800 763 1809 774 ,
1833 747 1887 768 tum

1089 789 1215 824 deinceps
1228 796 1258 816 ea
1273 797 1332 824 qua:
1344 792 1545 823 censequuntur
1559 788 1781 816 commemoravit
1796 797 1803 815 :
1820 788 1890 814 radi-

1089 843 1146 862 cem
1162 835 1229 866 lixit,
1241 842 1273 862 ac
1284 834 1381 862 deinde
1397 834 1510 861 fructum
1525 833 1667 866 iudicavit;
1681 833 1888 861 fundamentum

1086 881 1167 916 jecit,
1190 887 1222 907 ac
1235 880 1331 907 deinde
1344 879 1484 906 :rtlilicium
1500 879 1642 913 imposuit;
1663 887 1678 906 a
1693 880 1768 906 fonte
1786 878 1888 906 initium

1089 927 1174 960 duxit,
1189 932 1216 954 et
1232 933 1292 952 mox
1309 926 1341 952 ad
1358 925 1452 952 fluvios
1464 924 1583 953 devenit.
1598 925 1656 952 Non
1676 925 1750 952 enim
1767 925 1827 952 fieri
1844 934 1889 959 po-

1090 976 1159 1003 test,
1174 977 1202 999 ut
1222 971 1309 1007 gaudii
1334 971 1444 998 materia
1468 978 1517 998 nos
1531 974 1716 1003 commoveat,
1734 971 1888 1005 priusquam

1089 1019 1202 1046 aliorum
1216 1018 1420 1052 prosperitatem
1435 1022 1554 1044 nostram
1569 1017 1700 1044 ducamus
1710 1037 1718 1050 ,
1733 1021 1762 1044 et
1776 1016 1889 1051 proximi

1091 1064 1161 1092 lion:~
1176 1063 1282 1099 propria
1299 1068 1451 1098 reputemus
1464 1071 1471 1094 ;
1489 1063 1546 1091 luce
1558 1070 1623 1090 vero
1638 1071 1690 1090 non
1705 1063 1818 1090 aliunde
1834 1071 1890 1097 pro-

1090 1117 1198 1137 manare
1217 1114 1317 1145 queunt
1332 1117 1410 1144 quam
1435 1109 1503 1144 quod
1518 1109 1638 1137 caritatis
1651 1109 1691 1136 vis
1707 1109 1888 1143 prazvaluerit,

1090 1160 1171 1190 atque
1185 1155 1348 1182 dominatus.
1371 1154 1476 1182 Caritas
1491 1155 1566 1182 radix
1582 1159 1623 1182 est
1637 1159 1664 1182 et
1679 1154 1740 1182 fons
1754 1160 1891 1189 materque

1091 1207 1248 1229 cunctorum
1271 1201 1427 1228 bonurum:
1447 1201 1545 1227 etenim
1568 1205 1702 1236 tamquam
1727 1201 1806 1228 radix
1831 1209 1890 1228 sex-

1091 1251 1184 1274 centos
1198 1247 1325 1273 virtutum
1341 1253 1429 1272 ramos
1451 1246 1600 1280 germinat,
1617 1246 1693 1281 quasi
1717 1245 1779 1272 fons
1795 1246 1891 1272 multas

1092 1293 1184 1320 latices
1205 1292 1355 1328 profundit,
1377 1296 1404 1318 et
1419 1296 1447 1318 ut
1463 1296 1548 1318 mater
1560 1292 1662 1327 gremio
1675 1298 1725 1318 suo
1738 1291 1771 1318 ad
1788 1298 1818 1319 se
1829 1299 1891 1318 enn-

1092 1337 1223 1374 fugicntes
1236 1342 1308 1364 arcte
1321 1337 1520 1372 complectitur.
1536 1336 1612 1370 Quod
1627 1336 1738 1372 quidem
1753 1344 1816 1364 eum
1829 1336 1890 1364 bea-

1093 1389 1136 1412 tus
1152 1384 1247 1411 Paulus
1261 1383 1343 1418 probe
1357 1387 1456 1415 nosset,
1471 1382 1584 1410 fructum
1598 1382 1712 1418 Spiritus
1725 1389 1786 1410 eam
1801 1383 1891 1417 appel-

1094 1429 1154 1457 lavit
1174 1438 1179 1456 :
1196 1429 1258 1456 alibi
1271 1436 1334 1456 vero
1350 1434 1448 1455 tantam
1462 1429 1558 1455 detulit
1575 1429 1599 1456 ei
1622 1429 1844 1463 przerogativam,
1862 1433 1890 1454 ut

1093 1483 1153 1503 eam
1170 1475 1234 1510 legis
1257 1475 1446 1510 plenitudinem
1470 1474 1632 1509 appellarit:
1647 1473 1791 1501 Plenitudo
1811 1474 1889 1506 enim,

1094 1521 1179 1557 inquit
1189 1542 1196 1554 ,
1210 1521 1272 1556 legis
1285 1526 1321 1548 est
1335 1521 1429 1548 caritas
1444 1520 1533 1554 (Rom.
1548 1520 1590 1547 15.
1604 1520 1658 1555 10).
1675 1520 1823 1547 Enimvero
1837 1520 1890 1554 ipse

1094 1568 1212 1595 omnium
1229 1567 1355 1594 Dominus
1377 1571 1510 1601 tamqmm
1532 1565 1739 1600 descriptionem
1761 1564 1892 1592 sufﬁcien-

1095 1619 1149 1641 tem
1163 1617 1191 1640 et
1206 1613 1257 1640 fide
1272 1612 1382 1647 dignum
1398 1611 1544 1646 specimen,
1557 1616 1585 1638 ut
1598 1611 1658 1645 quis
1673 1617 1702 1637 se
1718 1610 1804 1645 ipsius
1817 1609 1892 1637 disci-

1094 1661 1185 1696 pulum
1199 1658 1334 1694 probaret,
1347 1665 1398 1685 non
1412 1657 1483 1684 aliud
1499 1665 1577 1693 quam
1592 1657 1662 1692 quod
1675 1664 1690 1683 a
1702 1657 1816 1684 caritate
1829 1657 1893 1691 peti-

1095 1710 1154 1739 tur,
1171 1705 1247 1732 nobis
1269 1703 1423 1739 proposuit,
1439 1711 1500 1730 eum
1517 1703 1584 1729 dixit
1598 1711 1604 1729 :
1621 1702 1653 1728 In
1677 1702 1724 1728 hoc
1744 1707 1893 1736 cognoscent

1094 1759 1196 1784 ontnes,
1213 1751 1272 1785 quia
1287 1749 1408 1784 discipuli
1428 1750 1476 1775 mei
1497 1749 1572 1782 estis,
1588 1750 1611 1775 si
1626 1748 1786 1775 dilectionem
1801 1748 1893 1775 habue-

1095 1798 1151 1824 ritis
1165 1797 1198 1823 ad
1212 1796 1317 1823 invicem
1329 1795 1417 1831 (Joan.
1432 1795 1475 1822 l5.
1489 1796 1546 1831 55).
1558 1795 1738 1829 Quamobrem
1749 1795 1784 1822 ad
1799 1797 1891 1830 ipsam.

1094 1850 1204 1879 qumso,
1227 1842 1410 1876 confugiamus
1424 1848 1517 1868 omnes
1528 1861 1534 1873 ,
1551 1841 1629 1875 eique
1643 1841 1847 1873 adlicerenmus,
1867 1845 1893 1866 et

1095 1896 1156 1915 cum
1182 1889 1238 1923 ip5a
1264 1887 1434 1914 festivitatem
1458 1886 1526 1913 hanc
1549 1886 1723 1920 excipiamus.
1747 1885 1798 1912 Ubi
1823 1885 1892 1912 enim

1096 1936 1204 1968 caritas,
1220 1935 1315 1962 animm
1328 1939 1436 1962 cessant
1449 1933 1587 1966 defectus;
1603 1933 1648 1959 ubi
1665 1932 1764 1960 caritas
1775 1933 1802 1964 ',
1815 1932 1892 1960 alieni

1095 1991 1110 2009 a
1124 1982 1226 2009 ratione
1245 1981 1342 2009 mentis
1355 1980 1468 2008 insultus
1480 1979 1564 2007 sedati
1577 1984 1649 2006 sunt.
1665 1978 1776 2011 Caritas,
1798 1979 1891 2014 inquit,

1096 2037 1147 2055 nan
1168 2028 1220 2064 agit
1243 2035 1393 2062 perperam,
1416 2034 1467 2054 non
1486 2026 1610 2061 inﬂatur,
1632 2033 1683 2051 non
1707 2030 1744 2052 est
1761 2026 1894 2051 ambitiosa

1099 2075 1135 2110 (1.
1148 2074 1207 2102 Cor.
1219 2075 1261 2101 15.
1271 2074 1297 2100 4.
1309 2072 1337 2109 5)
1350 2082 1357 2100 :
1369 2073 1467 2101 caritas
1480 2072 1578 2099 malum
1594 2073 1716 2106 proximo
1730 2079 1783 2098 non
1798 2072 1892 2103 infert;

1097 2120 1141 2147 ubi
1157 2119 1254 2147 caritas
1275 2119 1445 2151 dominatur,
1468 2118 1589 2152 nuspiam
1604 2118 1669 2144 (Iaiu
1691 2118 1829 2150 cernitur,
1849 2118 1894 2151 qui

1096 2165 1204 2192 fratrem
1219 2164 1333 2192 occidat.
1357 2164 1432 2192 Tolle
1453 2163 1553 2190 fontem
1569 2163 1694 2196 invidim,
1715 2167 1743 2190 et
1763 2163 1893 2190 malorum

1096 2211 1216 2238 omnium
1232 2210 1331 2237 ﬂumen
1344 2209 1490 2241 sustulisti;
1506 2208 1633 2236 exscinde
1646 2208 1764 2235 radicem
1774 2229 1782 2240 ,
1797 2214 1824 2236 et
1835 2208 1893 2235 fru-

1096 2261 1168 2284 ctum
1189 2255 1267 2283 simul
1290 2255 1437 2282 exscidisti.
1460 2254 1523 2282 llme
1537 2261 1601 2281 vero
1621 2261 1654 2281 eo
1667 2254 1794 2281 dicuntur
1807 2262 1822 2280 a
1839 2261 1893 2286 nte.

1097 2301 1167 2337 quod
1181 2301 1215 2328 de
1229 2302 1262 2327 iis
1277 2301 1321 2336 qui
1335 2300 1454 2327 invident
1464 2321 1470 2331 ,
1487 2300 1571 2334 magis
1585 2301 1636 2326 sim
1649 2299 1782 2327 sollicitus
1793 2320 1800 2330 ,
1815 2307 1891 2334 quant

1096 2347 1130 2375 de
1143 2347 1175 2374 iis
1187 2347 1282 2382 quibus
1298 2346 1439 2374 invidetur.
1455 2345 1491 2373 Illi
1508 2345 1578 2371 enim
1592 2349 1655 2372 sunt
1665 2364 1672 2377 ,
1687 2345 1733 2379 qui
1750 2345 1892 2371 tnaxituam

1097 2393 1199 2421 faciunt
1207 2393 1350 2427 jacturam,
1362 2392 1527 2426 multamque
1537 2391 1586 2418 sibi
1597 2390 1743 2425 perniciem
1756 2391 1891 2422 invehunt;

1097 2448 1158 2468 nam
1180 2440 1232 2467 illis
1246 2439 1353 2474 quidem
1369 2438 1464 2473 quibus
1480 2436 1614 2464 invidetur
1624 2457 1631 2469 .
1652 2436 1716 2463 illud
1729 2457 1736 2468 ,
1751 2437 1774 2462 si
1788 2436 1893 2471 quidem

1098 2487 1200 2518 velint,
1225 2486 1363 2513 materiam
1384 2484 1463 2512 affert
1485 2491 1656 2515 coronarum,
1677 2483 1748 2517 quod
1769 2483 1892 2509 invidiam

1099 2534 1240 2569 patiantur.
1266 2535 1305 2560 Ac
1328 2531 1398 2563 vide,
1419 2537 1520 2566 qumso,
1544 2537 1598 2564 quo
1619 2535 1698 2563 pacto
1718 2529 1805 2563 justus
1825 2528 1892 2555 Abel

1097 2579 1249 2607 celebretur
1270 2577 1391 2604 laudibus
1403 2597 1411 2609 ,
1426 2580 1453 2602 ct
1474 2576 1500 2602 in
1519 2575 1577 2602 dies
1593 2574 1735 2608 pr:cconiis
1756 2574 1890 2605 efferatur,

1099 2624 1169 2660 quod
1184 2623 1265 2651 ca-dis
1279 2629 1357 2650 causa
1372 2621 1486 2648 celebris
1505 2620 1621 2647 nominis
1634 2611 1802 2646 occasionem
1819 2624 1892 2645 attu-

1099 2671 1168 2699 lerit.
1184 2671 1270 2704 Atque
1288 2668 1332 2696 hic
1350 2667 1456 2703 quidem
1472 2672 1531 2702 post
1550 2666 1651 2693 obitum
1671 2665 1751 2692 etiam
1773 2673 1818 2700 per
1829 2673 1892 2691 san-

1098 2718 1204 2753 guiuem
1219 2716 1346 2743 audacter
1368 2714 1484 2750 loquitur
1495 2734 1502 2745 ,
1518 2717 1545 2740 et
1566 2713 1637 2740 clara
1652 2720 1719 2740 voce
1734 2713 1889 2747 parricidam

1099 2767 1207 2791 accusat
1228 2761 1303 2798 (Gen.
1317 2762 1342 2789 ι.
1357 2761 1405 2798 10)
1419 2770 1427 2788 :
1443 2760 1488 2787 ille
1510 2765 1597 2788 autem
1613 2765 1749 2794 superstes
1769 2759 1891 2786 videlitct

1131 2845 1142 2908 If
1159 2846 1235 2908 ἓξὲξ
1475 2869 1602 2908 expulistis
1614 2870 1729 2896 acerbum
1739 2868 1832 2895 uiridia
1839 2866 1891 2898 spi-

1099 2903 1250 2933 culunt.'L'lri
1261 2906 1345 2935 regnat
1356 2903 1455 2933 caritas,
1467 2905 1515 2927 etc.
