1976 3130
130 143 188 168 430

127 206 244 233 cperam
258 198 373 226 l'ructum
392 205 439 232 per
452 204 563 233 operum
585 196 734 225 mercedem
757 199 876 233 recepit,
900 203 928 225 et

128 252 245 280 gemens
260 248 433 280 trcmensque
445 243 527 271 vitam
548 243 575 270 in
592 243 670 271 terris
690 243 815 271 traduxit.
837 244 872 271 At
887 243 929 271 hic

123 291 293 332 interfectus
307 295 335 317 et
346 289 438 325 jacens
457 289 484 317 in
499 294 577 322 terra,
594 295 654 324 post
663 290 763 318 obitum
778 290 858 318 etiam
872 298 931 317 ma-

128 339 194 371 jore
220 343 284 364 cum
311 336 408 364 ﬁducia
438 336 562 371 loquendi
592 336 744 364 facultatem
770 336 930 364 ostentabat.

130 382 168 410 Et
185 381 412 417 quemadmodum
431 382 504 409 illum
526 382 565 409 sic
578 382 710 410 alliciebat
725 386 860 417 peccatum
872 402 881 416 ,
904 385 933 409 ut

129 429 285 455 etiamnum
305 428 399 456 vivens
421 428 553 456 infelicius
575 428 687 456 mortuis
701 428 780 455 vitam
802 427 931 464 degeret:

129 474 173 500 sic
190 478 218 501 et
239 474 322 501 istum
342 478 402 508 post
423 478 538 501 mortem
559 474 639 501 etiam
660 474 744 501 virtus
759 473 932 501 illustriorem

131 520 265 548 reddidit.
279 520 409 553 Quocirca
425 527 474 547 nos
486 527 592 555 quoque
606 523 635 547 ut
653 519 782 554 majorem
801 524 828 547 et
847 519 890 546 hic
908 523 937 546 et

133 567 192 594 illic
203 566 329 594 ﬁduciam
343 566 420 594 nobis
433 566 617 599 conciliemus,
630 570 659 593 ut
672 566 828 605 ampliorem
839 573 872 593 ex
884 565 935 593 hac

133 612 286 640 festivitate
301 612 421 640 laetitiam
441 611 626 647 decerpamus.
643 611 732 639 omnia
754 611 860 647 quidem
874 612 935 639 ani-

133 667 189 686 ma:
211 658 322 686 sordida
345 659 505 688 vestimenta
526 658 695 696 rejieiamus,
719 659 852 694 praecipue
871 666 936 686 vero

135 713 188 733 nos
201 704 311 732 invidia:
321 709 396 733 veste
406 705 561 740 spoliemus.
574 705 649 732 Licet
659 705 732 733 enim
743 710 934 733 sexcentorum

135 755 213 778 recte
224 750 356 778 factorum
369 751 493 778 meritum
504 751 654 778 cumulasse
664 750 811 783 videamur,
824 751 847 778 si
860 750 938 779 nobis

137 795 198 822 lucc
213 795 311 823 acerba
327 800 447 831 tetraque
460 795 516 823 lues
530 796 666 831 negotium
686 795 813 829 facessat,
828 795 859 825 in
866 795 937 823 nihi-

137 841 195 868 lum
218 846 315 869 cuncta
338 841 468 869 recident.
492 841 569 869 Faxit
581 842 653 869 Deus
665 846 693 869 ut
709 841 767 877 ejus
780 849 830 869 nos
844 849 938 870 omnes

137 892 267 922 expertes
288 887 385 921 simus,
407 892 487 925 atque
499 887 538 916 illi
559 888 675 916 maxime
695 889 740 924 qui
755 887 883 916 hodierna
895 886 938 915 die

636 141 679 168 DE
696 140 829 169 SANCTA
846 140 1082 169 PENTECOSTE.
1098 139 1214 168 llOMIL.
1230 139 1261 167 ll.
1300 129 1309 135 ’

1720 141 1773 168 ιτα

983 206 1031 233 per
1051 199 1162 234 gratiam
1193 199 1290 227 lavacri
1311 204 1428 227 veterem
1457 204 1626 234 peccatorum
1648 198 1773 226 amictum

983 245 1147 280 abiecerunt,
1161 249 1189 272 et
1201 244 1285 280 ipsius
1297 245 1362 272 solis
1373 244 1452 272 radiis
1464 245 1587 272 :cmulum
1596 244 1650 280 jam
1664 248 1775 279 possunt

983 290 1072 318 lumen
1094 290 1240 318 ell‘undere.
1264 289 1318 318 Vos
1341 290 1420 324 igitur
1443 290 1554 323 hortor,
1578 289 1623 325 qui
1647 285 1727 317 hodie
1750 290 1775 316 in

984 336 1154 371 adoptionem
1174 336 1326 371 transcripti
1348 336 1431 368 estis,
1454 336 1499 371 qui
1521 335 1689 370 Splendidum
1705 334 1775 362 hunc

985 383 1110 410 amictum
1122 381 1255 416 induistis.
1271 382 1345 409 omni
1360 381 1490 413 custodia,
1510 389 1563 417 quo
1582 388 1653 409 nunc
1672 379 1776 416 praaditi

985 428 1249 464 estistsplendorem
1267 433 1441 461 conservate,
1456 432 1536 464 atque
1554 427 1627 455 omni
1649 435 1682 454 ex
1703 431 1778 462 parte

986 475 1092 503 diabolo
1114 475 1215 503 aditum
1247 474 1434 507 intercludite,
1459 479 1488 501 ut
1508 472 1650 509 copiosiori
1679 473 1777 508 Spiritu

987 523 1072 557 gratia
1087 525 1210 557 percepta
1225 521 1386 548 fructiﬁcare
1402 520 1509 555 possitis
1524 527 1604 547 unum
1621 519 1736 555 triginta,
1752 523 1780 546 et

987 577 1070 597 unum
1091 569 1243 604 sexaginta.
1269 573 1296 595 et
1317 575 1398 595 unum
1421 572 1526 595 centum
1548 576 1555 594 :
1577 571 1606 593 ut
1627 565 1779 594 el‘llciamini

987 615 1059 651 digni
1072 615 1116 650 qui
1131 622 1192 642 cum
1205 613 1301 641 ﬁducia
1315 613 1387 649 [legi
1400 613 1526 640 catlorum
1545 611 1703 645 occurratis,
1718 618 1779 638 cum

987 665 1114 689 venturus
1136 660 1231 693 fuerit,
1253 660 1379 694 omnique
1393 666 1518 687 sermone
1537 657 1691 685 sublimiora
1711 656 1780 684 bona

987 706 1177 734 distributurus
1194 705 1246 733 illis
1255 702 1267 739 ,'
1277 705 1321 740 qui
1337 709 1493 740 praesentem
1508 704 1588 731 vitam
1608 710 1668 731 cum
1685 702 1782 730 virtute

990 751 1186 787 transegerint,
1206 752 1233 778 in
1258 749 1364 779 Christo
1386 750 1449 778 Jesu
1473 751 1585 778 Domino
1608 753 1717 782 nostro,
1739 748 1782 774 cui

989 798 1073 834 gloria
1084 801 1110 825 et
1126 801 1242 832 potestas
1254 804 1325 825 nunc
1338 801 1364 825 et
1376 803 1493 833 semper.
1506 801 1533 824 ct
1551 797 1577 824 in
1590 795 1685 823 sa-cula
1697 801 1782 822 saccu-

991 844 1088 872 lorum.
1103 843 1187 871 Amen
