1976 3130
208 155 258 182 ΓΗ
555 152 583 178 S.
603 131 745 178 JOAKMS
765 145 1009 178 CHRYSOSTOII
1029 146 1189 176 ABCBIEP.
1209 146 1481 177 CONSTANTINOP.
1780 148 1832 174 Hi

736 215 738 218 ,
843 215 845 217 ,

522 340 582 383 IN
621 340 795 382 PAULI
836 337 1103 383 ENCOMIA
1142 339 1510 386 ADMONITIO.

242 461 297 489 llas
308 462 342 490 de
355 461 425 490 beati
443 461 517 488 Pauli
532 462 657 488 laudibus
668 461 814 488 conciones
832 469 984 488 memorare
1008 463 1115 489 videtur
1130 462 1346 499 Chrysostomus
1357 472 1438 499 supra
1455 465 1480 491 in
1495 460 1606 491 bomilia
1627 461 1667 491 De
1689 460 1829 496 Kalendis.

207 508 252 534 ubi
263 508 303 535 sic
317 507 399 534 habet
408 507 460 534 sub
475 507 581 534 initium
595 506 627 534 T.
654 507 674 538 Ι.
689 515 715 542 p.
728 506 781 534 698
794 515 801 532 :
816 506 915 543 Πρῴην
931 507 987 541 γοῡπ

1053 508 1100 534 ιῶν
1124 508 1350 544 ἐγκωμιαζόντων
1375 510 1420 536 τὸν
1450 510 1582 546 μακάριον
1607 509 1723 541 Παῦλον,
1748 508 1833 541 οὕτως

207 555 398 589 ἐσκιρτήσατι,
418 555 456 585 ὡς
468 553 548 580 αὑτὸν
563 552 679 587 ὁρῶντες
694 553 849 588 παρόντα...
867 553 914 579 χαί
933 553 1083 589 ἐϐουλόμην
1099 554 1148 589 μὲν
1162 555 1202 585 εἰς
1217 555 1267 590 τὴν
1279 555 1364 590 αὐτὴν
1380 555 1506 581 ὑπόθεσιν
1525 554 1673 590 καταϐῆναι
1690 554 1737 580 xii.
1750 555 1836 589 τήμε-

215 607 271 634 ρον,
286 599 354 626 ἀλλά
371 599 439 635 πρὸς
459 599 541 633 ἔτερα
553 599 749 632 κατεπείγοντα
764 599 830 633 ἡμῖν
856 599 871 625 ὁ
890 597 967 632 λόγος
980 598 1117 634 ὥρμηται,
1134 599 1169 626 τὰ
1189 601 1308 635 σήμερον
1334 600 1385 626 ὑπὸ
1400 599 1449 636 τῆς
1463 600 1566 632 πόλεως
1582 599 1690 634 ἁπάσης
1708 599 1834 634 ἁμαρτη-

209 645 300 672 θέντα.
320 646 389 678 Τοὺς
403 646 457 681 γὰρ
476 645 622 677 ἀκούοντας
632 645 687 672 τῶν
703 645 848 680 ἐγκωμίων
872 643 990 678 Παύλου,
1004 645 1136 681 πρότερον
1157 646 1206 681 τῆς
1219 647 1320 681 ἀρετῆς
1334 647 1380 674 τοῦ
1407 646 1514 673 Παύλου
1545 647 1668 682 ζηλωτὰς
1682 645 1752 672 εἶναι
1769 646 1837 680 χρὴ,

209 693 256 720 καὶ
267 692 393 728 τοιαύτης
407 692 564 728 ἀκροάσεως
578 692 681 726 ἀεὶους.
701 691 729 719 Id
749 696 800 723 cst,
820 691 912 726 Nuper
927 692 989 726 igitu

1055 700 1085 718 1m
1099 692 1204 719 beatum
1232 689 1347 719 Paulum
1373 692 1498 720 ent-antiis
1513 692 1716 725 celebrorenms,
1737 693 1777 718 ita
1790 699 1835 718 es-

208 739 367 770 sultovistis.
381 740 456 774 quasi
469 740 555 774 ipsum
569 745 722 775 prwsentem
746 740 912 767 cidissetis...
932 739 1054 766 Volebam
1071 745 1157 767 autem
1173 740 1199 766 in
1217 741 1285 767 idem
1298 749 1398 776 quoque
1419 745 1602 776 argumentum
1627 738 1704 766 hodie
1726 740 1836 766 descen-

209 786 269 811 dere
284 794 293 812 :
313 786 358 812 sed
374 785 408 812 ad
422 786 475 812 alia
487 785 617 820 qumlam,
631 794 690 821 quae
703 786 787 820 magis
802 789 904 820 urgent,
925 786 1010 811 oratio
1028 791 1118 812 nostra
1141 787 1303 820 prove/titur,
1320 788 1345 813 in
1362 788 1455 822 quibus
1471 796 1486 813 a
1501 792 1556 814 tota
1568 787 1644 813 hodie
1658 787 1767 813 civitate
1780 794 1838 820 pec-

210 836 296 858 catur.
318 831 371 858 Eos
387 832 457 857 enim
475 831 520 866 qui
533 832 651 858 ειη-σηιξη
669 830 748 857 Pauli
762 832 855 858 audire
879 832 998 866 cupiunt,
1014 833 1086 866 prius
1098 833 1202 859 virtutis
1219 832 1299 860 Pauli
1316 835 1423 860 mutulos
1439 842 1493 860 esse
1508 838 1619 867 oportet,
1639 839 1663 860 et
1681 833 1836 867 Itujusntodi

209 880 333 906 concione
346 881 447 915 (lignus.
465 878 514 906 Hic
529 879 604 907 vides
617 879 763 906 conciones
775 884 831 906 tum
849 879 905 914 jam
919 879 1036 910 habitas,
1051 885 1106 907 tum
1123 885 1183 914 post
1205 880 1342 907 habendas
1355 881 1510 912 memorari,
1537 889 1651 914 quarum
1668 880 1800 911 ὑπόθεσις
1812 884 1839 906 et

210 932 400 962 argumentqu
411 931 490 954 erant
505 928 629 954 cncomia
643 925 731 954 Pauli.
745 926 776 953 Et
798 931 887 954 tamen
901 926 1076 955 llermantius
1093 928 1220 962 opinatus
1234 932 1288 958 est,
1318 929 1381 955 illud
1398 928 1473 955 Pauli
1485 928 1638 955 encomium
1671 928 1698 954 in
1726 927 1837 954 humilia

213 973 250 1000 De
262 972 390 1001 Kalendis
401 979 579 1001 intemeratum
593 974 686 1001 haberi
700 975 727 1001 in
746 974 859 1001 humilia
875 973 912 1001 De
927 975 1057 1009 petitione
1070 975 1186 1002 tiliorum
1199 974 1333 1006 Zchedzei,
1348 983 1422 1002 uutn.
1439 975 1466 1007 5,
1485 975 1529 1001 ubi
1545 975 1634 1002 obiter
1648 973 1726 1001 Pauli
1744 974 1840 1002 laudes

209 1019 551 1056 attingithrySOstomus.
568 1019 759 1047 Tillt-montius
776 1027 852 1053 vero,
884 1021 985 1054 rejccta
1015 1020 1165 1048 Ilermantii
1182 1021 1322 1056 opinione,
1350 1021 1578 1056 putathomiliam
1603 1021 1630 1047 in
1644 1021 1780 1048 concione
1802 1019 1838 1047 De

211 1067 339 1095 Kalendis
357 1074 537 1096 memoratam
549 1076 607 1096 eam
619 1076 693 1101 esse,
704 1069 747 1095 cui
762 1068 869 1101 titulus.
885 1069 983 1101 Quales
995 1069 1121 1095 ducettdn:
1147 1069 1199 1095 sint
1216 1076 1322 1099 uxores,
1338 1068 1381 1095 ubi
1408 1068 1508 1095 Paulus
1523 1068 1670 1095 identidem
1692 1067 1831 1095 laudatur.

210 1114 323 1148 Verum,
340 1120 369 1142 ut
379 1123 411 1142 ex
426 1115 552 1150 superius
569 1115 658 1142 allatis
673 1114 763 1142 verbis
774 1115 908 1150 liquidum
920 1119 971 1145 est,
987 1122 1042 1141 non
1058 1115 1147 1149 agitur
1161 1115 1196 1140 ibi
1209 1115 1242 1141 de
1258 1114 1384 1142 laudibus
1397 1113 1484 1144 Pauli,
1495 1122 1563 1148 quas
1574 1113 1756 1140 conciouibus
1768 1113 1836 1142 suis,

209 1163 356 1198 cujuslibet
372 1163 480 1190 tandem
498 1163 651 1197 argumenti
666 1162 730 1194 sint,
743 1163 844 1197 passim
857 1163 998 1197 obiterque
1011 1162 1147 1188 interserit
1158 1162 1383 1198 Chrysostomus,
1396 1161 1468 1196 quod
1485 1161 1634 1196 saepissime.
1651 1169 1717 1188 sane
1733 1161 1839 1187 contin-

210 1211 269 1244 git;
284 1210 330 1238 sed
346 1210 380 1238 de
397 1210 573 1237 cuncionibns
598 1210 732 1244 plurimis,
748 1217 864 1244 quarum
879 1214 1069 1244 argumentum
1094 1214 1171 1236 erant
1196 1210 1319 1236 eucomia
1337 1209 1411 1236 l’auli
1430 1219 1436 1236 :
1454 1199 1629 1240 aa'eamdem,
1656 1209 1758 1243 inquit,
1778 1217 1840 1236 rur-

210 1264 256 1283 sus
266 1256 420 1291 Itypothcsiu
435 1255 589 1282 descendere
603 1255 742 1288 volebam;
759 1256 836 1292 [475]
852 1257 903 1284 hoc
915 1261 966 1288 est,
979 1264 1076 1284 rursus
1090 1257 1123 1283 de
1135 1256 1211 1284 Pauli
1223 1256 1350 1284 laudibus
1366 1256 1524 1283 cuncionari
1542 1257 1666 1283 volebam
1681 1264 1688 1282 :
1706 1264 1763 1291 quo
1773 1255 1839 1292 quid

211 1301 297 1333 aliud,
315 1309 419 1336 qumsu,
437 1301 551 1328 indicari
568 1302 665 1336 possit,
682 1309 762 1335 quam
782 1301 899 1329 boutilize
911 1301 944 1329 de
958 1301 1043 1329 Paulo
1054 1302 1187 1336 apostolo.
1203 1302 1236 1329 de
1247 1302 1346 1336 quibus
1363 1309 1435 1328 nunc
1448 1301 1576 1336 agimus?

248 1346 282 1374 Ut
296 1353 398 1374 certum
412 1351 454 1374 est
469 1347 518 1374 bas
532 1347 678 1374 conciones
693 1348 845 1375 Antiochiae
862 1348 968 1375 habitas
987 1348 1090 1381 fuisse;
1107 1356 1168 1375 nam
1186 1348 1211 1374 id
1239 1353 1331 1382 aperte
1353 1347 1454 1374 iudicat
1481 1348 1695 1383 Chrysostomtts
1721 1345 1835 1373 humilia

213 1398 310 1428 quarta
326 1393 358 1420 de
372 1392 450 1420 Pauli
463 1393 598 1425 laudibus,
611 1393 655 1421 tabi
671 1394 704 1420 de
721 1395 821 1429 templo
833 1394 965 1429 Apollinis
977 1395 1004 1421 iu
1019 1395 1150 1422 suburbio
1173 1393 1298 1430 Daphnes
1311 1403 1326 1422 a
1343 1394 1456 1422 fulmine
1471 1399 1542 1421 tacto
1559 1394 1639 1421 verba
1652 1393 1718 1421 facit
1734 1402 1742 1420 ε
1755 1393 1790 1419 ita
1802 1390 1838 1419 de

212 1448 297 1473 anno,
310 1447 365 1475 quo
380 1441 436 1467 lucc
449 1441 629 1467 courionatus
642 1446 692 1473 est,
709 1441 775 1468 nihil
791 1442 830 1468 vel
843 1447 948 1469 certum
961 1442 1002 1468 vel
1021 1442 1168 1469 admodum
1185 1442 1324 1477 probabile
1348 1442 1430 1469 statui
1445 1446 1542 1476 potest.
1557 1441 1586 1468 Si
1598 1444 1683 1468 staret
1709 1439 1834 1466 calculus

211 1485 388 1518 'l‘illemoutii,
403 1494 457 1521 quo
474 1487 614 1514 humilium
628 1487 661 1513 de
678 1486 806 1514 Kalendis
822 1486 905 1514 refert
916 1488 942 1514 iu
961 1496 1062 1515 annum
1077 1488 1140 1520 587,
1164 1489 1227 1515 hinc
1243 1493 1334 1515 notam
1351 1488 1414 1514 anui
1425 1495 1522 1515 eruere
1548 1486 1651 1514 liceret.
1670 1485 1788 1516 Etenim,
1806 1487 1838 1510 ut

212 1537 276 1561 ante
288 1533 418 1565 diximus,
434 1533 545 1560 humilia
559 1533 602 1560 illa
621 1532 658 1560 De
675 1533 803 1560 Kalendis
823 1539 884 1568 post
906 1535 1025 1569 aliquam
1037 1541 1072 1560 ex
1083 1534 1125 1560 bis
1137 1541 1239 1568 septem
1256 1533 1289 1561 de
1317 1533 1400 1560 Paulo
1429 1533 1609 1560 concionibus
1634 1532 1726 1559 habita
1751 1530 1839 1558 fuisse

215 1579 331 1612 videtur,
346 1587 461 1614 eamque
472 1586 575 1607 caetera:
589 1585 681 1615 postea
696 1580 729 1607 de
745 1579 829 1607 Paulo
845 1580 961 1608 bomilitu
985 1582 1138 1609 subsecuta:
1158 1585 1231 1607 sunt.
1253 1579 1353 1607 Verum
1371 1580 1415 1607 illa
1431 1578 1596 1606 Tillemoutii
1609 1577 1774 1612 computatio
1790 1575 1832 1602 vel

214 1626 363 1659 levissimo,
377 1626 419 1652 vel
433 1626 522 1660 potius
539 1626 615 1653 nullo
631 1626 726 1653 nititur
740 1632 913 1661 argumento,
931 1632 960 1654 ut
979 1627 1006 1654 iu
1023 1627 1124 1655 Mouito
1139 1627 1171 1654 ad
1184 1634 1244 1654 eam
1259 1625 1296 1653 De
1324 1624 1450 1653 Kalendis
1465 1625 1604 1652 bomiliam
1620 1624 1763 1657 probatum
1779 1625 1833 1648 est.

214 1671 270 1700 lloc
287 1680 370 1699 unum
387 1672 523 1706 expiscari
539 1680 694 1708 possumus,
711 1681 773 1700 cum
787 1673 898 1700 bomilia
913 1674 956 1701 illa
974 1672 1103 1702 Kalendis
1121 1673 1244 1701 Januarii
1260 1674 1351 1699 habita
1365 1672 1454 1703 luerit,
1470 1679 1503 1699 ex
1515 1671 1695 1698 conciouibus
1722 1669 1749 1696 in
1765 1667 1838 1695 Pau~

214 1719 271 1746 lum
289 1726 346 1749 eas,
358 1726 419 1753 qua
434 1718 572 1745 bomiliam
589 1718 622 1746 de
634 1718 761 1746 Kalendis
774 1727 947 1754 prwccssere,
960 1726 1022 1748 ante
1036 1716 1134 1748 ianum
1142 1721 1195 1748 ium
1209 1728 1215 1752 ;
1233 1727 1280 1746 eas
1292 1727 1355 1746 vero
1375 1726 1436 1753 qua:
1451 1718 1604 1746 subsecuta:
1622 1720 1698 1748 sunt,
1713 1719 1774 1750 post
1787 1712 1842 1740 Ka-

214 1764 309 1792 lendas
323 1763 445 1791 lanuarii
458 1765 545 1792 dictas
559 1763 654 1792 fuisse.
1607 1769 1609 1771 ’

251 1809 345 1838 Restat
360 1814 389 1837 ut
402 1810 436 1837 de
449 1810 565 1842 Auiauo,
582 1811 639 1838 sive
652 1810 786 1842 Anniana,
806 1811 852 1846 qui
872 1811 998 1838 humilius
1014 1811 1095 1840 hasce
1116 1811 1211 1839 Latine
1228 1811 1423 1846 interpretatus
1443 1815 1495 1841 est,
1512 1817 1596 1845 pauca
1608 1808 1745 1836 dicamus.
1758 1805 1839 1834 Hunc

214 1864 275 1883 esse
291 1855 466 1883 Celedensem
483 1855 558 1882 illum
571 1856 719 1884 diaconum
728 1855 915 1891 Pelagianam,
932 1857 979 1892 qui
993 1857 1185 1892 Diospolitana:
1198 1856 1302 1892 synodo
1325 1855 1458 1887 interfuit,
1471 1855 1610 1888 librosque
1622 1861 1672 1888 pro
1687 1851 1839 1879 asserenda

215 1901 357 1935 Pelagiana
368 1901 465 1928 haeresi
479 1902 601 1936 scripsit,
615 1902 727 1929 minime
747 1902 916 1934 dubitamus,
932 1902 1004 1937 quod
1031 1902 1183 1929 luculenter
1197 1901 1321 1937 probavit
1340 1898 1460 1928 Joannes
1480 1899 1640 1929 Garnerius,
1668 1897 1782 1925 Dissert.
1811 1897 1841 1928 1,

215 1952 276 1982 post
286 1945 401 1974 Marium
417 1947 604 1980 Mercatorcm,
617 1955 678 1982 cap.
691 1948 717 1974 7.
735 1948 787 1975 Pro
803 1949 852 1975 bac
865 1948 965 1983 quippe
977 1948 1105 1983 opinione
1121 1953 1243 1984 pugnant
1254 1948 1418 1975 documenta
1434 1947 1524 1973 omnia
1542 1955 1549 1973 :
1567 1945 1695 1972 nimirum
1710 1943 1836 1979 cpistola,

215 2000 298 2027 quam
313 1993 485 2027 subjicimus,
501 1993 535 2020 ad
553 1993 717 2029 Evangelum
732 1993 819 2026 illum,
837 1994 988 2030 Pelagiana:
1001 1999 1081 2023 seetse
1097 1994 1304 2030 presbyterum;
1323 1994 1405 2020 altera
1422 1993 1485 2020 item
1501 1992 1615 2027 cpistola
1629 1991 1689 2026 ejus
1705 1990 1739 2018 ad
1753 1989 1842 2018 Oron-

216 2039 283 2067 tiutn
295 2041 465 2076 episcopum,
481 2040 721 2075 l’clagiauocrrori
735 2042 884 2074 addictum,
897 2049 983 2076 eaque
998 2043 1031 2069 de
1047 2049 1129 2069 causa
1145 2046 1172 2069 et
1187 2041 1251 2069 sede
1265 2041 1385 2076 pulsum,
1402 2048 1462 2075 quae
1473 2039 1586 2074 epistola
1601 2038 1673 2065 infra
1690 2036 1839 2064 Commen-

215 2085 286 2112 tario
304 2084 333 2113 S.
349 2082 462 2113 .luannis
474 2086 664 2121 Cbrysostonti
695 2088 722 2114 in
739 2086 894 2114 Mattbaeum
910 2087 1068 2122 pra-ﬁgitur.
1086 2088 1149 2122 quia
1164 2091 1226 2114 octo
1243 2087 1347 2122 priores
1361 2085 1484 2120 ejusdem
1510 2084 1708 2112 Commentarii
1722 2081 1842 2110 humilia

216 2131 251 2158 ab
265 2131 324 2165 ipso
339 2132 448 2159 Aniano
465 2131 560 2160 Latine
574 2140 714 2160 conversa:
731 2139 805 2166 sunt,
819 2138 848 2160 ut
863 2133 889 2160 iu
905 2133 998 2160 eadem
1015 2133 1136 2167 Epistula
1164 2132 1272 2160 dicitur.
1292 2131 1360 2159 Hinc
1379 2132 1473 2159 odiosa
1496 2130 1710 2157 Manichaeorum
1735 2128 1843 2155 Tradu-

215 2177 412 2212 ciauorumque
425 2179 545 2210 nomina,
562 2179 661 2214 quibus
679 2178 708 2206 S.
724 2179 918 2214 Augustinum,
949 2179 999 2207 etsi
1020 2187 1074 2207 non
1092 2179 1225 2211 nominet,
1244 2185 1271 2206 et
1286 2177 1440 2206 Catholicos
1457 2177 1551 2213 gratia:
1565 2176 1668 2203 Christi
1683 2174 1844 2202 defensores

215 2222 343 2256 appellat.
359 2222 480 2258 Denique
491 2231 524 2250 ex
542 2223 608 2258 ipsis
621 2224 739 2251 Anniani
753 2225 855 2255 verbis,
869 2232 931 2251 eum
955 2224 1005 2252 bas
1020 2224 1166 2252 conciones
1181 2222 1278 2251 Latine
1294 2224 1353 2250 ideo
1369 2223 1541 2250 transtulisse
1553 2222 1687 2256 arguitur,
1699 2220 1774 2255 quod
1789 2226 1842 2254 pu-

215 2272 287 2295 taret
301 2267 446 2303 Pelagiauo
464 2268 564 2295 tuendo
575 2268 663 2296 errori
681 2273 860 2304 opportunas.
876 2279 886 2295 ‹
899 2269 976 2304 Quod
995 2262 1106 2304 quidem
1137 2277 1217 2303 opus,
1233 2269 1331 2304 inquit,
1347 2276 1379 2295 eo
1393 2276 1453 2295 esse
1465 2268 1536 2302 apud
1548 2273 1573 2294 te
1591 2266 1737 2293 amabilius
1763 2265 1846 2293 debet

215 2320 242 2341 et
256 2313 372 2349 gratius,
386 2313 459 2348 quod
474 2313 507 2340 de
522 2318 678 2341 sanctarum
693 2313 898 2349 Scripturarum
913 2315 972 2342 luce
991 2316 1115 2348 rutilans,
1133 2315 1280 2342 clarissimi
1297 2315 1397 2342 sideris
1412 2315 1470 2341 vice
1487 2319 1593 2341 noctem
1606 2312 1750 2339 Manichaai
1763 2320 1843 2340 erro-

215 2362 255 2389 ris
272 2362 400 2396 exagitat.
418 2361 555 2393 Quantum
569 2369 634 2388 vero
648 2360 728 2389 nobis
743 2362 939 2390 consolationis
953 2363 1085 2396 exoritur,
1099 2370 1159 2390 cum
1172 2362 1310 2390 cernimus
1327 2366 1380 2388 tam
1390 2361 1496 2388 erudito
1509 2365 1618 2394 tamque
1633 2359 1733 2386 illustri
1747 2357 1846 2385 Orien-

215 2408 251 2435 tis
268 2408 398 2442 magistro
408 2415 478 2439 eam,
496 2415 578 2441 quam
593 2408 619 2434 in
635 2407 713 2434 nobis
727 2407 913 2436 Traduciauus
928 2413 1079 2444 oppugnat,
1090 2409 1176 2436 astrui
1192 2409 1343 2438 veritatem,
1357 2414 1438 2442 quam
1450 2411 1523 2433 certe
1531 2406 1627 2433 beatus
1635 2403 1766 2435 Joannes,
1781 2404 1851 2431 utin

216 2455 344 2483 omnibus
356 2454 507 2484 librissuis.
517 2454 553 2481 ita
568 2454 613 2481 hic
625 2462 734 2489 quoque
752 2456 786 2481 ab
799 2456 873 2482 omni
889 2456 1023 2483 munitam
1039 2456 1122 2483 latere
1133 2456 1375 2488 custodit,armat,
1389 2453 1526 2486 accendit,
1541 2458 1570 2480 ut
1582 2453 1707 2480 videatur
1719 2461 1774 2480 non
1789 2458 1847 2479 tam

215 2506 364 2536 praesentes
378 2501 541 2528 informasse
552 2501 710 2536 discipulos,
719 2509 800 2537 quant
818 2495 897 2530 n'obis
908 2507 1003 2529 contra
1014 2510 1084 2530 verte
1097 2502 1157 2530 fidei
1173 2502 1401 2537 oppugnationem
1415 2500 1515 2527 auxilia
1529 2506 1706 2534 praeparasse.
1719 2498 1848 2532 Quantus

216 2549 288 2575 enim
303 2548 348 2575 ille
365 2548 496 2574 adversus
509 2548 712 2581 necessitatem,
724 2553 843 2582 quantus
854 2557 902 2583 pro
923 2549 1008 2576 libero
1029 2550 1115 2584 surgit
1133 2549 1263 2582 arbitrio;
1280 2556 1361 2583 quam
1391 2553 1549 2575 nostrorum
1564 2546 1640 2573 libris
1656 2546 1759 2580 ubique
1774 2553 1843 2573 con-

217 2595 321 2625 uiuens.
335 2593 482 2620 voluntatis
494 2593 556 2628 jure
573 2599 681 2621 servato
703 2593 802 2620 divina:
818 2594 912 2628 gratiae
929 2594 1054 2628 pra‘sidia
1079 2594 1285 2622 commendat...
1315 2593 1407 2620 Primo
1431 2592 1540 2619 beatum
1565 2590 1681 2618 Paulum
1699 2590 1790 2618 libello
1816 2597 1846 2619 et

218 2641 344 2668 omnibus
356 2640 522 2675 prafcrendo
537 2641 650 2672 sanctis,
664 2646 688 2667 et
707 2640 809 2675 angelis
833 2640 1011 2668 conferendo.
1028 2640 1165 2674 Secundo,
1180 2649 1212 2668 ex
1227 2640 1375 2668 virtutibus
1396 2641 1456 2674 ejus
1480 2646 1562 2675 atque
1576 2638 1720 2667 sententiis
1735 2639 1846 2666 bonum

218 2686 363 2713 assert-udo
378 2691 491 2717 natum,
508 2690 559 2713 etc.
578 2695 587 2712 ι
607 2684 674 2719 Quae
684 2693 749 2713 sane
766 2685 856 2717 verba,
879 2686 931 2713 etsi
947 2685 1121 2721 Pelagianum
1140 2687 1214 2714 circa
1227 2686 1384 2714 interiorem
1397 2685 1498 2713 Christi
1516 2686 1631 2721 gratiam
1643 2691 1768 2711 errorem
1784 2692 1845 2711 non

223 2737 310 2765 inme
323 2739 376 2767 prze
391 2739 420 2759 se
435 2731 523 2759 ferant
536 2730 671 2766 (solebant
685 2731 784 2766 quippe
798 2730 935 2767 Pelagiani
961 2732 1058 2759 callide
1078 2731 1232 2767 fucatisquc
1261 2731 1351 2759 verbis
1368 2731 1444 2758 virus
1463 2731 1576 2758 haeresis
1604 2737 1662 2758 sua:
1683 2729 1837 2765 obtegere).

223 2784 237 2804 ο
247 2783 333 2805 animo
349 2777 420 2812 quod
433 2776 470 2804 illi
487 2781 579 2803 contra
598 2775 781 2809 Augustinum
794 2781 820 2803 et
833 2776 989 2803 Cathotieos
1005 2781 1134 2812 perpetuo
1148 2776 1308 2805 occinebant
1320 2784 1433 2812 :nempe
1448 2776 1509 2804 illos
1524 2776 1718 2804 necessitatem
1742 2775 1854 2805 inferre
