1976 3130
171 149 234 178 Πίθ
692 147 737 176 ΒΗ
754 146 926 176 ωυιιιιιυε
942 148 951 174 ε

1014 146 1093 175 Mdu
1112 147 1290 175 APOSTOLL
1732 147 1794 175 ιη’

173 207 316 239 voluntati,
332 211 361 234 et
377 207 490 234 liberum
506 205 648 234 arbitrium
663 205 767 238 tollere,
783 204 827 232 ltie
842 212 1002 239 expressum
1022 203 1166 238 videmus';
1191 206 1228 232 ita
1257 209 1286 232 ut
1301 205 1367 231 nihil
1384 205 1471 233 subsit
1483 205 1569 237 dubii,
1598 205 1663 239 quin
1678 205 1722 233 ltic
1737 206 1794 241 ipse

170 255 205 282 sit
218 254 342 281 Anianus
355 254 403 289 qui
418 261 468 289 pro
480 253 625 288 Pelagiana
640 252 736 280 heresi
754 252 825 280 inter
835 252 1018 287 primipilares
1033 251 1189 280 dimicabat.

208 301 396 336 lnterpretatio
406 301 465 335 ejus
479 300 586 332 Latina,
599 307 681 335 quam
696 300 814 332 edimus,
826 307 876 327 nec
889 299 1027 334 inelegans
1038 304 1090 331 est,
1109 307 1158 326 nec
1172 299 1347 326 accuratione
1357 305 1433 327 caret
1450 309 1457 326 :
1473 299 1611 334 fateorque
1626 308 1669 327 me
1681 299 1708 327 in
1726 307 1793 335 pau-

170 356 218 375 cos
230 347 328 382 priscae
340 347 414 374 illius
427 347 572 374 vetustatis
589 347 750 381 interpretes
764 345 893 373 incidisse
910 345 956 379 qui
970 345 1127 379 diligentius
1138 349 1286 372 verterent.
1298 344 1327 371 ιιι
1346 345 1483 372 nonnullis
1495 350 1584 372 tamen
1600 345 1667 373 locis
1681 353 1793 373 sensum

169 401 224 420 non
240 397 282 420 est
295 398 439 421 assecutus
454 393 595 426 Aniauus;
612 394 684 429 quod
713 395 759 421 ubi
774 395 882 426 accidit,
909 394 935 421 iu
952 394 1083 430 margine,
1107 401 1170 422 vera
1188 394 1336 421 substitula
1353 394 1587 427 interpretatione,
1601 401 1712 421 monere
1739 401 1793 421 non

169 439 285 474 neglexi.
302 438 395 475 Neque
409 440 515 475 uspiam
530 441 695 476 deprehendi
713 440 802 474 illum,
813 446 843 468 ut.
856 439 1009 476 Pelagianae
1039 440 1142 468 faveret
1154 440 1262 472 haeresi,
1280 447 1391 466 sensum
1414 439 1468 466 alio
1483 438 1642 466 detersisse.
1659 439 1725 474 Ejus
1737 440 1795 474 epi-

168 488 265 516 stolam
281 488 327 516 hic
341 488 543 523 subjungimus.

555 724 698 755 DOMINO
726 724 869 754 SANCTO
892 723 1125 758 EVANGELIO,
1147 722 1408 758 PRESBYTERO,

827 783 965 806 ΑΝιΑΝυε
985 783 1125 805 SALUTEM
1130 797 1136 804 .

203 849 312 879 Recenti
325 848 511 887 experimento
522 851 615 884 didici,
633 859 715 885 quam
733 851 787 879 sitit
801 851 878 878 utilia
901 849 1114 885 obsequentibus
1134 849 1247 884 imperia
1263 848 1409 880 bonorum,
1428 848 1474 883 qui
1491 848 1608 875 rectiore
1619 848 1738 883 Quadam
1751 848 1795 875 ina

162 895 317 932 gredientes
328 900 504 936 benignitatis
518 900 571 931 via.
588 900 719 927 beneﬁcia
731 899 860 926 delerunt
882 899 934 927 sub
946 898 1037 933 specie
1050 897 1195 932 jussiouis.
1213 897 1282 930 Quid
1296 897 1367 924 enim
1384 897 1449 924 mihi
1463 896 1625 932 jucundius,
1644 896 1709 932 quid
1733 895 1797 923 frti-

164 946 289 974 t‘tthSiuS
307 946 441 981 imperare
456 947 580 982 potuisti,
593 954 674 981 quam
691 951 720 974 ιιι
736 955 767 973 ex
781 946 852 974 beati
863 945 915 972 viri
936 945 1023 972 sancti
1037 943 1150 971 Joannis
1163 944 1290 979 operibus
1304 945 1330 971 iu
1344 948 1465 971 nostram
1479 943 1598 979 linguam
1617 942 1797 980 [4781aliqua

164 991 355 1023 transferrem,
377 993 403 1019 id
421 998 474 1025 est,
492 992 536 1020 Vll
553 993 674 1028 ejusdem
689 993 806 1025 libellos,
835 992 937 1027 quibus
963 998 1046 1026 super
1070 990 1145 1018 Pauli
1172 990 1290 1025 apostoli
1308 989 1435 1017 laudibus
1451 990 1477 1017 itt
1498 988 1619 1017 Ecclesia
1647 989 1796 1025 aliquando

162 1038 314 1066 disseruit?
333 1038 361 1066 ιιι
377 1047 431 1074 quo
446 1040 523 1071 mihi,
538 1041 589 1066 etsi
603 1040 629 1066 in
647 1046 774 1067 sermone
790 1039 933 1074 peregrino
957 1038 1103 1065 admodum
1125 1036 1198 1068 rudi,
1216 1037 1278 1071 plus
1294 1037 1385 1064 evenit
1411 1040 1501 1063 tatnen
1514 1036 1661 1070 voluptatis
1675 1039 1701 1063 et
1718 1042 1796 1063 com-

165 1084 252 1115 modi,
266 1092 349 1119 quam
368 1085 480 1113 laboris.
497 1085 625 1113 Secutum
637 1090 679 1113 est
693 1085 766 1112 enim
780 1089 810 1112 ut
826 1091 900 1116 cum,
922 1084 987 1110 dum
1004 1083 1052 1110 tibi
1072 1087 1177 1110 vertere
1192 1090 1279 1110 conor
1293 1091 1308 1108 e
1322 1081 1427 1113 Grmco.
1441 1083 1563 1117 pressius
1583 1082 1641 1116 ipse
1653 1081 1793 1109 combibe-

165 1138 235 1164 rem,
251 1131 416 1166 pleniusque
429 1136 482 1158 tam
499 1132 614 1167 insignis
625 1133 757 1161 doctrina:
770 1132 887 1159 veritate
901 1131 1067 1166 pet-fruerer,
1083 1131 1204 1158 maxime
1215 1136 1276 1157 cum
1291 1129 1475 1163 ubiqucdives
1485 1129 1622 1164 ingenium
1641 1130 1667 1156 in
1679 1129 1794 1157 materia

163 1178 345 1213 locupletiore
373 1184 508 1206 versetur.
522 1179 624 1207 Beatus
633 1180 705 1207 enim
725 1179 769 1208 hic
786 1179 885 1207 Paulus
910 1179 1084 1214 exprimitur,
1101 1184 1155 1205 non
1172 1178 1270 1204 fucatae
1286 1177 1403 1211 alicujus
1420 1177 1508 1204 laudis
1523 1177 1702 1204 adumbratus
1721 1177 1797 1204 coloo

163 1225 253 1256 ribus,
274 1226 322 1252 sed
340 1226 490 1254 inviolabili
504 1227 634 1254 virtuttttn
648 1234 760 1254 suarum
778 1228 891 1254 veritate
902 1226 1045 1257 formatus,
1063 1234 1144 1261 quem
1162 1230 1216 1253 tam
1236 1226 1339 1260 integre
1357 1225 1467 1260 ubique,
1483 1228 1539 1252 tam
1561 1225 1656 1257 solide,
1670 1232 1743 1252 nunc
1757 1231 1791 1252 ex

163 1271 353 1306 magnitudine
370 1279 495 1307 opermu,
508 1281 581 1300 nunc
594 1279 626 1301 ex
640 1273 856 1307 _illumin:ttione
870 1273 1018 1306 dictorum,
1036 1273 1119 1300 modo
1133 1279 1164 1299 ex
1184 1271 1300 1299 consilio
1312 1272 1400 1303 vario,
1419 1271 1500 1298 modo
1511 1278 1543 1298 ex
1560 1270 1794 1306 dispensationum

162 1317 315 1350 profundo,
331 1322 388 1345 tum
410 1325 443 1346 ex
461 1319 604 1346 tolerantia
617 1321 788 1355 passiontnn,
805 1324 861 1347 tum
874 1327 907 1347 ex
918 1319 1042 1346 claritate
1053 1319 1194 1353 signorum
1208 1318 1325 1345 eximius
1339 1317 1465 1344 laudator
1478 1317 1606 1349 asseruit,
1621 1322 1650 1344 ut
1662 1321 1724 1344 eum
1740 1321 1794 1344 non

160 1363 324 1397 depinxisse
338 1365 437 1396 solum,
454 1373 550 1392 verum
569 1366 647 1401 quasi
667 1366 700 1393 ad
722 1366 896 1400 prtebendum
923 1373 1019 1393 rursus
1033 1365 1207 1400 perfectionis
1218 1365 1372 1399 exemplum
1392 1364 1571 1391 rcsuscitasse
1587 1372 1641 1398 quo
1652 1363 1791 1391 lammodo

160 1409 296 1437 videatur.
314 1410 382 1438 Nam
397 1413 505 1439 cum'ab
523 1413 584 1441 aliis
600 1418 759 1440 Cteterorunt
776 1413 872 1440 merita
887 1413 1042 1444 laudantur.
1066 1413 1197 1439 usitatum
1223 1412 1351 1447 quiddam
1370 1411 1438 1438 solet
1455 1415 1535 1445 atque
1550 1411 1620 1437 exile
1649 1415 1790 1443 resonare,

160 1460 189 1482 et
205 1456 282 1483 Velut
297 1457 325 1484 in
338 1459 481 1493 superﬁcie
497 1459 719 1494 circunivagante
737 1467 874 1491 sermone,
892 1459 1006 1486 virtutes
1022 1459 1087 1493 ipsa:
1101 1458 1260 1485 nominibus
1275 1457 1361 1492 magis
1376 1457 1434 1484 suis
1450 1457 1483 1483 ad
1503 1456 1794 1484 commettmrationent

160 1502 291 1530 videntur
308 1505 410 1536 venire,
428 1512 510 1540 quam
526 1505 617 1532 rebus.
631 1504 732 1533 Beatus
747 1511 812 1532 vero
826 1504 947 1532 Joannes
962 1504 1080 1532 Paulum
1102 1504 1185 1531 altius
1199 1504 1341 1536 iutucmlo,
1360 1502 1533 1536 dilucideque
1548 1503 1575 1529 in
1591 1502 1711 1529 medium
1728 1508 1791 1537 pro-

160 1548 287 1582 ferendo,
307 1549 379 1584 ipsas
392 1550 458 1577 mihi
473 1550 579 1578 videtur
597 1551 751 1586 inspexisse
768 1559 850 1578 venas
867 1559 899 1578 ac
923 1551 1057 1578 medullas
1075 1550 1244 1585 expressisse
1259 1549 1401 1576 virtutum.
1428 1547 1494 1581 Qua:
1510 1549 1545 1574 ita
1575 1554 1671 1574 omnes
1700 1547 1727 1574 in
1743 1547 1794 1574 ista

160 1593 320 1622 lineatione
332 1595 435 1628 vivunt,
452 1600 478 1622 et
494 1596 530 1623 ita
549 1593 663 1624 tioribus
679 1597 737 1624 suis
751 1596 916 1623 decorantur
931 1601 958 1623 et
973 1595 1118 1627 fructibus,
1133 1600 1162 1622 ut
1177 1602 1225 1622 eas
1241 1601 1323 1629 prope
1339 1601 1394 1620 non
1411 1595 1504 1620 minus
1521 1593 1555 1620 ab
1576 1593 1627 1620 hoc
1640 1593 1795 1620 sublimiter

159 1642 320 1675 rxplicatas,
335 1650 416 1678 quam
429 1645 463 1671 ab
477 1644 604 1680 apostolo
616 1644 735 1672 fortasse
746 1645 887 1671 miremur.
906 1643 984 1677 Quod
1013 1643 1123 1678 quidem
1137 1651 1205 1678 opus
1222 1651 1255 1670 eo
1269 1650 1330 1670 esse
1356 1642 1427 1677 apud
1452 1646 1478 1670 te
1493 1641 1638 1669 amabilius
1667 1641 1748 1669 debet
1766 1645 1795 1669 et

160 1687 278 1722 gratius,
296 1691 369 1724 quod
385 1691 418 1717 de
434 1695 592 1718 sanctarum
604 1690 807 1726 Scripturarum
822 1691 881 1718 luce
896 1690 1023 1721 rutilans,
1043 1689 1188 1717 clarissimi
1204 1689 1304 1716 sideris
1321 1689 1389 1721 vice,
1406 1694 1513 1715 noctem
1530 1687 1671 1715 Maniehtei
1689 1689 1795 1717 erroris

163 1735 292 1770 exagitat.
306 1735 444 1768 Quantum
457 1744 522 1764 vero
539 1738 617 1765 nobis
631 1738 829 1766 consolationis
840 1737 972 1768 exmitur,
991 1743 1053 1764 cuin
1068 1736 1218 1769 cernimus,
1236 1740 1290 1763 tam
1309 1736 1417 1763 erudito
1435 1740 1546 1771 tamque
1559 1736 1658 1763 illustri
1674 1731 1794 1764 Orientis

163 1782 308 1816 magistro,
327 1790 398 1815 eam,
417 1791 499 1818 quam
511 1783 538 1810 in
551 1784 631 1811 nobis
650 1783 839 1812 Traducianus
859 1787 1008 1819 oppugnat,
1035 1783 1122 1811 θειτυὶ
1144 1783 1300 1814 veritatem,
1315 1790 1396 1817 quam
1412 1789 1485 1809 certe
1502 1782 1598 1810 beatus
1614 1782 1744 1817 JOannes,
1763 1789 1795 1812 ut

163 1828 191 1854 iu
209 1828 340 1856 omnibus
359 1828 436 1856 libris
451 1829 518 1861 suis,
542 1829 578 1857 ita
595 1829 639 1857 hic
655 1838 763 1866 quoque
774 1831 808 1858 ab
824 1831 899 1857 omni
918 1830 1052 1857 munitam
1081 1830 1166 1856 latere
1179 1828 1307 1860 custodit,
1333 1833 1431 1861 armat,
1457 1829 1593 1864 accendit,
1611 1835 1640 1857 ut
1668 1831 1793 1858 videatur

159 1882 215 1901 non
236 1878 291 1900 tam
308 1879 457 1909 praesentes
473 1875 638 1904 informasse
654 1877 815 1911 discipulos,
835 1884 917 1911 quant
935 1876 1015 1903 ttobis
1031 1879 1126 1903 contra
1149 1882 1220 1902 vera:
1235 1875 1297 1901 lidei
1314 1875 1545 1909 oppugnationem
1563 1876 1664 1903 auxilia
1687 1878 1794 1912 praepa-

158 1927 247 1948 rasse.
266 1919 392 1954 Quantus
407 1921 479 1948 enim
495 1922 539 1949 ille
551 1922 683 1950 adversus
700 1923 900 1953 necessitatem.
914 1927 1034 1957 quantus
1051 1930 1099 1957 pro
1111 1921 1197 1949 libero
1213 1922 1301 1956 surgit
1313 1921 1439 1956 arbitrio,
1453 1930 1534 1957 quain
1545 1928 1701 1950 nostrorum
1715 1923 1795 1951 libris

160 1967 264 2002 ultique
277 1968 438 2001 concinens,
455 1968 604 1997 voluntatis
617 1969 680 2005 jure
692 1974 800 1997 servato
810 1970 910 1997 divina:
921 1969 1015 2004 gratiae
1028 1969 1155 2004 praesidia
1169 1970 1353 2001 commendat,
1369 1977 1450 2004 quam
1469 1974 1564 1997 contra
1578 1970 1698 1996 ontnium
1711 1969 1792 1997 vitio-

159 2022 222 2040 rum
241 2015 379 2047 tenebras,
395 2023 476 2051 quant
489 2025 539 2052 pro
552 2023 714 2045 cunctarum
733 2019 846 2054 speculo
872 2018 1004 2045 virtutum
1033 2017 1286 2053 splendidissimum
1312 2026 1361 2045 vas
1376 2018 1518 2045 electionis
1541 2017 1669 2053 opponit!
1700 2017 1793 2045 l‘rimo

158 2059 269 2087 beatum
282 2060 397 2089 Paulum
413 2062 506 2091 libello
525 2068 551 2091 et
568 2065 696 2092 omnibus
711 2066 880 2100 praeferendo
893 2065 1007 2098 sanctis,
1023 2069 1051 2092 et
1065 2065 1169 2100 angelis
1181 2065 1358 2092 conferendo.
1375 2064 1511 2096 Secundo,
1526 2073 1560 2092 ex
1576 2065 1721 2092 virtutibus
1732 2066 1796 2100 ejus

157 2111 241 2139 atque
260 2107 404 2135 sententiis
419 2108 520 2136 bonum
535 2110 683 2138 asserendo
694 2115 808 2138 naturae.
818 2106 933 2144 'Tertio,
956 2111 1117 2138 charitatem
1131 2111 1192 2146 ejus
1207 2118 1256 2146 pro
1270 2116 1431 2138 cunctorum
1461 2111 1549 2138 salute
1561 2110 1796 2139 ferventissimam.

157 2153 378 2187 comprobanda.
397 2154 501 2188 Quarto
516 2157 549 2184 de
563 2158 705 2185 vocatione
719 2159 779 2192 ejus
790 2163 817 2185 et.
843 2159 1003 2197 confirmata
1020 2158 1121 2194 ubique
1134 2159 1169 2186 ab
1186 2159 1245 2193 ipso
1258 2157 1395 2194 Evangelii
1410 2158 1524 2186 veritate
1538 2158 1662 2186 dicendo.
1678 2157 1795 2192 Quinto,

156 2199 190 2225 de
204 2199 382 2233 passionibus
396 2201 455 2236 ejus
467 2207 494 2229 et
508 2202 742 2238 dispensationum
758 2204 936 2232 varietatibus
958 2204 1128 2232 disserendo.
1154 2202 1247 2238 Sexto,
1263 2205 1397 2232 solvendo
1411 2213 1507 2233 omnes
1535 2205 1595 2233 illas
1612 2205 1790 2240 qutestiones,

155 2246 260 2280 quibus
275 2247 466 2278 Traducianus
477 2251 607 2284 innitens,
622 2252 730 2280 beatum
744 2252 858 2280 Paulum
873 2253 1003 2280 vitiorutn
1016 2252 1209 2281 obfuscatione
1221 2253 1416 2287 comtnaculat,
1431 2258 1460 2280 ut
1474 2253 1579 2282 scilicet
1595 2252 1719 2282 ﬁdelibus
1733 2254 1796 2281 suis

155 2293 311 2326 apostolico
323 2296 450 2330 exemplo
475 2302 585 2331 peccata
600 2298 736 2326 conciliet.
757 2298 889 2334 Septimo,
910 2300 1000 2334 ignem
1017 2299 1069 2327 zeli
1084 2300 1144 2335 ejus
1160 2300 1187 2326 in
1202 2299 1315 2327 Christo
1329 2304 1356 2327 et
1367 2304 1430 2327 ante
1446 2300 1575 2327 honorem
1590 2307 1701 2335 quoque
1723 2307 1791 2335 apo-

156 2348 171 2367 s
185 2341 278 2367 olatus
294 2340 431 2368 fervorem
446 2341 561 2370 docendi
578 2350 661 2378 supra
685 2350 799 2373 caeteros
816 2345 965 2377 eﬂ‘erendo,
982 2350 1012 2373 ut
1027 2347 1095 2374 satis
1127 2346 1231 2381 liquido
1258 2346 1361 2374 clareat
1386 2347 1549 2374 exstinctam
1578 2348 1639 2374 eSse
1656 2347 1791 2382 peccandi

159 2387 365 2419 necessitatem,
379 2396 461 2423 quam
478 2391 611 2418 adversus
626 2390 791 2418 Manichazos
811 2397 839 2419 et
867 2392 993 2420 doctrina
1014 2393 1132 2427 apostoli
1146 2393 1320 2428 depradiatur
1345 2398 1370 2420 et
1384 2393 1447 2420 vita.
1475 2392 1575 2420 Verum
1608 2400 1659 2420 nos
1682 2393 1709 2420 in
1734 2399 1790 2421 tam

154 2434 258 2469 egregii
272 2435 498 2471 interpretatione
511 2438 615 2472 operis,
625 2439 676 2466 etsi
691 2439 760 2466 nihil
778 2444 807 2466 ut
826 2445 893 2475 puto
909 2440 943 2468 de
958 2447 1089 2468 sensuum
1107 2442 1230 2473 veritate,
1246 2449 1299 2468 non
1316 2446 1404 2468 tanton
1422 2449 1517 2476 parum
1535 2442 1568 2468 de
1584 2441 1686 2476 eloquii
1703 2449 1790 2469 venu-

155 2486 228 2507 state
240 2481 421 2515 perdidimus,
440 2484 611 2518 splendorem
633 2489 687 2512 tam
706 2486 806 2514 nobilis
819 2487 882 2522 styli
908 2492 935 2514 et
951 2487 1139 2514 elocutionum
1152 2488 1266 2521 gratiam
1285 2488 1438 2522 exprimere
1456 2496 1510 2514 uoti
1531 2488 1652 2516 valetttes
1669 2497 1675 2514 :
1692 2489 1738 2516 sed
1755 2495 1789 2515 ne

155 2535 197 2553 sic
210 2527 321 2561 quidem
338 2532 364 2555 te
379 2528 451 2556 istud
468 2529 618 2564 imperasse
631 2532 772 2566 pmniteat.
791 2531 884 2567 Neque
898 2534 971 2560 enim
988 2533 1136 2561 verendum
1153 2534 1199 2560 tibi
1224 2538 1266 2560 est
1287 2542 1321 2560 ne
1345 2533 1414 2560 forte
1438 2534 1585 2568 asperitate
1601 2534 1790 2561 translatioais

159 2572 293 2605 ull‘cnsus,
319 2574 445 2604 lectionis
463 2576 545 2612 hujus
561 2585 655 2605 careas
682 2578 832 2613 voluptate,
860 2586 921 2606 cum
939 2579 1071 2615 quidquid
1095 2580 1175 2607 nobis
1199 2588 1231 2607 ex
1249 2579 1322 2607 cultu
1343 2579 1430 2606 defuit
1445 2585 1599 2614 ornatuque
1628 2579 1788 2612 verborum.

159 2621 185 2647 il
217 2625 305 2649 totunt
338 2623 424 2656 illius,
441 2632 522 2659 quem
540 2625 741 2658 transtulimus.
774 2627 918 2662 magnilica
938 2627 1051 2655 inventa
1073 2633 1262 2663 compensent.
1291 2627 1339 2655 Est
1354 2628 1427 2655 enim
1448 2632 1561 2655 sanctus
1585 2627 1704 2655 Joannes
1731 2633 1789 2655 tam

154 2670 246 2696 clarus
260 2673 336 2697 totus
353 2678 385 2698 ae
399 2670 531 2707 fulgidus,
548 2677 578 2699 ιιι
593 2671 672 2701 facile
689 2672 776 2708 possit
792 2674 989 2701 sententiarum
1003 2682 1118 2702 suarum
1137 2675 1239 2702 lumine
1253 2674 1335 2702 etiam
1353 2675 1424 2702 inter
1441 2674 1527 2703 nostri
1544 2674 1681 2703 sermonis
1692 2674 1793 2702 nubila

154 2724 315 2745 COTUSCITC.

891 2789 1048 2798 .—-—_—_
