1976 3130
129 161 179 190 473
542 167 586 195 DE
604 168 778 198 LAUDIBUS
797 169 828 199 S.
847 170 952 200 PAULI
971 156 1154 201 APOSTOl.l.
1177 173 1294 203 llOMlL.
1314 175 1335 202 l.

1696 175 1752 203 ιη

138 287 1750 316 m—m

571 421 642 457 DE
667 421 924 458 LAUDIBUS
951 422 1140 459 SANCTI
1166 424 1325 460 PAULI

869 505 1032 528 APOSTOLI.

430 642 538 662 ποκιιιλ
550 643 558 662 l
571 636 621 671 (α).

156 676 227 704 Nihil
239 685 354 713 prorsus
373 681 512 714 erraverit,
529 681 573 716 qui
589 686 693 716 pratum
709 682 844 717 quoddam
859 683 923 710 insi-

124 732 173 759 gne
185 724 327 757 virtutum,
339 730 367 753 et
380 726 530 761 paradisum
542 727 706 762 spiritualcm
719 729 791 756 Pauli
803 729 922 756 animum

126 772 320 806 nuncupaverit
343 782 348 798 :
367 778 419 800 tam
442 773 523 800 multa
538 774 609 801 cuitu
623 776 707 810 gratia
735 776 835 810 ﬁoruit,
858 781 922 802 tam-

125 824 175 851 que
188 816 250 844 huic
264 818 360 852 gratia:
373 824 537 853 congruente
549 820 609 846 vice
623 820 792 855 perfectione
803 822 923 856 resplen-

126 862 196 889 duit:
223 864 352 898 quoniam
372 864 443 891 enim
470 872 516 891 vas
541 865 681 893 electionis
696 867 807 894 effectus
821 871 870 899 est,
896 872 923 894 et

127 908 191 936 bene
199 909 376 943 semetipsum
387 909 531 938 emendare
539 910 652 943 curavit,
663 911 810 946 largissime
822 912 847 938 in
860 920 920 939 eum

126 954 209 981 sancti
222 955 340 989 Spiritus
353 963 449 983 mttnus
463 956 576 984 effusum
589 961 639 984 est.
659 957 733 985 Unde
747 963 774 985 et
788 958 922 986 mirabiles

127 1001 202 1029 nobis
224 1001 321 1030 fluvios
341 1003 442 1038 genuit,
456 1010 508 1030 non
534 1003 679 1031 secundum
696 1004 810 1039 paradisi
835 1004 922 1032 fontes

126 1052 238 1081 quatuor
254 1053 356 1075 tantum
369 1069 375 1080 ,
388 1048 435 1076 sed
453 1049 537 1076 multo
565 1050 644 1077 etiam
661 1050 750 1084 plures
766 1055 792 1077 et
803 1050 922 1084 quotidie

128 1092 259 1120 ﬂuentes:
275 1101 327 1120 non
351 1098 449 1121 terram
461 1095 587 1129 rigantes,
603 1093 651 1121 sed
666 1095 770 1122 animas
784 1094 921 1122 hominum

127 1140 161 1167 ad
183 1140 358 1175 producenda
380 1141 506 1168 virtutum
529 1141 647 1177 germina
670 1143 839 1169 suscitantes.
857 1142 922 1175 Quis

126 1194 190 1221 ergo
201 1187 285 1221 ipsius
300 1187 402 1214 meritis
416 1187 530 1214 sufﬁciet
538 1188 647 1214 sermo?
659 1196 718 1222 qua:
733 1193 820 1215 autem
832 1188 921 1222 lingua

126 1232 250 1259 laudibus
267 1232 326 1267 ejus
347 1233 496 1259 invenietur
510 1232 630 1268 :equalis,
654 1241 714 1260 cum
741 1233 830 1260 omnia
855 1242 916 1268 qua:

126 1283 188 1306 sunt
203 1279 229 1306 in
246 1279 398 1307 hominibus
412 1279 481 1306 bona
494 1300 501 1312 ,
519 1287 569 1306 una
585 1280 672 1307 anima
689 1280 833 1314 possideat,
849 1285 875 1307 et
889 1289 920 1308 ea

125 1330 221 1353 cuncta
251 1325 330 1361 plene
354 1331 434 1361 atque
451 1326 584 1353 cumulate
599 1347 607 1360 ,
623 1334 682 1361 qua:
697 1335 749 1354 non
766 1326 851 1354 solum
869 1327 919 1354 ho-

125 1372 227 1398 minum
243 1376 315 1404 sunt,
337 1372 385 1400 sed
404 1372 495 1405 etiam.
521 1372 593 1407 quod
615 1377 657 1400 est
668 1373 795 1407 amplius,
816 1373 921 1407 angelo-

124 1417 202 1444 rum?
213 1417 384 1452 Nequaquam
397 1425 461 1453 ergo
476 1425 618 1453 possumus
631 1417 689 1453 ejus
703 1418 839 1452 explicare
852 1426 921 1453 pra:-

124 1463 203 1490 couia
224 1472 229 1489 :
245 1470 296 1491 nec
314 1467 404 1491 tamen
426 1463 525 1491 idcirco
544 1464 726 1497 reticebimus,
745 1463 806 1499 quin
834 1464 921 1498 potius

125 1513 270 1543 propterea
287 1508 417 1536 dicemus.
443 1509 491 1536 Est
505 1509 577 1536 enim
592 1509 643 1536 hoc
666 1509 811 1537 maximum
835 1509 921 1537 laudis

123 1563 219 1590 genus,
228 1562 288 1582 cum
296 1555 424 1582 orationis
431 1556 533 1590 copiam
543 1557 625 1583 virtus
634 1560 785 1591 exsuperat,
792 1560 818 1583 et
825 1556 923 1592 magni-

125 1601 190 1629 tudo
201 1602 300 1629 laudati
313 1610 320 1628 :
337 1602 428 1637 sicque
442 1602 512 1629 vinci
527 1602 604 1630 nobis
614 1606 656 1630 est
670 1603 754 1629 multo
766 1602 918 1637 gloriosius,

124 1655 206 1683 quam
219 1655 292 1682 smpe
307 1648 413 1675 vicisse.
431 1647 507 1675 Unde
523 1647 604 1682 igitur
613 1648 790 1683 opportunius
813 1648 920 1675 laudum

124 1694 183 1729 ejus
204 1702 344 1721 sumemus
357 1694 518 1722 exordium?
530 1694 614 1728 Unde,
630 1695 746 1730 inquam,
763 1695 921 1730 incipiemus

123 1740 245 1773 aliunde,
258 1740 309 1767 nisi
323 1740 358 1767 ab
368 1740 418 1767 hoc
430 1741 488 1775 ipso
496 1741 625 1775 primum,
641 1745 669 1768 ut
681 1741 853 1768 ostendamus
859 1749 920 1768 cuin

124 1787 195 1814 bona
206 1787 327 1814 omnium
342 1787 521 1820 possidentem
535 1787 547 1812 ?
560 1787 623 1814 Sive
638 1787 709 1815 enim
722 1788 859 1822 propheta:
869 1795 920 1822 po-

126 1832 226 1860 tentius
240 1833 267 1859 in
282 1840 311 1860 se
323 1832 423 1867 aliquid
439 1833 624 1865 ostenderunt,
640 1833 775 1868 magisque
786 1833 920 1866 mirabile,

124 1880 182 1907 sive
191 1879 360 1914 patriarchw,
376 1880 433 1907 sive
443 1880 519 1914 justi,
536 1881 592 1907 sive
605 1880 729 1914 apostoli,
748 1880 804 1907 sive
817 1885 921 1915 marty-

124 1935 180 1961 res,
193 1927 252 1954 hrec
264 1927 354 1954 omnia
368 1927 447 1954 sintut
463 1927 590 1962 colligens
603 1927 701 1954 Paulus
714 1935 775 1954 cum
790 1931 864 1955 tanto
874 1927 920 1961 ba-

124 1974 170 2001 bet
183 1974 304 2005 cumulo,
320 1982 380 2001 cum
403 1979 504 2009 quanto
524 1974 613 2002 nullus
625 1982 717 2002 eorum
743 1974 853 2007 bonum,
868 1982 921 2009 quo

122 2019 273 2047 excellebat
285 2040 292 2052 ,
317 2019 445 2054 implevit.
463 2019 518 2047 Hoc
531 2020 620 2055 itaque
640 2020 792 2055 diligentius
805 2021 918 2048 intuere.

123 2065 193 2093 Abel
216 2065 312 2092 obtulit
334 2065 513 2097 sacriﬁcium,
529 2070 556 2093 et
582 2065 644 2092 inde
659 2065 781 2092 laudatur
802 2065 876 2101 (Gen.
891 2066 918 2093 4.

123 2112 171 2146 4);
200 2111 249 2138 sed
275 2111 297 2138 si
319 2111 392 2138 Pauli
415 2111 526 2138 hostiam
552 2111 715 2138 adducamus
737 2111 763 2138 in
791 2111 918 2143 medium,

123 2161 255 2191 quantum
268 2156 361 2183 cadum
378 2161 456 2189 terra,
471 2156 592 2191 superior
601 2157 747 2191 apparebit.
763 2156 920 2192 Quamergo

123 2203 206 2230 vultis
228 2207 257 2230 ut
270 2203 436 2230 memorem?
459 2211 510 2230 non
534 2203 607 2230 enitn
623 2211 673 2230 una
689 2208 789 2230 tantum
803 2207 844 2230 est
860 2212 866 2230 ε
881 2203 920 2230 si-

122 2249 234 2284 quidem
258 2249 431 2284 semetipsum
452 2257 500 2284 per
520 2249 578 2277 dies
604 2250 723 2284 singulos
746 2250 919 2278 immolabat:

123 2303 205 2331 quam
221 2301 311 2324 tamen
325 2304 418 2323 rursus
430 2296 541 2323 hostiam
557 2296 698 2331 dupliciter
708 2297 846 2330 offerebat,
858 2305 919 2324 eum

123 2343 244 2378 quotidie
266 2344 384 2371 moriens
404 2342 440 2378 (l.
457 2343 516 2370 Cor.
539 2344 582 2371 l5.
599 2343 656 2379 ⁸51).
674 2348 729 2371 tum
756 2344 782 2371 in
807 2352 920 2379 corpore

123 2396 173 2416 suo
193 2389 424 2417 mortificationem
447 2390 505 2417 sine
518 2390 715 2418 intermissione
728 2391 919 2418 circumferens

122 2435 152 2467 (9.
163 2434 224 2462 Cor.
238 2436 265 2462 4.
282 2436 339 2470 l0).
360 2436 426 2463 Nam
445 2440 472 2463 et
482 2436 515 2463 ad
530 2436 647 2471 pericula
663 2436 763 2471 iugiter
776 2437 918 2472 parabatur

122 2488 316 2509 consummans
330 2482 465 2509 voluntate
477 2482 633 2517 martyrium
644 2503 651 2514 .
667 2486 695 2509 et
712 2486 832 2510 naturam
847 2482 874 2510 in
889 2489 918 2509 se

123 2527 313 2554 mortiﬁcando
325 2527 423 2560 carnis,
439 2527 502 2555 nihil
519 2528 607 2555 minus
615 2536 694 2563 quam
708 2528 852 2556 immolatae
862 2528 918 2556 Deo

124 2572 220 2600 hostia:
243 2581 341 2600 munus
365 2573 502 2607 implebat,
518 2574 571 2601 imo
587 2574 667 2601 etiam
689 2574 773 2601 multo
792 2574 916 2609 amplius.

121 2617 183 2645 Non
198 2619 271 2646 enim
287 2626 351 2646 Oves
365 2619 503 2651 offerebat,
514 2624 561 2646 aut
574 2619 655 2647 boves
664 2641 672 2653 ,
684 2620 731 2648 sed
745 2621 918 2655 semetipsum

123 2672 173 2700 per
184 2665 241 2692 dies
254 2665 374 2700 singulos
386 2665 538 2700 dupliciter,
556 2671 585 2693 ut
602 2666 727 2700 diximus,
741 2667 896 2695 immolabat
910 2676 917 2695 :

122 2715 234 2746 propter
247 2711 318 2744 quod
340 2711 477 2739 conﬁdens
489 2712 556 2739 dixit
585 2721 591 2739 :
607 2711 663 2748 Ego
674 2713 741 2740 enim
747 2714 806 2748 jam
827 2707 919 2741 immo;

125 2756 166 2782 lor
185 2755 222 2792 (2.
237 2755 305 2783 Tim.
323 2756 349 2784 l.
362 2756 402 2792 6),
425 2758 582 2793 sanguinem
598 2758 688 2794 utique
703 2766 780 2787 suum
795 2759 918 2788 immola-

124 2801 224 2829 tionem
238 2809 348 2829 vocans.

921 567 977 595 EE

1013 640 1078 672 Qua:
1102 640 1226 674 sacri/ida
1247 640 1345 668 Paulus
1368 642 1480 675 offerret.
1495 658 1532 664 —
1549 643 1639 679 Neque
1654 652 1716 672 vero
1729 644 1771 673 his

975 685 1159 713 tantummodo
1171 687 1308 714 sacriﬁciis
1321 692 1464 716 contentus
1475 689 1523 717 fuit
1537 698 1544 716 :
1558 690 1605 718 sed
1620 691 1680 725 quia
1703 691 1771 720 bene

975 738 1004 758 se
1020 731 1104 765 ipsum
1116 738 1320 760 eonseeraverat
1333 734 1386 761 Deo
1398 755 1404 766 ,
1420 735 1499 762 etiam
1510 736 1604 763 orbem
1618 737 1769 765 universum

975 777 1075 804 studuit
1084 777 1180 805 offerre
1190 788 1196 805 :
1207 779 1250 814 qui
1263 784 1359 807 terram
1371 780 1493 808 videlicet
1502 789 1534 808 ac
1542 789 1626 814 mare,
1639 782 1769 810 Grmciam

975 823 1054 850 simul
1066 831 1097 851 ae
1111 823 1263 851 Barbariam
1273 846 1280 858 ,
1297 833 1457 860 omnemque
1471 834 1579 861 prorsus
1590 849 1597 860 ,
1616 832 1714 863 quanta
1727 833 1769 856 est

974 869 1023 896 sub
1033 870 1111 901 c:c|o,
1130 871 1281 905 regionem,
1298 872 1372 906 quasi
1386 873 1499 900 volitans
1511 894 1518 906 ,
1534 872 1699 907 circumivit,
1715 882 1768 901 non

974 916 1087 950 simplici
1098 916 1204 949 labore,
1221 917 1302 944 veluti
1317 918 1343 944 in
1357 925 1468 944 vacuum
1481 918 1573 946 itinera
1590 927 1767 954 percurrens;

975 961 1023 988 sed
1053 967 1221 996 peccaturum
1245 962 1335 997 spinas
1349 963 1447 997 pariter
1459 963 1594 997 evellens,
1610 968 1638 992 et
1658 964 1768 992 verbum

975 1007 1108 1035 seminans
1124 1008 1220 1042 ubique
1233 1008 1354 1043 pietatis,
1380 1008 1474 1043 fugatis
1488 1015 1593 1036 errores
1606 1030 1614 1042 ,
1629 1010 1767 1037 veritatem

976 1053 1123 1084 reducens.
1148 1061 1180 1080 ex
1205 1053 1357 1081 hominibus
1377 1055 1486 1088 angelos
1502 1054 1601 1082 faciens
1615 1063 1622 1081 ε
1638 1055 1699 1090 quin
1713 1055 1767 1082 imu

975 1100 1047 1134 ipsos
1060 1099 1182 1128 homines
1196 1101 1271 1135 quasi
1285 1108 1318 1127 ex
1329 1100 1494 1128 datmonibus
1509 1101 1535 1128 in
1547 1101 1657 1136 angelos
1673 1108 1768 1136 prore-

975 1145 1051 1173 hens.
1074 1145 1186 1180 Propter
1207 1146 1277 1180 quod
1290 1146 1344 1179 jam
1361 1146 1423 1174 hinc
1439 1152 1498 1181 post
1514 1146 1626 1174 sudores
1639 1146 1766 1180 plurimos

975 1199 1005 1218 ac
1021 1196 1119 1226 tropma
1134 1191 1334 1218 innumerabilia
1356 1192 1528 1223 transiturus,
1552 1199 1600 1227 pro
1621 1191 1766 1226 discipulo-

974 1245 1031 1264 rum
1043 1237 1225 1264 consolatione
1236 1236 1339 1263 dicebat
1354 1245 1360 1264 :
1374 1236 1427 1264 Sed
1441 1243 1463 1264 et
1476 1237 1498 1263 si
1511 1236 1626 1264 immolor
1639 1245 1714 1272 super
1722 1245 1767 1263 δαί

974 1283 1097 1317 tri/icium
1108 1287 1131 1310 et
1142 1283 1285 1316 obsequium
1296 1282 1356 1316 ﬁdei
1367 1288 1463 1314 vestrm,
1479 1282 1586 1317 gaudeo,
1598 1286 1621 1309 et
1634 1287 1768 1317 congratu-

974 1329 1013 1356 lur
1025 1329 1139 1355 omnibus
1149 1328 1217 1355 vobis
1228 1336 1238 1355 :
1253 1333 1355 1362 prapter
1364 1328 1431 1363 quod
1443 1333 1466 1355 et
1480 1336 1522 1354 vos
1535 1329 1641 1363 gaudete
1651 1348 1658 1359 ,
1668 1333 1691 1354 et
1703 1335 1765 1354 cou-

973 1375 1138 1410 gratulamini
1151 1376 1212 1402 mihi
1226 1375 1355 1411 (Philipp.
1367 1375 1394 1402 2.
1412 1375 1456 1401 17.
1473 1374 1527 1408 18).
1543 1374 1674 1407 Quidnam
1690 1373 1768 1408 igitur

975 1420 1037 1448 huic
1062 1420 1096 1447 ho
1113 1421 1155 1448 tia:
1177 1421 1325 1455 reperietur
1336 1420 1452 1455 :nquale,
1466 1427 1544 1455 quant
1558 1419 1656 1446 Paulus
1675 1419 1768 1446 stricto

973 1468 1058 1494 sancti
1072 1467 1186 1502 Spiritus
1196 1467 1285 1503 gladio
1296 1467 1461 1499 immolavit,
1477 1474 1609 1501 quamque
1626 1466 1653 1493 in
1667 1465 1713 1493 illo
1727 1466 1768 1492 al-

974 1513 1024 1540 tari
1037 1513 1144 1546 obtulit,
1160 1514 1230 1549 quod
1244 1521 1323 1548 supra
1338 1514 1419 1541 cados
1434 1514 1546 1541 locatum
1563 1513 1622 1541 cst?
1634 1513 1685 1541 Sed
1700 1513 1767 1540 Abel

974 1559 1035 1587 dolo
1060 1560 1179 1594 germani
1205 1567 1347 1595 percussus
1374 1560 1496 1588 occubuit
1515 1560 1591 1595 (Gen.
1607 1560 1624 1587 4
1640 1559 1649 1594 )
1667 1568 1673 1585 ε
1688 1564 1767 1595 atque

975 1605 1037 1633 hinc
1047 1605 1156 1633 ell'ectus
1171 1610 1212 1633 est
1222 1605 1327 1632 clarior.
1339 1605 1373 1632 At
1388 1613 1437 1639 ego
1452 1606 1604 1633 innumeras
1618 1605 1663 1632 tibi
1677 1609 1767 1632 osten-

974 1651 1034 1678 dam
1050 1656 1158 1682 mortes,
1174 1656 1211 1678 tot
1222 1652 1321 1686 utique,
1336 1655 1400 1686 quot
1412 1651 1492 1678 etiam
1505 1650 1562 1678 dies
1573 1650 1664 1677 beatus
1679 1649 1729 1676 iste
1740 1649 1766 1676 in

975 1696 1163 1731 pricdieationc
1176 1697 1250 1723 vixit.
1259 1696 1286 1723 Si
1297 1704 1361 1723 vero
1373 1704 1431 1723 eam
1444 1703 1550 1731 quoque
1559 1695 1598 1722 vis
1608 1702 1687 1722 nosse
1695 1702 1768 1721 mor-

973 1748 1026 1770 tem
1039 1764 1046 1775 ,
1062 1751 1122 1778 qua:
1143 1743 1287 1770 novissime
1308 1743 1387 1770 etiam
1410 1742 1490 1770 rebus
1505 1742 1612 1776 impleta
1626 1745 1684 1768 est:
1699 1740 1766 1768 Abel

974 1789 1081 1824 quidem
1095 1796 1109 1815 a
1124 1789 1204 1815 fratre
1215 1809 1221 1820 ,
1238 1794 1266 1816 ut
1282 1788 1346 1816 nihil
1359 1797 1373 1815 a
1388 1796 1417 1815 se
1433 1788 1510 1819 lmso,
1527 1788 1562 1815 ita
1578 1787 1657 1814 nullis
1671 1787 1766 1814 affecto

974 1836 1111 1863 beueliciis
1123 1835 1296 1869 interemptus
1305 1840 1362 1867 est;
1376 1834 1473 1862 Paulus
1486 1841 1549 1861 vero
1563 1833 1597 1860 ab
1611 1833 1642 1859 iis
1658 1832 1767 1860 interfe-

973 1884 1031 1908 ctus
1056 1886 1113 1913 est,
1135 1888 1203 1915 quos
1220 1880 1367 1907 innumeris
1382 1879 1459 1906 tnalis
1471 1878 1723 1913 cupiebateripere,
1739 1882 1767 1905 et

973 1931 1083 1962 propter
1093 1933 1160 1961 quos
1183 1926 1308 1953 sustinuit
1319 1925 1449 1952 'universa
1467 1932 1526 1959 qua:
1541 1931 1634 1958 passus
1647 1927 1697 1950 est.
1712 1923 1765 1950 Sed

973 1973 1030 2001 Noe
1038 1972 1124 2008 justus
1133 1972 1159 1999 in
1170 1971 1342 2007 generatione
1352 1978 1410 2004 sua,
1427 1975 1506 2005 atque
1518 1968 1650 2005 perfectus
1660 1989 1667 2001 ,
1680 1973 1706 1996 et
1719 1977 1766 1995 so-

973 2019 1015 2046 lus
1029 2023 1086 2046 erat
1101 2017 1160 2045 talis
1172 2018 1198 2045 in
1213 2017 1314 2045 cunctis
1325 2015 1399 2052 (Gen.
1414 2016 1440 2043 6.
1452 2015 1469 2042 9
1486 2016 1506 2048 )1
1518 2015 1601 2043 sedet
1613 2014 1710 2041 Paulus
1723 2020 1766 2040 so-

974 2065 1016 2092 lus
1031 2065 1100 2092 inter
1114 2072 1208 2091 omnes
1223 2064 1293 2091 talis.
1309 2063 1344 2090 Et
1357 2063 1401 2090 ille
1415 2062 1522 2097 quidem
1537 2069 1567 2088 se
1582 2060 1765 2088 tantumnmdo

973 2111 1068 2146 legitur
1077 2118 1200 2138 servasse
1212 2118 1271 2137 cum
1283 2110 1388 2141 liberis;
1402 2109 1445 2136 hic
1458 2113 1546 2135 autem
1559 2108 1642 2134 multo
1655 2107 1766 2134 san-iure

973 2158 1100 2185 mundum
1122 2157 1268 2184 inundante
1294 2156 1393 2184 diluvio
1406 2176 1413 2189 ,
1439 2163 1493 2182 non
1514 2162 1603 2182 arcam
1617 2153 1766 2188 coaptando

973 2204 1174 2240 compagiuibus
1188 2203 1336 2230 tabularum
1349 2223 1357 2234 ,
1373 2201 1420 2230 sed
1440 2201 1566 2237 epistolas
1580 2200 1766 2235 componendo

972 2259 1022 2286 pro
1037 2251 1150 2284 tabulis,
1163 2258 1215 2277 non
1228 2249 1296 2277 duos
1306 2249 1347 2277 vel
1362 2254 1416 2276 tres
1431 2253 1475 2276 aut
1490 2248 1606 2282 quinque
1620 2250 1747 2282 cognatos
1757 2266 1764 2278 ,

972 2297 1019 2325 sed
1029 2297 1182 2324 universum
1196 2304 1304 2331 prorsus
1318 2295 1410 2323 orbem
1426 2294 1508 2329 mergi
1525 2293 1717 2329 periclitantem
1734 2301 1766 2320 cx

973 2344 1067 2372 mediis
1079 2343 1203 2370 fluctibus
1211 2342 1342 2370 liberavit.
1356 2341 1410 2369 Nec
1418 2349 1481 2368 vero
1489 2345 1547 2368 erat
1557 2340 1615 2367 lucc
1626 2340 1684 2366 talis
1694 2347 1766 2372 arca,

973 2394 1002 2417 ut
1012 2396 1065 2416 uno
1075 2389 1293 2416 circumferretur
1302 2387 1369 2419 loco,
1382 2394 1441 2422 qua:
1450 2386 1540 2421 utique
1553 2385 1625 2413 orbis
1635 2389 1767 2412 terrarum

973 2436 1101 2463 terminos
1114 2434 1324 2470 comprehendit.
1339 2433 1405 2461 Nam
1424 2440 1508 2468 usque
1529 2439 1601 2460 nunc
1621 2439 1715 2459 omnes
1742 2432 1767 2458 in

973 2482 1043 2509 hanc
1055 2489 1144 2509 arcam
1155 2481 1253 2509 Paulus
1264 2481 1381 2513 inducit,
1396 2487 1475 2514 quam
1488 2484 1561 2507 certe
1574 2486 1700 2514 capacem
1716 2479 1766 2505 sal~

972 2527 1067 2555 vanda:
1081 2527 1258 2554 multitudinis
1276 2526 1444 2561 praeparavit,
1460 2532 1519 2560 qua).
1533 2525 1682 2560 suscipiens
1700 2524 1768 2551 irra-

973 2573 1146 2601 tionabilibus
1160 2580 1227 2608 pene
1239 2572 1397 2600 animalibus
1406 2571 1552 2604 stultiores,
1567 2571 1715 2598 imitatores
1728 2570 1769 2597 ef-

972 2620 1028 2648 ﬁcit
1040 2620 1208 2655 angelorum.
1229 2619 1262 2646 Et
1276 2618 1337 2646 hinc
1351 2625 1456 2654 quoque
1478 2618 1549 2645 illam
1563 2618 1645 2646 vincit
1658 2625 1763 2649 arcam,

971 2666 1033 2702 quia
1046 2666 1089 2693 illa
1112 2665 1219 2700 quidem
1241 2673 1350 2692 corvum
1375 2664 1524 2702 recipiens,
1545 2671 1654 2691 corvum
1669 2670 1766 2690 rursus

972 2699 1061 2740 emisit
1076 2699 1152 2748 (Gen.
1166 2712 1183 2739 8
1196 2711 1217 2745 ),
1234 2715 1260 2738 et
1273 2699 1412 2738 includehs
1425 2711 1517 2745 luputn
1530 2730 1538 2741 ,
1561 2709 1691 2737 feritatem
1705 2708 1766 2743 ejus

971 2763 1076 2785 mutare
1098 2765 1151 2785 non
1167 2756 1252 2792 potuit
1268 2765 1275 2783 :
1289 2755 1347 2784 haec
1366 2764 1429 2784 vero
1442 2763 1495 2783 non
1509 2756 1543 2782 ita
1554 2777 1562 2788 ,
1580 2754 1627 2782 sed
1642 2758 1766 2787 acceptos

972 2804 1048 2839 lupos
1062 2811 1125 2832 oves
1147 2802 1276 2838 reddidit,
1292 2802 1433 2838 accipitres
1455 2802 1602 2837 milvosquc
1616 2800 1764 2835 suscipiens

219 2862 257 2893 (α)
266 2861 440 2888 «demand.
452 2865 510 2895 Reg.
522 2863 591 2895 1936,
603 2864 683 2895 inquo
694 2864 771 2896 prima
782 2864 860 2891 soluta
869 2865 982 2892 habetur.
