1976 3130
204 169 255 194 ιτς

204 226 263 251 Ιί“‹;ΙΙ
278 225 417 253 columbas
428 226 478 262 (α),
491 231 519 254 et
531 228 676 256 cxcludens
691 239 796 258 omnem
807 233 994 260 irrationabili-

206 276 287 297 tatem
302 275 382 306 atque
395 271 572 306 ferocitatem,
586 276 814 304 mansuetudinem
829 277 943 312 Spiritus
954 278 994 305 in-

206 315 325 342 troduxit
339 325 345 343 :
362 322 504 352 manetque
518 318 596 346 ltodie
610 320 667 348 huic
681 329 777 348 arcana
790 323 931 357 navigans,
947 331 995 351 ttec

205 367 292 388 tamett
306 362 448 396 aliquando
461 363 617 391 dissolvitur
628 387 634 397 ,
650 374 699 393 nec
722 367 792 394 valet
813 368 915 394 tabulas
939 369 996 402 ejus

207 407 258 431 nlla
273 406 381 433 malitia!
400 408 489 435 laxare
502 413 663 444 tempestas:
680 411 742 446 quin
755 412 842 446 potius
860 413 914 447 ipsa
928 418 997 440 tctu-

207 453 317 487 pt-slatis
330 458 417 481 motus
426 456 574 490 navigando
586 459 760 492 compescuit,
774 459 843 494 qttod
854 460 918 486 satis
931 468 996 487 (ξοη-

207 504 349 532 sequenter
363 499 484 527 effectum
497 507 547 528 est.
564 502 622 530 Non
637 504 709 530 enim
721 504 852 532 bitumine
862 511 907 532 aut
921 506 995 540 pice,

207 544 254 570 sed
276 551 368 572 saneto
384 546 485 581 Spiritu
510 549 568 583 ejus
584 550 680 576 tabulm
702 556 762 578 sunt
779 557 922 585 perunctaa.
945 551 997 580 Sed

209 590 343 617 Abraham
359 592 489 620 mirantur
503 601 607 625 omnes,
623 595 683 629 quia
694 603 753 622 cutn
769 596 903 623 audisset:
916 597 997 623 Abra-

209 637 278 668 Imnt,
289 638 330 664 eri
341 637 372 664 de
385 643 450 664 terra
461 644 513 672 tua,
528 645 551 666 et
565 640 595 666 de
607 642 805 676 cogtmtionctua
815 641 891 675 (Gen.
903 642 946 669 12.
958 643 997 677 1):

207 686 235 707 υι
247 681 354 708 domum
366 683 473 717 reliquit
485 689 512 712 et
527 685 650 719 patriam,
662 691 688 713 et
700 687 800 713 amicos
811 691 889 721 atque
900 695 998 722 cogna-

210 731 217 751 t
231 733 261 758 ns,
275 734 387 761 quorutn
401 729 519 756 omnium
531 730 662 764 jacturam
686 731 743 758 solo
764 731 847 759 divini
872 732 999 767 pratcepti

209 779 300 798 amore
310 774 501 807 compensabat
514 783 521 801 :
541 783 602 802 nam
617 781 645 802 et.
657 783 707 803 nos
719 784 779 803 eum
794 782 932 812 propterea
951 778 1000 805 titi-

210 825 308 844 tamur.
323 816 374 844 Sed
387 818 450 853 quid
466 819 546 846 Paulo
557 821 641 854 possit
659 823 760 856 aequari
773 823 838 856 ‘!qui
853 829 905 850 nou
920 823 1000 850 modo

210 864 333 897 patriam,
346 871 521 899 cognatos,ac
534 867 654 900 domum,
662 868 708 895 scd
719 869 803 904 ipsum
810 877 916 904 quoque
925 877 1000 896 mun-

209 910 272 936 tiutn
293 911 418 945 reliquit:
441 912 494 938 imo
507 913 587 940 etiam
599 914 710 947 caelum,
727 919 754 941 et
772 915 867 942 etelum
882 915 938 941 cmli
950 935 957 946 ,
975 919 1001 941 ct

211 955 268 981 lure
277 956 364 982 omnia
376 956 509 983 Christum
522 958 692 992 suspiciendo
706 958 846 992 despexit:
861 967 941 986 unum
955 967 1002 994 pro

209 1001 313 1028 runctis
324 1006 351 1028 et
362 1003 448 1029 solum
459 1024 466 1036 ,
477 1003 503 1030 id
518 1008 574 1035 est,
589 1003 686 1031 Christi
698 1005 835 1032 caritatem
851 1006 999 1040 requirens,

213 1046 302 1079 Neque
316 1051 465 1082 praesentia,
483 1049 582 1085 inquit,
595 1059 672 1084 neque
686 1053 782 1086 futura,
794 1059 871 1087 neque
883 1052 1001 1086 altitudo,

210 1101 290 1128 orque
302 1094 467 1129 profundunt,
482 1104 562 1130 neque
577 1096 629 1122 alia
643 1102 757 1123 creatura
769 1098 858 1132 poterit
874 1105 920 1124 nos
930 1105 1003 1132 sepa-

211 1146 268 1165 rare
276 1147 292 1165 α
303 1139 407 1165 caritate
418 1139 474 1173 Dei,
486 1148 541 1174 qua:
553 1145 590 1168 est
606 1141 632 1167 in
645 1141 743 1169 Clm'sto
757 1141 819 1168 Jcsu
834 1141 942 1168 Domino
955 1150 1002 1168 na-

211 1190 263 1211 stro
274 1184 283 1220 (
295 1184 371 1212 Rom.
385 1186 411 1212 8.
427 1186 469 1213 38.
481 1187 537 1221 59).
551 1187 602 1214 Sed
615 1187 747 1214 Abraham
762 1189 879 1223 seipstttn
895 1189 921 1215 itt
935 1189 1003 1223 peri-

211 1231 299 1258 eulum
321 1231 444 1265 tradens,
472 1232 593 1260 hostibtts
617 1233 698 1261 filium
725 1233 815 1261 fratris
841 1235 952 1269 eripuit;
976 1240 1003 1260 at

212 1277 310 1304 Paulus
322 1284 373 1304 non
385 1276 473 1304 fratris
487 1278 567 1304 filium
578 1299 584 1311 ,
600 1286 686 1313 neque
703 1283 756 1306 tres
770 1284 814 1306 aut
827 1279 942 1313 quinun
956 1287 1003 1305 ur-

213 1322 274 1354 bes,
299 1321 346 1348 sed
369 1322 461 1349 orbem
485 1323 637 1350 universum
665 1323 700 1351 de
727 1323 782 1358 ipsa
810 1323 1002 1351 dmtnouiorum

211 1367 322 1394 extorsit
334 1375 429 1399 manu.
444 1368 648 1396 innumerabilia
668 1377 714 1404 per
725 1369 782 1396 dies
799 1369 916 1404 singulos
931 1371 1002 1404 peri-

213 1412 270 1438 rula
284 1413 440 1439 sustinendo
452 1433 459 1446 ,
476 1414 643 1448 propriisque
658 1414 787 1441 mortibus
801 1415 942 1441 maximam
958 1421 1001 1441 sc-

212 1457 350 1484 ruritatem
365 1457 424 1485 aliis
438 1459 626 1493 comparando.
639 1459 725 1494 Caput
748 1459 877 1486 bonorum
893 1460 1003 1493 ejusque

212 1502 316 1529 tubueu
332 1503 505 1538 philosophia:
516 1509 566 1536 est,
581 1504 663 1532 filium
677 1505 884 1537 sacrificat-isse;
899 1505 945 1532 sed
961 1505 1004 1532 hic

213 1554 317 1583 quoque
333 1550 496 1576 inveniemus
511 1549 621 1577 Paulum
635 1551 733 1586 primas
748 1556 835 1585 partes
851 1555 984 1578 tenentem
995 1570 1002 1584 ,

213 1593 256 1623 qui
269 1601 321 1620 non
336 1594 429 1627 lilium,
440 1594 487 1622 sed
502 1596 685 1629 sctnetipsum,
701 1601 728 1623 ut
745 1597 816 1629 dixi,
841 1597 937 1623 millies
950 1597 1000 1622 im-

216 1640 332 1667 molavit.
345 1640 374 1668 In
385 1640 457 1668 Isaac
464 1641 570 1676 quidem
582 1641 677 1676 aliquis
687 1642 840 1674 admiratur,
854 1648 877 1670 et
889 1642 940 1669 alia
948 1643 1006 1676 qui-

215 1688 276 1712 dem
288 1686 409 1721 plurima,
425 1687 471 1714 sed
485 1689 618 1722 pra‘cipue
633 1689 784 1723 patientiam
799 1697 806 1715 :
819 1688 943 1723 quoniam
954 1696 1004 1723 pit-

215 1739 271 1758 teos
282 1732 395 1765 fodiens,
404 1737 431 1760 et
439 1734 552 1768 propriis
563 1735 707 1768 exagitatus
719 1735 852 1761 laboribus
872 1734 908 1769 (lt)
927 1733 1002 1768 (Gen.

216 1779 272 1813 :ti).
290 1778 398 1805 tninime
415 1779 629 1806 resistebat:sed
655 1780 737 1806 factos
753 1787 766 1805 a
778 1787 807 1806 se
821 1784 915 1814 puteos
928 1779 1004 1806 obrui

217 1822 372 1855 patiebatur,
386 1828 465 1858 atque
487 1824 519 1850 ad
541 1824 621 1851 aliuttt
646 1831 751 1859 semper
765 1824 893 1859 migrabat
907 1824 1004 1851 locum.

217 1869 306 1902 Neque
320 1869 428 1896 collecta
442 1877 550 1896 suorum
562 1878 640 1896 tnanu
657 1870 682 1896 in
696 1869 862 1897 adversarios
875 1870 1002 1902 irruebat,

217 1913 262 1940 sed
277 1913 380 1948 propria
394 1914 561 1948 possessione
577 1915 673 1950 ubique
693 1914 820 1947 cedebat,
835 1915 1007 1949 quoadusque

218 1959 409 1993 tuiquissitnam
423 1960 527 1987 illortttn
541 1962 660 1995 expleret
671 1961 850 1996 cupiditatem.
865 1962 899 1988 At
911 1961 1007 1988 Paulus

220 2015 272 2032 non
293 2011 387 2040 puteos
399 2013 512 2034 cernens
534 2008 662 2042 lapidibus
674 2007 783 2034 obrutos
792 2028 800 2040 ,
812 2007 859 2035 sed
873 2007 1007 2042 proprium

218 2058 330 2086 corpus,
342 2061 394 2080 non
406 2053 492 2080 solttm
506 2053 573 2080 sicut
587 2053 630 2080 illc
640 2053 761 2086 cedebat,
776 2053 821 2080 sed
833 2054 912 2081 etiam
926 2061 973 2081 eos
992 2062 1007 2079 ει

217 2098 312 2133 quibus
337 2098 520 2133 lapidabatur,
548 2099 574 2126 in
602 2099 696 2126 etclam
727 2099 850 2126 studebat
883 2099 1006 2126 evehere.

218 2144 324 2176 Quanto
345 2145 416 2171 enim
440 2145 554 2179 amplius
576 2145 737 2172 obruebatur
761 2145 820 2172 fons
843 2146 910 2178 iste,
935 2149 1008 2172 tanto

219 2189 372 2223 erumpebat
387 2190 480 2224 magis,
491 2197 522 2217 ac
533 2190 622 2224 plures
631 2198 663 2218 ex
678 2198 707 2218 se
721 2189 815 2218 ﬂuvios
831 2190 990 2218 cﬂ‘ttndendo
1000 2211 1007 2223 ,

221 2235 353 2262 manabat.
370 2235 408 2261 De
421 2235 619 2270 longanimitate
639 2243 670 2262 ac
693 2236 818 2270 patientia
835 2236 912 2270 hujus
926 2236 1007 2263 filimn

223 2281 302 2307 )arob
326 2280 472 2308 admiratur
492 2281 638 2316 Srriplura.
661 2281 694 2308 Et
706 2289 827 2315 qua-nam
844 2282 886 2308 illa
900 2287 941 2308 est
957 2287 1008 2308 tam

222 2326 389 2353 adamantina
403 2334 509 2360 prorsus
520 2327 618 2359 anima,
627 2334 686 2360 qua:
699 2327 770 2354 Pauli
781 2327 932 2361 patientiam
948 2335 1009 2361 pos-

222 2372 255 2398 sit
269 2371 365 2399 imitari
377 2372 389 2399 ?
403 2371 493 2406 Neque
504 2371 575 2399 enim
589 2372 628 2399 bis
638 2376 739 2406 septem
753 2379 893 2405 annorum,
908 2373 954 2399 sed
968 2377 1009 2399 to-

223 2419 275 2444 tins
299 2417 360 2444 vita:
384 2419 518 2445 servitium
534 2425 582 2452 pro
595 2425 691 2453 sponsa
705 2419 812 2452 pertulit
827 2419 924 2446 Christi
936 2440 942 2450 .
958 2428 1010 2446 non

225 2463 331 2489 .«lustus
344 2463 428 2490 solum
440 2469 505 2490 mstn
518 2463 601 2491 dicict
615 2463 700 2490 noctis
709 2464 780 2498 gelu,
794 2464 840 2491 sed
853 2465 1010 2491 tentationcs

226 2509 296 2535 mille
321 2509 472 2543 perpetiens
488 2517 494 2535 :
511 2513 538 2535 et
550 2516 619 2535 nunc
628 2509 733 2543 quidem
748 2509 918 2541 verberibus,
943 2517 1012 2536 nunc

226 2563 288 2580 vero
304 2555 434 2589 lapidibus
447 2555 544 2582 scissus
557 2560 635 2590 atque
647 2556 766 2588 collisns,
782 2561 809 2583 et
822 2563 891 2583 nunc
905 2556 1011 2590 quidem

224 2608 286 2626 cum
308 2600 418 2632 bestiis,
442 2600 522 2628 modo
541 2606 629 2628 autem
643 2601 766 2628 fluctibus
780 2609 896 2636 pugnans
912 2610 918 2627 :
935 2601 1013 2628 modo

228 2645 308 2672 etiam
329 2646 416 2672 nimia:
429 2651 508 2681 atque
533 2647 666 2674 continua:
687 2647 819 2674 reluctans
844 2647 904 2673 fami
920 2647 1014 2673 diebus

229 2696 305 2725 atque
317 2692 437 2719 noctibus
449 2713 456 2725 ,
472 2697 499 2720 et
518 2692 593 2720 iutct‘
602 2693 745 2720 certamina
759 2693 856 2728 ubique
876 2692 1014 2727 prosiliens

228 2734 265 2772 (ἒ.
280 2737 339 2766 Cor.
354 2737 422 2775 1L),
432 2744 522 2773 captas
534 2747 598 2767 oves
610 2747 642 2766 ex
655 2738 750 2766 diaboli
764 2739 881 2767 faucibus
892 2741 1017 2768 extraho-

229 2816 241 2820 Ἀ
258 2784 294 2820 (a)
381 2784 501 2820 habentur
513 2786 537 2809 in
547 2785 627 2820 aliqua
643 2783 795 2820 Homiliarum
815 2785 847 2820 de
863 2785 1014 2820 renitentia,

226 2816 282 2845 Quae
294 2814 351 2839 olim
362 2816 433 2840 tertia
445 2814 631 2845 numerabatur;
643 2821 706 2839 nunc
716 2819 798 2840 autem
810 2819 848 2840 est
858 2819 949 2845 octava,
959 2820 984 2840 et
992 2817 1017 2840 iu

228 2846 310 2877 quin‘a
323 2846 355 2869 de
367 2849 459 2870 tazaro.

260 2876 298 2907 (ὁ)
313 2880 393 2901 arma
401 2878 483 2902 vet-sio
494 2876 577 2906 habet,
591 2877 686 2908 proprie
695 2879 794 2901 exactus
811 2875 908 2907 ﬁnibus.

586 172 615 200 5.
636 172 773 202 JOANNIS
788 174 1003 205 CIIRYSUSTUI

1058 177 1201 207 iRClllEP.
1222 179 1491 209 CONSTANTINOP.

1789 180 1838 207 ίτσ

1050 235 1104 262 bat.
1127 238 1178 264 Sed
1200 243 1225 265 et
1249 238 1346 273 δοῦ-[ιιι
1373 238 1505 273 pudicitia:
1519 240 1615 266 virtute
1635 237 1778 265 decoratus
1799 238 1839 264 es!

1050 282 1126 317 (Gut.
1141 283 1186 318 39)
1203 291 1210 315 ;
1226 289 1252 310 at
1263 291 1314 318 ego
1331 292 1425 311 vereor
1441 292 1473 311 ne
1483 284 1538 318 jatn
1559 283 1699 311 ridiculum
1724 283 1759 310 sit
1778 282 1839 310 hinc

1048 329 1160 358 Paulum
1175 331 1241 358 velle
1257 331 1374 364 laudare,
1386 331 1431 366 qui
1444 335 1527 358 semet
1541 331 1626 365 ipsum
1638 329 1738 356 mundo
1750 329 1839 356 cruei-

1049 375 1132 411 f-gens
1151 376 1250 412 (Galat.
1266 377 1283 404 6
1297 378 1316 411 ),
1334 385 1386 404 non
1408 378 1494 404 solum
1510 377 1684 404 humanorum
1697 383 1840 410 corporum

1051 423 1277 457 pulchritudines,
1291 422 1337 450 sed
1351 423 1438 450 omnia
1453 423 1487 449 ita
1502 422 1642 455 cernebat,
1665 420 1841 457 quemadmo-

1050 469 1112 497 dum
1128 478 1175 496 nos
1197 469 1312 496 favillam
1327 469 1497 504 cineremque
1512 469 1694 503 despicimus,
1706 467 1751 502 qui
1765 467 1842 501 quasi

1049 521 1170 543 mortuus
1182 524 1289 551 prorsus
1302 517 1334 543 ad
1347 521 1480 543 mortuum
1500 515 1642 542 immobilis
1657 513 1841 549 permanebat.

1050 562 1141 596 Itaque
1155 569 1214 588 cum
1228 566 1298 589 tanta
1311 562 1390 588 anitni
1410 569 1473 588 cura
1497 561 1685 595 comprimeret
1710 559 1841 586 incentiva

1050 607 1173 634 vitiorum
1188 613 1215 634 et
1237 612 1356 640 naturtn,
1381 607 1443 634 nihil
1468 605 1661 634 humanumab
1683 605 1773 639 aliquo
1795 603 1841 630 ali.

1050 653 1157 688 quando
1171 661 1312 687 perpessus
1322 658 1371 680 est.

1087 696 1185 726 Paulus
1207 707 1263 726 cum
1288 698 1338 726 Job
1358 700 1543 733 confertur.-—
1565 696 1677 732 Stupent
1696 699 1771 723 certe
1793 692 1843 721 Job

1051 753 1145 773 omnes
1169 745 1305 776 homines,
1320 749 1346 772 et
1367 744 1444 771 valde
1468 744 1558 778 utique
1583 741 1782 770 convenienter.
1799 739 1845 767 Est

1052 792 1123 819 enim
1139 791 1182 819 ille
1195 791 1294 818 athleta
1312 790 1439 818 mirabilis
1453 799 1459 816 ι
1472 794 1496 817 et
1508 789 1552 824 qui
1564 788 1673 815 Paulum
1689 787 1776 822 ipsum
1790 786 1846 813 vel-

1052 842 1081 865 ut
1095 845 1127 864 ex
1150 837 1263 864 adverso
1282 837 1364 871 possit
1385 835 1506 870 aspicere
1527 835 1561 861 ob
1573 833 1726 870 patientiam
1741 830 1844 866 purita-

1053 888 1160 918 tctnque
1175 883 1246 915 vitae,
1263 882 1298 908 ob
1313 881 1492 909 lestitnonittm
1506 880 1565 913 Dei,
1581 881 1688 914 propter
1698 878 1771 904 illam
1785 882 1844 903 cum

1053 928 1159 956 diabolo
1179 927 1350 955 fortissimam
1371 933 1496 961 pugnam,
1513 930 1621 960 propter
1633 924 1773 950 victoriam
1787 927 1846 957 quas

1053 981 1168 1009 pugnata
1182 978 1291 1008 sequuta
1306 978 1363 1004 est;
1377 971 1508 999 atPaulus
1521 976 1572 997 nan
1587 969 1723 996 mensibus
1731 972 1844 998 tantum,

1054 1021 1100 1047 sed
1115 1019 1192 1046 atmis
1206 1019 1326 1052 plurimis
1350 1018 1375 1044 in
1405 1024 1489 1051 agone
1504 1015 1667 1051 perdurans,
1690 1018 1745 1040 tam
1759 1012 1847 1040 clarus

1053 1067 1171 1098 emicuit,
1189 1073 1242 1092 non
1255 1070 1332 1090 tet-rte
1348 1063 1424 1098 gleba
1435 1062 1536 1088 saniem
1547 1059 1636 1088 carnis
1650 1058 1765 1086 eradens
1777 1078 1784 1090 ,
1800 1057 1846 1084 scd

1055 1113 1081 1139 in
1097 1112 1179 1146 ipsius
1195 1109 1365 1144 intelligibilis
1377 1114 1408 1135 os
1424 1107 1508 1142 leonis
1526 1105 1678 1140 frequenter
1694 1105 1846 1133 incurrens,

1054 1163 1081 1184 et
1106 1164 1224 1192 pugnans
1250 1155 1378 1182 adversus
1403 1153 1561 1180 tentationes
1585 1151 1760 1181 innumeras,
1775 1149 1846 1175 Omni

1055 1209 1113 1232 erat
1131 1203 1217 1237 lapide
1233 1200 1397 1232 tolerantior,
1413 1198 1456 1234 qui
1473 1206 1525 1225 non
1547 1204 1562 1224 a
1577 1197 1661 1223 tribus
1675 1200 1720 1221 aut
1735 1199 1848 1228 quatuor

1055 1250 1159 1280 amicis,
1174 1248 1221 1276 sed
1234 1256 1248 1274 a
1260 1247 1362 1274 cunctis
1377 1244 1538 1275 infidelibus,
1553 1250 1569 1270 a
1580 1241 1652 1270 falsis
1662 1242 1743 1269 etiam
1758 1238 1847 1267 fratri‘

1056 1297 1105 1324 bns
1118 1294 1259 1330 opprobria
1279 1292 1444 1324 sustinebat,
1461 1294 1633 1325 consputatns
1656 1287 1691 1314 ab
1704 1287 1847 1318 omnibus,

1055 1348 1134 1377 atque
1150 1340 1314 1368 maledictus.
1327 1339 1379 1367 Sed
1393 1338 1462 1365 illius
1481 1341 1539 1364 erat
1554 1341 1647 1370 magna
1661 1332 1827 1367 hospitalitas
1838 1352 1846 1363 .

1057 1393 1084 1416 ct
1098 1394 1160 1415 Cura
1174 1393 1317 1421 pauperum
1331 1392 1337 1411 :
1359 1391 1408 1411 ttec
1422 1390 1469 1410 nos
1486 1383 1592 1416 quidem
1616 1379 1685 1408 istud
1702 1383 1846 1414 negamus;

1055 1435 1101 1462 sed
1115 1433 1186 1461 Pauli
1199 1440 1257 1460 eam
1272 1430 1428 1459 liberalitate
1439 1427 1590 1456 inferiorem
1601 1425 1738 1457 docemus,
1752 1428 1779 1451 et
1789 1426 1848 1450 tan-

1056 1486 1082 1509 to
1096 1479 1258 1510 inferiorem,
1268 1476 1460 1512 quantnanima
1475 1478 1516 1501 est
1527 1479 1623 1507 corpus
1632 1471 1753 1498 inferius.
1764 1469 1848 1503 Quam

1055 1527 1125 1555 enim
1139 1525 1183 1553 ille
1196 1531 1286 1551 curam
1299 1521 1468 1556 impendebat
1481 1527 1561 1547 carne
1573 1515 1792 1546 debilibus.banc
1801 1515 1848 1542 ista

1056 1573 1143 1600 anima
1154 1571 1281 1599 morbidis
1291 1569 1442 1599 exhibebat,
1454 1574 1524 1594 nunc
1535 1565 1633 1593 mentis
1641 1563 1767 1591 sensibus
1776 1561 1848 1588 clau-

1056 1619 1176 1646 dicamcs
1191 1615 1329 1651 dirigcndo
1348 1614 1374 1641 in
1391 1614 1456 1642 recti
1481 1611 1583 1640 itineris
1607 1611 1742 1637 incessunt
1757 1629 1765 1640 ,
1780 1612 1849 1633 nunc

1057 1664 1176 1692 nuditate
1206 1661 1340 1689 deformes
1372 1659 1440 1686 stola
1465 1657 1580 1685 ca-lcstis
1601 1653 1779 1690 philosophia)
1804 1657 1850 1679 vo-

1057 1709 1171 1737 stiendo.
1189 1708 1216 1735 in
1234 1705 1419 1741 corporalibus
1442 1710 1548 1738 quoque
1560 1701 1696 1728 beneticiis
1711 1704 1786 1726 tanto
1806 1698 1850 1725 ille

1057 1754 1209 1789 superabat,
1222 1757 1321 1788 quanto
1335 1755 1376 1778 est
1389 1749 1502 1784 amplius
1517 1748 1542 1774 in
1555 1747 1623 1774 fame
1638 1751 1664 1772 et
1676 1748 1797 1780 egestate
1809 1743 1849 1770 vi-

1057 1807 1162 1828 ventem
1176 1798 1354 1834 indigentibus
1364 1798 1433 1824 ferre
1449 1795 1609 1830 prtcsidium,
1623 1799 1703 1827 quam
1720 1789 1748 1818 id
1762 1791 1851 1827 ipsum

1058 1849 1090 1874 dc
1103 1847 1252 1873 divitiarum
1266 1843 1400 1871 afﬂuentia
1411 1842 1570 1869 ministrare.
1583 1839 1647 1866 Nam
1661 1838 1733 1864 illius
1743 1835 1850 1871 quidem

1058 1893 1131 1921 omni
1146 1891 1295 1919 advenienti
1315 1888 1482 1924 aperiebatur
1492 1885 1602 1916 dutnus,
1617 1883 1699 1918 hujus
1717 1889 1782 1908 vero
1794 1880 1852 1906 ani-

1061 1948 1103 1967 ma
1115 1939 1240 1966 universo
1253 1935 1358 1972 patebat
1371 1934 1430 1961 orbi
1443 1954 1450 1966 ,
1466 1940 1497 1959 ac
1513 1931 1628 1958 ﬁdelium
1646 1928 1760 1964 populos
1775 1926 1851 1954 boni-

1059 1993 1117 2022 gna:
1133 1984 1233 2013 mentis
1248 1982 1393 2018 recipiebat
1406 1979 1521 2014 hospitio
1531 2000 1538 2011 ,
1551 1977 1643 2004 dicens
1659 1984 1666 2002 :
1689 1974 1751 2002 Non
1770 1981 1853 2009 angu-

1060 2021 1171 2060 stiumini
1183 2031 1209 2058 in
1223 2030 1294 2057 nobis
1305 2049 1313 2060 ,
1334 2025 1513 2063 nngttstiamini
1527 2029 1610 2051 autem
1624 2023 1650 2048 in
1664 2021 1802 2048 visceribus
1813 2027 1855 2046 vo-

1059 2078 1129 2113 strt's(
1140 2077 1168 2104 εὶ.
1185 2074 1245 2103 Cor.
1261 2075 1286 2102 6.
1302 2073 1358 2109 1‘2).
1377 2073 1410 2100 Et
1425 2072 1468 2098 ille
1487 2069 1593 2105 quidem
1607 2074 1668 2095 cum
1684 2073 1750 2092 oves
1761 2069 1791 2092 et
1803 2064 1853 2091 bo-

1061 2132 1106 2151 ves
1135 2123 1243 2150 haberet
1264 2121 1432 2149 innumeras,
1448 2121 1505 2144 erat
1528 2115 1554 2142 in
1571 2119 1702 2149 paupt'l‘ei
1724 2110 1856 2142 liberalis;

1062 2171 1104 2198 hic
1118 2175 1182 2196 vero
1193 2167 1258 2195 nihil
1272 2165 1386 2200 amplius
1399 2169 1512 2197 corpore
1526 2168 1575 2188 suo
1589 2158 1741 2194 possidens,
1755 2157 1791 2183 de
1801 2155 1857 2182 hoc

1061 2218 1119 2251 ipso
1132 2213 1294 2242 sufficienter
1315 2209 1494 2245 indigentibus
1515 2205 1681 2234 ministrabat
1696 2212 1703 2230 :
1719 2202 1793 2238 quod
1804 2201 1856 2228 aii-

1062 2249 1121 2289 cubi
1135 2262 1192 2295 ipse
1204 2260 1426 2288 commemorans,
1441 2253 1647 2283 Nacmitatibus,
1665 2250 1763 2285 inquit,
1782 2249 1855 2280 maia,

1061 2314 1083 2335 et
1097 2308 1134 2334 his
1148 2307 1191 2342 qui
1201 2313 1296 2332 mecum
1309 2307 1379 2331 erant
1399 2302 1601 2329 ministratorum
1612 2305 1702 2324 manus
1716 2297 1773 2323 ista
1787 2295 1857 2330 (Au.

1061 2352 1106 2383 20.
1123 2354 1156 2382 δι
1171 2355 1190 2388 ).
1206 2353 1333 2387 Corporis
1345 2350 1417 2378 enim
1430 2349 1471 2376 sui
1486 2353 1594 2382 operam
1608 2345 1682 2372 velut
1694 2351 1727 2371 ex
1741 2343 1858 2378 quidam

1064 2402 1232 2438 possessione
1245 2399 1345 2426 fructus
1359 2396 1538 2424 esitrienlibus
1549 2392 1703 2427 deputabat.
1728 2389 1782 2417 Sed
1799 2396 1857 2415 ver-

1064 2434 1120 2475 mes
1131 2447 1261 2477 videlicet,
1270 2450 1348 2480 atque
1363 2444 1480 2472 vulnera,
1494 2446 1578 2467 sanos
1588 2434 1861 2473 atqueintolerabiles

1066 2497 1159 2520 Sancto
1173 2492 1223 2519 .1υ1›
1237 2491 1384 2518 inferebant
1398 2489 1503 2515 dolores
1521 2495 1527 2512 τ
1542 2490 1569 2512 et
1588 2492 1636 2520 ego
1652 2485 1756 2513 fateor;
1776 2482 1822 2508 sed
1836 2482 1859 2507 si

1066 2545 1112 2573 per
1133 2544 1186 2565 tam
1211 2538 1308 2564 multos
1331 2543 1416 2562 attuos
1436 2534 1508 2562 Pauli
1523 2533 1633 2560 verbera
1647 2551 1655 2562 ,
1677 2535 1705 2557 et
1729 2535 1790 2556 cum
1803 2527 1860 2561 jugi

1065 2584 1136 2612 fame
1152 2585 1232 2611 etiam
1255 2583 1411 2613 nuditatem,
1426 2585 1542 2610 catenas,
1557 2583 1693 2606 carcerem
1703 2598 1711 2609 ,
1730 2576 1839 2602 insidias
1854 2595 1861 2604 .

1068 2631 1237 2667 periculaque
1250 2628 1415 2660 consideres,
1429 2634 1488 2660 qum
1502 2633 1515 2651 τι
1530 2624 1700 2654 domesticis,
1722 2622 1757 2648 ab
1769 2626 1863 2648 extra-

1068 2666 1134 2708 neis,
1151 2683 1165 2703 a
1181 2675 1317 2710 tyrannis,
1331 2681 1346 2700 a
1373 2677 1428 2699 toto
1443 2675 1579 2706 postremo
1602 2668 1752 2703 patiebatur
1776 2666 1842 2693 orbe
1858 2674 1864 2690 ;

1068 2722 1149 2749 addas
1175 2721 1228 2748 huc
1249 2720 1329 2747 etiam
1344 2719 1386 2745 bis
1411 2715 1530 2751 profecto
1552 2710 1693 2745 amati‘ora,
1708 2712 1734 2738 id
1747 2716 1799 2743 est,
1814 2717 1864 2745 pro

1068 2770 1109 2797 eis
1123 2768 1167 2804 qui
1190 2767 1366 2798 labebantur,
1389 2764 1495 2791 dolores
1507 2783 1515 2796 ,
1534 2759 1741 2789 sollicitudinem
1756 2778 1764 2790 ,
1784 2763 1864 2804 quam

1071 2821 1119 2850 pro
1132 2802 1259 2842 Eeclesiis
1273 2811 1406 2842 omnibus,
1422 2809 1566 2839 ustionem,
1584 2812 1663 2841 quam
1686 2811 1736 2839 pro
1748 2802 1864 2830 scanda-

1072 2861 1156 2889 lizatis
1170 2859 1279 2895 singulis
1293 2857 1453 2894 perferebat,
1464 2854 1567 2883 videbis
1574 2853 1633 2888 quia
1644 2851 1717 2879 omni
1729 2854 1785 2878 erat
1799 2855 1873 2875 suo
