1976 3130
125 167 173 194 ΖΠ
551 160 595 188 DE
614 158 783 188 LAUDIBUS
801 159 829 186 S.
851 156 950 184 PAULI
969 154 1146 184 APOSTOLI.
1168 154 1282 182 li0.\liL.
1304 153 1335 180 ll.

126 224 215 251 durior
225 222 316 250 anima
337 226 387 249 ista
407 220 574 256 perpetiens,
590 224 616 246 ct
639 218 737 245 ferrum
757 222 838 252 atque
853 215 915 242 atla-

127 275 240 297 mautem
253 268 405 304 superabat.
419 267 483 300 Qua:
491 266 561 293 enim
573 264 623 292 Job
638 271 760 298 corpore,
773 264 830 289 lucc
850 262 917 289 Pau-

126 317 165 342 lus
180 319 271 342 mente
280 314 416 345 sustinuit,
430 320 509 348 qttetn
529 311 601 338 omni
616 317 707 337 verme
733 309 873 336 molestior
884 307 917 334 de

125 362 234 397 singulis
247 361 397 396 quibusque
420 359 570 387 labentibus
594 357 719 385 maestitia
733 355 916 384 coasumehat.

126 408 199 436 Unde
214 413 242 435 et
255 408 332 442 iuges
347 407 522 442 laerymarum
535 413 569 432 ex
586 412 620 432 eo
643 404 729 431 fontes
748 410 799 429 non
824 402 917 429 diebus

125 457 224 487 solum,
240 454 287 481 sed
302 455 381 481 etiam
405 453 526 480 noctibus
541 451 684 479 efflucbant
696 471 704 482 ,
719 449 844 482 omnique
857 455 917 474 mtt-

126 501 189 527 liere
201 500 367 535 parturiente
381 499 564 525 vehementius
577 496 743 531 afﬂigeliatur
755 495 781 522 in
795 493 917 528 singulis,

126 550 235 580 propter
247 545 319 580 quod
332 544 411 571 etiam
427 543 532 571 dicebat
548 551 555 569 :
570 542 658 569 Filioli
671 541 719 568 mei
731 561 739 572 .
753 549 815 574 quos
827 540 918 566 iterant

126 592 242 626 parturit)
256 590 335 625 (Gal.
348 591 375 617 4.
391 590 424 618 19
438 590 458 624 ).
473 589 557 623 Quem
575 596 636 616 vero
647 589 702 623 jam
715 587 845 622 quispiam
860 591 919 621 post

126 638 176 665 Job
189 641 266 672 ptttet
289 644 350 664 esse
373 635 545 663 mirabilem?
561 635 669 670 Moysen
695 633 815 669 profecto
836 642 842 659 :
870 632 918 660 sed

126 683 196 710 hunc
205 683 287 710 etiam
304 682 400 709 l‘aulus
415 681 479 708 satis
494 681 619 708 eminenti
634 681 730 707 virtute
744 678 916 707 transcendit.

125 729 207 762 Cujus
221 728 328 762 quidem
351 727 430 754 multa
444 731 506 753 sunt
521 726 571 752 alia
597 726 723 760 praeclara
739 734 745 751 :
767 724 814 751 sed
838 727 918 757 caput

126 778 226 800 sancta:
240 773 311 800 illius
323 773 418 799 animm
430 777 507 806 atque
520 770 653 805 fastigium
669 774 720 802 est,
733 770 856 804 quoniam
871 776 918 803 pro

126 818 279 846 Jlld'JBOI'llm
310 818 396 845 salute
421 817 505 845 deleri
533 816 612 851 elegit
636 824 667 843 ex
691 816 758 842 libro
773 816 854 842 vitze:
870 813 917 842 sed

127 865 232 900 Moyses
245 872 306 891 ctttn
330 863 434 891 czeteris
448 862 550 897 optavit
563 862 652 897 perire
666 881 673 894 ,
697 861 793 888 Paulus
804 867 853 895 pro
864 867 917 887 ca:-

128 911 208 938 teris:
225 918 279 937 non
304 910 375 936 enim
391 917 450 936 cum
464 908 638 943 pereuntibus
654 908 740 942 perire
755 907 858 938 voluit,
872 905 918 933 sed

127 962 155 983 ut
166 956 334 983 salvarentur
344 955 400 987 alii,
408 955 463 989 ipse
476 955 509 981 de
521 954 611 990 glori-.c
622 954 771 980 mternitate
784 952 917 980 decidere.

125 1002 159 1028 lit
170 1001 215 1029 ille
229 1001 336 1036 quidem
352 1000 490 1032 Pharaoni,
506 1001 549 1027 hic
570 1004 658 1026 autem
678 998 784 1026 diabolo
802 997 919 1032 quotidie

128 1048 312 1083 repugnabat;
336 1052 363 1074 et
378 1047 421 1074 ille
436 1055 485 1082 pro
498 1054 549 1073 una
566 1050 666 1073 tantum
680 1049 758 1080 gente
769 1065 777 1076 .
793 1044 842 1071 iste
856 1051 919 1071 vero

127 1101 174 1128 pro
193 1094 319 1120 universo
331 1093 397 1120 orbe
410 1092 530 1122 certavit.
546 1099 598 1118 non
612 1090 719 1121 sudore.
731 1090 777 1117 sed
791 1090 920 1124 sanguine

128 1141 183 1166 vice
193 1139 301 1166 sudoris
318 1139 432 1173 undique
451 1137 598 1172 proﬂuente
614 1146 620 1164 :
633 1145 692 1164 cum
709 1145 760 1163 non
774 1136 858 1163 solttm
873 1135 920 1162 ha-

127 1185 251 1212 bitabiles
278 1184 369 1211 mundi
385 1188 483 1219 partes.
499 1192 590 1211 verum
603 1183 682 1210 etiam
702 1183 806 1210 deserta
820 1182 852 1208 ad
865 1182 920 1208 cul-

128 1237 182 1258 tum
198 1231 337 1266 religionis
352 1231 495 1258 adduceret
510 1251 517 1263 ,
535 1237 585 1257 nec
606 1230 692 1257 solutn
706 1229 858 1257 Grmcorum
873 1235 920 1263 po-

129 1277 215 1311 pulos,
231 1285 324 1304 verum
339 1277 418 1304 etiam
433 1276 617 1303 harbarorttm.

162 1322 299 1358 Confertur
309 1331 366 1348 cum
379 1322 436 1348 aliis
446 1321 539 1348 sanctis
554 1321 618 1348 viris.
633 1336 668 1342 ——
678 1320 799 1348 Poteram
813 1319 919 1355 quidem

127 1375 153 1397 et
167 1370 259 1397 Jesum
275 1369 357 1402 Nave,
372 1373 398 1396 et
417 1369 567 1396 Samuelent
581 1389 589 1401 ,
606 1373 632 1396 et
646 1369 714 1395 alios
737 1368 880 1402 prophetas
893 1368 919 1394 in

127 1417 358 1451 comparationem
385 1423 497 1448 vocare;
525 1415 623 1443 sedne
651 1423 801 1442 sermonem
826 1414 920 1442 faciam

127 1462 287 1496 longiorem.
301 1462 334 1489 ad
358 1462 413 1496 ipsa
439 1469 531 1489 eorum
550 1462 636 1496 capita
651 1461 838 1489 conscendam.
855 1460 920 1488 Cum

126 1508 199 1535 enim
221 1508 279 1535 istis
299 1508 471 1535 excellentior
492 1508 664 1542 apparuerit,
681 1507 751 1534 nulla
766 1514 873 1541 prorsus
887 1506 922 1534 de

127 1553 186 1580 aliis
199 1553 357 1588 ambiguitas
371 1553 543 1589 relinquetur.
560 1553 672 1586 Quinam
688 1559 751 1587 ergo
764 1552 922 1580 eminentio-

128 1606 175 1627 res
189 1598 312 1626 videntur
328 1598 340 1625 ?

163 1645 229 1678 Quis
260 1649 322 1680 post
357 1644 405 1672 hos
435 1644 523 1677 alius.
553 1644 602 1671 nisi
629 1643 730 1676 David.
757 1649 783 1671 ct
812 1644 919 1676 llclias,

127 1696 157 1719 et
187 1691 321 1724 Joannes,
347 1699 460 1726 qttorum
486 1699 553 1718 unus
581 1691 694 1724 prioris.
719 1691 788 1717 alter
813 1690 920 1718 scentuli

127 1741 170 1764 est
210 1744 360 1772 prrecursor
396 1736 546 1763 adventus?
584 1742 691 1771 propter
727 1736 798 1771 quod
841 1736 920 1762 etiam

128 1783 246 1810 nominis
269 1783 456 1810 communione
480 1782 614 1817 conjuncti
642 1786 713 1812 sunt.
744 1782 813 1816 Quid
844 1782 922 1815 igitur

126 1829 155 1857 iu
180 1829 265 1857 David
292 1830 452 1864 praecipuum
483 1829 636 1864 reperitur?
667 1828 731 1856 Siue
759 1829 841 1855 dubio
871 1828 922 1855 lut-

128 1875 246 1907 militas.
277 1879 357 1909 atque
378 1882 438 1908 erga
459 1874 541 1901 Deum
566 1873 670 1901 fervens
693 1881 777 1900 amor.
806 1874 840 1900 Et
864 1874 922 1908 quis

127 1920 262 1954 amplius,
298 1920 351 1947 imo
385 1919 443 1954 quis
468 1919 525 1950 ita,
561 1924 589 1946 ut
621 1919 708 1946 anima
736 1919 828 1951 Pauli,
866 1919 923 1946 lucc

127 1973 242 2002 utraque
256 1966 422 2001 complevit?
437 1965 629 1993 Admiraudum
642 1969 730 1992 autem
746 1966 771 1992 in
788 1965 861 1993 Helia
873 1973 922 2000 ego

127 2013 240 2040 minimc
261 2019 341 2043 reor,
354 2011 416 2047 quia
435 2011 529 2038 emittm
548 2012 660 2043 clausit,
680 2012 740 2046 quia
759 2011 862 2039 induxit
882 2011 922 2038 fa-

127 2065 199 2085 mem
211 2078 219 2090 ,
239 2057 301 2092 quia
324 2057 410 2092 ignem
430 2057 464 2084 de
480 2058 545 2084 caelo
564 2064 688 2084 sermone
706 2057 853 2091 compluit;
876 2057 923 2084 sed

126 2103 188 2137 quia
206 2103 305 2130 zelavit
324 2109 372 2136 pro
392 2102 446 2129 Deo
459 2123 466 2134 ,
488 2106 546 2129 erat
564 2102 590 2129 in
615 2102 665 2129 hoc
686 2103 783 2129 mentis
804 2102 900 2130 all'ectu
913 2122 921 2135 ,

127 2148 186 2182 ipso
203 2148 266 2183 igne
279 2147 470 2175 vehementior.
485 2148 537 2176 Sed
550 2148 573 2176 si
586 2148 659 2176 Pauli
678 2148 764 2176 zelum
783 2148 924 2183 diligenter

128 2194 256 2230 inspicias
267 2214 276 2226 ,
291 2198 366 2221 tanto
377 2201 437 2222 eum
451 2194 570 2222 invenies
584 2195 723 2222 celsiorem
736 2215 744 2228 ,
763 2201 862 2229 quanto
880 2195 924 2222 ille

128 2240 268 2274 prophetis
287 2239 392 2267 cmleris
413 2239 558 2266 eminebant.
580 2239 647 2273 Quid
671 2240 741 2267 enim
763 2240 850 2267 verbis
872 2240 924 2267 illis

127 2285 279 2319 reperiatur
292 2285 394 2319 aequale
405 2305 413 2318 ,
428 2292 475 2319 per
486 2293 545 2320 qua:
557 2285 667 2320 gloriam
688 2285 792 2312 Domini
813 2286 924 2314 zelando

127 2329 236 2358 dicebat
249 2338 256 2356 :
274 2329 400 2362 Quoniam
409 2331 527 2363 optabunt
539 2339 585 2366 ego
596 2332 729 2357 anathema
744 2339 795 2358 esse
808 2340 855 2367 pro
868 2332 920 2366 [ra-

128 2376 210 2402 tribus
233 2376 315 2407 meis.
339 2377 380 2411 qui
401 2381 459 2403 sunt
479 2377 579 2412 cognati
601 2378 647 2404 mei
666 2377 804 2404 secundum
823 2386 924 2404 carnem

129 2421 231 2456 (Rom.
254 2421 282 2448 9.
302 2421 355 2456 5)?
375 2421 516 2456 Propterea
530 2443 537 2453 .
559 2422 632 2449 ca-lis
659 2422 708 2449 sibi
730 2423 871 2458 propositis
893 2431 924 2450 ae

131 2467 252 2499 pnemiis
278 2472 306 2494 et
330 2468 452 2499 coronis,
477 2467 591 2495 tardavit
612 2475 644 2494 ac
666 2467 785 2501 distulit,
809 2469 922 2496 dicens:

133 2513 288 2540 Permanere
309 2519 392 2540 autent
415 2515 441 2540 in
461 2522 537 2541 came
550 2535 557 2548 ,
580 2516 745 2542 necessarium
767 2521 803 2542 est
822 2521 924 2550 propter

130 2568 172 2587 eos
198 2559 339 2595 (Philipp.
362 2561 387 2587 Ι.
408 2560 444 2587 24
499 2561 642 2595 Propterea
665 2569 716 2587 non
740 2563 824 2588 solum
846 2562 922 2588 istaut

1702 149 1755 177 4‘73

970 223 1029 249 qua:
1057 215 1193 247 cernitur,
1217 214 1263 241 sed
1291 213 1362 240 illam
1389 221 1493 250 quoque
1520 222 1580 251 quae
1604 215 1761 252 intelligitur

969 266 1136 293 creaturam,
1165 268 1331 296 nequaquam
1359 261 1482 290 sufﬁcere
1511 263 1561 290 sibi
1590 264 1702 291 credidit
1725 267 1758 292 ad

969 307 1164 335 ostendendum
1185 307 1271 334 zelum
1293 311 1320 334 et
1343 307 1499 340 caritatem,
1523 317 1574 344 qua
1599 309 1709 337 ardebat
1733 311 1759 337 iu

969 352 1125 385 Christum;
1141 352 1187 380 sed
1201 353 1281 380 etiam
1297 352 1375 379 aliam
1388 373 1395 384 ,
1411 361 1469 388 quin
1489 361 1541 380 non
1561 359 1602 382 est
1613 375 1620 388 ,
1636 363 1760 383 sermoni:

970 399 1091 427 formavit
1106 420 1113 431 ,
1130 403 1238 434 utquod
1255 404 1309 426 tota
1328 399 1463 427 volunta‘c
1482 401 1605 436 cupiebat
1625 403 1758 437 exprimi--

971 451 1021 473 ret.
1036 446 1088 473 Sed
1101 445 1217 473 Joannes
1231 445 1256 472 in
1270 445 1357 472 cibum
1374 445 1398 472 lr‘
1410 450 1490 472 'Itstas
1509 450 1536 473 et
1556 447 1607 473 mel
1630 448 1761 482 sylvestre

971 491 1093 518 sumebat
1108 491 1116 526 (
1130 490 1222 517 tllattlt.
1236 492 1252 518 5
1263 490 1284 526 ),
1295 496 1322 518 at
1333 491 1430 518 Paulus
1445 492 1478 518 ita
1493 492 1517 518 in
1533 492 1622 520 mundi
1637 494 1759 527 strepitu.

970 539 1192 574 quemadmodum
1207 539 1251 566 ille
1263 539 1288 566 in
1300 539 1383 566 eremi
1398 540 1486 573 quiete
1499 545 1618 568 versatus
1630 546 1671 568 est
1685 550 1690 567 :
1708 550 1760 568 nou

970 584 1077 618 quidem
1092 590 1182 619 pastus
1195 585 1304 612 locustis
1318 590 1347 614 et
1359 585 1437 612 melle
1452 586 1573 620 sylvestri
1586 607 1593 618 ,
1615 587 1661 615 sed
1678 589 1762 615 multo

971 629 1014 657 Itis
1025 631 1096 657 victu
1111 630 1206 658 viliore
1220 635 1361 658 contentus
1375 651 1382 662 ,
1399 639 1430 658 ac
1445 639 1478 658 ne
1492 633 1641 659 necessario
1655 633 1760 667 quidem

971 675 1110 710 indulgens
1129 676 1207 706 cibo.
1229 684 1282 710 pra:
1303 675 1409 703 fervore
1432 681 1458 703 et
1480 677 1568 704 studio
1590 677 1761 711 ιιηυᾱίιιηιιιιί.

970 721 1068 748 Verum
1085 721 1154 747 illius
1169 721 1299 748 adversus
1311 721 1440 748 llerodent
1453 723 1574 756 apparuit
1587 731 1680 757 magna
1696 732 1761 750 cott-

970 767 1068 794 stantia
1083 767 1092 803 (
1107 767 1199 793 Malt/t.
1217 767 1250 794 14
1263 768 1282 802 );
1299 773 1326 794 at
1348 768 1398 795 iste
1419 775 1470 794 non
1491 776 1591 802 unum,
1612 774 1657 796 attt
1675 770 1762 802 duos,

970 817 1099 845 auttrcs,
1115 813 1161 841 sed
1183 814 1337 841 itmunteros
1359 815 1384 841 in
1407 815 1485 842 simili
1510 817 1609 850 positos
1631 822 1763 851 potestate

971 859 1116 893 corripuit,
1132 859 1185 886 imo
1207 860 1284 894 longe
1305 860 1350 886 illo
1369 860 1494 888 szeviores
1514 866 1650 896 tyrannos.
1670 863 1764 890 llestat

972 909 1000 932 ut
1015 904 1123 932 Paulum
1137 905 1191 939 jam
1207 906 1307 941 angelis
1320 913 1506 941 comparemus
1520 916 1527 935 :
1549 907 1660 944 ideoque
1681 910 1762 937 relin-

971 957 1084 986 quentes
1105 957 1222 985 terram,
1248 952 1280 980 ad
1305 953 1430 980 czelorum
1457 953 1559 989 fastigia
1586 961 1760 984 transeamus.

973 998 1024 1026 Sed
1039 999 1126 1026 nullus
1137 1000 1268 1027 sermonis
1280 1000 1361 1026 nostri
1372 1006 1477 1027 accuset
1491 1001 1638 1029 audaciam.
1653 1003 1679 1030 Si
1690 1004 1760 1030 enim

972 1045 1100 1073 Joannem
1114 1050 1139 1072 et
1151 1046 1304 1073 sacerdotes
1318 1046 1362 1073 Dei
1375 1046 1511 1080 Scriptura
1522 1048 1629 1081 angelos
1643 1050 1762 1076 nomina-

971 1091 1009 1118 vit
1024 1099 1031 1117 ε
1047 1091 1109 1126 quid
1125 1092 1221 1118 mirum
1234 1112 1241 1123 ,
1257 1092 1279 1118 si
1295 1092 1505 1126 praestantiorem
1517 1093 1639 1121 omnibus
1653 1094 1761 1122 Paulum

972 1137 1024 1163 illis
1038 1137 1178 1164 virtutibus
1191 1138 1381 1164 conferamus?
1394 1138 1461 1170 Quid
1475 1146 1537 1173 ergo
1550 1146 1609 1166 esse
1622 1141 1647 1167 in
1661 1142 1763 1175 angelis

972 1184 1140 1218 magniﬁcum
1152 1183 1321 1217 judicamus?
1335 1183 1457 1210 Profecto
1467 1185 1526 1218 quia
1539 1193 1598 1212 eum
1613 1187 1685 1213 omni
1699 1194 1762 1217 cura

972 1229 1099 1256 obedittnt
1115 1229 1169 1256 Deo
1184 1239 1191 1257 :
1207 1229 1276 1264 quod
1294 1230 1375 1257 David
1398 1238 1502 1265 quoque
1521 1231 1676 1259 adtnirando
1690 1233 1763 1261 dice-

972 1274 1017 1301 bat
1033 1283 1039 1301 :
1058 1274 1176 1301 Potentes
1195 1276 1300 1306 virtute.
1322 1276 1441 1310 facientes
1461 1277 1561 1304 verbum
1583 1278 1651 1304 illius
1667 1280 1675 1313 (
1692 1280 1763 1306 l’snl.

973 1321 1035 1349 102.
1049 1321 1085 1348 20
1098 1321 1118 1357 ).
1135 1321 1201 1349 Huic
1213 1323 1284 1349 enim
1297 1322 1367 1349 bono
1385 1322 1449 1350 nihil
1466 1331 1574 1358 prorsus
1588 1325 1689 1359 a1quale
1704 1332 1744 1353 est
1756 1347 1763 1357 .

973 1369 1052 1396 etiam
1066 1369 1087 1396 si
1103 1369 1156 1397 sint
1170 1369 1265 1396 millies
1284 1369 1452 1404 incorporei:
1472 1370 1524 1398 hoc
1543 1375 1584 1398 est
1605 1371 1676 1398 enim
1694 1373 1765 1407 quod

973 1415 1089 1443 maxime
1103 1419 1212 1450 pratstat
1225 1423 1272 1442 eos
1285 1415 1377 1442 beatos
1388 1436 1396 1448 ,
1412 1415 1471 1450 quia
1487 1416 1614 1443 obcdiunt
1626 1419 1766 1452 przeeeptis

974 1462 1021 1489 Dei
1035 1482 1042 1494 ,
1059 1462 1118 1497 quia
1134 1469 1195 1488 ettm
1211 1461 1237 1488 in
1254 1461 1326 1488 nullo
1347 1461 1490 1496 aliquando
1512 1466 1695 1489 contemmmt.
1711 1461 1765 1490 Hoc

975 1508 1055 1543 igitur
1069 1513 1094 1535 et
1111 1509 1135 1535 in
1153 1508 1234 1535 Paulo
1245 1508 1322 1542 plene
1333 1507 1506 1535 animadverti
1521 1513 1606 1542 potest
1619 1516 1679 1535 cum
1694 1510 1764 1536 omni

972 1554 1108 1588 diligentia
1130 1558 1157 1581 et
1177 1554 1300 1580 catttioue
1322 1557 1468 1580 servatum.
1493 1553 1549 1580 Non
1570 1558 1657 1581 autem
1680 1555 1764 1582 solum

974 1607 1126 1627 sermonem
1152 1599 1210 1633 ejus
1233 1599 1369 1633 implevit,
1395 1606 1486 1626 verum
1509 1599 1588 1626 etiam
1615 1605 1764 1635 praecepta.

973 1653 1107 1682 supraque
1129 1649 1260 1680 prmecpta
1288 1655 1294 1672 :
1318 1645 1370 1672 hoc
1392 1652 1498 1680 quoque
1523 1644 1663 1672 declarans
1677 1665 1683 1676 .
1707 1646 1765 1672 ait:

976 1692 1039 1725 Qua:
1052 1696 1088 1718 est
1102 1699 1160 1727 ergo
1176 1699 1268 1717 merces
1289 1699 1358 1723 mea,
1382 1695 1409 1717 ut
1430 1691 1584 1725 evangelium
1604 1691 1745 1726 pranlictms
1757 1713 1765 1724 ,

974 1738 1029 1765 sine
1047 1743 1149 1772 sumptu
1170 1744 1262 1771 ponam
1284 1736 1440 1771 evangelium
1462 1735 1511 1762 Dei
1534 1736 1572 1771 (Ι.
1590 1737 1647 1764 Cor.
1666 1737 1692 1764 9.
1710 1738 1765 1771 18).

974 1783 1043 1817 Quid
1066 1791 1129 1811 vero
1149 1783 1219 1810 aliud
1243 1783 1268 1810 in
1288 1782 1390 1817 angelis
1414 1782 1543 1816 propheta
1564 1783 1695 1810 miratur?
1718 1784 1767 1816 Qui

975 1829 1053 1864 facit,
1068 1828 1171 1864 inquit,
1188 1827 1290 1863 angelos
1303 1835 1362 1854 suos
1375 1827 1495 1862 spiritus,
1516 1832 1539 1854 et
1559 1828 1686 1855 ntiuistros
1708 1837 1768 1855 suos

974 1875 1057 1909 ignem
1079 1879 1191 1900 urentem
1214 1875 1222 1908 (
1239 1873 1309 1900 Ptol.
1334 1873 1396 1899 105.
1420 1873 1437 1900 4
1492 1872 1545 1900 Sed
1566 1873 1617 1900 hoc
1635 1873 1715 1900 etiam
1741 1874 1767 1900 in

976 1920 1056 1947 Paulo
1072 1927 1212 1954 possumus
1226 1919 1344 1946 invenire
1355 1939 1362 1950 ,
1379 1918 1422 1953 qui
1437 1918 1508 1946 velut
1531 1919 1598 1952 ignis
1610 1926 1642 1946 ac
1656 1919 1766 1953 spiritus

975 1972 1059 1995 totum
1087 1971 1218 1994 terrarum
1243 1965 1374 2000 percurrit
1399 1964 1508 1996 orbem,
1533 1965 1766 1998 percurrendoque

976 2013 1106 2048 purgavit.
1120 2012 1172 2039 Sed
1185 2011 1295 2038 necdmn
1307 2011 1401 2038 czclum
1416 2010 1465 2037 iSte
1479 2011 1589 2036 sortitus
1599 2016 1640 2037 est.
1650 2011 1661 2036 ?
1672 2011 1705 2038 Et
1718 2011 1768 2038 hoc

976 2059 1087 2086 omnino
1108 2057 1230 2084 mirabile
1245 2065 1251 2083 :
1265 2056 1326 2091 quia
1341 2056 1400 2082 talis
1412 2055 1569 2083 versabatur
1583 2056 1608 2082 in
1626 2056 1704 2083 terris
1715 2077 1723 2088 ,
1742 2062 1769 2084 et

976 2105 1081 2133 mortali
1103 2104 1190 2131 adlutc
1208 2111 1288 2131 carne
1310 2103 1509 2134 circumdatus,
1529 2111 1589 2129 cum
1613 2103 1769 2138 incorpora-

976 2151 1039 2179 lium
1055 2154 1214 2185 potestatum
1231 2149 1327 2176 virtute
1341 2149 1469 2176 certabat.
1480 2148 1585 2181 Quanta
1600 2156 1664 2184 ergo
1677 2157 1769 2176 sumus

975 2196 1197 2224 condemnatione
1211 2194 1282 2229 digni
1297 2215 1304 2226 ,
1321 2201 1381 2220 cum
1396 2201 1448 2220 uno
1469 2193 1577 2220 homine
1597 2194 1665 2220 bona
1680 2195 1768 2221 omnia

976 2243 1002 2270 in
1016 2250 1045 2270 se
1059 2245 1236 2276 congregante
1249 2261 1257 2273 ,
1274 2248 1307 2267 ne
1323 2240 1459 2266 minimam
1474 2240 1581 2275 quidem
1596 2247 1688 2266 eorum
1705 2248 1768 2275 par-

977 2293 1031 2316 tem
1044 2287 1183 2315 studemus
1194 2287 1291 2314 imitari
1303 2286 1315 2313 ?
1329 2285 1390 2313 "mc
1402 2286 1508 2313 assidue
1519 2290 1608 2313 utente
1620 2286 1767 2319 volventes,

976 2339 1003 2362 et
1025 2341 1074 2361 nos
1097 2334 1169 2368 ipsos
1194 2331 1367 2367 incnlpabiles
1392 2331 1577 2366 prznbeamus,
1599 2337 1626 2358 et
1643 2331 1676 2358 ad
1701 2331 1770 2358 illius

975 2381 1061 2408 zelum
1075 2379 1229 2407 studeamtts
1243 2377 1371 2405 accedere
1383 2398 1390 2410 ,
1406 2383 1434 2404 ut
1452 2377 1484 2404 ad
1504 2377 1598 2405 eadem
1615 2378 1684 2405 bona
1706 2385 1770 2412 per-

976 2427 1066 2454 venire
1093 2432 1263 2458 mereamttr,
1293 2424 1375 2460 gratia
1401 2428 1429 2451 et
1457 2423 1636 2451 misericordia
1664 2423 1768 2450 Domini

977 2472 1059 2499 nostri
1080 2471 1142 2498 Jcsu
1165 2470 1283 2502 Christi,
1306 2470 1347 2496 cui
1369 2474 1409 2496 est
1426 2469 1508 2504 gloria
1532 2474 1560 2496 et
1582 2469 1720 2504 imperium
1744 2469 1771 2496 in

977 2519 1074 2545 sa-cula
1090 2517 1258 2544 szcculorum.
1274 2518 1367 2542 Amen.

569 2652 639 2687 DE
661 2651 920 2689 LAUDIBUS
943 2653 1129 2689 SANCTI
1155 2651 1314 2686 PAULI

871 2727 1028 2749 APOSTOLI.

450 2868 557 2888 IollLlA
576 2868 604 2887 ll.

167 2907 235 2939 Quid
253 2906 290 2934 sit
305 2907 397 2940 homo,
411 2911 436 2934 ct
452 2914 547 2940 quanta
562 2912 661 2935 naturrc
676 2911 772 2934 nostrm
786 2906 924 2936 nobilitas,

978 2861 1135 2893 quanlmquc
1148 2863 1229 2890 capax
1248 2854 1352 2882 virtutis
1365 2854 1415 2881 hoe
1423 2856 1455 2881 sit
1467 2853 1574 2885 animal,
1587 2853 1626 2881 vel
1640 2855 1770 2889 pra-cipue

980 2915 1011 2934 cx
1027 2905 1148 2933 omnibus
1163 2903 1259 2930 Paulus
1272 2899 1398 2935 ostendit,
1414 2899 1458 2936 qui
1475 2907 1545 2928 nunc
1558 2900 1630 2928 stetit
1645 2901 1770 2930 adversus
