1976 3130
226 167 279 196 J79

224 225 422 253 erittnoatioucs
445 225 569 253 humana
584 229 722 254 creatum,
736 223 881 250 clarissitna
898 229 945 256 pro
959 221 1011 247 Do-

225 280 298 298 nnno
319 279 383 298 voce
397 271 570 305 respondens,
587 270 731 296 cobortans
745 269 777 295 ad
797 268 882 294 studia
899 268 1012 299 virtutis,

224 323 251 344 et
265 316 492 351 impudentiSsinta
508 316 744 349 blasphemantittm
761 323 805 341 ora
828 313 990 340 concludens
1007 321 1012 338 :

223 362 324 389 docens
337 369 440 396 quoque
455 361 526 395 qttod
553 361 622 387 inter
644 361 751 395 angelos
765 360 940 393 hominesque
962 367 1014 386 non

223 406 323 440 prande
337 407 371 433 sit
385 406 509 438 taedium,
525 406 545 432 si
562 411 648 432 tamen
659 413 706 432 nos
721 405 792 439 ipsos
803 405 953 439 diligettlitts
966 413 1013 430 ex-

224 454 354 480 colamus.
370 453 426 480 Non
441 453 511 480 enim
534 453 612 479 aliam
633 452 677 479 ille
688 456 729 479 est
747 452 856 478 sortitus
880 458 1010 482 naturam,

225 506 273 526 uec
288 498 443 526 dissimilem
460 503 552 525 nactus
575 497 699 529 animam,
724 505 809 532 neque
828 498 939 523 alterunt
965 497 1012 522 ha-

225 545 311 571 bitans
332 544 469 574 mundum.
493 544 538 570 sed
553 545 577 569 iit
594 543 688 570 eadem
711 547 790 574 terra,
806 542 952 576 eademque
972 550 1013 568 re-

225 591 314 625 gione,
329 591 379 617 sub
392 590 492 616 eisdem
507 589 585 616 etiam
600 589 701 623 legibus
716 590 829 615 nutritus
844 593 871 614 et
884 587 1011 618 moribus,

224 642 334 663 cunctos
347 636 389 670 qui
404 637 442 662 vel
456 643 526 662 nunc
538 640 598 661 sunt
611 634 740 665 homines,
751 635 790 661 vel
807 633 921 664 fuerunt,
935 633 1014 659 altius

226 682 322 709 \irtute
335 682 508 709 transcendit.
525 681 574 708 Ubi
587 681 664 715 igitur
678 681 715 707 illi
733 687 803 708 nunc
816 684 877 706 sunt
892 679 935 713 qtti
950 679 1012 705 vitia

225 729 251 755 in
265 728 387 763 proclivi,
402 729 525 754 virtutem
543 729 566 753 itt
588 727 670 754 arduo
683 725 868 753 collocarunt?
881 725 929 752 llic
941 726 1012 752 enini

226 774 311 808 palant
326 774 376 800 illis
392 778 530 807 repugnat,
545 772 636 799 dicens
651 781 658 798 ι
674 772 748 804 Quod
767 772 832 804 enim
848 772 873 798 in
897 771 1013 806 prmeuti

225 824 426 846 ntomeiitmteum
447 824 481 845 cat
504 826 534 844 ac
558 817 610 844 lere
629 817 795 844 tribulationis
811 821 911 848 nostra,
936 825 1013 851 supra

224 867 326 891 modum
339 864 366 890 in
385 864 537 890 sublimitate
549 868 671 889 u'teruum
685 863 710 889 iu
733 863 804 889 nobia
818 862 905 896 gloria
915 862 1013 896 pondus

225 915 343 946 operatur
365 909 400 945 (2
425 911 483 936 (Sor.
495 911 522 937 ι.
539 910 568 936 t7
583 910 602 944 ).
615 908 643 936 Si
657 914 744 936 autem
767 908 917 942 huiusmodi
930 907 1013 934 tribu-

224 957 336 983 lationes
350 955 520 983 inveniuntur
535 955 616 987 leves,
628 960 726 990 quanto
740 954 824 989 magis
835 954 875 981 lue
882 961 942 988 qutc
952 957 1014 980 sunt

225 1002 251 1029 in
267 1003 342 1029 nobis
353 1002 501 1036 voluptates
513 1001 526 1028 .’

260 1047 354 1082 lugent
368 1045 444 1073 I’uult'
460 1047 680 1082 [ervom—Neque
689 1054 754 1074 vero
767 1045 819 1073 hoc
832 1045 917 1073 solum
929 1046 954 1072 iu
969 1045 1013 1072 illo

224 1093 344 1120 mirabile
367 1097 420 1124 est,
443 1092 513 1127 quod
540 1100 594 1127 pra:
608 1091 770 1118 abundantia
784 1091 934 1119 devotionis
948 1097 1013 1125 quo-

224 1139 366 1166 dammodo
387 1146 439 1165 non
454 1129 538 1164 sensit
552 1137 659 1164 dolores
673 1145 720 1172 pro
742 1138 838 1164 virtute
857 1142 1012 1170 susceptos;

225 1184 272 1213 Sed
284 1184 362 1211 etiam
376 1184 445 1218 quod
456 1184 579 1211 virtutem
596 1184 679 1218 ipsam
694 1191 743 1218 pro
757 1183 880 1210 mercede
892 1191 943 1209 noti
956 1190 1014 1209 sus-

225 1231 305 1264 cepit.
329 1230 396 1257 Nam
410 1230 570 1264 nosquidcttt
585 1237 631 1264 pro
644 1237 674 1256 ea
687 1236 735 1256 nec
745 1230 877 1263 proposita
892 1228 1014 1255 mercede

225 1281 367 1308 certamus,
382 1284 460 1310 quam
484 1276 529 1302 ille
542 1276 720 1309 complectens
730 1275 808 1302 etiam
830 1274 888 1301 sine
905 1274 1014 1308 pnuntio

225 1321 360 1356 diligebat,
373 1325 467 1348 cuncta
483 1321 527 1348 illa
537 1329 597 1356 quae
609 1321 752 1355 asperitate
766 1321 806 1347 sui
831 1320 954 1346 videnlur
966 1320 1014 1346 itit-

227 1367 317 1402 pudire
328 1367 458 1399 virtutem,
467 1374 526 1393 cum
538 1366 831 1400 omnimagttanitnitate
845 1365 1012 1400 perpetiens:

225 1413 270 1447 qui
283 1420 367 1447 neque
381 1412 559 1439 inlirmitatem
573 1412 704 1446 corporis,
721 1419 806 1446 neque
819 1410 1013 1438 multitudinem

224 1458 451 1486 circumstantium
475 1457 591 1492 undique
606 1458 783 1492 negotiorum,
798 1464 883 1490 neque
898 1456 1015 1492 tyratuii.

225 1505 287 1532 dem
303 1509 416 1537 naturae,
429 1511 515 1539 neque
524 1504 668 1539 quidquam
682 1502 754 1530 aliud
769 1504 877 1530 omnino
892 1508 1015 1529 causatus

225 1554 287 1579 est:
301 1558 361 1578 cum
377 1551 467 1585 utique
489 1550 573 1584 major
588 1550 637 1581 illi,
651 1557 730 1584 quam
755 1549 858 1576 cunctis
872 1553 899 1575 et
913 1548 1015 1576 militia:

226 1595 389 1631 principibus
415 1600 442 1622 ct
461 1595 567 1630 regibus
594 1600 672 1621 terra:
688 1598 760 1622 esset
774 1601 836 1621 cura
860 1594 1013 1622 commissa.

226 1643 279 1671 Sed
290 1643 407 1678 quotidie
417 1643 523 1674 celsior,
533 1642 650 1677 quotidie
663 1641 817 1676 assurgcbat
830 1640 973 1673 ardentior,
987 1644 1016 1667 ct

227 1689 336 1716 intentis
345 1689 395 1716 sibi
405 1689 529 1723 periculis
538 1696 604 1715 nova
611 1695 717 1722 semper
725 1688 862 1714 alacritate
871 1687 1013 1722 pugnabat,

226 1735 305 1770 idque
317 1735 468 1769 signiﬁcans
479 1734 584 1761 dicebat
594 1743 601 1761 :
613 1733 708 1761 Eorum
717 1740 773 1768 qua
785 1738 851 1759 retro
859 1733 1013 1765 oblivisccm,

225 1781 254 1808 in
275 1789 305 1807 ea
324 1789 391 1812 vero,
409 1788 467 1815 qua
475 1780 562 1814 priora
574 1784 631 1807 sunt
644 1779 778 1807 extendens
791 1778 970 1814 nte(P/tilipp.
987 1779 1012 1806 5.

226 1826 262 1853 15
281 1826 303 1861 ),
313 1826 358 1861 qni
371 1833 432 1853 cum
440 1826 490 1853 sibi
503 1826 557 1860 jam
576 1830 691 1853 mortem
702 1825 884 1852 imminentem
901 1825 1013 1857 videret,

225 1871 259 1900 ad
271 1871 485 1899 communionem
496 1871 753 1905 delectationemque
767 1871 856 1905 gaudii
868 1871 935 1898 alios
950 1878 1012 1904 pro-

226 1918 346 1950 vocabat,
360 1918 471 1944 dicens:
485 1916 607 1950 Gaudete,
615 1921 641 1944 et
652 1916 862 1951 congratulamini
869 1916 928 1942 milu'
938 1915 1015 1952 (Plii-

225 1964 324 1999 tipp.2.
336 1964 371 1991 l8'
387 1964 397 1998 j
411 1971 458 1990 :ac
467 1962 602 1998 periculis,
614 1962 726 1997 injuriis,
738 1962 940 1996 opprobriisque
954 1969 1015 1996 pro-

227 2009 332 2044 positis,
353 2016 446 2037 rursus
470 2008 595 2038 exsultat.
610 2012 637 2035 et
649 2007 794 2036 Corinthiis
809 2008 939 2039 scribens,
954 2008 991 2034 ait
1006 2016 1012 2034 :

225 2055 319 2082 I’Intco
331 2055 393 2082 mihi
412 2055 438 2081 in
450 2054 650 2087 inﬁrmitatibus,
673 2054 701 2081 in
713 2054 880 2086 contumeliis,
891 2054 920 2080 iu
931 2062 1015 2089 peru-

225 2099 442 2135 quutt'anibua(3.
470 2099 530 2127 Cor.
545 2099 588 2127 12.
606 2099 676 2133 f0):
696 2107 756 2126 cum
771 2099 862 2134 utique
880 2099 937 2127 btee
957 2099 1014 2134 ipsa

225 2153 286 2173 esse
294 2145 398 2172 diceret
408 2152 481 2171 arma
495 2144 616 2178 jusdtite,
632 2144 778 2175 ostendens
802 2145 865 2172 hinc
884 2145 934 2173 sibi
959 2145 1015 2173 fru-

225 2197 298 2221 ctum
310 2191 454 2219 maximum
476 2190 627 2225 provenire.
643 2190 733 2226 itaque
747 2198 808 2219 cum
826 2191 895 2219 inter
914 2191 1016 2220 medias

226 2237 395 2265 inimicorum
426 2240 579 2265 versaretur
604 2236 733 2269 insidias,
757 2244 841 2264 ovans
866 2242 955 2265 tatueu
981 2237 1015 2265 dc

226 2283 300 2311 omni
323 2290 419 2310 corum
443 2281 578 2312 referebat
595 2282 797 2317 intpugnatione
822 2283 963 2317 vicwias,
987 2288 1015 2310 et

227 2328 325 2363 ubique
342 2335 429 2357 eat-sus
440 2328 606 2359 verberibus,
619 2327 730 2357 allectus
745 2327 852 2362 injuriis
864 2333 943 2363 atque
956 2336 1013 2355 ma-

225 2373 339 2405 ledictis.
365 2373 440 2408 quasi
463 2373 637 2407 triumphales
659 2380 769 2408 pompas
791 2378 899 2408 ageret,
921 2374 1013 2401 crebra

226 2426 324 2454 tropma
335 2423 461 2449 strueret,
470 2419 642 2454 gloriabatur,
649 2419 801 2454 gratiasque
810 2419 942 2446 referebat
948 2420 1012 2450 Deo.

225 2466 338 2495 dicens:
353 2465 407 2493 Deo
419 2469 502 2494 autem
515 2465 621 2500 gratias,
640 2465 683 2500 qui
701 2473 802 2499 semper
818 2465 956 2500 triumphat
968 2473 1014 2492 nos

227 2511 272 2546 (ε.
287 2511 346 2538 Cor.
360 2510 387 2536 ρ.
404 2509 468 2545 tt).

265 2556 335 2589 Quid
349 2556 486 2582 tituendum
508 2555 550 2588 ait,
565 2556 626 2591 quid
640 2555 776 2591 optandum
788 2564 798 2588 ,'
812 2556 908 2583 Caritas
921 2556 1014 2584 Christi

224 2602 305 2628 instar
318 2601 430 2627 omnium
446 2601 576 2628 bonorum.
591 2616 627 2621 ——
637 2601 727 2636 ltaqtte
743 2601 775 2628 ad
790 2601 972 2629 confusionem
985 2607 1013 2630 et

225 2647 346 2682 injurias,
357 2654 423 2682 quas
430 2647 464 2674 ob
472 2647 630 2682 prasdicaudi
639 2648 754 2675 studium
761 2648 917 2680 sustinebat,
929 2650 1013 2684 magis

224 2701 304 2728 quam
332 2700 380 2720 nos
405 2693 438 2720 ad
464 2693 595 2720 ltonorum
619 2693 814 2721 oblectamenta
834 2695 1011 2729 properabat,

225 2743 337 2766 mortem
357 2738 453 2773 potius,
468 2746 547 2773 quam
572 2746 620 2766 nos
631 2739 712 2765 vitam
734 2744 862 2774 appetens
878 2749 883 2767 :
901 2748 1012 2776 pauper-

224 2788 316 2817 tatem,
325 2792 404 2819 quatn
416 2785 578 2820 opulentiam
591 2792 599 2811 :
614 2789 642 2811 et
655 2785 738 2811 multo
751 2786 866 2820 amplius
892 2786 1011 2814 laborem

223 2831 392 2865 desiderans,
404 2840 483 2868 quam
496 2832 539 2859 alii
551 2831 667 2866 requiem
681 2837 741 2868 post
753 2833 870 2860 laborem
883 2842 890 2860 :
905 2841 936 2861 ac
951 2841 1013 2862 mot-

224 2884 312 2906 ruretn
325 2879 406 2914 magis
415 2879 525 2915 eligens,
534 2885 612 2914 quam
624 2879 668 2906 alii
676 2879 835 2916 voluptatem
848 2889 855 2907 :
867 2880 1010 2908 studiosius

595 166 624 194 S.
639 166 778 195 JOANNIS
797 163 1035 193 CHRYSOSTOMI
1054 163 1214 193 ARCHIEP.
1233 165 1500 194 CONSTANTINOP.

1806 170 1856 195 ΗΟ

1069 228 1117 254 pro
1133 221 1246 249 inimicis
1257 229 1344 254 orans,
1359 231 1437 258 quam
1447 223 1490 250 alii
1504 223 1773 252 advemusinimieos.
1788 225 1859 251 Con-

1069 271 1184 293 verterat
1197 267 1268 294 enim
1294 268 1415 296 ordinem
1439 276 1528 296 rerum
1545 278 1552 296 :
1568 270 1621 295 imo
1644 277 1695 296 nos
1710 277 1772 296 eum
1797 278 1858 296 vere

1068 313 1254 346 pervenimus.
1271 314 1310 341 Ab
1321 314 1367 340 illo
1380 320 1469 342 autem
1482 315 1520 341 sic
1534 316 1682 342 custoditus
1698 321 1751 348 est,
1765 323 1858 350 quent-

1067 358 1209 385 admodum
1224 367 1239 385 a
1261 359 1317 386 Deo
1334 359 1419 387 fuerat
1437 360 1585 388 institutus.
1609 360 1656 388 Illa
1677 361 1749 387 enim
1769 362 1858 388 omnia

1067 411 1126 437 qua:
1145 404 1338 438 appetebantur
1359 413 1374 432 a
1409 405 1500 437 Paulo,
1518 410 1620 432 natura:
1641 413 1776 440 congrua;
1803 405 1859 432 inec

1067 457 1141 481 vero,
1155 457 1214 483 qua:
1230 449 1299 477 idettt
1320 450 1364 477 ille
1387 449 1512 484 fugiebat,
1537 452 1670 478 contraria
1692 451 1855 486 judicantur.

1068 494 1145 523 Unde
1164 495 1232 522 istud
1249 496 1354 531 probari
1385 497 1494 530 potest?
1511 497 1594 523 llomo
1608 497 1680 524 enim
1702 505 1764 524 cum
1787 501 1859 524 esset

1067 540 1174 571 Paulus,
1200 542 1233 568 ad
1254 542 1296 568 illa
1312 546 1398 569 tamen
1421 543 1514 576 magis,
1530 550 1608 576 quam
1623 542 1655 568 ad
1665 543 1714 569 ista
1723 542 1856 572 currebat.

1068 585 1154 613 Unum
1169 587 1238 614 enim
1255 587 1291 614 illi
1308 587 1502 614 formidandum
1516 593 1659 622 eratatque
1673 588 1856 620 metuendum,

1066 632 1168 660 oﬂ'ensa
1191 633 1316 660 nimirum
1333 633 1390 666 Dei,
1409 641 1458 660 nec
1479 634 1622 668 quidquam
1646 634 1718 661 aliud
1734 634 1856 661 omnino.

1067 679 1138 714 Ergo
1166 687 1216 706 nec
1239 679 1417 707 desiderabile
1438 680 1475 707 illi
1504 680 1573 706 aliud
1594 685 1661 712 erat,
1686 681 1736 708 nisi
1753 681 1858 715 placere

1066 731 1173 758 semper
1189 724 1255 751 Deo.
1271 724 1328 751 Non
1344 724 1405 752 dico
1414 725 1472 758 quia
1489 725 1552 751 nihil
1568 726 1737 759 pnesentimn
1753 725 1857 752 deside-

1066 770 1153 800 rabat.
1170 769 1217 796 sed
1233 777 1282 796 nec
1295 770 1412 804 ipsorum
1428 770 1526 805 aliquid
1540 770 1699 797 futurorum.
1714 769 1772 797 Non
1786 771 1855 796 enim

1066 816 1131 843 mihi
1155 816 1229 843 dicas
1245 816 1325 843 urbes
1345 822 1372 843 ct
1387 822 1498 851 gentes.
1519 817 1662 847 exercitus,
1686 817 1855 851 provincias,

1067 863 1202 897 pecunias,
1219 867 1365 897 potestates
1379 872 1385 889 :
1401 862 1458 890 hare
1471 863 1541 890 enim
1561 863 1605 890 ille
1627 870 1787 890 aranearum
1812 862 1856 889 ﬁla

1066 909 1218 943 reputavit:
1242 908 1290 936 sed
1310 917 1341 936 ea
1367 909 1423 943 ipsa
1448 916 1526 943 pone,
1541 916 1600 943 qua:
1623 908 1814 942 promittuntur
1830 908 1856 935 in

1066 955 1148 988 ea'lis,
1172 959 1198 982 et
1212 959 1275 982 tunc
1294 956 1353 988 ejus
1374 955 1510 982 ardentem
1526 955 1551 981 in
1565 954 1670 981 Christo
1682 961 1802 980 antorem
1816 953 1856 980 vi-

1065 1001 1150 1029 debis.
1167 1001 1215 1028 llic
1228 1001 1359 1036 siquidem
1373 1009 1428 1037 pra:
1443 1001 1514 1028 illius
1534 1001 1685 1033 dulcedine,
1708 1008 1762 1027 non
1775 1007 1856 1035 ango-

1066 1047 1161 1081 lorutn,
1176 1056 1229 1075 non
1241 1048 1459 1083 archangclorutn
1474 1048 1620 1076 admiratus
1631 1053 1673 1075 cst
1685 1047 1855 1082 dignitatem,

1066 1101 1117 1121 nec
1141 1095 1282 1129 quidquam
1306 1093 1399 1120 borum
1413 1093 1500 1120 simile
1513 1094 1673 1126 concupivit.
1695 1092 1772 1126 Quod
1785 1093 1856 1120 enim

1065 1144 1124 1167 erat
1143 1140 1229 1174 majus
1248 1140 1382 1172 omnibus,
1397 1139 1496 1167 Christi
1515 1147 1606 1167 amore
1628 1139 1780 1170 fruebatur;
1795 1147 1855 1166 cum

1066 1184 1118 1213 hoc
1139 1185 1283 1213 beatiorem
1311 1193 1340 1212 sc
1353 1186 1457 1212 cunctis
1470 1186 1598 1220 putabat;
1617 1185 1676 1212 sine
1690 1185 1741 1212 ltoc
1768 1190 1854 1211 autem

1067 1238 1152 1264 neque
1165 1230 1356 1262 dominatuum,
1384 1239 1469 1265 neque
1486 1232 1679 1266 principatuum
1694 1231 1784 1258 socius
1797 1238 1855 1259 ωδε

1066 1276 1188 1311 ettpicbat
1197 1285 1204 1302 :
1213 1276 1258 1303 scd
1271 1284 1330 1303 cum
1346 1277 1396 1304 hac
1406 1276 1545 1304 dilectione
1556 1277 1638 1310 magis
1650 1284 1709 1304 esse
1719 1282 1855 1304 extremus

1066 1323 1184 1356 optabat,
1198 1322 1251 1348 imo
1265 1322 1344 1349 etiam
1357 1330 1389 1349 ex
1403 1330 1512 1350 numero
1527 1323 1690 1356 punitorum,
1705 1330 1786 1357 quam
1799 1323 1855 1349 sine

1066 1366 1117 1395 hac
1136 1367 1204 1394 inter
1213 1375 1331 1394 summos
1344 1367 1479 1395 ethnnorc
1492 1368 1629 1395 sublimes.
1645 1368 1701 1395 Hoc
1712 1368 1785 1395 enini
1799 1373 1855 1396 erat

1066 1413 1102 1440 illi
1118 1414 1261 1441 maximum
1274 1418 1301 1441 ct
1312 1414 1445 1449 singulare
1454 1419 1624 1447 tormentum,
1636 1415 1670 1441 ab
1683 1415 1733 1442 hac
1745 1414 1855 1442 caritate

1066 1458 1203 1487 discedere
1214 1469 1220 1486 :
1230 1459 1247 1486 li
1256 1468 1286 1486 rc
1300 1460 1336 1487 illi
1349 1464 1407 1487 erat
1417 1460 1547 1494 gehenna,
1563 1460 1619 1487 ha-c
1630 1460 1684 1486 sola
1694 1468 1783 1494 pinna,
1798 1460 1856 1487 ha‘c

1067 1505 1168 1533 infinita
1183 1511 1211 1533 et
1232 1506 1396 1534 intoleranda
1419 1506 1557 1542 supplicia.
1572 1506 1646 1533 Sicut
1657 1506 1736 1533 etiam
1752 1506 1854 1541 perfrui

1065 1552 1175 1579 caritate
1185 1551 1294 1583 Christi,
1304 1553 1353 1578 hoc
1362 1552 1397 1578 illi
1408 1552 1469 1585 vita,
1477 1551 1528 1579 hoc
1536 1552 1660 1585 mundus,
1675 1552 1725 1579 ltoc
1734 1551 1854 1586 angulus,

1067 1597 1117 1624 hoc
1131 1598 1282 1632 pra-sentin,
1298 1597 1348 1624 hoc
1361 1597 1458 1628 futura,
1474 1597 1524 1624 hoc
1538 1605 1660 1632 regnum,
1675 1598 1726 1626 hoc
1741 1598 1856 1632 promis-

1067 1642 1118 1674 sio,
1135 1642 1186 1670 hoc
1196 1643 1264 1669 liena
1279 1643 1418 1670 videbatur
1439 1643 1576 1670 innumera
1591 1652 1597 1670 :
1610 1649 1707 1678 ιιι-αξιοι·
1728 1643 1780 1671 hoc
1791 1651 1857 1670 vero

1066 1689 1131 1716 nihil
1154 1688 1179 1716 in
1193 1689 1306 1716 tristium
1321 1689 1364 1716 vel
1377 1688 1554 1723 iucundorum
1570 1694 1644 1724 parte
1663 1690 1788 1724 ponebat.
1803 1689 1857 1717 Ho-

1067 1742 1125 1762 rum
1148 1735 1219 1762 enim
1241 1743 1300 1769 qua:
1314 1734 1357 1762 hic
1375 1735 1516 1768 habentur,
1537 1735 1601 1763 nihil
1629 1743 1764 1770 asperum,
1789 1736 1856 1763 nihil

1065 1780 1145 1807 etiam
1160 1787 1243 1807 suave
1262 1780 1411 1814 reputabat.
1424 1780 1469 1808 Sic
1479 1780 1645 1815 despiciebat
1659 1781 1780 1808 universa
1795 1789 1857 1816 qua:

1065 1826 1208 1857 cernimus,
1217 1829 1247 1852 ut
1258 1826 1324 1852 solet
1340 1825 1418 1853 herba
1427 1825 1481 1860 jam
1493 1825 1635 1860 putrefacta
1647 1827 1789 1853 contemni.
1804 1826 1857 1862 Ty-

1066 1878 1164 1898 rannus
1171 1878 1235 1898 vero
1245 1872 1328 1906 ipsos,
1341 1878 1373 1897 ac
1383 1871 1494 1906 populos
1504 1871 1635 1905 Spirantes
1645 1871 1773 1903 furorem,
1784 1873 1857 1899 velut

1064 1916 1194 1951 quosdam
1209 1924 1269 1943 esse
1282 1916 1382 1943 culices
1402 1916 1579 1943 existimabat.
1606 1915 1717 1943 Mortem
1742 1923 1809 1944 vero
1830 1922 1858 1943 et

1065 1963 1199 1990 cruciatus
1209 1966 1237 1989 et
1250 1962 1324 1989 mille
1337 1963 1475 1997 supplicia,
1488 1962 1563 1997 quasi
1575 1962 1665 1989 ludum
1675 1963 1785 1997 putabat
1797 1970 1857 1990 esse

1067 2017 1220 2044 puerorum.
1236 2008 1380 2036 dummodo
1394 2014 1501 2043 propter
1513 2008 1648 2035 Christum
1672 2009 1774 2042 aliquid
1794 2016 1853 2036 sus~

1067 2055 1173 2082 tincret.
1189 2054 1264 2082 Tunc
1287 2054 1358 2082 enim
1380 2054 1436 2088 ipsa
1461 2054 1670 2088 amplectebatur
1689 2054 1814 2087 libenter,
1829 2060 1858 2082 et

1066 2101 1242 2130 decurabatnr
1254 2101 1360 2128 vinctus
1372 2107 1465 2128 catena
1480 2101 1573 2135 magis,
1584 2108 1663 2135 quant
1676 2100 1750 2128 Nero
1762 2101 1858 2129 diade-

1067 2153 1138 2176 mate
1151 2152 1304 2176 coronatus.
1320 2147 1426 2176 Etenim
1440 2152 1589 2175 coarcuttus
1597 2155 1707 2174 carcere
1722 2147 1859 2174 habitabat.

1066 2195 1171 2226 etclam,
1195 2201 1228 2222 ac
1250 2193 1374 2220 libentius
1394 2193 1503 2220 verbera
1526 2192 1676 2227 excipiebat
1695 2197 1723 2220 et
1735 2193 1856 2224 vulnera,

1065 2247 1146 2275 qttatn
1163 2239 1209 2267 alii
1230 2239 1320 2266 bravia
1338 2239 1467 2273 diripiunt
1480 2247 1487 2265 :
1500 2244 1528 2266 et
1550 2238 1656 2266 dolores
1680 2246 1733 2265 non
1759 2239 1858 2271 minus,

1066 2293 1145 2320 quam
1158 2286 1266 2320 prazmia
1276 2284 1411 2319 diligebat.
1424 2292 1484 2311 cum
1496 2285 1567 2318 ipsos
1578 2284 1669 2318 utique
1679 2284 1789 2312 dolores
1798 2284 1858 2310 loco

1066 2332 1176 2359 duceret
1186 2331 1353 2365 pra'ntiorum
1366 2339 1373 2356 :
1387 2336 1526 2366 propterea
1540 2331 1611 2358 enim
1631 2330 1692 2357 illos
1704 2336 1729 2357 et
1744 2331 1857 2364 gratiam

1068 2377 1230 2405 nominabat.
1245 2377 1328 2411 Quem
1353 2384 1461 2403 sensum
1474 2375 1617 2411 diligenter
1628 2377 1761 2410 expende.
1783 2375 1857 2402 Pra-

1067 2424 1149 2450 mium
1163 2429 1237 2450 certe
1247 2428 1304 2449 erat
1317 2422 1435 2452 dissolvi.
1451 2426 1548 2448 etesse
1566 2429 1625 2448 cum
1643 2421 1751 2448 Christo
1766 2422 1776 2455 (
1795 2421 1856 2448 Phi-

1067 2470 1131 2505 lipp.
1150 2470 1173 2497 Ι.
1184 2469 1230 2496 23.
1243 2469 1278 2496 24
1290 2469 1318 2503 );
1335 2476 1494 2503 permanere
1508 2472 1598 2494 autem
1616 2468 1641 2494 itt
1655 2475 1748 2500 carne,
1768 2474 1856 2495 certa-

1065 2523 1126 2543 men
1139 2523 1147 2547 ;
1160 2515 1206 2543 sed
1218 2519 1305 2542 tamen
1325 2520 1434 2549 propter
1449 2512 1549 2541 Christi
1561 2513 1722 2540 desiderium
1746 2514 1856 2548 prmmia

1066 2561 1204 2589 differebat
1214 2560 1357 2595 cupiditate
1366 2560 1528 2591 certaminis,
1543 2559 1622 2594 idque
1636 2559 1719 2594 magis
1730 2567 1857 2586 necessa-

1066 2607 1133 2634 rium
1144 2614 1202 2633 esse
1213 2606 1335 2633 ducebat.
1351 2605 1373 2632 E
1385 2605 1491 2640 regione
1500 2611 1562 2632 vero
1569 2604 1710 2631 anathema
1724 2612 1738 2630 a
1749 2604 1857 2632 Christo

1066 2653 1121 2679 ficri
1137 2657 1270 2679 certatnen
1296 2655 1353 2678 erat
1376 2655 1402 2678 et
1419 2651 1504 2681 dolor,
1521 2649 1603 2684 magis
1622 2653 1711 2676 autent
1730 2654 1758 2676 e:
1775 2657 1856 2684 supra

1065 2704 1210 2729 certamen,
1234 2705 1366 2732 supraque
1392 2704 1498 2723 omnem
1513 2696 1644 2723 dolorem.
1660 2696 1696 2723 At
1705 2703 1772 2724 vero
1795 2704 1855 2723 esse

1065 2753 1125 2772 cum
1142 2744 1249 2771 Christo
1263 2749 1320 2771 erat
1332 2743 1469 2778 prmminm
1489 2743 1639 2777 singulare;
1655 2742 1752 2769 Paulus
1766 2747 1854 2770 tamen

1066 2794 1174 2826 propter
1182 2788 1317 2816 Christum
1332 2787 1394 2815 illud
1407 2787 1584 2822 maluitqttam
1596 2787 1664 2814 istud
1677 2787 1787 2822 eligere.
1801 2787 1854 2815 Sed

1066 2837 1183 2870 profecto
1192 2834 1262 2862 dicat
1276 2834 1317 2861 hic
1327 2833 1431 2868 aliquis,
1440 2833 1563 2868 quoniam
1577 2831 1635 2859 hmc
1647 2832 1736 2859 omnia
1748 2838 1855 2866 propter

1066 2881 1199 2910 Christum
1216 2880 1306 2908 suavia
1324 2886 1384 2908 esse
1405 2878 1519 2907 diccbat.
1537 2877 1593 2906 Hoc
1607 2877 1686 2913 plane
1698 2878 1780 2906 etiam
1798 2878 1856 2914 ipse
