1976 3130
136 189 182 218 ('81

134 247 279 278 conﬁteor;
302 245 426 281 quoniam
450 252 508 280 qua:
531 243 607 270 nobis
630 246 691 269 sunt
702 248 780 267 causa
800 239 922 268 tristitiae,

137 295 193 320 haec
209 292 245 319 illi
261 292 399 326 pariebant
413 290 555 318 maximam
568 290 742 323 voluptatem.
754 286 790 313 Et
803 283 865 319 quid
876 291 925 318 ego

135 339 253 373 pericula
268 344 454 371 aerumnasque
466 333 667 363 commemoro?
682 333 709 359 ln
726 337 840 358 mcerore
854 329 924 355 enim

136 384 254 411 maximo
276 383 320 410 ille
330 382 496 413 versabatur,
516 383 624 415 propter
640 378 711 413 quod
726 376 846 404 dicebat:
863 374 925 408 Quis

134 431 290 464 inﬁrmatur,
306 433 328 456 et
343 437 388 463 ego
400 437 451 455 non
469 425 606 461 inﬁrmor'?
617 425 673 460 quis
693 422 888 453 scmudalizatur,
903 425 926 447 et

133 468 179 512 ego
194 484 245 502 non
258 484 318 502 uror
329 475 374 512 (2.
390 475 449 502 Cor.
466 475 510 501 ll.
521 473 557 501 ‘29
572 472 602 507 )?
615 471 671 499 Etsi
686 471 712 497 in
727 476 842 497 mmrore
856 468 926 495 dicat

133 530 241 557 quoque
253 522 312 557 quis
326 522 414 548 inesse
437 520 551 555 aliquam
564 519 729 552 voluptatem
742 525 748 543 :
764 515 838 542 multi
854 515 924 541 enim

132 568 240 594 illorum
262 567 307 602 qui
333 567 445 593 iiliorum
465 565 595 592 mortibus
621 563 803 593 vulnerantur,
826 560 925 595 aliquid

130 613 325 641 consolationis
351 612 494 647 accipiunt,
519 611 541 637 si
559 617 620 637 cum
643 609 698 636 suis
719 607 824 635 ﬂetibtts
841 606 925 633 relin-

131 664 267 693 quuntur;
289 659 424 694 magisque
438 658 537 690 dolent,
553 664 614 683 cum
627 656 719 682 dolere
739 653 923 689 prohibentur.

130 706 177 733 Sic
192 706 271 740 igitur
286 704 423 732 et’Paulus
436 707 515 730 nocte
526 707 553 729 et
564 702 609 729 die
620 700 828 728 consolationem
851 698 925 725 exci-

132 751 224 784 piebat
252 758 286 777 ex
312 749 436 785 lacrymis
451 757 457 774 :
473 747 561 774 nullus
578 745 709 781 siquidem
735 748 808 771 tanto
829 743 924 770 aﬂ'ectu

131 796 202 822 mala
215 795 333 830 propria,
347 802 425 829 quam
439 793 484 820 ille
498 792 612 819 deﬂebat
624 791 720 818 aliena.
742 788 922 823 Quemadmo-

130 841 195 867 dum
210 841 282 867 enim
299 841 372 866 illum
386 838 502 874 opinaris
513 837 651 869 afﬂictum,
665 843 725 863 cum
749 834 922 869 perditionem

129 886 286 913 .ludrrorum
302 885 384 917 dolet,
399 885 454 919 qui,
466 888 495 910 ut
516 883 552 910 illi
569 882 634 909 salvi
656 881 761 912 ﬁerent.
781 880 897 914 seipsum
908 885 923 904 a

129 933 258 959 ca-lorum
281 932 365 966 gloria
388 931 508 965 cupiebat
526 928 630 956 excludi
646 927 654 962 (
671 927 746 954 Rom.
761 926 790 953 9.
805 926 822 952 5
838 925 866 959 )?
888 924 924 952 Et

130 978 194 1005 inde
205 979 256 1005 hoc
270 977 437 1004 manifestum
451 979 501 1007 est,
509 975 569 1010 quia
578 974 678 1001 scilicet
691 980 744 999 non
755 971 850 998 salvari
863 970 924 998 illos

129 1024 253 1052 acerbius
266 1024 425 1056 :estimabat,
439 1029 518 1057 quam
532 1022 648 1056 seipsum
661 1019 748 1054 perire
760 1027 766 1046 :
779 1023 823 1045 aut
837 1018 858 1044 si
871 1024 922 1044 non

129 1071 263 1100 acerbius.
281 1077 423 1104 numquam
437 1068 509 1095 aliud
521 1071 657 1102 optasset:
669 1065 738 1100 quod
749 1065 838 1099 utique
846 1063 922 1098 quasi

130 1115 298 1143 tolerabilius
313 1115 402 1149 elegit.
419 1114 467 1147 Qui
483 1121 543 1140 cum
559 1117 631 1140 certe
650 1119 697 1146 spe
709 1111 822 1137 maxima
843 1109 923 1136 futuri

130 1161 233 1195 prmmii
249 1166 414 1195 pasceretur,
440 1167 492 1186 non
518 1157 698 1193 perfunctorie
723 1155 788 1182 illud
803 1155 922 1190 optabat,

128 1206 178 1232 sed
192 1206 322 1233 clamabat
331 1205 422 1232 dicens
434 1213 439 1230 :
454 1203 580 1237 Quoniam
592 1202 694 1228 tristitia
704 1206 739 1228 es!
749 1200 811 1227 mihi
821 1207 923 1234 magna,

127 1257 155 1278 et
171 1252 304 1278 continuus
321 1250 393 1277 dolor
408 1250 479 1276 cordi
493 1257 548 1276 meo
572 1248 655 1281 (Ibid.
669 1255 693 1273 υ.
709 1246 726 1273 2
738 1246 758 1282 ).
775 1246 850 1273 Hune
860 1252 924 1280 ergo

129 1297 168 1325 de
179 1297 301 1332 singulis,
327 1301 355 1323 ut
370 1297 404 1322 ita
423 1295 546 1325 dixerim,
563 1292 754 1320 habitatoribus
766 1291 856 1318 mundi
870 1295 923 1317 tam

128 1343 306 1370 vehementer
316 1342 460 1373 dolentem,
473 1341 535 1368 etin
551 1346 693 1367 commune
712 1346 760 1372 pro
773 1337 885 1368 cunctis,
898 1340 925 1364 et

128 1389 254 1424 gentibus
267 1392 295 1415 et
314 1388 434 1417 urbibus,
448 1394 495 1421 pro
518 1393 677 1420 unoquoqtte
699 1383 868 1418 peculiariter
892 1383 926 1409 la-

129 1439 310 1465 mentantem,
325 1434 428 1460 cuinam
439 1440 526 1459 rerum
536 1432 631 1466 aliquis
645 1431 742 1464 poterit
756 1437 922 1465 comparare,

128 1481 175 1508 cui
202 1480 282 1512 ferro,
297 1480 339 1507 cui
362 1479 517 1506 adamanti?
531 1478 662 1511 Quidnam
675 1477 770 1512 aliquis
785 1477 855 1503 illam
877 1484 926 1510 ap-

130 1526 214 1562 pellet
237 1526 364 1558 animant,
381 1531 524 1551 aureamne
545 1524 639 1558 magis,
657 1530 690 1549 an
706 1522 926 1549 adamantinam?

129 1572 200 1599 Nam
215 1577 242 1599 et
255 1576 313 1598 erat
326 1571 398 1598 omni
413 1571 553 1597 adamante
566 1569 669 1602 fortior,
683 1573 710 1595 et
724 1576 788 1595 auro
800 1567 927 1602 gemmis-

130 1626 187 1654 que
196 1618 354 1653 pretiosior:
367 1621 394 1644 et
403 1617 513 1644 alteram
522 1615 629 1651 quidem
642 1615 779 1641 materiam
792 1614 926 1645 ﬁrntitatc,

131 1665 246 1691 alteram
260 1670 324 1690 vero
338 1662 503 1699 pretiositate
513 1661 665 1695 superabat.
680 1659 727 1687 Cui
741 1667 805 1694 ergo
816 1659 855 1686 rei
870 1659 928 1685 lucc

132 1710 169 1736 ab
190 1709 278 1743 aliquo
302 1708 390 1734 anima
414 1706 604 1742 comparetur?
620 1706 719 1733 Earum
743 1705 848 1740 quidem
869 1711 928 1738 qua:

133 1759 199 1782 sunt
211 1754 319 1782 omnino
332 1753 409 1780 nulli.

173 1822 271 1849 Paulus
284 1830 347 1849 auro
357 1828 380 1848 et
394 1821 528 1848 adamante
541 1820 762 1857 fortium—Quod
774 1822 795 1848 si
808 1821 849 1848 vel
864 1828 929 1848 auro

134 1869 285 1896 adamantis
296 1868 431 1900 fortitudo,
446 1868 486 1895 vel
499 1868 631 1894 adamanti
642 1868 727 1894 honor
738 1867 846 1895 daretur
860 1868 926 1899 auri,

136 1921 193 1942 tum
214 1916 281 1942 forte
301 1915 390 1949 aliquo
405 1914 484 1941 modo
498 1914 661 1948 comparatio
675 1914 733 1947 ejus
748 1913 820 1940 Pauli
839 1917 930 1948 posset

135 1962 232 1988 animat
243 1963 393 1987 convenire.
404 1959 455 1987 Sed
466 1960 527 1994 quid
539 1967 587 1994 ego
596 1960 773 1992 adantautcm,
787 1959 824 1986 vel
836 1967 928 1986 aurum

136 2006 171 2033 ad
190 2005 388 2032 similitudinem
401 2005 503 2032 adduco
516 2005 606 2031 Pauli?
620 2004 743 2031 Mundum
760 2005 780 2031 si
795 2012 810 2032 e
825 2004 931 2031 diverso

135 2051 272 2087 appendas
287 2058 392 2077 omnem
402 2071 409 2082 ,
425 2055 488 2078 tttttc
503 2051 603 2078 videbis
624 2055 715 2085 aperte
731 2050 802 2077 Pauli
822 2059 931 2086 vergere

136 2097 243 2132 pondus
262 2097 399 2123 examinis.
422 2096 450 2124 Si
463 2096 532 2123 enim
547 2096 580 2123 de
603 2097 652 2127 iis,
670 2097 714 2132 qui
739 2096 764 2122 in
787 2097 891 2123 melolis
905 2101 932 2124 ct

135 2143 280 2177 specubus,
291 2147 318 2170 et
331 2142 356 2168 iit
370 2143 465 2177 exigua
477 2143 548 2169 orbis
564 2147 636 2176 parte
650 2142 823 2170 versabantur
838 2143 930 2178 (Hebr.

138 2189 182 2214 ll.
200 2188 270 2221 58),
285 2187 335 2214 hoc
348 2187 447 2213 dictum
462 2192 503 2214 est
519 2196 526 2214 :
540 2192 638 2222 quanto
654 2188 736 2222 magis
751 2196 798 2214 nos
813 2188 932 2215 dicemus

138 2234 250 2261 Paulum
265 2233 363 2259 mundo
375 2253 383 2264 ,
398 2237 424 2260 ct
442 2234 564 2260 onmibus
579 2241 637 2268 quae
653 2235 678 2260 in
700 2233 797 2260 tmtndo
817 2238 877 2260 sunt
892 2234 932 2260 di-

136 2279 281 2314 gniorem?
295 2278 324 2306 Si
346 2279 424 2313 igitur
444 2287 478 2306 eo
497 2279 609 2305 mundus
632 2279 727 2313 dignus
743 2288 794 2306 non
818 2284 876 2310 est,
899 2279 933 2306 sit

138 2326 208 2352 forte
221 2325 260 2352 vel
272 2326 365 2352 caelum
379 2334 385 2356 ;
401 2326 446 2352 sed
462 2325 530 2352 ἱμιιιά
545 2333 651 2361 quoque
667 2327 797 2353 invenitur
811 2326 930 2353 inferius.

138 2372 166 2399 Si
182 2372 253 2398 enim
267 2371 318 2398 iste
337 2378 389 2398 non
403 2371 487 2398 solum
500 2371 594 2398 caelum
606 2392 613 2404 ,
625 2371 671 2398 Sed
687 2379 745 2406 qure
761 2371 891 2398 habentur
906 2372 933 2398 in

137 2418 212 2445 caelis
222 2417 270 2445 Dei
285 2417 433 2452 postposuit
444 2417 545 2444 caritati
558 2426 564 2443 ε
580 2418 713 2452 quomodo
727 2426 778 2444 non
791 2419 873 2453 magis
884 2418 935 2445 Do-

138 2464 245 2496 minus,
261 2463 305 2498 qui
329 2467 401 2490 tanto
417 2468 457 2490 est
471 2463 608 2498 bettignior
623 2464 721 2496 Paulo,
743 2469 842 2499 quanto
852 2465 934 2500 rmali-

140 2509 204 2535 tiam
217 2508 321 2535 bonitas
336 2508 469 2535 antecellit
480 2529 487 2539 ,
514 2508 659 2535 innumeris
679 2516 738 2535 eum
752 2510 823 2536 cadis
835 2509 935 2544 judicat

139 2553 287 2586 digniorem
299 2553 311 2579 ?
323 2553 380 2579 Nmt
395 2553 464 2579 enim
481 2558 607 2587 quantum
624 2561 671 2580 ιιοε
685 2554 770 2588 diligit
785 2554 863 2587 Deus,
879 2559 935 2582 tan-

142 2603 197 2625 tum
205 2605 220 2625 a
231 2597 307 2624 nobis
316 2597 432 2632 diligitur
446 2598 518 2632 ipse;
534 2598 580 2625 sed
591 2603 663 2625 tanto
673 2599 793 2632 eﬂ‘usius,
809 2605 934 2634 quantum

141 2651 191 2671 nec
204 2651 293 2671 sermo
307 2644 414 2679 quidem
428 2645 523 2671 sufﬁcit
537 2646 677 2679 explicare.

179 2709 273 2743 Quibus
293 2709 406 2745 prtemiis
428 2711 453 2736 in
468 2710 515 2736 hac
537 2710 587 2736 vim
613 2710 709 2737 Paulus
728 2711 836 2738 donatus
850 2712 936 2738 sit.—

141 2755 347 2783 Considcremus
357 2763 422 2790 ergo
432 2756 536 2790 quantis
549 2756 620 2783 illum
631 2756 774 2784 honoribus
783 2758 861 2784 etiam
875 2764 936 2785 ante

142 2805 246 2835 tempus
261 2801 467 2828 resurrectionis
480 2801 612 2828 extulerit.
636 2802 662 2829 In
675 2803 824 2836 paradisum
840 2804 934 2838 rapuit,

141 2853 168 2874 ct
181 2847 206 2874 in
218 2847 313 2876 caelum
324 2847 432 2875 tertium
444 2847 603 2881 sublevavit,
616 2848 756 2875 ineﬂ‘abilis
771 2849 858 2876 arcani
874 2849 936 2878 iectt

547 184 592 212 BE
611 181 780 211 LAUDIBUS
798 180 827 208 S.
848 177 949 208 PAULI
969 177 1145 206 APOSTOLL
1166 178 1279 206 HOMIL.
1299 178 1331 206 ll.

1715 181 1770 208 με

979 243 1038 262 esse
1052 237 1205 271 participem
1218 256 1226 268 ,
1251 236 1394 271 taliumque
1409 236 1594 272 mysteriorum
1613 238 1748 265 consciunt
1760 259 1770 270 ,

979 289 1038 314 quae
1052 281 1115 308 nulli
1130 281 1266 308 hominum
1282 281 1320 308 fas
1333 282 1413 309 fuerit
1425 282 1545 310 conﬁteri
1565 283 1611 319 (2.
1625 283 1684 310 Cor.
1702 285 1735 311 li
1746 288 1768 319 ).

979 326 1033 354 Nec
1047 327 1180 354 immerito
1194 336 1200 353 :
1216 327 1345 362 siquidem
1359 327 1454 355 Paulus
1465 328 1490 355 in
1503 333 1572 356 terra
1585 330 1718 364 gradiens,
1732 331 1772 358 sic

979 379 1008 398 se
1020 372 1113 406 agebat
1128 372 1152 398 in
1166 373 1267 399 cunctis
1278 393 1285 405 ,
1301 372 1374 406 quasi
1389 373 1542 408 angelorum
1558 376 1684 403 societate
1697 376 1769 403 frue-

981 421 1062 443 retur.
1080 416 1145 444 Nam
1160 417 1277 451 passibili
1288 417 1375 445 adhuc
1387 418 1526 453 colligatus
1536 421 1650 454 corpori,
1665 421 1769 448 illorum

979 463 1140 497 perfectione
1150 464 1289 498 gaudebat,
1302 465 1433 499 tantisque
1445 465 1628 500 fragilitatibus
1637 468 1770 500 subditus,

979 509 1005 535 in
1015 509 1087 536 nullo
1098 509 1207 537 inferior
1219 511 1341 545 supernis
1352 511 1493 538 virtutibus
1504 519 1631 546 apparere
1640 514 1769 540 certabat.

978 554 1043 581 Nam
1064 560 1090 582 et
1103 559 1235 590 tamquam
1250 561 1379 591 pennatus
1398 561 1480 584 totum
1491 557 1611 585 docendo
1625 560 1771 593 pervolavit

978 602 1081 634 orbem,
1096 608 1123 629 et
1138 603 1210 630 velut
1223 604 1393 638 incorporeus
1406 604 1511 633 labores
1526 605 1695 641 periculaque
1704 614 1770 637 cou-

978 648 1085 681 tempsit
1096 667 1103 680 ,
1114 652 1141 675 et
1150 648 1224 683 quasi
1232 649 1286 683 jam
1298 650 1390 676 caelum
1402 650 1548 684 possidens,
1559 656 1651 679 cuncta
1665 661 1772 688 prorsus

979 696 1081 719 terrena
1094 693 1224 727 despexit,
1241 699 1266 721 et
1279 698 1410 730 tamquam
1425 703 1485 723 cum
1499 697 1562 731 ipsis
1578 698 1633 732 jam
1647 699 1772 734 incorpo-

977 739 1031 765 reis
1042 738 1182 765 virtutibus
1196 740 1320 774 degeret,
1336 742 1371 768 ita
1383 742 1438 776 jugi
1452 743 1550 770 mentis
1569 744 1716 772 intentione
1730 746 1772 772 vi-

976 783 1110 818 gilavit.Et
1117 785 1217 819 angelis
1224 787 1328 820 quidem
1336 794 1406 822 saepe
1413 788 1576 816 diversarum
1584 790 1700 824 gentium
1708 798 1771 819 cura

977 830 1116 856 commissa
1125 835 1174 861 est,
1185 831 1230 858 sed
1241 832 1437 859 nullusillorum
1446 834 1480 860 ita
1490 835 1619 862 creditum
1627 835 1676 862 sibi
1685 843 1772 870 popu-

977 874 1029 901 lum
1037 876 1200 910 gubernavit,
1208 882 1237 904 ut
1245 877 1341 905 Paulus
1350 880 1500 907 universum
1507 882 1771 916 gubernavitorbent.

976 919 1066 956 Neque
1074 929 1138 948 vero
1146 922 1228 955 dicas,
1240 923 1299 957 quia
1309 923 1365 950 base
1379 932 1430 951 non
1445 926 1668 959 perﬁciebantura
1679 928 1770 956 Pauio:

976 966 1028 994 ltoc
1036 968 1106 994 enim
1117 968 1196 994 etiam
1209 976 1257 1003 ego
1270 969 1363 997 fateor.
1380 971 1432 998 Sed
1445 972 1496 998 etsi
1509 972 1566 1006 ipse
1581 980 1632 1000 non
1648 978 1705 1001 erat
1725 975 1771 1010 qui

976 1017 1068 1039 cuneta
1077 1013 1236 1047 complebat,
1249 1023 1414 1050 nequaquam
1425 1021 1510 1044 tamen
1522 1018 1555 1045 ab
1562 1025 1654 1046 eorum
1663 1027 1772 1054 operum

976 1058 1097 1086 laudibus
1105 1061 1291 1094 separabatur:
1302 1063 1362 1097 quia
1372 1064 1460 1098 utique
1470 1064 1577 1099 dignum
1587 1070 1665 1093 tanta:
1673 1075 1702 1094 se
1710 1075 1772 1102 gra-

977 1105 1019 1132 tim
1036 1107 1193 1140 prmparavit
1209 1106 1278 1142 [per
1291 1116 1369 1142 quam
1393 1113 1446 1135 tant
1462 1111 1598 1145 magniﬁca
1611 1116 1638 1138 et
1651 1113 1766 1147 gloriosa

976 1151 1148 1187 perﬁceret].
1165 1152 1284 1180 Micltaeli
1299 1161 1363 1188 gens
1379 1156 1519 1183 commissa
1535 1161 1576 1184 est
1599 1157 1750 1185 Judteorum
1764 1168 1771 1186 ς

977 1195 1058 1223 Paulo
1073 1204 1137 1224 vero
1149 1202 1229 1230 terra,
1246 1206 1276 1226 ac
1290 1202 1371 1226 maria
1390 1205 1468 1235 atque
1482 1202 1597 1229 universi
1613 1203 1686 1230 orbis
1699 1205 1773 1232 habi-

977 1242 1040 1268 tatio
1054 1262 1062 1274 ,
1077 1243 1215 1278 ipsuntque
1227 1243 1361 1272 desertum
1374 1265 1382 1277 ,
1405 1249 1432 1272 et
1446 1246 1498 1273 hoc
1509 1254 1563 1274 non
1578 1247 1612 1275 ad
1626 1248 1750 1283 injttriam
1764 1269 1773 1281 .

976 1287 1046 1321 quod
1056 1287 1134 1320 absit,
1146 1289 1301 1324 angelorum
1314 1298 1322 1322 ;
1337 1290 1384 1318 sed
1397 1291 1563 1320 ostendimus
1575 1300 1635 1320 esse
1645 1295 1773 1328 possibile

977 1332 1029 1358 illis
1044 1332 1177 1360 hominem
1193 1335 1324 1369 copulari,
1338 1336 1466 1371 juxtaque
1479 1337 1584 1365 illorum
1600 1340 1694 1367 merita
1708 1347 1774 1368 con-

977 1377 1081 1406 sistere.
1097 1378 1177 1414 Cujus
1191 1385 1279 1407 autem
1293 1381 1330 1408 rei
1344 1382 1430 1416 gratia
1442 1389 1493 1410 non
1505 1383 1606 1418 angelis
1616 1384 1704 1419 potius
1717 1385 1774 1412 haec

978 1424 1172 1458 pratdicationis
1185 1433 1249 1453 cura
1268 1428 1409 1455 commissa
1423 1428 1486 1456 est?
1500 1429 1534 1457 Ut
1547 1430 1648 1458 nullum
1671 1431 1773 1459 scilicet

977 1470 1156 1497 excusationis
1178 1471 1294 1499 colorem
1316 1473 1452 1508 negligens
1475 1475 1611 1508 invenias,
1636 1483 1668 1503 ac
1689 1484 1723 1504 nc
1747 1481 1775 1505 ut

977 1515 1010 1542 ad
1021 1515 1201 1544 diversitatem
1213 1522 1313 1546 natura:
1325 1519 1483 1555 confugeres
1492 1521 1666 1549 dormienda:
1679 1522 1775 1551 deinde

978 1565 1007 1588 ut
1021 1567 1095 1589 tanto
1109 1563 1188 1590 etiam
1203 1564 1287 1598 major
1307 1573 1416 1599 operum
1437 1567 1578 1595 admiratio
1597 1574 1752 1597 nasceretur
1764 1590 1772 1602 .

979 1613 1078 1643 quanto
1099 1609 1133 1637 de
1162 1614 1253 1637 natura
1278 1611 1404 1640 inferiore
1428 1614 1611 1648 procederent.
1636 1616 1776 1649 Quomodo

979 1654 1049 1681 enim
1063 1662 1114 1681 non
1125 1655 1280 1683 admirabile
1292 1657 1342 1684 hoc
1354 1662 1433 1692 atque
1444 1659 1614 1693 improvisum
1626 1662 1771 1696 videretur,

979 1707 1038 1727 cum
1049 1708 1081 1727 cx
1093 1705 1195 1728 terrena
1207 1702 1295 1737 lingua
1307 1710 1395 1730 sermo
1406 1705 1555 1739 prosiliens,
1569 1711 1680 1734 mortem
1692 1707 1774 1742 fugat,

980 1751 1086 1781 peccata
1098 1747 1227 1780 dissolvit,
1243 1749 1365 1776 tenebras
1380 1751 1506 1778 caecitatis
1521 1752 1662 1786 illuminat,
1676 1758 1704 1781 et
1713 1762 1774 1781 mu-

981 1793 1080 1820 tatione
1101 1793 1211 1821 miriﬁca
1229 1799 1326 1821 terram
1341 1797 1471 1824 convertit
1492 1797 1518 1824 in
1533 1798 1649 1826 cadum?
1665 1799 1777 1835 Propter

981 1837 1032 1865 hoc
1045 1839 1123 1872 igitur
1135 1844 1229 1874 stupeo
1248 1840 1371 1868 virtutem
1387 1841 1450 1874 Dei,
1470 1847 1577 1877 propter
1590 1843 1640 1871 hoc
1659 1844 1778 1872 admiror

982 1888 1131 1918 promptum
1144 1884 1261 1911 animum
1276 1885 1367 1918 Pauli,
1381 1887 1514 1921 quomodo
1529 1895 1558 1915 se
1580 1889 1660 1916 talem
1675 1889 1777 1917 studuit

982 1929 1122 1962 exhibere,
1139 1930 1272 1964 quomodo
1284 1939 1314 1959 se
1328 1937 1409 1959 tanta:
1423 1934 1514 1967 gratia:
1527 1941 1650 1969 capacem
1665 1936 1775 1970 paravit.

983 1976 1036 2002 Vos
1050 1981 1136 2003 autent
1151 1984 1225 2012 rogo,
1237 1982 1266 2004 ut
1277 1986 1328 2004 non
1341 1979 1472 2006 miremini
1481 1981 1579 2012 solum,
1590 1989 1681 2008 verum
1694 1983 1773 2009 etiam

983 2024 1122 2051 imitemini
1145 2024 1196 2051 hoc
1218 2029 1269 2051 tam
1289 2025 1390 2052 clarum
1412 2027 1516 2053 virtutis
1543 2028 1717 2061 exemplum:
1738 2029 1778 2055 sic

983 2076 1097 2102 namque
1113 2070 1258 2103 poterimus
1281 2078 1441 2097 coronarum
1466 2072 1523 2105 ejus
1541 2080 1602 2099 esse
1623 2073 1775 2108 participes.

984 2115 1059 2149 Quod
1075 2116 1095 2142 si
1110 2116 1204 2150 aliquis
1225 2123 1273 2143 nos
1285 2117 1383 2144 dixisse
1397 2118 1508 2144 miratur
1518 2139 1524 2149 ,
1541 2119 1600 2153 quia
1614 2119 1776 2154 quicumque

985 2161 1106 2188 habuerit
1117 2161 1186 2188 Pauli
1199 2162 1303 2194 merita,
1316 2162 1407 2189 eadem
1421 2163 1455 2190 sit
1465 2163 1544 2190 etiam
1561 2164 1699 2191 habiturus
1709 2173 1778 2200 pra:-

984 2207 1035 2232 ntia
1048 2228 1055 2239 ,
1071 2207 1155 2242 ipsum
1176 2207 1265 2234 audiat
1279 2209 1313 2234 ita
1329 2208 1481 2236 dicentem:
1497 2208 1627 2236 Certamen
1639 2230 1646 2241 ,
1673 2210 1756 2245 inquit
1767 2230 1776 2243 ,

984 2252 1075 2279 bonum
1085 2254 1192 2286 certaui,
1208 2262 1308 2280 cursum
1329 2255 1514 2287 consummaui,
1528 2255 1603 2288 ﬁdem
1615 2256 1710 2282 servavi
1722 2265 1732 2288 ;
1747 2256 1779 2283 de

984 2303 1074 2326 cetera
1095 2300 1204 2334 reposita
1217 2304 1254 2326 est
1266 2300 1328 2326 mihi
1342 2307 1435 2327 corona
1451 2300 1559 2335 justitia:
1571 2320 1578 2332 ,
1599 2309 1675 2334 quam
1693 2301 1780 2328 reddet

985 2345 1046 2372 mihi
1061 2345 1182 2372 Dominus
1194 2345 1221 2372 in
1231 2345 1272 2372 die
1283 2345 1328 2372 illa
1334 2346 1419 2381 justus
1430 2346 1510 2379 judea:
1522 2354 1531 2372 :
1541 2354 1590 2373 non
1605 2345 1686 2373 solum
1696 2351 1780 2377 autem

985 2391 1048 2417 mihi
1056 2411 1063 2422 ,
1075 2391 1119 2417 sed
1132 2396 1156 2418 et
1174 2391 1206 2418 iis
1217 2391 1261 2426 qui
1273 2391 1381 2426 diligunt
1399 2392 1532 2418 aduentum
1545 2392 1599 2426 ejus
1614 2391 1652 2427 (2.
1669 2392 1734 2419 Tim.
1750 2393 1778 2420 4.

986 2437 1011 2463 7.
1026 2435 1072 2472 8).
1088 2435 1167 2463 Vides
1181 2441 1254 2463 certe
1273 2436 1407 2471 quomodo
1421 2441 1532 2464 cunctos
1543 2437 1570 2464 in
1583 2437 1704 2464 eamdem
1716 2438 1775 2472 glo-

986 2483 1032 2510 rite
1046 2483 1257 2510 communiOnem
1272 2483 1369 2509 vocet?
1381 2482 1447 2517 Quia
1458 2482 1538 2517 igitur
1549 2483 1671 2510 omnibus
1685 2483 1778 2510 eadem

987 2536 1083 2556 corona
1092 2528 1181 2563 gloriae
1190 2528 1322 2563 proposita
1329 2533 1377 2559 est.
1389 2528 1639 2556 studeamusomnes
1645 2528 1701 2556 ﬁeri
1708 2529 1780 2564 digni

987 2575 1038 2603 illis
1051 2574 1127 2602 bonis
1138 2595 1146 2608 ,
1157 2582 1215 2609 qua:
1228 2575 1356 2609 promissa
1368 2579 1439 2601 sunt.
1452 2574 1541 2610 Neque
1551 2575 1636 2601 solum
1650 2575 1780 2610 magnitu-

987 2622 1075 2648 dinem
1086 2625 1167 2656 atque
1180 2620 1350 2648 eminentiam
1366 2621 1390 2647 in
1407 2620 1452 2647 illo
1464 2619 1591 2647 debemus
1611 2620 1780 2647 considerare

988 2667 1113 2694 virtutum
1121 2671 1148 2694 et
1154 2671 1304 2702 promptum
1314 2665 1377 2693 illud
1387 2666 1467 2693 animi
1477 2665 1544 2701 ejus,
1557 2670 1635 2700 atqtte
1643 2665 1782 2693 robustum

989 2713 1163 2748 propositum,
1179 2721 1226 2748 per
1239 2712 1309 2748 quod
1322 2713 1354 2739 ad
1368 2716 1466 2739 tantam
1483 2713 1579 2739 meruit
1594 2712 1704 2746 gratiam
1722 2718 1783 2746 pcr-

989 2759 1079 2786 venire
1094 2768 1101 2785 :
1117 2759 1163 2786 sed
1178 2763 1205 2786 et
1219 2763 1320 2786 natura:
1333 2758 1497 2789 societatem,
1513 2765 1561 2793 per
1574 2764 1651 2792 quam
1665 2761 1692 2784 et
1703 2756 1781 2783 nobis

988 2807 1016 2836 in
1033 2806 1134 2832 eunetis
1145 2805 1189 2831 ille
1203 2805 1340 2839 participat
1355 2814 1360 2830 ε
1377 2809 1403 2831 et
1416 2804 1454 2832 sic
1467 2804 1545 2831 etiam
1558 2810 1618 2837 qum
1632 2801 1709 2830 valde
1720 2807 1782 2830 sunt

990 2852 1071 2880 ardua
1080 2873 1087 2885 ,
1102 2851 1178 2878 uoltis
1192 2851 1277 2878 farilia
1289 2851 1447 2878 videbuntur
1460 2855 1487 2878 et
1500 2850 1577 2884 levia,
1592 2849 1719 2885 brevique
1733 2849 1782 2877 hoc
