1976 3130
142 162 195 190 685

142 221 184 247 12.
199 219 261 254 20),
276 223 302 247 et
309 219 388 256 paulo
399 225 469 256 post,
485 220 534 255 Ne,
546 229 602 249 cum
614 222 810 257 iterumvenero,
820 223 934 250 humilis!

140 274 180 292 me
198 265 266 293 Deus
280 266 351 300 apud
364 275 407 294 vos
418 287 426 300 ,
440 272 463 294 et
482 268 582 303 lugeam
596 268 690 294 multos
703 276 734 295 ea:
747 268 785 295 Itis
797 289 805 300 ,
820 268 863 302 qui
876 273 934 295 ante

139 316 320 347 peccaverunt,
337 317 360 339 ct
374 320 423 339 non
435 317 537 348 egerunt
552 314 722 347 paenitentiam
734 322 811 348 super
825 314 938 343 inimum,

143 357 224 390 ditia,
240 361 262 384 et
279 358 461 392 fornicatione,
480 364 502 385 et
521 359 679 394 impudicitia
691 381 698 393 ,
716 368 792 395 quant
804 365 932 394 gesserunt

140 403 179 438 (2.
193 401 252 430 Cor.
269 400 313 428 12.
325 400 382 435 21).
395 403 428 430 Et
440 403 472 431 ad
487 403 594 432 Galatas
604 425 611 437 ,
628 404 717 432 Filioli
728 426 736 438 ,
753 405 856 440 inquit,
872 406 930 439 mei,

139 455 201 481 quos
215 448 305 475 iterum
321 449 434 484 parturio
445 469 453 482 ,
468 449 547 476 donec
560 449 675 476 Christus
690 450 812 482 formetur
825 451 852 477 in
864 451 932 478 vobis

140 492 212 527 (Gal.
228 494 255 520 ι.
268 493 325 529 19).
342 494 376 521 Et
390 495 416 521 in
427 502 506 521 causa
520 494 595 529 ejus,
611 495 657 530 qui
671 494 758 523 fuerat
772 495 929 529 fornicatus,

138 546 191 565 non
205 540 294 567 minus
306 548 338 568 eo
349 540 416 575 ipso,
428 541 472 576 qui
484 548 532 575 pro
543 547 652 576 peccato
662 549 710 569 suo
726 541 928 575 lamentabatur,

136 584 220 617 dolet,
234 591 335 621 proque
347 586 392 614 illo
404 586 471 613 alios
482 586 640 621 deprecatur
652 587 743 614 dicens
756 596 762 614 :
778 587 931 623 Conﬁrmate

135 631 163 657 in
177 630 250 657 illum
260 631 388 657 caritatem
401 631 410 665 (
421 631 449 658 2.
463 631 522 658 Cor.
538 632 565 658 2.
580 632 628 668 8).
643 632 696 660 Sed
711 634 790 660 etiam
801 654 809 666 ,
824 635 930 667 quando

136 676 212 703 illum
226 676 260 704 ab
273 676 402 704 Ecclesize
413 684 526 711 corpore
541 677 691 712 separabat,
706 686 766 705 cum
779 680 867 706 multis
880 680 929 708 hoc

135 722 263 758 Iacrymis
278 723 430 758 gemituque
444 723 567 751 faciebat.
583 724 626 751 Ea:
634 725 723 758 multa,
739 725 833 760 inquit,
848 726 928 753 tribu-

135 769 232 796 latione
249 773 273 796 et
286 769 402 804 angustia
422 769 505 796 cordis
526 770 616 804 scripsi
634 770 702 797 vobis
716 779 761 806 per
776 772 868 799 mullus
887 773 927 799 la-

134 822 236 849 crymas
247 835 255 847 ,
277 823 327 841 non
348 819 374 841 ut
393 815 574 842 contristemini
586 836 593 849 ,
615 816 659 842 sed
673 820 699 842 ut
713 817 798 844 sciatis
810 818 928 852 quoniam

134 860 265 886 caritatem
274 860 376 887 habeam
384 860 552 888 abundantius
559 862 586 888 in
593 869 634 888 vos
642 861 695 897 (Ib.
705 869 728 889 ν.
738 862 775 898 4).
784 862 816 890 Et
822 871 926 891 rursus:

136 906 235 934 Factus
243 915 299 934 sum
308 907 405 935 ludatis
419 913 546 943 tamquam
556 907 662 935 Judteus
675 930 682 941 ,
702 909 751 941 his,
766 909 809 944 qui
818 910 864 936 sub
874 910 928 946 lege

133 958 216 984 σωκ,
235 953 306 988 quasi
321 953 366 980 sub
385 953 439 988 lege
451 962 551 986 essem;
571 954 653 988 factus
673 963 730 981 sum
750 956 867 988 inﬁrmus
884 956 924 982 in-

134 1000 216 1034 ﬁrmis
226 1021 234 1033 ,
250 1000 367 1027 omnibus
381 1000 465 1027 omnia
479 1000 560 1034 factus
573 1009 639 1033 sum,
655 1005 681 1027 ut
693 1009 778 1028 omnes
792 1002 875 1029 salvos
887 1005 928 1037 fa—

132 1053 214 1072 cerem
228 1045 265 1080 (1.
280 1045 338 1072 Cor.
350 1045 377 1073 9.
388 1045 493 1080 20-22).
515 1045 547 1072 Et
556 1045 617 1072 alibi
630 1054 720 1073 rursus
733 1055 739 1072 :
752 1046 787 1073 iit
794 1047 927 1074 exhibeam

133 1099 233 1118 omnem
247 1092 372 1118 hominem
386 1092 525 1127 perfectum
538 1091 564 1118 in
576 1091 679 1119 Christo
687 1091 749 1119 J‘esu
758 1092 824 1127 (Col.
833 1093 857 1119 1.
866 1092 924 1127 28).

133 1136 258 1165 Vidistin‘
269 1138 384 1164 animam
399 1137 486 1164 omnia
497 1141 604 1164 terrena
615 1142 783 1172 superantem
792 1138 803 1164 ?
812 1138 925 1166 Omnem

130 1184 202 1212 enim
221 1191 332 1219 prorsus
357 1184 490 1211 hominem
510 1183 566 1211 Deo
583 1183 710 1211 exhibere
730 1184 873 1218 cupiebat,
898 1189 925 1212 et

128 1237 235 1265 omnes,
252 1234 380 1265 quantum
397 1229 423 1257 in
438 1230 496 1265 ipso
510 1234 591 1264 esset,
607 1230 735 1257 exhibuit.
758 1229 838 1263 Quasi
853 1230 923 1258 enim

129 1277 283 1304 universum
297 1276 424 1304 mundum
439 1276 590 1311 genuisset.
606 1277 644 1304 sic
658 1276 869 1311 perturbabatur,
885 1276 924 1304 sic

127 1322 263 1354 currebat,
274 1322 314 1350 sic
322 1329 415 1350 omnes
425 1322 451 1349 in
466 1329 577 1357 regnum
589 1322 635 1349 Dei
646 1321 787 1349 festinabat
798 1321 922 1348 inducere

127 1367 307 1396 ministerium
328 1371 458 1402 praestans
469 1387 477 1400 ,
500 1374 612 1394 monens
625 1388 633 1400 ,
655 1367 782 1401 pollicens
794 1387 801 1399 ,
821 1374 900 1394 orans
913 1387 920 1400 ,

126 1413 292 1449 supplicans,
308 1413 446 1440 daemones
460 1411 620 1445 terriﬁcans,
635 1417 806 1447 corruptores
819 1412 922 1439 anima-

126 1467 186 1486 rum
202 1458 314 1493 fugatis,
340 1466 388 1493 per
408 1458 650 1491 commorationcs,
671 1465 717 1492 per
727 1457 848 1490 litteras,
871 1464 919 1492 per

125 1511 283 1537 sermones;
301 1512 347 1539 per
359 1511 401 1531 res
416 1508 514 1539 gestas,
531 1511 579 1538 per
592 1503 747 1538 discipulos,
765 1511 812 1538 per
822 1508 921 1530 semet~

125 1550 213 1584 ipsum
227 1549 374 1577 conabatur
385 1551 487 1584 erigere
498 1550 629 1582 latrantes,
640 1553 740 1576 stantes
754 1556 816 1576 vero
829 1548 920 1576 ﬁrma-

124 1605 165 1629 re,
183 1596 256 1623 humi
269 1596 390 1631 jacentes
402 1596 534 1629 attollere,
547 1603 645 1623 sanare
657 1595 796 1628 contritus,
808 1600 917 1630 torpen-

124 1647 167 1670 tes
191 1642 253 1670 oleo
278 1642 474 1670 exhortationis
497 1641 627 1675 animare,
656 1642 770 1669 inimicis
792 1642 918 1670 insonare

126 1688 291 1720 terribiliter,
302 1688 392 1716 hostes
402 1688 540 1716 minaciter
550 1688 656 1720 intueri,
672 1689 755 1715 instar
765 1688 857 1723 optimi
870 1696 917 1716 cu-

123 1736 229 1770 jusdam
244 1735 320 1763 ducis
332 1743 363 1763 ac
377 1735 471 1763 medici
486 1735 550 1763 artis
559 1743 614 1763 sua:
626 1735 798 1762 instrumenta
810 1740 917 1770 gestan-

125 1783 171 1815 tis,
191 1785 326 1816 protector
340 1781 396 1816 ipse
410 1781 564 1808 bellantium
577 1801 584 1814 ,
601 1780 658 1815 ipse
679 1780 786 1808 sedulus
800 1785 916 1815 a-groto-

122 1836 181 1855 rum
197 1828 328 1860 minister,
350 1833 377 1855 et
395 1835 461 1854 unus
482 1827 601 1854 omnium
622 1825 769 1853 ofﬁciorum
787 1833 915 1860 personas

121 1873 243 1909 gerebat,
258 1872 406 1900 exercitum
422 1872 520 1907 ubique
543 1871 708 1899 custodiens.
724 1871 777 1899 Nec
790 1872 815 1898 in
834 1871 914 1906 spiri-

121 1919 240 1947 tualibus
253 1919 349 1950 solum,
377 1919 424 1946 sed
447 1919 473 1945 in
497 1916 648 1945 carnalibus
674 1925 779 1952 quoque
801 1917 913 1952 plurima

127 1965 317 2000 providteerga
324 1971 419 1992 omnes
425 1971 498 1991 cura:
506 1967 534 1991 et
543 1963 625 1991 studii
634 1962 792 1990 documenta
806 1968 913 1998 pratsta-

120 2009 177 2036 bat.
193 2008 262 2036 Audi
279 2009 367 2043 itaque
387 2007 610 2043 quemadmodum
632 2015 680 2042 pro
693 2015 743 2035 una
758 2008 837 2035 etiam
854 2016 913 2035 mu—

120 2055 188 2083 liere
202 2055 236 2082 ad
251 2055 403 2082 universum
426 2055 524 2081 scribat
546 2053 671 2089 populum
681 2075 689 2087 ,
710 2054 802 2082 dicens
817 2055 912 2082 :Com-

119 2101 214 2127 mendo
226 2105 309 2128 autem
320 2099 388 2127 uobis
403 2099 515 2127 Pltmben
530 2107 641 2126 sororem
662 2104 787 2132 nostram,
806 2108 863 2135 qua:
876 2106 913 2127 cst

119 2148 146 2174 in
161 2147 299 2174 ministerio
312 2146 440 2179 Ecclesiae,
452 2155 509 2181 qua:
519 2151 553 2173 est
564 2145 705 2178 Cenchreis,
719 2150 746 2173 ut
759 2154 814 2172 eam
833 2147 913 2174 susci-

120 2193 198 2228 piatis
209 2193 236 2219 in
251 2192 359 2219 Domino
372 2192 447 2227 digne
461 2192 564 2224 sanctis,
588 2196 611 2218 ct
623 2191 745 2218 assistatis
757 2191 790 2224 ei,
805 2191 832 2218 in
847 2200 910 2227 quo-

119 2248 227 2274 cumque
247 2239 346 2273 negotio
372 2239 445 2266 vestri
468 2238 604 2273 indignerit
627 2237 715 2272 (Rom.
744 2238 787 2265 16.
814 2238 852 2273 1).
880 2238 914 2265 Et

119 2285 218 2312 iterum
232 2293 238 2311 :
255 2284 354 2316 Nostis,
369 2284 415 2317 ait,
439 2284 542 2311 (tantum
557 2283 704 2318 Stepltunrc,
715 2288 743 2310 ut
757 2288 780 2310 et
794 2291 838 2310 vos
851 2283 912 2310 sub-

119 2331 167 2357 diti
182 2331 238 2357 sitis
249 2330 372 2363 eiusmodi
385 2330 422 2365 (1.
437 2329 496 2357 Cor.
512 2329 554 2356 16.
571 2330 614 2357 13.
627 2334 649 2356 et
664 2329 720 2364 16).
745 2330 777 2357 Et
795 2337 886 2357 rursus
903 2338 910 2356 :

118 2377 270 2411 Cognoscite
284 2377 328 2410 qui
340 2376 484 2410 hujusmadi
494 2380 553 2402 sunt
575 2376 584 2410 (
600 2375 641 2402 Ib.
652 2383 675 2401 υ.
691 2375 725 2402 18
742 2375 760 2410 ).
782 2375 829 2403 Est
841 2375 912 2402 enim

119 2422 172 2449 hoc
185 2428 291 2456 quoque
302 2423 436 2456 proprium
452 2426 479 2447 et
492 2421 621 2448 familiare
642 2421 668 2448 in
686 2420 829 2448 dilectione
849 2429 912 2447 san-

117 2472 240 2499 ctorum,
265 2471 295 2494 ut
310 2467 335 2493 in
352 2466 394 2494 bis
416 2474 522 2502 quoque
547 2471 713 2493 succurrant.
729 2466 775 2494 Sio
795 2466 866 2493 enim
887 2471 914 2493 ct

118 2512 235 2540 Elisaus
245 2512 385 2539 mulierem
402 2512 483 2544 illam,
497 2512 687 2547 susceptricem
703 2519 777 2538 suam
793 2519 850 2539 non
859 2512 913 2546 spi-

117 2557 261 2585 ritualibus
285 2557 387 2589 solum,
414 2557 462 2584 sed
490 2558 574 2584 etiam»
592 2557 743 2585 carnalibus
773 2557 910 2585 beneﬁciis

118 2606 275 2630 remunerat
293 2602 330 2637 (4.
343 2601 406 2638 Reg.
424 2602 451 2629 1.
468 2602 512 2629 12.
534 2602 609 2638 sqq);
626 2607 733 2637 propter
754 2602 835 2637 quod.
850 2610 911 2629 cum

117 2648 201 2675 multa
214 2647 396 2676 sollicitudine
405 2656 520 2683 curaque
534 2648 637 2675 diccbat
653 2657 658 2674 :
676 2647 754 2675 Estne
776 2648 819 2674 tibi
832 2657 913 2675 sermo

117 2694 153 2720 ad
168 2701 252 2729 regem
272 2693 315 2720 vel-
334 2694 373 2720 adt
383 2693 521 2728 principem
537 2693 546 2729 (
560 2693 626 2720 Ibid.
651 2701 675 2719 υ.
699 2694 772 2728 l5)?
795 2694 827 2720 Et
849 2694 909 2728 quid

118 2740 227 2771 tnirum,
243 2740 265 2766 si
279 2739 526 2767 commendationes
541 2747 588 2773 per
602 2739 692 2766 literas
706 2739 829 2773 praestitit
841 2740 911 2766 Pau—

119 2787 171 2818 lus,
185 2785 232 2820 qui
240 2785 273 2813 ad
286 2792 315 2812 se
328 2785 431 2819 aliquos
446 2792 584 2817 revocans,
598 2792 646 2812 nec
656 2784 689 2811 de
702 2785 796 2812 viatico
808 2785 912 2813 illorum

118 2839 209 2858 miram
222 2838 317 2865 gerere
329 2830 487 2864 dedignatus
500 2835 548 2862 cst,
565 2830 643 2864 idque
654 2831 740 2864 ipsum
755 2831 780 2858 in
798 2831 908 2865 epistola

116 2885 164 2904 sua
181 2878 316 2906 scribere?
345 2877 482 2915 Siquidem
510 2877 627 2906 scribens
651 2876 711 2905 Tito
726 2877 762 2905 ait
779 2886 785 2905 ς
802 2877 908 2912 cham,

569 164 613 192 DE
632 164 801 194 LAUDlBilS
820 165 849 194 S.
871 166 971 195 PAULI
991 167 1167 198 APOSTOLI.
1189 171 1302 201 HOlllL.
1325 174 1368 202 lll.

1723 180 1776 209 £86

988 224 1049 260 legis
1060 227 1178 260 peritum,
1192 233 1215 255 et
1228 229 1390 263 Apollonium
1404 233 1510 260 sollicite
1523 235 1656 269 puemitia,
1671 241 1698 263 Il
1712 238 1776 265 nihil

986 270 1110 316 illisrdesit
1124 273 1132 307 (
1145 272 1195 300 Tit.
1209 275 1234 301 5.
1248 275 1281 302 15
1293 274 1312 310 ).
1327 275 1376 310 Qui
1390 279 1580 307 commendans
1603 281 1705 316 aliquos
1720 287 1772 310 tam

985 315 1104 361 studiose
1115 318 1313 354 scripsitatque
1327 321 1451 355 sollicite,
1476 324 1559 351 multo
1582 315 1666 361 magis
1688 327 1772 355 sicubi

985 360 1094 399 vidisset
1107 363 1296 399 perit-litantes,
1307 373 1399 394 cuncta
1412 367 1528 397 fecisset.
1541 370 1582 398 Ad
1592 371 1772 400 Philemonem

984 413 1090 440 quoque
1105 414 1211 442 propter
1229 409 1382 438 Onesimum
1406 413 1535 448 scribens,
1562 416 1621 443 vide
1643 423 1770 451 quantuli)

984 451 1113 486 impendit
1125 454 1251 488 studium,
1266 464 1344 491 quam
1359 458 1459 486 intente
1470 467 1501 487 ac
1516 461 1630 489 sollicite
1642 462 1771 498 deprece-

983 501 1035 524 tur.
1050 498 1101 531 Qui
1114 505 1201 528 autem
1216 509 1265 536 pro
1286 511 1338 530 uno
1377 505 1486 532 servulo
1499 524 1507 537 ,
1553 514 1640 542 eoque
1676 509 1770 545 fugiti-

983 552 1016 572 vo
1027 566 1034 578 ,
1061 549 1088 572 ct
1105 545 1149 579 qui
1163 553 1196 573 ex
1211 547 1291 574 rebus
1303 547 1403 576 domini
1419 550 1499 577 multa
1510 552 1687 586 subtraxerat,
1704 554 1770 582 inte»

981 594 1066 622 grain,
1081 591 1205 626 omnique
1218 591 1313 620 all‘ectu
1328 594 1432 628 plenam
1443 596 1581 630 epistolam
1593 598 1650 626 sine
1662 605 1772 626 cuncta-

983 633 1054 662 tione
1066 638 1225 671 composuit,
1239 639 1324 673 qualis
1339 639 1407 667 circa
1429 641 1496 669 alios
1518 642 1606 676 fuerit,
1623 645 1769 679 perpende.

981 679 1069 708 Unum
1081 683 1151 710 enim
1173 683 1223 711 hoc
1244 684 1288 712 ille
1303 685 1403 720 pudore
1423 686 1533 722 dignum
1545 689 1654 723 putavit,
1673 691 1771 726 aliquid

980 727 1081 755 scilicet
1096 737 1144 764 pro
1167 731 1309 765 cujuslibet
1327 732 1412 760 salute
1433 734 1580 769 negligere.
1593 735 1706 770 Propter
1720 737 1770 765 hoc

980 774 1074 807 agebat
1089 776 1188 809 ornnia,
1206 781 1232 804 et
1256 778 1464 812 commovebat;
1488 787 1537 807 nec
1562 781 1671 808 omnino
1694 783 1771 817 quid-

980 827 1064 853 quam
1073 828 1122 854 pro
1136 820 1187 854 bis,
1204 822 1247 857 qui
1262 823 1387 850 servandi
1409 828 1496 858 erant,
1519 825 1695 853 cunctabatur
1719 827 1770 854 im-

981 865 1106 900 pendere,
1122 875 1173 895 non
1187 868 1276 901 verba,
1293 877 1345 896 non
1358 872 1493 904 pecunias,
1507 879 1560 899 non
1575 872 1691 907 denique
1711 881 1770 901 cor-

980 918 1030 946 pus
1053 913 1148 947 ipsum.
1172 914 1223 948 Qui
1237 915 1308 942 enim
1323 917 1419 944 millies
1441 917 1558 952 seipsum
1584 919 1727 946 tradiderat
1741 921 1766 946 in

980 964 1105 993 mortem,
1117 961 1201 988 nmlto
1213 962 1294 996 magis
1308 962 1330 989 si
1352 962 1497 996 habuisset,
1521 972 1569 992 nec
1590 966 1708 1000 pecuniis
1724 973 1768 1000 pe-

979 1005 1118 1038 percisset.
1134 1005 1168 1033 Et
1189 1007 1251 1041 quid
1266 1007 1343 1041 dico,
1367 1008 1388 1035 si
1403 1008 1556 1042 habuisset,
1581 1018 1641 1037 cum
1656 1011 1769 1045 probare

981 1051 1090 1084 possim,
1114 1059 1166 1079 non
1192 1054 1343 1087 pepercisse
1367 1061 1428 1081 eum
1452 1054 1581 1089 pecuniis,
1597 1056 1677 1082 etiam
1703 1055 1770 1084 nihil

979 1095 1144 1124 habentem?
1159 1097 1191 1126 Et
1216 1106 1249 1125 ne
1272 1099 1425 1133 ambiguum
1439 1105 1516 1134 putes
1529 1108 1599 1135 esse,
1611 1101 1681 1135 quod
1703 1101 1769 1129 dici-

979 1149 1049 1175 tnus,
1063 1142 1123 1169 audi
1133 1144 1218 1178 ipsum
1230 1151 1323 1171 rursus
1334 1144 1484 1179 loquentem
1498 1154 1504 1172 :
1519 1146 1655 1179 Quoniam,
1671 1147 1765 1182 inquit,

978 1188 1092 1220 libenter,
1105 1189 1261 1225 impendam,
1276 1195 1298 1217 et
1313 1192 1522 1225 superimpendur
1542 1193 1595 1227 ipse
1605 1201 1650 1228 pro
1665 1193 1765 1220 anima-

978 1235 1022 1261 bus
1036 1235 1123 1261 vestris
1138 1233 1148 1271 (
1162 1235 1190 1262 2.
1204 1235 1263 1263 Cor.
1278 1235 1322 1263 ‘12.
1336 1237 1370 1264 15
1383 1237 1393 1272 )
1410 1245 1416 1263 :
1430 1242 1457 1264 et
1470 1237 1600 1272 Ephesios
1614 1238 1764 1274 alloquens,

976 1281 1014 1307 ait
1028 1290 1034 1307 :
1050 1280 1106 1315 Ipsi
1115 1282 1193 1315 scitis,
1205 1282 1325 1316 quoniam
1339 1283 1526 1310 necessitatibus
1539 1284 1610 1317 meis,
1623 1289 1646 1311 et
1666 1285 1705 1312 his
1723 1285 1766 1320 qui

975 1319 1166 1359 mecnm'erant,
1180 1329 1383 1355 ministrarerunt
1394 1337 1483 1356 manus
1493 1330 1549 1356 istte
1561 1330 1629 1364 (Act.
1645 1330 1690 1358 20.
1709 1331 1764 1365 54).

974 1372 1008 1401 Et
1018 1381 1078 1400 cum
1090 1374 1178 1403 celsus
1192 1374 1217 1402 in
1233 1375 1352 1402 omnium
1369 1376 1495 1403 virtutum
1515 1383 1578 1404 arce
1589 1397 1597 1410 ,
1614 1385 1709 1412 nempe
1722 1385 1766 1405 ea-

974 1418 1052 1447 ritate
1076 1420 1243 1452 consisteret,
1273 1421 1344 1448 omni
1369 1421 1475 1449 ﬂamma
1489 1426 1547 1449 erat
1564 1423 1710 1450 ardentior.
1732 1423 1767 1452 Ut

973 1465 1045 1492 enirn
1057 1465 1167 1493 missum
1187 1467 1214 1493 in
1228 1467 1316 1501 ignem
1331 1466 1441 1500 ferrum,
1466 1472 1550 1495 totum
1564 1468 1683 1503 profecto
1697 1469 1765 1504 ignis

973 1510 1088 1538 efﬁcitur
1108 1520 1115 1538 :
1131 1512 1171 1539 sic
1182 1512 1279 1540 Paulus
1292 1513 1401 1540 caritate
1416 1520 1572 1547 succensus,
1595 1518 1665 1542 totus
1679 1515 1764 1543 factus

972 1561 1013 1584 est
1025 1558 1131 1591 caritas,
1146 1559 1191 1593 qui
1206 1559 1280 1594 quasi
1301 1559 1451 1587 communis
1474 1560 1555 1588 totius
1576 1561 1667 1588 mundi
1687 1566 1759 1588 esset

971 1607 1057 1637 pater,
1082 1603 1119 1631 ita
1132 1604 1158 1632 in
1170 1611 1262 1632 amore
1276 1605 1394 1632 onmium
1410 1605 1482 1640 ipsos
1503 1613 1595 1633 eorum
1611 1606 1764 1635 imitabatur

970 1652 1096 1682 parentes
1113 1656 1120 1675 :
1136 1649 1190 1676 imo
1204 1654 1324 1682 cunctos,
1341 1657 1393 1677 non
1418 1649 1520 1678 carnali
1559 1652 1756 1684 tantummodo,

970 1699 1063 1720 verum
1078 1693 1159 1720 ctiam
1174 1694 1305 1728 spirituali
1346 1699 1436 1730 patres
1455 1694 1634 1723 sollicitudine
1657 1704 1689 1724 ac
1701 1697 1761 1732 pie-

970 1742 1023 1765 tate
1035 1739 1186 1772 superabat,
1207 1744 1234 1767 et
1256 1739 1400 1774 pecunias,
1422 1743 1448 1767 et
1462 1739 1553 1773 verba,
1570 1744 1600 1768 et
1610 1748 1718 1776 corpus,
1734 1747 1764 1770 et

969 1782 1084 1809 animam
1103 1791 1151 1817 pro
1165 1784 1207 1817 iis,
1221 1792 1287 1819 quos
1301 1783 1436 1819 diligebat,
1450 1783 1617 1819 impendens.

1008 1824 1122 1858 Propter
1138 1824 1190 1850 hoc
1209 1824 1301 1858 itaque
1314 1825 1456 1852 caritatem
1474 1826 1556 1852 etiam
1568 1826 1765 1861 plenitudinem

970 1869 1038 1905 legis
1051 1870 1176 1903 vocabat,
1194 1875 1221 1898 et
1240 1870 1377 1898 vinculum
1393 1870 1580 1905 perfectionis,
1599 1877 1626 1900 et
1642 1873 1765 1900 omnium

971 1919 1085 1943 matrem
1106 1915 1252 1948 bonorum,
1267 1919 1295 1943 ct
1319 1915 1426 1942 initium
1450 1916 1589 1951 ﬁnemque
1607 1916 1739 1945 virtutum
1757 1927 1763 1945 :

970 1967 1166 1998 proptereaque
1192 1962 1299 1990 dicebat
1323 1971 1329 1990 :
1358 1962 1434 1993 Finis
1457 1967 1546 1989 autem
1574 1963 1697 1998 prwcepti
1727 1969 1766 1990 est

969 2008 1069 2034 caritas
1091 2008 1123 2035 de
1143 2007 1221 2034 corde
1237 2015 1313 2042 puro,
1325 2011 1350 2033 et
1368 2007 1529 2034 conscientia
1554 2007 1620 2034 bona
1643 2007 1680 2041 (1.
1695 2007 1764 2034 Tim.

969 2055 994 2082 1.
1010 2055 1047 2088 5).
1067 2054 1101 2081 Et
1120 2062 1216 2082 rursus
1233 2063 1239 2081 :
1258 2053 1317 2080 Non
1338 2053 1512 2086 aduttrrabis,
1529 2061 1582 2081 non
1601 2054 1711 2087 occides,
1728 2059 1762 2088 et,

967 2101 1074 2136 siquod
1090 2099 1173 2127 aliud:
1184 2105 1222 2126 est
1244 2099 1418 2132 mandatum,
1437 2099 1466 2125 in
1485 2099 1533 2126 hac
1548 2099 1625 2127 verbo
1647 2108 1764 2135 compre-

968 2145 1089 2172 henditur
1110 2152 1119 2172 :
1153 2144 1254 2180 Diliges
1280 2145 1429 2180 proximum
1458 2150 1534 2172 tuum
1557 2146 1626 2173 sicut
1652 2147 1762 2181 teipsum

968 2191 1057 2227 (Rom.
1072 2192 1116 2219 15.
1132 2191 1171 2226 9.)
1187 2190 1256 2224 Quia
1270 2191 1354 2227 igitur
1366 2195 1393 2218 et
1403 2191 1511 2218 initium
1532 2195 1559 2219 et
1578 2191 1655 2224 ﬁnis,
1672 2196 1700 2220 et
1715 2192 1763 2220 bo-

968 2245 1065 2264 norutn
1089 2237 1211 2264 omnium
1239 2237 1398 2271 complexus
1418 2237 1528 2265 dilectio
1547 2242 1605 2270 est,
1629 2241 1656 2265 et
1679 2238 1707 2265 in
1731 2246 1763 2266 ea

967 2284 1127 2311 Studeamus
1144 2283 1258 2311 Paulum
1284 2283 1403 2315 imitari,
1425 2284 1525 2311 etenim
1546 2283 1591 2311 hic
1613 2283 1686 2312 illius
1711 2291 1763 2319 ope

967 2331 1028 2358 talis
1042 2329 1154 2358 effectus
1168 2334 1219 2358 est.
1232 2329 1292 2357 Non
1307 2330 1379 2357 enim
1395 2337 1531 2366 proponas
1545 2331 1611 2358 mihi
1625 2337 1760 2364 mortuos,

966 2384 1035 2412 quos
1058 2376 1218 2408 suscitavit,
1244 2383 1333 2411 neque
1352 2375 1486 2412 leprosos,
1510 2383 1580 2410 quos
1600 2372 1761 2411 mundaviti

966 2423 1033 2449 nihil
1051 2423 1148 2450 horum
1165 2422 1286 2458 requiret
1302 2430 1317 2449 a
1343 2426 1370 2450 te
1385 2422 1465 2450 Deus.
1487 2422 1604 2458 Acquire
1621 2424 1760 2451 caritatem

966 2466 1059 2498 Pauli,
1084 2471 1110 2494 et
1131 2466 1277 2501 perfectam
1305 2467 1418 2494 habebis
1440 2475 1581 2495 coronam.
1605 2467 1672 2501 Quis
1703 2469 1761 2497 haec

966 2512 1052 2540 dixit?
1068 2512 1126 2548 Ipse
1137 2513 1255 2540 nutritor
1269 2513 1400 2544 caritatis,
1418 2513 1463 2540 ille
1479 2513 1526 2548 qui
1539 2521 1598 2541 eam
1619 2518 1647 2541 et
1662 2514 1759 2550 signis,

966 2564 994 2586 ct
1006 2559 1158 2592 miraculis,
1181 2564 1208 2586 et
1230 2559 1304 2586 mille
1326 2560 1386 2586 aliis
1410 2559 1488 2587 bonis
1512 2559 1667 2595 praeposuit.
1691 2560 1760 2593 Quia

965 2605 1038 2632 enim
1064 2604 1123 2640 ipse
1143 2612 1238 2632 omnes
1254 2605 1334 2639 hujus
1356 2604 1436 2633 ol'ﬁcii
1460 2611 1551 2641 partes
1570 2611 1625 2634 tam
1651 2610 1762 2635 strenue

967 2651 1135 2686 impleverat,
1162 2651 1264 2678 idcirco
1285 2650 1371 2686 ipsius
1387 2651 1440 2678 vim
1467 2651 1602 2686 exquisite
1622 2651 1759 2686 intelligit.

967 2697 1035 2726 llinc
1059 2697 1104 2725 ille
1125 2697 1187 2725 talis
1210 2698 1335 2729 exsistit,
1361 2697 1483 2733 nihilque
1507 2706 1570 2725 eum
1591 2697 1629 2725 ita
1649 2698 1762 2732 dignum

967 2744 1038 2776 Dco,
1056 2749 1086 2771 ut
1101 2744 1189 2772 virtus
1206 2744 1332 2780 pra-stitit
1350 2744 1471 2772 caritatis
1489 2753 1496 2771 :
1513 2748 1540 2771 et
1556 2743 1616 2772 ideo
1638 2743 1762 2776 dicebat,

967 2790 1082 2822 Quteritc
1099 2791 1167 2816 dona
1183 2790 1368 2824 pra’stantiora
1383 2798 1392 2817 :
1408 2795 1433 2817 et
1449 2790 1536 2817 adhuc
1552 2789 1760 2816 excellentiorem

968 2835 1035 2860 riam
1055 2835 1126 2861 vobis
1146 2834 1296 2861 demonstro
1311 2834 1348 2869 (l.
1365 2834 1425 2863 Cor.
1445 2835 1486 2862 1‘2.
1503 2835 1549 2869 3);
1566 2835 1706 2862 caritatem
1718 2836 1760 2862 di-

967 2887 1048 2913 cens,
1069 2879 1142 2908 illam
1165 2880 1376 2916 pulcherrimam
1394 2886 1419 2909 ct
1440 2880 1596 2910 facillimam
1623 2883 1703 2911 viam.
1731 2881 1759 2909 ln
