1976 3130
229 167 280 195 487

229 227 275 254 illa
288 225 370 261 igitur
391 230 419 252 et
440 233 490 252 nos
509 225 610 260 jugitcr
630 225 820 256 ambulemus.
845 229 875 252 ut
900 229 927 252 et
950 225 1022 252 Pau-

230 273 298 306 lum,
317 273 372 298 into
387 276 414 298 et
433 271 579 298 Dominum
604 271 680 299 Pauli
696 272 789 299 videre
810 280 976 303 mereamur,
996 277 1024 299 et

230 317 449 353 incorruptibiles
465 325 667 353 consequamur
681 325 809 347 coronas.
826 318 912 352 gratia
928 322 956 345 et
969 318 1022 345 mi-

590 166 618 192 S.
637 164 782 193 JOANNIS
800 163 1047 192 (lllltYSOSTOMl
1069 165 1230 193 ARUlllEP.
1253 165 1525 193 CONSTANTLVOP.

1821 167 1878 197 438,

1076 225 1226 252 sericordia
1241 225 1346 252 Domini
1359 225 1445 252 nostri
1461 223 1525 252 Jesu
1540 223 1656 255 Christi,
1671 225 1716 252 cui
1732 228 1774 251 est
1787 225 1871 260 gloria

1077 276 1104 298 et
1120 271 1282 306 imperium.
1302 279 1376 298 nunc
1394 276 1422 298 et
1441 278 1560 305 semper,
1574 271 1643 297 etin
1661 271 1762 298 saecula
1784 278 1871 298 saecu-

1078 317 1177 344 lorum.
1195 318 1293 345 Amen.

621 447 675 477 DE
707 446 904 486 LAUDIBUS
932 447 1076 477 SANCTI
1106 447 1226 486 PAULI
1259 447 1474 485 APOSTOLI.

536 598 642 618 IOIILM
656 597 693 616 IV.

268 638 372 666 Claritas
387 637 465 664 Pauli
479 645 524 664 nos
537 636 673 663 illuminat.
691 634 794 662 Vocatio
805 634 880 661 Pauli
894 634 1024 670 qualis.—

234 683 329 710 lieatus
344 683 442 710 Paulus
455 682 499 718 qui
515 689 563 709 nos
578 681 657 708 hodie
667 681 846 715 congregavit.
862 681 960 715 quique
971 685 1024 708 ter-

233 737 320 756 rarum
332 729 413 756 etiam
427 728 583 755 illuminavit
595 727 698 757 orbem.
715 727 862 753 vocationis
876 735 931 753 suae
954 731 1023 753 tem-

233 783 298 810 pore
312 774 456 809 aliquando
469 778 584 801 circulus
596 777 637 800 est
650 782 656 800 :
668 772 715 799 sed
730 772 910 798 illiuscmt-itas
924 771 1022 798 illumi-

232 821 304 847 natio
324 820 403 847 totius
414 819 486 847 orbis
499 818 593 845 effecta
616 822 666 844 est.
681 817 811 851 Quoniam
827 817 897 845 enim
918 817 1025 845 videbat

232 865 311 896 male,
323 857 464 891 beneeum
478 863 620 890 cxcmcavit
637 863 717 896 Deus,
733 867 761 889 ut
774 863 874 889 utiliter
885 862 939 896 jam
955 861 1024 888 vide-

231 911 420 945 retreliquum.
436 909 519 937 Simul
531 910 600 936 enim
611 913 638 936 et
661 908 848 935 documentum
870 908 894 934 ei
919 907 1023 934 virtutis

231 966 286 985 sua:
300 957 422 992 prmbuit,
438 961 464 983 et
477 957 504 983 in
516 956 639 990 passione
654 955 712 990 ejus
727 954 848 990 figuravit
863 953 949 980 futura
961 974 968 984 .
996 958 1023 980 ct

232 1004 340 1032 modum
369 1004 426 1037 ejus
457 1001 652 1036 pra‘dicationis
677 1001 800 1032 edocuit,
827 999 897 1035 quod
924 999 1022 1029 scilicet

231 1053 368 1084 oporteret
391 1056 450 1076 eum
479 1049 565 1082 priora
587 1046 671 1074 studia
692 1046 796 1081 penitus
821 1045 978 1076 excludere,
996 1048 1023 1071 et

231 1095 306 1129 quasi
321 1094 507 1122 conuirculctn
521 1093 604 1120 oculis
618 1092 790 1126 semetipsum
805 1091 921 1126 undique
943 1098 1020 1118 coer-

230 1148 292 1167 cere
302 1140 310 1155 ¹
327 1148 332 1166 :
347 1143 454 1173 propter
470 1138 539 1172 quod
555 1138 610 1172 ipse
625 1137 694 1164 idem
711 1138 778 1164 istud
791 1136 953 1171 signiﬁcans,
969 1136 1021 1163 cla-

231 1191 286 1213 mat
298 1195 305 1212 :
323 1186 352 1212 Si
364 1186 418 1220 quis
432 1185 601 1211 oidelurinter
615 1193 656 1210 vos
670 1184 778 1219 sapiens,
798 1183 888 1210 stultus
902 1183 947 1216 ﬁat
959 1203 966 1214 ,
995 1187 1022 1208 ut

231 1232 263 1258 sit
278 1231 378 1266 sapiens
389 1230 427 1266 (l.
445 1230 503 1257 (.‘or.
519 1230 545 1256 5.
561 1229 616 1264 18).
631 1229 802 1263 Nequaquam
816 1236 880 1263 ergo
894 1227 1022 1262 potuisset

232 1284 337 1303 rursum
363 1276 431 1303 bene
445 1275 552 1307 ridere,
575 1275 624 1301 nisi
647 1275 719 1308 prius
740 1279 887 1300 ext-meatus
914 1273 1019 1304 fuisset;

232 1322 301 1349 unde
312 1325 339 1349 et
347 1322 478 1356 propriam
494 1321 662 1355 sapientiam,
674 1327 724 1355 qua
739 1319 943 1354 perturbabatur
955 1340 962 1350 ,
974 1327 1022 1345 ex-

231 1367 352 1400 cludens,
364 1367 424 1394 fidei
438 1375 467 1394 se
480 1375 528 1402 per
540 1371 635 1394 cuncta
654 1366 842 1393 committeret.
856 1365 909 1392 Sed
933 1364 1021 1391 nullus

231 1413 282 1446 hoc
293 1413 412 1446 audiens,
427 1413 592 1440 vocationem
618 1412 695 1438 istam
721 1411 907 1446 necessitatem
934 1415 1019 1444 putet,

231 1459 360 1495 siquidem
375 1459 459 1493 potuit
473 1459 559 1485 redire
573 1459 642 1485 unde
655 1457 827 1484 discesserat.
853 1457 925 1484 Mulli
949 1457 1019 1483 enim

232 1507 258 1535 in
267 1513 335 1532 noro
347 1510 373 1532 et
388 1505 690 1534 invett-ri'l'cstamcnto,
702 1511 762 1530 cum
772 1502 870 1537 majora
886 1511 956 1537 szepe
971 1504 1021 1529 mi-

231 1552 322 1580 rabilia
330 1551 466 1583 vidissent,
479 1555 558 1582 retro,
571 1554 599 1576 nt
610 1549 732 1583 legimus,
741 1553 801 1576 sunt
810 1548 909 1576 reversi
918 1557 924 1574 :
933 1553 960 1575 nt
967 1548 1019 1575 Na-

231 1597 445 1628 buchodonosor,
456 1595 583 1627 utJudas,
601 1600 628 1622 ut
639 1595 746 1630 Elymus
760 1602 861 1630 magus,
877 1600 906 1621 ut
917 1595 1018 1626 Simon,

231 1647 261 1671 ut.
275 1643 399 1674 Ananias,
414 1646 442 1669 ut
450 1641 593 1678 Sappbira,
606 1646 634 1668 ut
647 1642 784 1668 universus
793 1641 905 1676 populus
913 1640 1019 1667 ludam-

233 1696 291 1715 rum
307 1697 315 1715 :
331 1688 377 1716 sed
400 1696 452 1715 non
475 1689 509 1714 ita
532 1687 638 1715 Paulus.
669 1687 802 1714 Illustrato
829 1687 899 1714 enim
924 1688 1019 1714 mentis

233 1739 340 1768 aSpcctu
353 1733 387 1760 ad
395 1733 602 1760 sincerissimum
619 1733 683 1759 illud
698 1733 788 1759 lumen
802 1740 882 1760 cursu
897 1733 1017 1765 tetendit,

231 1784 310 1814 atque
317 1779 350 1806 ad
362 1780 456 1806 caelum
466 1779 608 1814 perniciter
622 1779 780 1806 subvolavit.
796 1779 872 1814 Quod
885 1779 907 1805 si
933 1779 1017 1806 inter-

230 1834 318 1862 roges,
333 1827 408 1861 cujus
421 1825 460 1853 rei
475 1826 557 1859 gratia
570 1826 603 1852 sit
616 1831 740 1858 emeatus,
762 1826 853 1860 accipe
875 1825 959 1860 ipsum
981 1826 1019 1852 lo-

230 1876 355 1907 quentent
371 1881 377 1898 :
395 1871 517 1904 Audistis,
531 1871 625 1906 inquit,
640 1872 850 1898 conversationem
865 1879 945 1898 meum
967 1872 1017 1898 uli—

230 1919 330 1952 quando
340 1918 365 1944 in
378 1917 528 1949 Jurlaismo,
543 1919 661 1950 quoniam
676 1925 754 1951 supra
772 1917 875 1944 modum
888 1925 1018 1951 perseque-

229 1964 273 1990 bar
283 1963 420 1990 Ecclesium
437 1963 492 1994 Dei,
506 1967 528 1989 et
540 1963 714 1997 expugnabam
727 1963 807 1994 illam,
824 1967 848 1989 et
857 1963 1018 1996 proﬁciebam

228 2011 254 2036 in
268 2008 402 2036 Judaismo
415 2017 492 2044 supra
503 2009 595 2035 multos
605 2013 744 2035 coaetaneot
765 2016 832 2035 meas
842 2029 850 2039 ,
880 2008 906 2034 in
928 2015 1018 2043 genere

228 2054 457 2081 meoabundanlius
467 2053 600 2082 temulalor
606 2055 725 2080 exsistens
733 2059 894 2088 paternarum
904 2062 1018 2080 mearum

228 2101 391 2127 traditionum
403 2100 473 2136 (Gul.
491 2101 516 2127 Ι.
531 2101 572 2128 l3.
583 2100 638 2135 M).
646 2100 711 2134 Quia
721 2101 790 2127 enim
799 2100 943 2128 vehemens
950 2099 1018 2126 adeo

227 2151 284 2174 erat
299 2151 325 2174 et
336 2147 450 2179 fervens,
467 2146 548 2174 frenis
557 2154 664 2181 quoque
682 2146 926 2173 vehementioribus
949 2146 1017 2173 indi-

227 2192 316 2227 gebat,
331 2200 365 2220 ne
379 2192 480 2220 scilicet
503 2192 603 2226 impetu
621 2192 678 2226 ipso
691 2191 765 2226 ejus,
789 2199 838 2226 qua
861 2191 995 2218 ferebatur
1007 2210 1016 2225 ,

228 2238 374 2265 alacritatis
382 2241 513 2272 arreptus,
530 2237 630 2272 prolata
645 2236 677 2264 ad
691 2245 721 2264 se
731 2237 809 2264 verba
821 2241 1014 2264 contemneret.

230 2285 371 2318 Propterea
388 2283 466 2318 igitur
480 2281 597 2310 furorem
612 2283 669 2317 ejus
681 2282 836 2310 indomitum
852 2283 926 2317 prius
940 2290 998 2310 com

228 2330 319 2366 primit
331 2350 340 2363 ,
354 2330 500 2356 concitatos
514 2333 540 2356 et
555 2329 704 2364 przecipitcs
717 2329 785 2356 illius
809 2329 951 2356 iracundia:
964 2329 999 2356 llu

228 2380 298 2408 ctus,
313 2375 440 2402 c:reitatis
454 2375 583 2402 beneﬁcio
601 2375 695 2409 redigit
719 2375 745 2401 in
761 2376 892 2409 quietem,
908 2380 935 2402 et
954 2380 1016 2403 tunc

229 2421 336 2448 demutn
349 2420 446 2447 exelesti
460 2427 519 2447 eum
535 2420 617 2447 donat
626 2420 717 2453 all'atu,
743 2420 887 2448 ostendens
911 2422 1016 2455 proprie

229 2465 437 2493 inaccessibilem
451 2465 618 2499 sapientiam,
634 2470 661 2493 et
676 2467 917 2500 supereminentem
929 2467 1014 2493 omni-

229 2512 278 2539 bus
289 2511 383 2538 divinm
394 2511 509 2538 scientia!
521 2511 674 2544 bonitatem,
688 2517 717 2539 ut,
730 2513 845 2541 disceret
858 2533 865 2545 ,
895 2513 936 2540 cui
960 2513 1014 2548 jam

228 2557 381 2584 adversario
395 2561 568 2592 repugnaret:
581 2566 659 2592 quem
672 2563 744 2586 certe
758 2566 810 2585 non
836 2559 915 2587 modo
940 2560 1014 2594 puni-

227 2608 315 2630 entem
330 2602 401 2630 ferre
411 2611 462 2629 non
477 2609 575 2638 posset,
590 2604 636 2632 sed
649 2612 699 2632 nec
720 2605 849 2632 beneficia
871 2605 1013 2633 conferen-

228 2654 291 2676 tem.
306 2649 362 2676 Non
376 2649 446 2676 enim
461 2650 505 2677 ille
513 2650 674 2678 obscuritate
687 2650 867 2683 tenebrarum,
880 2651 926 2678 sed
935 2651 1014 2678 lumi-

227 2695 267 2722 nis
280 2693 416 2723 nimietate
425 2701 538 2723 emeatus
549 2700 599 2722 est.
615 2695 648 2722 Et
663 2703 711 2722 cur
725 2716 732 2728 ,
749 2696 836 2731 inquis
846 2717 855 2729 ,
883 2696 934 2723 hoc
959 2704 1011 2723 non

226 2745 287 2768 ante
302 2740 400 2767 factum
415 2741 475 2768 est?
489 2741 528 2768 Ne
539 2748 643 2776 quaeras
664 2741 743 2773 istud,
761 2750 846 2776 neque
867 2742 934 2770 velis
953 2750 1014 2771 esse

226 2794 235 2812 r
242 2787 364 2818 uriosior,
375 2787 421 2814 sed
428 2787 544 2815 concede
551 2787 809 2821 incomprehensibili
821 2789 864 2815 Dei
873 2789 1014 2824 providen-

260 2874 269 2902 t
286 2876 308 2898 ta
320 2878 409 2903 Graeco,
421 2878 443 2899 et
456 2874 543 2900 clausis
555 2874 628 2900 oratis
640 2875 717 2907 ipsum
730 2883 804 2908 sequo.

1082 590 1125 616 tite
1137 590 1238 616 salutes
1250 589 1389 616 hominum
1403 589 1473 616 notis
1487 589 1538 616 sibi
1553 593 1700 624 temporum
1716 592 1870 624 opportuni.

1078 636 1177 663 tatibus
1191 635 1325 663 ordinare.
1338 635 1383 663 Sic
1393 635 1463 662 enim
1477 636 1557 662 etiam
1580 635 1637 670 ipse
1660 636 1804 669 fatebatur,
1827 637 1869 663 dl-

1077 689 1161 709 cens:
1178 681 1242 709 Cum
1257 689 1340 709 autem
1357 682 1453 717 placuit
1475 682 1512 714 ei,
1539 683 1583 716 qui
1606 690 1645 709 me
1670 682 1811 718 segregavit
1837 690 1871 714 ae

1077 733 1148 755 utero
1161 729 1249 754 matris
1258 736 1328 759 mere,
1343 732 1366 754 et
1381 728 1478 755 vocavit
1491 736 1536 763 per
1545 736 1617 755 suam
1632 728 1740 762 gratiam
1755 749 1763 760 ,
1789 732 1817 754 ut
1831 737 1871 754 rc-

1076 774 1168 801 velaret
1180 773 1277 800 Filium
1290 781 1364 800 suum
1378 774 1404 799 in
1413 780 1452 799 me
1465 772 1536 808 (Gal.
1552 773 1577 800 l.
1594 773 1637 800 15.
1665 772 1722 808 16).
1746 773 1818 800 Nihil
1844 778 1871 800 tu

1077 819 1156 852 igitur
1168 819 1294 846 serntcris
1307 819 1431 853 amplius,
1441 818 1547 853 quando
1561 819 1617 846 haec
1631 819 1696 847 dicit
1710 824 1738 846 et
1759 819 1868 846 Paulus.

1076 864 1149 892 Istud
1165 865 1235 892 enim
1249 869 1311 892 tunc
1326 865 1417 900 utique
1431 865 1488 892 lieri
1500 865 1626 899 oportuit,
1640 873 1700 892 cum
1720 865 1777 899 jam
1794 872 1871 892 scan-

1077 911 1136 937 data
1151 910 1248 945 ubique
1256 910 1360 937 sublata
1375 915 1476 937 essent.
1490 909 1531 936 Ab
1545 910 1602 944 ipso
1614 910 1701 945 itaque
1712 910 1848 937 discamus
1861 931 1868 941 ,

1076 956 1201 990 quoniant
1216 955 1378 985 nullusante
1392 955 1514 988 Paulum,
1531 963 1618 989 neque
1640 956 1697 990 ipse
1710 955 1812 983 Paulus
1838 963 1870 983 ex

1076 1008 1106 1027 se
1121 1000 1304 1027 tantummodo
1318 1008 1379 1028 eum
1397 1001 1510 1032 invenit,
1532 1001 1578 1027 sed
1610 1002 1667 1036 ipse
1690 1009 1721 1028 se
1748 999 1870 1027 Christus

1075 1046 1203 1078 ostendit,
1214 1051 1240 1073 et
1256 1046 1354 1074 idcirco
1369 1045 1473 1073 diccbat
1488 1055 1494 1072 :
1511 1045 1570 1072 Non
1582 1054 1625 1072 eos
1637 1054 1676 1072 me
1688 1046 1809 1081 elegistis,
1829 1046 1877 1083 sed!

1075 1101 1120 1127 ego
1131 1091 1192 1127 elegi
1203 1100 1245 1118 vos
1258 1091 1349 1127 (Joan.
1364 1091 1408 1119 l5.
1431 1091 1485 1126 l6).
1500 1092 1633 1119 Caeterum
1657 1100 1705 1119 cur
1727 1096 1792 1118 ante
1814 1099 1866 1118 non

1075 1138 1198 1169 credidit,
1224 1145 1286 1164 cum
1301 1137 1404 1164 videret
1428 1137 1453 1164 in
1479 1137 1562 1171 ipsius
1596 1138 1703 1164 nomine
1729 1145 1870 1171 resurgere

1075 1188 1204 1213 mortuos,
1221 1182 1357 1209 ambulare
1372 1182 1491 1213 claudos,
1505 1182 1663 1218 paralyticos
1674 1182 1870 1214 roborari,d;e-

1076 1235 1170 1255 mones
1182 1227 1313 1261 elfugari?
1328 1227 1433 1254 Nullum
1446 1228 1517 1255 enim
1532 1229 1644 1255 fructum
1653 1228 1696 1254 ille
1709 1236 1742 1254 ex
1755 1227 1798 1254 his
1811 1235 1868 1254 om-

1075 1273 1153 1300 nibus
1166 1278 1345 1308 eonsequutus
1360 1279 1410 1305 est,
1424 1281 1483 1299 cum
1499 1277 1587 1300 tamen
1599 1281 1651 1300 non
1664 1273 1801 1307 ignoraret
1810 1273 1869 1305 ista,

1075 1318 1118 1352 qui
1128 1322 1180 1344 tam
1193 1322 1322 1353 eraterga
1337 1319 1473 1353 apostolos
1487 1319 1618 1350 curiosus,
1642 1319 1687 1353 qui
1712 1323 1788 1346 certe
1811 1326 1869 1345 cum

1075 1364 1236 1398 lapidaretnr
1250 1363 1399 1397 Stephath
1409 1364 1544 1394 adstabat;
1559 1369 1587 1391 et
1602 1363 1696 1390 faciem
1713 1364 1773 1397 ejus
1798 1363 1871 1389 vide-

1073 1409 1118 1436 bat
1132 1410 1251 1444 angclico
1267 1409 1369 1444 fulgore
1385 1410 1531 1436 radiantem
1543 1410 1613 1444 (Act.
1629 1411 1656 1435 7.
1670 1410 1716 1436 5'1.
1729 1410 1790 1445 59).
1815 1409 1869 1436 Cur

1073 1462 1137 1489 ergo
1148 1455 1213 1482 nihil
1228 1455 1287 1482 inde
1300 1455 1416 1482 lucratus
1426 1454 1483 1482 est?
1498 1456 1565 1489 Quia
1577 1455 1691 1482 necdum
1705 1455 1800 1490 utique
1823 1463 1870 1482 vo-

1073 1505 1148 1528 catus
1164 1500 1247 1527 fuerat
1262 1509 1276 1527 τι
1288 1500 1406 1528 Christo.

1116 1546 1218 1574 l'ocalio
1234 1555 1283 1574 non
1294 1548 1462 1575 necessitatem
1476 1548 1561 1583 infert.
1576 1548 1649 1575 Cure
1662 1548 1725 1576 aulo
1735 1557 1782 1576 nos
1801 1548 1875 1581 Deus

1074 1601 1124 1620 non
1135 1593 1289 1620 rocet.—Tu
1301 1601 1363 1621 vero
1374 1594 1423 1620 hoc
1433 1594 1543 1622 audiens
1552 1595 1605 1621 noli
1613 1595 1782 1622 vocationem
1793 1595 1869 1622 istam

1073 1640 1258 1666 necessitatem
1275 1644 1378 1674 putare.
1390 1640 1446 1667 Non
1468 1642 1539 1668 enim
1565 1642 1636 1668 Dens
1651 1641 1776 1669 homines
1799 1643 1869 1676 cogit

1072 1685 1202 1716 vocando,
1223 1685 1270 1712 sed
1285 1690 1344 1720 post
1356 1686 1523 1713 vocationem
1541 1694 1647 1721 quoque
1669 1687 1803 1720 permittit
1822 1695 1869 1714 eos

1073 1733 1238 1766 propriarum
1251 1739 1311 1759 esse
1325 1731 1448 1758 dominos
1458 1733 1635 1759 voluntatum.
1650 1733 1716 1760 Nam
1729 1738 1758 1759 et
1768 1733 1868 1760 Judzeis

1072 1778 1188 1811 scipsum
1203 1777 1311 1812 quando
1324 1778 1443 1812 oportuit
1458 1779 1586 1805 revelavit
1598 1786 1605 1803 ι
1619 1778 1667 1805 sed
1692 1778 1730 1805 illi
1758 1783 1869 1813 propter

1072 1823 1195 1858 gloriam,
1214 1831 1293 1857 quam
1304 1823 1339 1850 ab
1354 1823 1505 1850 hominibus
1528 1824 1719 1858 requirebant,
1744 1825 1817 1851 ultro
1840 1832 1869 1851 se

1072 1868 1228 1900 ollerentem
1238 1869 1375 1903 suscipere
1389 1869 1542 1896 noluerunt.
1561 1869 1657 1896 Verum
1668 1870 1720 1897 hoc
1731 1870 1792 1896 loco
1807 1870 1868 1897 inti-

1071 1913 1155 1941 delior
1169 1915 1229 1948 quis
1241 1918 1368 1948 opponat,
1379 1918 1459 1949 atqtte
1472 1915 1541 1942 dicat
1555 1923 1561 1940 :
1576 1915 1630 1941 Cur
1647 1922 1690 1942 me
1709 1915 1792 1942 etiam
1815 1924 1868 1942 nun

1071 1961 1175 1988 vocavit
1190 1969 1205 1988 e
1216 1961 1301 1988 czelo?
1315 1960 1390 1988 Unde
1402 1965 1490 1988 autem
1501 1961 1668 1988 manifestum
1679 1966 1730 1993 est,
1747 1969 1764 1987 o
1774 1961 1865 1994 homo,

1070 2008 1131 2042 quia
1146 2007 1256 2034 Paulum
1271 2007 1374 2034 vocavit
1386 2007 1419 2034 de
1431 2007 1519 2034 caelo?
1533 2008 1579 2034 sed
1593 2007 1682 2034 credis
1696 2007 1786 2034 istud?
1797 2007 1870 2042 Ergo

1071 2053 1092 2080 si
1103 2052 1201 2084 credis,
1216 2053 1266 2080 hoc
1280 2053 1365 2087 ipsum
1378 2052 1410 2080 ad
1426 2053 1529 2087 signum
1547 2052 1594 2079 tibi
1608 2053 1673 2079 Satis
1684 2057 1737 2080 est.
1753 2053 1780 2080 Si
1804 2061 1870 2080 vero

1071 2106 1123 2124 non
1136 2098 1222 2125 credis
1234 2098 1295 2132 quia
1310 2106 1325 2124 c
1337 2098 1404 2125 caelo
1412 2098 1522 2124 Paulum
1536 2099 1650 2129 vocavit,
1664 2099 1802 2132 quomodo
1823 2099 1868 2125 di-

1070 2145 1119 2178 cis,
1135 2153 1182 2172 cur
1195 2153 1238 2172 me
1249 2145 1328 2172 etiam
1338 2153 1390 2172 non
1400 2145 1521 2172 vocavit?
1540 2145 1644 2176 Credis,
1658 2146 1720 2179 quia
1732 2146 1777 2172 ille
1786 2153 1868 2172 voca-

1071 2191 1126 2223 vit;
1143 2191 1194 2218 boc
1218 2192 1303 2225 ipsum
1328 2191 1393 2224 tibi,
1419 2191 1528 2223 utdixi,
1551 2191 1667 2218 abundat
1688 2191 1722 2218 ad
1748 2192 1867 2226 signum.

1069 2238 1155 2265 Crede
1171 2238 1264 2272 igitur;
1281 2245 1340 2264 nam
1354 2242 1379 2264 te
1394 2245 1499 2272 quoque
1521 2245 1538 2265 e
1562 2237 1628 2264 caelo
1643 2241 1720 2265 vocat
1742 2238 1830 2271 Deus,
1844 2238 1868 2265 si

1070 2283 1152 2311 habes
1167 2284 1282 2310 animam
1297 2283 1330 2311 ad
1343 2283 1520 2311 obediendum
1534 2288 1664 2318 paratam.
1679 2283 1757 2317 Quod
1779 2284 1803 2310 si
1824 2284 1868 2310 in-

1069 2329 1198 2356 obediens
1213 2330 1249 2356 sis
1259 2350 1266 2362 ,
1291 2333 1318 2357 et
1331 2334 1464 2364 corrupta:
1477 2329 1683 2364 depravatreque
1697 2331 1840 2357 sententia:
1858 2351 1866 2360 .

1070 2381 1103 2401 ne
1116 2374 1150 2400 de
1162 2374 1228 2400 caelo
1242 2374 1348 2409 quidem
1362 2374 1396 2401 ad
1411 2379 1436 2401 te
1451 2382 1500 2401 vos
1514 2374 1630 2401 demissa
1642 2374 1690 2401 tibi
1710 2374 1812 2401 sufficit
1832 2375 1867 2401 ad

1069 2420 1190 2447 salutem.
1200 2421 1309 2454 Quoties
1315 2425 1402 2448 autem
1412 2426 1438 2448 et
1446 2421 1529 2447 Judaei
1541 2428 1632 2448 vocem
1646 2421 1758 2448 audiere
1765 2421 1800 2448 de
1813 2429 1867 2448 0:13-

1071 2466 1106 2498 Io,
1120 2467 1145 2493 in
1159 2475 1237 2499 novo,
1250 2472 1277 2493 et
1291 2467 1316 2493 in
1325 2467 1406 2494 reteri
1419 2467 1601 2500 Testamento,
1615 2475 1665 2494 nec
1687 2472 1778 2495 tamen
1803 2467 1865 2495 facti

1069 2518 1131 2540 Sunt
1144 2513 1244 2540 idcirco
1261 2513 1406 2540 meliores?
1416 2513 1480 2540 Nam
1496 2514 1521 2540 in
1537 2513 1711 2540 reteriJudzri
1722 2518 1784 2548 post
1792 2514 1865 2541 mille

1069 2559 1196 2586 miracula
1211 2567 1258 2594 pro
1270 2560 1324 2586 Deo
1335 2560 1456 2591 vitulum,
1473 2567 1553 2594 quem
1568 2560 1687 2587 fecerant
1697 2581 1704 2591 ,
1734 2561 1864 2587 ador-ate-

1069 2609 1140 2631 rnnt.
1154 2605 1188 2631 At
1202 2612 1264 2631 vero
1277 2604 1459 2632 Jerichomina
1475 2606 1613 2637 meretrix,
1629 2613 1689 2640 qum
1715 2606 1782 2633 nihil
1806 2614 1864 2632 o-n-

1069 2650 1132 2677 nino
1146 2657 1178 2677 ex
1192 2650 1358 2677 mirabilibus
1369 2650 1481 2682 viderat,
1497 2651 1614 2677 ostendit
1627 2655 1716 2677 tamen
1744 2651 1822 2678 ﬁderit
1835 2652 1861 2678 in

1068 2695 1266 2729 exploratorum
1281 2696 1450 2729 susceptione
1463 2695 1621 2722 mirabilem.
1635 2695 1662 2722 ln
1675 2700 1748 2722 terra
1756 2704 1862 2730 quoque

1069 2741 1282 2774 repromissionis
1297 2740 1381 2768 Judtei
1393 2741 1466 2775 signa
1489 2745 1640 2774 cernentes,
1668 2742 1862 2775 permanebant

1068 2785 1201 2820 lapidibus
1214 2785 1357 2813 duriores:
1372 2786 1496 2814 Ninivilte
1506 2794 1570 2813 vero
1591 2786 1688 2814 Jonam
1712 2787 1798 2814 solum
1820 2787 1845 2812 ri

1067 2831 1344 2861 uenuseredidcrnm.
1358 2837 1383 2859 et
1398 2837 1509 2866 egerunt
1521 2832 1705 2866 paenitentiam
1720 2831 1804 2866 (Iona
1817 2833 1859 2864 3).

1069 2883 1095 2903 et
1109 2881 1245 2904 venturam
1271 2885 1349 2912 super
1363 2885 1391 2904 sc
1407 2879 1472 2904 iram
1489 2878 1534 2904 Dei
1556 2878 1733 2905 conversione
1752 2878 1858 2913 pepule-
