  <div class='ocr_page' id='page_1' title='image "/cluster/home/n/w/nwhite01/storage/ocr_20150623/49-50/njp.32101077772620/494.png"; bbox 0 0 1976 3130; ppageno 0'>
   <div class='ocr_carea' id='block_1_1' title="bbox 140 140 1356 176">
    <p class='ocr_par' dir='ltr' id='par_1_1' title="bbox 140 140 1356 176">
     <span class='ocr_line' id='line_1_1' title="bbox 140 140 1356 176; baseline 0.005 -8"><span class='ocrx_word' id='word_1_1' title='bbox 140 145 187 176; x_wconf 70' lang='grc' dir='ltr'><strong>εεθ</strong></span> <span class='ocrx_word' id='word_1_2' title='bbox 555 141 598 169; x_wconf 84' lang='lat' dir='ltr'><strong>DE</strong></span> <span class='ocrx_word' id='word_1_3' title='bbox 619 140 832 170; x_wconf 66' lang='lat' dir='ltr'><strong>LAUDIBUSS.</strong></span> <span class='ocrx_word' id='word_1_4' title='bbox 853 141 954 169; x_wconf 68' lang='lat' dir='ltr'><strong>PAULI</strong></span> <span class='ocrx_word' id='word_1_5' title='bbox 975 142 1150 172; x_wconf 78' lang='lat' dir='ltr'><strong>APOSTOLI.</strong></span> <span class='ocrx_word' id='word_1_6' title='bbox 1173 144 1286 172; x_wconf 67' lang='lat' dir='ltr'><strong>llOJllL.</strong></span> <span class='ocrx_word' id='word_1_7' title='bbox 1312 146 1356 174; x_wconf 69' lang='grc' dir='ltr'><strong>Ν.</strong></span> 
     </span>
    </p>
   </div>
   <div class='ocr_carea' id='block_1_2' title="bbox 138 198 923 234">
    <p class='ocr_par' dir='ltr' id='par_1_2' title="bbox 138 198 923 234">
     <span class='ocr_line' id='line_1_2' title="bbox 138 198 923 234; baseline -0.005 -4"><span class='ocrx_word' id='word_1_8' title='bbox 138 207 204 231; x_wconf 80' lang='lat' dir='ltr'><strong>runt.</strong></span> <span class='ocrx_word' id='word_1_9' title='bbox 216 201 243 228; x_wconf 91' lang='lat' dir='ltr'><strong>In</strong></span> <span class='ocrx_word' id='word_1_10' title='bbox 253 209 323 229; x_wconf 86' lang='lat' dir='ltr'><strong>novo</strong></span> <span class='ocrx_word' id='word_1_11' title='bbox 337 201 416 229; x_wconf 87' lang='lat' dir='ltr'><strong>etiam</strong></span> <span class='ocrx_word' id='word_1_12' title='bbox 428 200 601 227; x_wconf 85' lang='lat' dir='ltr'><strong>Testamento</strong></span> <span class='ocrx_word' id='word_1_13' title='bbox 613 199 662 226; x_wconf 87' lang='lat' dir='ltr'><strong>sub</strong></span> <span class='ocrx_word' id='word_1_14' title='bbox 681 198 820 234; x_wconf 59' lang='lat' dir='ltr'><strong>praesentia</strong></span> <span class='ocrx_word' id='word_1_15' title='bbox 840 199 923 233; x_wconf 85' lang='lat' dir='ltr'><strong>ipsius</strong></span> 
     </span>
    </p>
   </div>
   <div class='ocr_carea' id='block_1_3' title="bbox 139 245 925 282">
    <p class='ocr_par' dir='ltr' id='par_1_3' title="bbox 139 245 925 282">
     <span class='ocr_line' id='line_1_3' title="bbox 139 245 925 282; baseline -0.005 -6"><span class='ocrx_word' id='word_1_16' title='bbox 139 249 241 280; x_wconf 75' lang='lat' dir='ltr'><strong>tlhristi.</strong></span> <span class='ocrx_word' id='word_1_17' title='bbox 269 248 336 275; x_wconf 87' lang='lat' dir='ltr'><strong>latro</strong></span> <span class='ocrx_word' id='word_1_18' title='bbox 349 247 455 282; x_wconf 82' lang='lat' dir='ltr'><strong>quidem</strong></span> <span class='ocrx_word' id='word_1_19' title='bbox 474 255 534 274; x_wconf 89' lang='lat' dir='ltr'><strong>cum</strong></span> <span class='ocrx_word' id='word_1_20' title='bbox 552 246 708 274; x_wconf 89' lang='lat' dir='ltr'><strong>cruciﬁxum</strong></span> <span class='ocrx_word' id='word_1_21' title='bbox 724 250 856 276; x_wconf 84' lang='lat' dir='ltr'><strong>cerneret.</strong></span> <span class='ocrx_word' id='word_1_22' title='bbox 877 245 925 272; x_wconf 88' lang='lat' dir='ltr'><strong>ad-</strong></span> 
     </span>
    </p>
   </div>
   <div class='ocr_carea' id='block_1_4' title="bbox 136 293 926 328">
    <p class='ocr_par' dir='ltr' id='par_1_4' title="bbox 136 293 926 328">
     <span class='ocr_line' id='line_1_4' title="bbox 136 293 926 328; baseline -0.006 -6"><span class='ocrx_word' id='word_1_23' title='bbox 136 295 233 325; x_wconf 78' lang='lat' dir='ltr'><strong>oravit;</strong></span> <span class='ocrx_word' id='word_1_24' title='bbox 245 293 330 321; x_wconf 75' lang='lat' dir='ltr'><strong>Judzei</strong></span> <span class='ocrx_word' id='word_1_25' title='bbox 343 301 405 320; x_wconf 91' lang='lat' dir='ltr'><strong>vero</strong></span> <span class='ocrx_word' id='word_1_26' title='bbox 417 294 461 328; x_wconf 90' lang='lat' dir='ltr'><strong>qui</strong></span> <span class='ocrx_word' id='word_1_27' title='bbox 472 300 531 319; x_wconf 87' lang='lat' dir='ltr'><strong>eum</strong></span> <span class='ocrx_word' id='word_1_28' title='bbox 543 296 727 327; x_wconf 79' lang='lat' dir='ltr'><strong>spectaverant</strong></span> <span class='ocrx_word' id='word_1_29' title='bbox 738 296 857 318; x_wconf 89' lang='lat' dir='ltr'><strong>mortuos</strong></span> <span class='ocrx_word' id='word_1_30' title='bbox 867 299 926 318; x_wconf 81' lang='lat' dir='ltr'><strong>sus-</strong></span> 
     </span>
    </p>
   </div>
   <div class='ocr_carea' id='block_1_5' title="bbox 137 337 749 371">
    <p class='ocr_par' dir='ltr' id='par_1_5' title="bbox 137 337 749 371">
     <span class='ocr_line' id='line_1_5' title="bbox 137 337 749 371; baseline -0.003 -4"><span class='ocrx_word' id='word_1_31' title='bbox 137 341 270 371; x_wconf 84' lang='lat' dir='ltr'><strong>citantem,</strong></span> <span class='ocrx_word' id='word_1_32' title='bbox 284 339 505 371; x_wconf 64' lang='lat' dir='ltr'><strong>etvinxerunt,et</strong></span> <span class='ocrx_word' id='word_1_33' title='bbox 516 338 658 365; x_wconf 70' lang='lat' dir='ltr'><strong>aftixerunt</strong></span> <span class='ocrx_word' id='word_1_34' title='bbox 667 337 749 365; x_wconf 88' lang='lat' dir='ltr'><strong>cruci.</strong></span> 
     </span>
    </p>
   </div>
   <div class='ocr_carea' id='block_1_6' title="bbox 168 383 923 420">
    <p class='ocr_par' dir='ltr' id='par_1_6' title="bbox 168 383 923 420">
     <span class='ocr_line' id='line_1_6' title="bbox 168 383 923 420; baseline -0.005 -8"><span class='ocrx_word' id='word_1_35' title='bbox 168 384 471 420; x_wconf 75' lang='lat' dir='ltr'><strong>Tcmplilerasofymitaui</strong></span> <span class='ocrx_word' id='word_1_36' title='bbox 479 384 627 410; x_wconf 71' lang='lat' dir='ltr'><strong>instauratio</strong></span> <span class='ocrx_word' id='word_1_37' title='bbox 635 383 740 415; x_wconf 83' lang='lat' dir='ltr'><strong>irrita,et</strong></span> <span class='ocrx_word' id='word_1_38' title='bbox 749 383 799 409; x_wconf 82' lang='lat' dir='ltr'><strong>alia</strong></span> <span class='ocrx_word' id='word_1_39' title='bbox 806 383 894 416; x_wconf 74' lang='lat' dir='ltr'><strong>quwdu</strong></span> <span class='ocrx_word' id='word_1_40' title='bbox 900 391 923 409; x_wconf 84' lang='grc' dir='ltr'><strong>ιη</strong></span> 
     </span>
    </p>
   </div>
   <div class='ocr_carea' id='block_1_7' title="bbox 135 423 926 468">
    <p class='ocr_par' dir='ltr' id='par_1_7' title="bbox 135 423 926 468">
     <span class='ocr_line' id='line_1_7' title="bbox 135 423 926 468; baseline -0.005 -10"><span class='ocrx_word' id='word_1_41' title='bbox 135 423 212 468; x_wconf 64' lang='lat' dir='ltr'><strong>signa.</strong></span> <span class='ocrx_word' id='word_1_42' title='bbox 234 430 369 457; x_wconf 71' lang='lat' dir='ltr'><strong>Exercitus</strong></span> <span class='ocrx_word' id='word_1_43' title='bbox 381 429 479 456; x_wconf 74' lang='lat' dir='ltr'><strong>Iuliani</strong></span> <span class='ocrx_word' id='word_1_44' title='bbox 501 430 614 456; x_wconf 75' lang='lat' dir='ltr'><strong>obsessus</strong></span> <span class='ocrx_word' id='word_1_45' title='bbox 634 438 650 455; x_wconf 86' lang='lat' dir='ltr'><strong>lt</strong></span> <span class='ocrx_word' id='word_1_46' title='bbox 665 428 793 455; x_wconf 83' lang='lat' dir='ltr'><strong>Barbaris.</strong></span> <span class='ocrx_word' id='word_1_47' title='bbox 810 443 844 448; x_wconf 93' lang='lat'>—</span> <span class='ocrx_word' id='word_1_48' title='bbox 857 428 926 462; x_wconf 80' lang='lat' dir='ltr'><strong>Quid</strong></span> 
     </span>
    </p>
   </div>
   <div class='ocr_carea' id='block_1_8' title="bbox 135 473 926 511">
    <p class='ocr_par' dir='ltr' id='par_1_8' title="bbox 135 473 926 511">
     <span class='ocr_line' id='line_1_8' title="bbox 135 473 926 511; baseline -0.005 -7"><span class='ocrx_word' id='word_1_49' title='bbox 135 483 218 505; x_wconf 86' lang='lat' dir='ltr'><strong>autem</strong></span> <span class='ocrx_word' id='word_1_50' title='bbox 232 481 322 504; x_wconf 88' lang='lat' dir='ltr'><strong>nostra</strong></span> <span class='ocrx_word' id='word_1_51' title='bbox 336 483 442 511; x_wconf 87' lang='lat' dir='ltr'><strong>quoque</strong></span> <span class='ocrx_word' id='word_1_52' title='bbox 456 480 534 502; x_wconf 86' lang='lat' dir='ltr'><strong>a-tate</strong></span> <span class='ocrx_word' id='word_1_53' title='bbox 548 475 586 511; x_wconf 83' lang='lat' dir='ltr'><strong>(o)</strong></span> <span class='ocrx_word' id='word_1_54' title='bbox 597 475 612 501; x_wconf 73' lang='lat'><strong>1&quot;</strong></span> <span class='ocrx_word' id='word_1_55' title='bbox 620 474 712 501; x_wconf 84' lang='lat' dir='ltr'><strong>Nonne</strong></span> <span class='ocrx_word' id='word_1_56' title='bbox 725 482 756 501; x_wconf 84' lang='lat' dir='ltr'><strong>ex</strong></span> <span class='ocrx_word' id='word_1_57' title='bbox 771 473 926 500; x_wconf 84' lang='lat' dir='ltr'><strong>fundamen-</strong></span> 
     </span>
    </p>
   </div>
   <div class='ocr_carea' id='block_1_9' title="bbox 136 521 925 557">
    <p class='ocr_par' dir='ltr' id='par_1_9' title="bbox 136 521 925 557">
     <span class='ocr_line' id='line_1_9' title="bbox 136 521 925 557; baseline -0.006 -6"><span class='ocrx_word' id='word_1_58' title='bbox 136 524 168 551; x_wconf 85' lang='lat' dir='ltr'><strong>tis</strong></span> <span class='ocrx_word' id='word_1_59' title='bbox 182 523 284 557; x_wconf 93' lang='lat' dir='ltr'><strong>templi,</strong></span> <span class='ocrx_word' id='word_1_60' title='bbox 299 522 369 556; x_wconf 87' lang='lat' dir='ltr'><strong>quod</strong></span> <span class='ocrx_word' id='word_1_61' title='bbox 383 522 556 557; x_wconf 88' lang='lat' dir='ltr'><strong>Jerosolymis</strong></span> <span class='ocrx_word' id='word_1_62' title='bbox 577 521 633 552; x_wconf 91' lang='lat' dir='ltr'><strong>fuit,</strong></span> <span class='ocrx_word' id='word_1_63' title='bbox 650 521 717 554; x_wconf 73' lang='lat' dir='ltr'><strong>ignis</strong></span> <span class='ocrx_word' id='word_1_64' title='bbox 738 521 862 547; x_wconf 86' lang='lat' dir='ltr'><strong>exsiliens</strong></span> <span class='ocrx_word' id='word_1_65' title='bbox 877 528 925 546; x_wconf 86' lang='lat' dir='ltr'><strong>au-</strong></span> 
     </span>
    </p>
   </div>
   <div class='ocr_carea' id='block_1_10' title="bbox 135 568 926 603">
    <p class='ocr_par' dir='ltr' id='par_1_10' title="bbox 135 568 926 603">
     <span class='ocr_line' id='line_1_10' title="bbox 135 568 926 603; baseline -0.003 -6"><span class='ocrx_word' id='word_1_66' title='bbox 135 570 227 597; x_wconf 87' lang='lat' dir='ltr'><strong>dentes</strong></span> <span class='ocrx_word' id='word_1_67' title='bbox 251 569 316 597; x_wconf 90' lang='lat' dir='ltr'><strong>illud</strong></span> <span class='ocrx_word' id='word_1_68' title='bbox 337 569 468 596; x_wconf 66' lang='lat' dir='ltr'><strong>aediﬁcare</strong></span> <span class='ocrx_word' id='word_1_69' title='bbox 482 568 665 603; x_wconf 81' lang='lat' dir='ltr'><strong>consumpsit?</strong></span> <span class='ocrx_word' id='word_1_70' title='bbox 681 569 770 602; x_wconf 84' lang='lat' dir='ltr'><strong>sicque</strong></span> <span class='ocrx_word' id='word_1_71' title='bbox 785 568 878 602; x_wconf 87' lang='lat' dir='ltr'><strong>reliqui</strong></span> <span class='ocrx_word' id='word_1_72' title='bbox 893 568 926 595; x_wconf 89' lang='lat' dir='ltr'><strong>ab</strong></span> 
     </span>
    </p>
   </div>
   <div class='ocr_carea' id='block_1_11' title="bbox 135 613 926 651">
    <p class='ocr_par' dir='ltr' id='par_1_11' title="bbox 135 613 926 651">
     <span class='ocr_line' id='line_1_11' title="bbox 135 613 926 651; baseline -0.006 -7"><span class='ocrx_word' id='word_1_73' title='bbox 135 616 228 651; x_wconf 85' lang='lat' dir='ltr'><strong>iniquis</strong></span> <span class='ocrx_word' id='word_1_74' title='bbox 241 615 383 643; x_wconf 86' lang='lat' dir='ltr'><strong>conatibus</strong></span> <span class='ocrx_word' id='word_1_75' title='bbox 398 614 566 645; x_wconf 85' lang='lat' dir='ltr'><strong>destiterunt.</strong></span> <span class='ocrx_word' id='word_1_76' title='bbox 583 622 630 640; x_wconf 84' lang='lat' dir='ltr'><strong>nec</strong></span> <span class='ocrx_word' id='word_1_77' title='bbox 644 619 731 640; x_wconf 86' lang='lat' dir='ltr'><strong>tamen</strong></span> <span class='ocrx_word' id='word_1_78' title='bbox 746 614 779 640; x_wconf 90' lang='lat' dir='ltr'><strong>ab</strong></span> <span class='ocrx_word' id='word_1_79' title='bbox 793 613 926 648; x_wconf 88' lang='lat' dir='ltr'><strong>itupietate</strong></span> 
     </span>
    </p>
   </div>
   <div class='ocr_carea' id='block_1_12' title="bbox 134 659 925 696">
    <p class='ocr_par' dir='ltr' id='par_1_12' title="bbox 134 659 925 696">
     <span class='ocr_line' id='line_1_12' title="bbox 134 659 925 696; baseline -0.004 -8"><span class='ocrx_word' id='word_1_80' title='bbox 134 670 179 689; x_wconf 84' lang='lat' dir='ltr'><strong>sua</strong></span> <span class='ocrx_word' id='word_1_81' title='bbox 193 667 273 696; x_wconf 90' lang='lat' dir='ltr'><strong>atque</strong></span> <span class='ocrx_word' id='word_1_82' title='bbox 288 661 409 688; x_wconf 70' lang='lat' dir='ltr'><strong>emcitate</strong></span> <span class='ocrx_word' id='word_1_83' title='bbox 421 660 541 687; x_wconf 87' lang='lat' dir='ltr'><strong>conversi</strong></span> <span class='ocrx_word' id='word_1_84' title='bbox 562 665 632 687; x_wconf 90' lang='lat' dir='ltr'><strong>sunt.</strong></span> <span class='ocrx_word' id='word_1_85' title='bbox 648 661 750 693; x_wconf 83' lang='lat' dir='ltr'><strong>Quanta</strong></span> <span class='ocrx_word' id='word_1_86' title='bbox 765 667 826 686; x_wconf 81' lang='lat' dir='ltr'><strong>vero</strong></span> <span class='ocrx_word' id='word_1_87' title='bbox 847 659 925 686; x_wconf 90' lang='lat' dir='ltr'><strong>etiam</strong></span> 
     </span>
    </p>
   </div>
   <div class='ocr_carea' id='block_1_13' title="bbox 134 705 928 743">
    <p class='ocr_par' dir='ltr' id='par_1_13' title="bbox 134 705 928 743">
     <span class='ocr_line' id='line_1_13' title="bbox 134 705 928 743; baseline -0.004 -9"><span class='ocrx_word' id='word_1_88' title='bbox 134 711 191 743; x_wconf 86' lang='lat' dir='ltr'><strong>post</strong></span> <span class='ocrx_word' id='word_1_89' title='bbox 208 706 266 734; x_wconf 63' lang='lat' dir='ltr'><strong>hate</strong></span> <span class='ocrx_word' id='word_1_90' title='bbox 281 707 330 734; x_wconf 90' lang='lat' dir='ltr'><strong>alia</strong></span> <span class='ocrx_word' id='word_1_91' title='bbox 354 707 420 733; x_wconf 89' lang='lat' dir='ltr'><strong>facta</strong></span> <span class='ocrx_word' id='word_1_92' title='bbox 443 710 505 733; x_wconf 87' lang='lat' dir='ltr'><strong>sunt</strong></span> <span class='ocrx_word' id='word_1_93' title='bbox 527 705 652 732; x_wconf 86' lang='lat' dir='ltr'><strong>miracula</strong></span> <span class='ocrx_word' id='word_1_94' title='bbox 669 705 700 731; x_wconf 70' lang='lat' dir='ltr'><strong>i?</strong></span> <span class='ocrx_word' id='word_1_95' title='bbox 728 710 756 731; x_wconf 90' lang='lat' dir='ltr'><strong>ut</strong></span> <span class='ocrx_word' id='word_1_96' title='bbox 774 713 834 732; x_wconf 89' lang='lat' dir='ltr'><strong>cum</strong></span> <span class='ocrx_word' id='word_1_97' title='bbox 847 712 928 738; x_wconf 86' lang='lat' dir='ltr'><strong>super</strong></span> 
     </span>
    </p>
   </div>
   <div class='ocr_carea' id='block_1_14' title="bbox 136 750 926 787">
    <p class='ocr_par' dir='ltr' id='par_1_14' title="bbox 136 750 926 787">
     <span class='ocr_line' id='line_1_14' title="bbox 136 750 926 787; baseline -0.005 -7"><span class='ocrx_word' id='word_1_98' title='bbox 136 752 224 787; x_wconf 89' lang='lat' dir='ltr'><strong>templi</strong></span> <span class='ocrx_word' id='word_1_99' title='bbox 244 751 375 787; x_wconf 79' lang='lat' dir='ltr'><strong>Apollinis</strong></span> <span class='ocrx_word' id='word_1_100' title='bbox 389 755 487 778; x_wconf 86' lang='lat' dir='ltr'><strong>tectum</strong></span> <span class='ocrx_word' id='word_1_101' title='bbox 503 751 600 778; x_wconf 80' lang='lat' dir='ltr'><strong>fulmen</strong></span> <span class='ocrx_word' id='word_1_102' title='bbox 615 750 735 784; x_wconf 90' lang='lat' dir='ltr'><strong>illapsum</strong></span> <span class='ocrx_word' id='word_1_103' title='bbox 748 755 788 777; x_wconf 87' lang='lat' dir='ltr'><strong>est</strong></span> <span class='ocrx_word' id='word_1_104' title='bbox 803 759 809 777; x_wconf 90' lang='lat'><strong>:</strong></span> <span class='ocrx_word' id='word_1_105' title='bbox 826 756 854 777; x_wconf 94' lang='lat' dir='ltr'><strong>ut</strong></span> <span class='ocrx_word' id='word_1_106' title='bbox 866 757 926 777; x_wconf 91' lang='lat' dir='ltr'><strong>cum</strong></span> 
     </span>
    </p>
   </div>
   <div class='ocr_carea' id='block_1_15' title="bbox 134 795 923 831">
    <p class='ocr_par' dir='ltr' id='par_1_15' title="bbox 134 795 923 831">
     <span class='ocr_line' id='line_1_15' title="bbox 134 795 923 831; baseline -0.005 -6"><span class='ocrx_word' id='word_1_107' title='bbox 134 798 214 831; x_wconf 85' lang='lat' dir='ltr'><strong>ipsius</strong></span> <span class='ocrx_word' id='word_1_108' title='bbox 237 805 366 831; x_wconf 87' lang='lat' dir='ltr'><strong>responsa</strong></span> <span class='ocrx_word' id='word_1_109' title='bbox 385 796 513 824; x_wconf 59' lang='lat' dir='ltr'><strong>daemonis</strong></span> <span class='ocrx_word' id='word_1_110' title='bbox 537 796 673 823; x_wconf 87' lang='lat' dir='ltr'><strong>transferri</strong></span> <span class='ocrx_word' id='word_1_111' title='bbox 687 803 702 822; x_wconf 88' lang='lat' dir='ltr'><strong>a</strong></span> <span class='ocrx_word' id='word_1_112' title='bbox 717 803 779 830; x_wconf 82' lang='lat' dir='ltr'><strong>rege</strong></span> <span class='ocrx_word' id='word_1_113' title='bbox 792 795 923 830; x_wconf 87' lang='lat' dir='ltr'><strong>sepultum</strong></span> 
     </span>
    </p>
   </div>
   <div class='ocr_carea' id='block_1_16' title="bbox 132 841 926 880">
    <p class='ocr_par' dir='ltr' id='par_1_16' title="bbox 132 841 926 880">
     <span class='ocr_line' id='line_1_16' title="bbox 132 841 926 880; baseline -0.003 -10"><span class='ocrx_word' id='word_1_114' title='bbox 132 845 202 880; x_wconf 75' lang='lat' dir='ltr'><strong>juxta</strong></span> <span class='ocrx_word' id='word_1_115' title='bbox 226 851 255 870; x_wconf 89' lang='lat' dir='ltr'><strong>se</strong></span> <span class='ocrx_word' id='word_1_116' title='bbox 269 848 415 879; x_wconf 80' lang='lat' dir='ltr'><strong>martyrem</strong></span> <span class='ocrx_word' id='word_1_117' title='bbox 439 842 641 877; x_wconf 88' lang='lat' dir='ltr'><strong>compulerunt,</strong></span> <span class='ocrx_word' id='word_1_118' title='bbox 657 842 771 869; x_wconf 80' lang='lat' dir='ltr'><strong>dicentis</strong></span> <span class='ocrx_word' id='word_1_119' title='bbox 784 849 813 868; x_wconf 90' lang='lat' dir='ltr'><strong>se</strong></span> <span class='ocrx_word' id='word_1_120' title='bbox 831 841 926 876; x_wconf 84' lang='lat' dir='ltr'><strong>alloqui</strong></span> 
     </span>
    </p>
   </div>
   <div class='ocr_carea' id='block_1_17' title="bbox 136 887 927 923">
    <p class='ocr_par' dir='ltr' id='par_1_17' title="bbox 136 887 927 923">
     <span class='ocr_line' id='line_1_17' title="bbox 136 887 927 923; baseline -0.003 -8"><span class='ocrx_word' id='word_1_121' title='bbox 136 890 242 915; x_wconf 89' lang='lat' dir='ltr'><strong>omnino</strong></span> <span class='ocrx_word' id='word_1_122' title='bbox 264 896 318 915; x_wconf 93' lang='lat' dir='ltr'><strong>non</strong></span> <span class='ocrx_word' id='word_1_123' title='bbox 334 895 422 923; x_wconf 88' lang='lat' dir='ltr'><strong>posse,</strong></span> <span class='ocrx_word' id='word_1_124' title='bbox 438 887 563 923; x_wconf 89' lang='lat' dir='ltr'><strong>quamdiu</strong></span> <span class='ocrx_word' id='word_1_125' title='bbox 585 887 731 922; x_wconf 82' lang='lat' dir='ltr'><strong>proximam</strong></span> <span class='ocrx_word' id='word_1_126' title='bbox 752 887 820 914; x_wconf 88' lang='lat' dir='ltr'><strong>illius</strong></span> <span class='ocrx_word' id='word_1_127' title='bbox 840 894 927 913; x_wconf 79' lang='lat' dir='ltr'><strong>arcam</strong></span> 
     </span>
    </p>
   </div>
   <div class='ocr_carea' id='block_1_18' title="bbox 135 931 928 968">
    <p class='ocr_par' dir='ltr' id='par_1_18' title="bbox 135 931 928 968">
     <span class='ocr_line' id='line_1_18' title="bbox 135 931 928 968; baseline 0 -9"><span class='ocrx_word' id='word_1_128' title='bbox 135 934 232 961; x_wconf 78' lang='lat' dir='ltr'><strong>videret</strong></span> <span class='ocrx_word' id='word_1_129' title='bbox 246 941 253 962; x_wconf 86' lang='lat'><strong>:</strong></span> <span class='ocrx_word' id='word_1_130' title='bbox 269 939 329 961; x_wconf 89' lang='lat' dir='ltr'><strong>erat</strong></span> <span class='ocrx_word' id='word_1_131' title='bbox 344 941 458 968; x_wconf 88' lang='lat' dir='ltr'><strong>namque</strong></span> <span class='ocrx_word' id='word_1_132' title='bbox 479 933 575 960; x_wconf 91' lang='lat' dir='ltr'><strong>vicina.</strong></span> <span class='ocrx_word' id='word_1_133' title='bbox 599 932 662 960; x_wconf 90' lang='lat' dir='ltr'><strong>Post</strong></span> <span class='ocrx_word' id='word_1_134' title='bbox 682 940 741 967; x_wconf 71' lang='lat' dir='ltr'><strong>qua:</strong></span> <span class='ocrx_word' id='word_1_135' title='bbox 756 931 838 967; x_wconf 84' lang='lat' dir='ltr'><strong>ipsius</strong></span> <span class='ocrx_word' id='word_1_136' title='bbox 858 932 928 966; x_wconf 69' lang='lat' dir='ltr'><strong>regis</strong></span> 
     </span>
    </p>
   </div>
   <div class='ocr_carea' id='block_1_19' title="bbox 133 977 928 1015">
    <p class='ocr_par' dir='ltr' id='par_1_19' title="bbox 133 977 928 1015">
     <span class='ocr_line' id='line_1_19' title="bbox 133 977 928 1015; baseline -0.003 -9"><span class='ocrx_word' id='word_1_137' title='bbox 133 980 287 1012; x_wconf 75' lang='lat' dir='ltr'><strong>avunculus,</strong></span> <span class='ocrx_word' id='word_1_138' title='bbox 312 979 357 1015; x_wconf 89' lang='lat' dir='ltr'><strong>qui</strong></span> <span class='ocrx_word' id='word_1_139' title='bbox 381 978 493 1014; x_wconf 90' lang='lat' dir='ltr'><strong>profano</strong></span> <span class='ocrx_word' id='word_1_140' title='bbox 507 983 606 1006; x_wconf 84' lang='lat' dir='ltr'><strong>attactu</strong></span> <span class='ocrx_word' id='word_1_141' title='bbox 629 982 784 1006; x_wconf 87' lang='lat' dir='ltr'><strong>consecrata</strong></span> <span class='ocrx_word' id='word_1_142' title='bbox 799 977 852 1005; x_wconf 89' lang='lat' dir='ltr'><strong>Deo</strong></span> <span class='ocrx_word' id='word_1_143' title='bbox 866 985 928 1004; x_wconf 86' lang='lat' dir='ltr'><strong>vasa</strong></span> 
     </span>
    </p>
   </div>
   <div class='ocr_carea' id='block_1_20' title="bbox 137 1023 929 1057">
    <p class='ocr_par' dir='ltr' id='par_1_20' title="bbox 137 1023 929 1057">
     <span class='ocr_line' id='line_1_20' title="bbox 137 1023 929 1057; baseline -0.004 -6"><span class='ocrx_word' id='word_1_144' title='bbox 137 1029 331 1057; x_wconf 84' lang='lat' dir='ltr'><strong>temeraverat,</strong></span> <span class='ocrx_word' id='word_1_145' title='bbox 355 1024 489 1052; x_wconf 83' lang='lat' dir='ltr'><strong>vermibus</strong></span> <span class='ocrx_word' id='word_1_146' title='bbox 513 1031 609 1051; x_wconf 87' lang='lat' dir='ltr'><strong>exesus</strong></span> <span class='ocrx_word' id='word_1_147' title='bbox 635 1023 744 1050; x_wconf 86' lang='lat' dir='ltr'><strong>interiit.</strong></span> <span class='ocrx_word' id='word_1_148' title='bbox 768 1023 929 1057; x_wconf 73' lang='lat' dir='ltr'><strong>Prmpositus</strong></span> 
     </span>
    </p>
   </div>
   <div class='ocr_carea' id='block_1_21' title="bbox 136 1067 929 1106">
    <p class='ocr_par' dir='ltr' id='par_1_21' title="bbox 136 1067 929 1106">
     <span class='ocr_line' id='line_1_21' title="bbox 136 1067 929 1106; baseline -0.004 -9"><span class='ocrx_word' id='word_1_149' title='bbox 136 1078 238 1105; x_wconf 82' lang='lat' dir='ltr'><strong>quoque</strong></span> <span class='ocrx_word' id='word_1_150' title='bbox 251 1071 350 1106; x_wconf 76' lang='lat' dir='ltr'><strong>regalis</strong></span> <span class='ocrx_word' id='word_1_151' title='bbox 363 1070 449 1098; x_wconf 81' lang='lat' dir='ltr'><strong>:erarii</strong></span> <span class='ocrx_word' id='word_1_152' title='bbox 462 1069 497 1097; x_wconf 91' lang='lat' dir='ltr'><strong>ob</strong></span> <span class='ocrx_word' id='word_1_153' title='bbox 509 1070 588 1097; x_wconf 87' lang='lat' dir='ltr'><strong>aliam</strong></span> <span class='ocrx_word' id='word_1_154' title='bbox 601 1090 608 1101; x_wconf 94' lang='lat'><strong>,</strong></span> <span class='ocrx_word' id='word_1_155' title='bbox 623 1076 703 1104; x_wconf 85' lang='lat' dir='ltr'><strong>quam</strong></span> <span class='ocrx_word' id='word_1_156' title='bbox 719 1067 845 1096; x_wconf 79' lang='lat' dir='ltr'><strong>Ecclesia:</strong></span> <span class='ocrx_word' id='word_1_157' title='bbox 859 1068 929 1095; x_wconf 82' lang='lat' dir='ltr'><strong>intu-</strong></span> 
     </span>
    </p>
   </div>
   <div class='ocr_carea' id='block_1_22' title="bbox 135 1114 929 1151">
    <p class='ocr_par' dir='ltr' id='par_1_22' title="bbox 135 1114 929 1151">
     <span class='ocr_line' id='line_1_22' title="bbox 135 1114 929 1151; baseline -0.001 -9"><span class='ocrx_word' id='word_1_158' title='bbox 135 1116 211 1148; x_wconf 81' lang='lat' dir='ltr'><strong>lerat,</strong></span> <span class='ocrx_word' id='word_1_159' title='bbox 236 1116 361 1151; x_wconf 90' lang='lat' dir='ltr'><strong>injnriam</strong></span> <span class='ocrx_word' id='word_1_160' title='bbox 389 1115 492 1143; x_wconf 87' lang='lat' dir='ltr'><strong>medius</strong></span> <span class='ocrx_word' id='word_1_161' title='bbox 516 1119 626 1150; x_wconf 81' lang='lat' dir='ltr'><strong>repente</strong></span> <span class='ocrx_word' id='word_1_162' title='bbox 646 1114 766 1149; x_wconf 89' lang='lat' dir='ltr'><strong>diruptus</strong></span> <span class='ocrx_word' id='word_1_163' title='bbox 791 1118 929 1141; x_wconf 78' lang='lat' dir='ltr'><strong>est:tunc</strong></span> 
     </span>
    </p>
   </div>
   <div class='ocr_carea' id='block_1_23' title="bbox 135 1159 928 1196">
    <p class='ocr_par' dir='ltr' id='par_1_23' title="bbox 135 1159 928 1196">
     <span class='ocr_line' id='line_1_23' title="bbox 135 1159 928 1196; baseline -0.005 -8"><span class='ocrx_word' id='word_1_164' title='bbox 135 1162 210 1189; x_wconf 87' lang='lat' dir='ltr'><strong>etiam</strong></span> <span class='ocrx_word' id='word_1_165' title='bbox 235 1162 352 1196; x_wconf 81' lang='lat' dir='ltr'><strong>regionis</strong></span> <span class='ocrx_word' id='word_1_166' title='bbox 365 1167 463 1188; x_wconf 66' lang='lat' dir='ltr'><strong>nostra:</strong></span> <span class='ocrx_word' id='word_1_167' title='bbox 485 1160 589 1193; x_wconf 81' lang='lat' dir='ltr'><strong>fontes,</strong></span> <span class='ocrx_word' id='word_1_168' title='bbox 604 1160 648 1194; x_wconf 92' lang='lat' dir='ltr'><strong>qui</strong></span> <span class='ocrx_word' id='word_1_169' title='bbox 665 1160 737 1195; x_wconf 90' lang='lat' dir='ltr'><strong>prius</strong></span> <span class='ocrx_word' id='word_1_170' title='bbox 749 1159 857 1186; x_wconf 87' lang='lat' dir='ltr'><strong>ﬁmnina</strong></span> <span class='ocrx_word' id='word_1_171' title='bbox 873 1159 928 1193; x_wconf 82' lang='lat' dir='ltr'><strong>ipsa</strong></span> 
     </span>
    </p>
   </div>
   <div class='ocr_carea' id='block_1_24' title="bbox 133 1204 929 1240">
    <p class='ocr_par' dir='ltr' id='par_1_24' title="bbox 133 1204 929 1240">
     <span class='ocr_line' id='line_1_24' title="bbox 133 1204 929 1240; baseline -0.004 -7"><span class='ocrx_word' id='word_1_172' title='bbox 133 1214 207 1233; x_wconf 90' lang='lat' dir='ltr'><strong>cursu</strong></span> <span class='ocrx_word' id='word_1_173' title='bbox 232 1206 380 1234; x_wconf 81' lang='lat' dir='ltr'><strong>inundante</strong></span> <span class='ocrx_word' id='word_1_174' title='bbox 399 1207 558 1240; x_wconf 77' lang='lat' dir='ltr'><strong>vincebant,</strong></span> <span class='ocrx_word' id='word_1_175' title='bbox 580 1206 668 1233; x_wconf 89' lang='lat' dir='ltr'><strong>subito</strong></span> <span class='ocrx_word' id='word_1_176' title='bbox 691 1205 716 1232; x_wconf 93' lang='lat' dir='ltr'><strong>in</strong></span> <span class='ocrx_word' id='word_1_177' title='bbox 737 1213 766 1232; x_wconf 86' lang='lat' dir='ltr'><strong>se</strong></span> <span class='ocrx_word' id='word_1_178' title='bbox 786 1204 929 1232; x_wconf 87' lang='lat' dir='ltr'><strong>resiliendo</strong></span> 
     </span>
    </p>
   </div>
   <div class='ocr_carea' id='block_1_25' title="bbox 135 1250 928 1288">
    <p class='ocr_par' dir='ltr' id='par_1_25' title="bbox 135 1250 928 1288">
     <span class='ocr_line' id='line_1_25' title="bbox 135 1250 928 1288; baseline -0.003 -9"><span class='ocrx_word' id='word_1_179' title='bbox 135 1255 265 1288; x_wconf 76' lang='lat' dir='ltr'><strong>fugerunt,</strong></span> <span class='ocrx_word' id='word_1_180' title='bbox 281 1261 425 1288; x_wconf 86' lang='lat' dir='ltr'><strong>numquam</strong></span> <span class='ocrx_word' id='word_1_181' title='bbox 441 1252 492 1280; x_wconf 90' lang='lat' dir='ltr'><strong>hoc</strong></span> <span class='ocrx_word' id='word_1_182' title='bbox 507 1257 569 1279; x_wconf 85' lang='lat' dir='ltr'><strong>ante</strong></span> <span class='ocrx_word' id='word_1_183' title='bbox 584 1251 712 1286; x_wconf 85' lang='lat' dir='ltr'><strong>perpessi,</strong></span> <span class='ocrx_word' id='word_1_184' title='bbox 727 1250 777 1278; x_wconf 87' lang='lat' dir='ltr'><strong>nisi</strong></span> <span class='ocrx_word' id='word_1_185' title='bbox 790 1255 928 1285; x_wconf 82' lang='lat' dir='ltr'><strong>postquam</strong></span> 
     </span>
    </p>
   </div>
   <div class='ocr_carea' id='block_1_26' title="bbox 133 1295 928 1331">
    <p class='ocr_par' dir='ltr' id='par_1_26' title="bbox 133 1295 928 1331">
     <span class='ocr_line' id='line_1_26' title="bbox 133 1295 928 1331; baseline -0.004 -6"><span class='ocrx_word' id='word_1_186' title='bbox 133 1298 186 1325; x_wconf 84' lang='lat' dir='ltr'><strong>loca</strong></span> <span class='ocrx_word' id='word_1_187' title='bbox 201 1298 244 1325; x_wconf 86' lang='lat' dir='ltr'><strong>illa</strong></span> <span class='ocrx_word' id='word_1_188' title='bbox 267 1306 316 1325; x_wconf 81' lang='lat' dir='ltr'><strong>rex</strong></span> <span class='ocrx_word' id='word_1_189' title='bbox 339 1298 476 1325; x_wconf 88' lang='lat' dir='ltr'><strong>sacriﬁciis</strong></span> <span class='ocrx_word' id='word_1_190' title='bbox 490 1305 522 1324; x_wconf 88' lang='lat' dir='ltr'><strong>ae</strong></span> <span class='ocrx_word' id='word_1_191' title='bbox 537 1297 654 1324; x_wconf 80' lang='lat' dir='ltr'><strong>victimis</strong></span> <span class='ocrx_word' id='word_1_192' title='bbox 675 1296 830 1331; x_wconf 86' lang='lat' dir='ltr'><strong>inquinavit.</strong></span> <span class='ocrx_word' id='word_1_193' title='bbox 859 1295 928 1328; x_wconf 86' lang='lat' dir='ltr'><strong>Quid</strong></span> 
     </span>
    </p>
   </div>
   <div class='ocr_carea' id='block_1_27' title="bbox 136 1341 929 1378">
    <p class='ocr_par' dir='ltr' id='par_1_27' title="bbox 136 1341 929 1378">
     <span class='ocr_line' id='line_1_27' title="bbox 136 1341 929 1378; baseline -0.005 -7"><span class='ocrx_word' id='word_1_194' title='bbox 136 1352 197 1371; x_wconf 82' lang='lat' dir='ltr'><strong>vero</strong></span> <span class='ocrx_word' id='word_1_195' title='bbox 209 1344 264 1378; x_wconf 81' lang='lat' dir='ltr'><strong>jam</strong></span> <span class='ocrx_word' id='word_1_196' title='bbox 285 1351 434 1371; x_wconf 87' lang='lat' dir='ltr'><strong>memorem</strong></span> <span class='ocrx_word' id='word_1_197' title='bbox 457 1343 553 1370; x_wconf 80' lang='lat' dir='ltr'><strong>famem</strong></span> <span class='ocrx_word' id='word_1_198' title='bbox 577 1346 632 1370; x_wconf 84' lang='lat' dir='ltr'><strong>toto</strong></span> <span class='ocrx_word' id='word_1_199' title='bbox 645 1349 754 1378; x_wconf 89' lang='lat' dir='ltr'><strong>prorsus</strong></span> <span class='ocrx_word' id='word_1_200' title='bbox 767 1341 831 1368; x_wconf 84' lang='lat' dir='ltr'><strong>orbe</strong></span> <span class='ocrx_word' id='word_1_201' title='bbox 845 1345 929 1368; x_wconf 90' lang='lat' dir='ltr'><strong>terra-</strong></span> 
     </span>
    </p>
   </div>
   <div class='ocr_carea' id='block_1_28' title="bbox 136 1390 929 1426">
    <p class='ocr_par' dir='ltr' id='par_1_28' title="bbox 136 1390 929 1426">
     <span class='ocr_line' id='line_1_28' title="bbox 136 1390 929 1426; baseline -0.003 -8"><span class='ocrx_word' id='word_1_202' title='bbox 136 1399 192 1418; x_wconf 89' lang='lat' dir='ltr'><strong>rum</strong></span> <span class='ocrx_word' id='word_1_203' title='bbox 213 1399 274 1418; x_wconf 90' lang='lat' dir='ltr'><strong>eum</strong></span> <span class='ocrx_word' id='word_1_204' title='bbox 297 1391 381 1426; x_wconf 89' lang='lat' dir='ltr'><strong>impio</strong></span> <span class='ocrx_word' id='word_1_205' title='bbox 394 1398 457 1426; x_wconf 74' lang='lat' dir='ltr'><strong>rege</strong></span> <span class='ocrx_word' id='word_1_206' title='bbox 470 1391 644 1423; x_wconf 89' lang='lat' dir='ltr'><strong>dominatam,</strong></span> <span class='ocrx_word' id='word_1_207' title='bbox 666 1391 735 1425; x_wconf 82' lang='lat' dir='ltr'><strong>regis</strong></span> <span class='ocrx_word' id='word_1_208' title='bbox 755 1390 889 1418; x_wconf 85' lang='lat' dir='ltr'><strong>interitum</strong></span> <span class='ocrx_word' id='word_1_209' title='bbox 903 1391 929 1417; x_wconf 92' lang='lat' dir='ltr'><strong>in</strong></span> 
     </span>
    </p>
   </div>
   <div class='ocr_carea' id='block_1_29' title="bbox 133 1436 929 1473">
    <p class='ocr_par' dir='ltr' id='par_1_29' title="bbox 133 1436 929 1473">
     <span class='ocr_line' id='line_1_29' title="bbox 133 1436 929 1473; baseline -0.004 -8"><span class='ocrx_word' id='word_1_210' title='bbox 133 1438 237 1473; x_wconf 69' lang='lat' dir='ltr'><strong>regione</strong></span> <span class='ocrx_word' id='word_1_211' title='bbox 252 1438 398 1465; x_wconf 84' lang='lat' dir='ltr'><strong>Persarum</strong></span> <span class='ocrx_word' id='word_1_212' title='bbox 413 1445 421 1465; x_wconf 89' lang='lat'>:</span> <span class='ocrx_word' id='word_1_213' title='bbox 435 1441 497 1465; x_wconf 84' lang='lat' dir='ltr'><strong>ante</strong></span> <span class='ocrx_word' id='word_1_214' title='bbox 510 1441 623 1464; x_wconf 90' lang='lat' dir='ltr'><strong>mortem</strong></span> <span class='ocrx_word' id='word_1_215' title='bbox 631 1444 695 1464; x_wconf 86' lang='lat' dir='ltr'><strong>vero</strong></span> <span class='ocrx_word' id='word_1_216' title='bbox 705 1436 801 1464; x_wconf 87' lang='lat' dir='ltr'><strong>mentis</strong></span> <span class='ocrx_word' id='word_1_217' title='bbox 811 1444 929 1463; x_wconf 89' lang='lat' dir='ltr'><strong>errorem</strong></span> 
     </span>
    </p>
   </div>
   <div class='ocr_carea' id='block_1_30' title="bbox 134 1480 928 1517">
    <p class='ocr_par' dir='ltr' id='par_1_30' title="bbox 134 1480 928 1517">
     <span class='ocr_line' id='line_1_30' title="bbox 134 1480 928 1517; baseline -0.004 -7"><span class='ocrx_word' id='word_1_218' title='bbox 134 1490 298 1517; x_wconf 84' lang='lat' dir='ltr'><strong>perpessum,</strong></span> <span class='ocrx_word' id='word_1_219' title='bbox 313 1483 460 1510; x_wconf 80' lang='lat' dir='ltr'><strong>exercitum</strong></span> <span class='ocrx_word' id='word_1_220' title='bbox 472 1483 498 1510; x_wconf 94' lang='lat' dir='ltr'><strong>in</strong></span> <span class='ocrx_word' id='word_1_221' title='bbox 512 1482 600 1509; x_wconf 89' lang='lat' dir='ltr'><strong>medio</strong></span> <span class='ocrx_word' id='word_1_222' title='bbox 611 1481 783 1509; x_wconf 87' lang='lat' dir='ltr'><strong>barbarorum</strong></span> <span class='ocrx_word' id='word_1_223' title='bbox 795 1480 928 1511; x_wconf 84' lang='lat' dir='ltr'><strong>relictum.</strong></span> 
     </span>
    </p>
   </div>
   <div class='ocr_carea' id='block_1_31' title="bbox 133 1526 928 1563">
    <p class='ocr_par' dir='ltr' id='par_1_31' title="bbox 133 1526 928 1563">
     <span class='ocr_line' id='line_1_31' title="bbox 133 1526 928 1563; baseline -0.005 -7"><span class='ocrx_word' id='word_1_224' title='bbox 133 1534 158 1556; x_wconf 85' lang='lat' dir='ltr'><strong>et</strong></span> <span class='ocrx_word' id='word_1_225' title='bbox 173 1528 287 1563; x_wconf 89' lang='lat' dir='ltr'><strong>nudique</strong></span> <span class='ocrx_word' id='word_1_226' title='bbox 312 1529 384 1556; x_wconf 91' lang='lat' dir='ltr'><strong>velut</strong></span> <span class='ocrx_word' id='word_1_227' title='bbox 408 1527 523 1563; x_wconf 90' lang='lat' dir='ltr'><strong>quodam</strong></span> <span class='ocrx_word' id='word_1_228' title='bbox 548 1532 604 1555; x_wconf 90' lang='lat' dir='ltr'><strong>rete</strong></span> <span class='ocrx_word' id='word_1_229' title='bbox 618 1527 781 1559; x_wconf 90' lang='lat' dir='ltr'><strong>conclusum,</strong></span> <span class='ocrx_word' id='word_1_230' title='bbox 815 1526 928 1554; x_wconf 87' lang='lat' dir='ltr'><strong>reditum</strong></span> 
     </span>
    </p>
   </div>
   <div class='ocr_carea' id='block_1_32' title="bbox 134 1571 929 1609">
    <p class='ocr_par' dir='ltr' id='par_1_32' title="bbox 134 1571 929 1609">
     <span class='ocr_line' id='line_1_32' title="bbox 134 1571 929 1609; baseline -0.003 -9"><span class='ocrx_word' id='word_1_231' title='bbox 134 1582 165 1601; x_wconf 84' lang='lat' dir='ltr'><strong>ex</strong></span> <span class='ocrx_word' id='word_1_232' title='bbox 181 1574 232 1601; x_wconf 88' lang='lat' dir='ltr'><strong>illis</strong></span> <span class='ocrx_word' id='word_1_233' title='bbox 246 1574 315 1602; x_wconf 91' lang='lat' dir='ltr'><strong>locis</strong></span> <span class='ocrx_word' id='word_1_234' title='bbox 332 1574 505 1609; x_wconf 77' lang='lat' dir='ltr'><strong>improvisum</strong></span> <span class='ocrx_word' id='word_1_235' title='bbox 519 1579 597 1608; x_wconf 76' lang='lat' dir='ltr'><strong>azque</strong></span> <span class='ocrx_word' id='word_1_236' title='bbox 610 1572 773 1600; x_wconf 88' lang='lat' dir='ltr'><strong>mirabiletn?</strong></span> <span class='ocrx_word' id='word_1_237' title='bbox 783 1571 848 1599; x_wconf 88' lang='lat' dir='ltr'><strong>Cum</strong></span> <span class='ocrx_word' id='word_1_238' title='bbox 859 1571 929 1598; x_wconf 89' lang='lat' dir='ltr'><strong>enim</strong></span> 
     </span>
    </p>
   </div>
   <div class='ocr_carea' id='block_1_33' title="bbox 134 1617 929 1655">
    <p class='ocr_par' dir='ltr' id='par_1_33' title="bbox 134 1617 929 1655">
     <span class='ocr_line' id='line_1_33' title="bbox 134 1617 929 1655; baseline -0.005 -8"><span class='ocrx_word' id='word_1_239' title='bbox 134 1628 193 1655; x_wconf 79' lang='lat' dir='ltr'><strong>rege</strong></span> <span class='ocrx_word' id='word_1_240' title='bbox 215 1620 298 1654; x_wconf 89' lang='lat' dir='ltr'><strong>impio</strong></span> <span class='ocrx_word' id='word_1_241' title='bbox 325 1619 511 1647; x_wconf 87' lang='lat' dir='ltr'><strong>miserabiliter</strong></span> <span class='ocrx_word' id='word_1_242' title='bbox 535 1619 709 1653; x_wconf 88' lang='lat' dir='ltr'><strong>interempto,</strong></span> <span class='ocrx_word' id='word_1_243' title='bbox 734 1617 802 1644; x_wconf 88' lang='lat' dir='ltr'><strong>alter</strong></span> <span class='ocrx_word' id='word_1_244' title='bbox 825 1617 883 1652; x_wconf 91' lang='lat' dir='ltr'><strong>pius</strong></span> <span class='ocrx_word' id='word_1_245' title='bbox 904 1617 929 1643; x_wconf 92' lang='lat' dir='ltr'><strong>in</strong></span> 
     </span>
    </p>
   </div>
   <div class='ocr_carea' id='block_1_34' title="bbox 135 1663 930 1700">
    <p class='ocr_par' dir='ltr' id='par_1_34' title="bbox 135 1663 930 1700">
     <span class='ocr_line' id='line_1_34' title="bbox 135 1663 930 1700; baseline -0.005 -8"><span class='ocrx_word' id='word_1_246' title='bbox 135 1665 192 1699; x_wconf 85' lang='lat' dir='ltr'><strong>ejus</strong></span> <span class='ocrx_word' id='word_1_247' title='bbox 204 1665 381 1693; x_wconf 80' lang='lat' dir='ltr'><strong>successisset</strong></span> <span class='ocrx_word' id='word_1_248' title='bbox 402 1665 553 1700; x_wconf 84' lang='lat' dir='ltr'><strong>imperium.</strong></span> <span class='ocrx_word' id='word_1_249' title='bbox 569 1664 679 1691; x_wconf 86' lang='lat' dir='ltr'><strong>adversa</strong></span> <span class='ocrx_word' id='word_1_250' title='bbox 695 1663 783 1690; x_wconf 90' lang='lat' dir='ltr'><strong>omnia</strong></span> <span class='ocrx_word' id='word_1_251' title='bbox 805 1663 930 1690; x_wconf 88' lang='lat' dir='ltr'><strong>continuo</strong></span> 
     </span>
    </p>
   </div>
   <div class='ocr_carea' id='block_1_35' title="bbox 135 1708 931 1745">
    <p class='ocr_par' dir='ltr' id='par_1_35' title="bbox 135 1708 931 1745">
     <span class='ocr_line' id='line_1_35' title="bbox 135 1708 931 1745; baseline -0.004 -7"><span class='ocrx_word' id='word_1_252' title='bbox 135 1711 261 1738; x_wconf 86' lang='lat' dir='ltr'><strong>dissoluta</strong></span> <span class='ocrx_word' id='word_1_253' title='bbox 276 1716 350 1744; x_wconf 90' lang='lat' dir='ltr'><strong>sunt,</strong></span> <span class='ocrx_word' id='word_1_254' title='bbox 365 1715 392 1738; x_wconf 90' lang='lat' dir='ltr'><strong>et</strong></span> <span class='ocrx_word' id='word_1_255' title='bbox 406 1711 538 1738; x_wconf 81' lang='lat' dir='ltr'><strong>exercitus</strong></span> <span class='ocrx_word' id='word_1_256' title='bbox 553 1710 598 1745; x_wconf 87' lang='lat' dir='ltr'><strong>qui</strong></span> <span class='ocrx_word' id='word_1_257' title='bbox 620 1709 692 1737; x_wconf 91' lang='lat' dir='ltr'><strong>velut</strong></span> <span class='ocrx_word' id='word_1_258' title='bbox 709 1709 736 1736; x_wconf 89' lang='lat' dir='ltr'><strong>in</strong></span> <span class='ocrx_word' id='word_1_259' title='bbox 758 1708 853 1736; x_wconf 92' lang='lat' dir='ltr'><strong>mediis</strong></span> <span class='ocrx_word' id='word_1_260' title='bbox 875 1713 931 1735; x_wconf 87' lang='lat' dir='ltr'><strong>erat</strong></span> 
     </span>
    </p>
   </div>
   <div class='ocr_carea' id='block_1_36' title="bbox 135 1754 932 1790">
    <p class='ocr_par' dir='ltr' id='par_1_36' title="bbox 135 1754 932 1790">
     <span class='ocr_line' id='line_1_36' title="bbox 135 1754 932 1790; baseline -0.004 -6"><span class='ocrx_word' id='word_1_261' title='bbox 135 1757 232 1785; x_wconf 84' lang='lat' dir='ltr'><strong>retibus</strong></span> <span class='ocrx_word' id='word_1_262' title='bbox 249 1758 397 1790; x_wconf 89' lang='lat' dir='ltr'><strong>involutus,</strong></span> <span class='ocrx_word' id='word_1_263' title='bbox 412 1754 460 1785; x_wconf 82' lang='lat' dir='ltr'><strong>nec</strong></span> <span class='ocrx_word' id='word_1_264' title='bbox 471 1757 554 1784; x_wconf 90' lang='lat' dir='ltr'><strong>ullum</strong></span> <span class='ocrx_word' id='word_1_265' title='bbox 574 1756 674 1784; x_wconf 81' lang='lat' dir='ltr'><strong>exitum</strong></span> <span class='ocrx_word' id='word_1_266' title='bbox 687 1755 829 1790; x_wconf 85' lang='lat' dir='ltr'><strong>aliquando</strong></span> <span class='ocrx_word' id='word_1_267' title='bbox 843 1762 872 1782; x_wconf 91' lang='lat' dir='ltr'><strong>se</strong></span> <span class='ocrx_word' id='word_1_268' title='bbox 891 1755 932 1781; x_wconf 92' lang='lat' dir='ltr'><strong>iu-</strong></span> 
     </span>
    </p>
   </div>
   <div class='ocr_carea' id='block_1_37' title="bbox 134 1800 931 1836">
    <p class='ocr_par' dir='ltr' id='par_1_37' title="bbox 134 1800 931 1836">
     <span class='ocr_line' id='line_1_37' title="bbox 134 1800 931 1836; baseline -0.005 -6"><span class='ocrx_word' id='word_1_269' title='bbox 134 1808 272 1830; x_wconf 77' lang='lat' dir='ltr'><strong>venturum</strong></span> <span class='ocrx_word' id='word_1_270' title='bbox 296 1810 358 1830; x_wconf 86' lang='lat' dir='ltr'><strong>esse</strong></span> <span class='ocrx_word' id='word_1_271' title='bbox 381 1802 516 1836; x_wconf 84' lang='lat' dir='ltr'><strong>credebat,</strong></span> <span class='ocrx_word' id='word_1_272' title='bbox 540 1802 586 1829; x_wconf 92' lang='lat' dir='ltr'><strong>Dei</strong></span> <span class='ocrx_word' id='word_1_273' title='bbox 610 1803 664 1836; x_wconf 87' lang='lat' dir='ltr'><strong>jam</strong></span> <span class='ocrx_word' id='word_1_274' title='bbox 681 1805 747 1828; x_wconf 92' lang='lat' dir='ltr'><strong>nutu</strong></span> <span class='ocrx_word' id='word_1_275' title='bbox 764 1801 797 1828; x_wconf 92' lang='lat' dir='ltr'><strong>ab</strong></span> <span class='ocrx_word' id='word_1_276' title='bbox 812 1800 931 1827; x_wconf 91' lang='lat' dir='ltr'><strong>hostibus</strong></span> 
     </span>
    </p>
   </div>
   <div class='ocr_carea' id='block_1_38' title="bbox 134 1846 931 1881">
    <p class='ocr_par' dir='ltr' id='par_1_38' title="bbox 134 1846 931 1881">
     <span class='ocr_line' id='line_1_38' title="bbox 134 1846 931 1881; baseline -0.006 -4"><span class='ocrx_word' id='word_1_277' title='bbox 134 1849 269 1881; x_wconf 80' lang='lat' dir='ltr'><strong>liberatus,</strong></span> <span class='ocrx_word' id='word_1_278' title='bbox 283 1849 358 1876; x_wconf 91' lang='lat' dir='ltr'><strong>omni</strong></span> <span class='ocrx_word' id='word_1_279' title='bbox 372 1857 431 1876; x_wconf 90' lang='lat' dir='ltr'><strong>cum</strong></span> <span class='ocrx_word' id='word_1_280' title='bbox 443 1848 584 1876; x_wconf 87' lang='lat' dir='ltr'><strong>securitate</strong></span> <span class='ocrx_word' id='word_1_281' title='bbox 597 1847 734 1875; x_wconf 85' lang='lat' dir='ltr'><strong>remeavit.</strong></span> <span class='ocrx_word' id='word_1_282' title='bbox 749 1847 782 1874; x_wconf 86' lang='lat' dir='ltr'><strong>Et</strong></span> <span class='ocrx_word' id='word_1_283' title='bbox 795 1846 852 1873; x_wconf 71' lang='lat' dir='ltr'><strong>hate</strong></span> <span class='ocrx_word' id='word_1_284' title='bbox 871 1847 931 1880; x_wconf 89' lang='lat' dir='ltr'><strong>qui-</strong></span> 
     </span>
    </p>
   </div>
   <div class='ocr_carea' id='block_1_39' title="bbox 134 1893 931 1931">
    <p class='ocr_par' dir='ltr' id='par_1_39' title="bbox 134 1893 931 1931">
     <span class='ocr_line' id='line_1_39' title="bbox 134 1893 931 1931; baseline -0.004 -9"><span class='ocrx_word' id='word_1_285' title='bbox 134 1895 192 1923; x_wconf 87' lang='lat' dir='ltr'><strong>dem</strong></span> <span class='ocrx_word' id='word_1_286' title='bbox 208 1903 289 1931; x_wconf 88' lang='lat' dir='ltr'><strong>quem</strong></span> <span class='ocrx_word' id='word_1_287' title='bbox 303 1903 357 1922; x_wconf 89' lang='lat' dir='ltr'><strong>non</strong></span> <span class='ocrx_word' id='word_1_288' title='bbox 371 1895 475 1922; x_wconf 86' lang='lat' dir='ltr'><strong>valeant</strong></span> <span class='ocrx_word' id='word_1_289' title='bbox 489 1894 521 1922; x_wconf 89' lang='lat' dir='ltr'><strong>ad</strong></span> <span class='ocrx_word' id='word_1_290' title='bbox 544 1899 645 1929; x_wconf 91' lang='lat' dir='ltr'><strong>partem</strong></span> <span class='ocrx_word' id='word_1_291' title='bbox 661 1894 765 1929; x_wconf 89' lang='lat' dir='ltr'><strong>pietatis</strong></span> <span class='ocrx_word' id='word_1_292' title='bbox 778 1893 931 1921; x_wconf 89' lang='lat' dir='ltr'><strong>attrahere?</strong></span> 
     </span>
    </p>
   </div>
   <div class='ocr_carea' id='block_1_40' title="bbox 136 1939 931 1975">
    <p class='ocr_par' dir='ltr' id='par_1_40' title="bbox 136 1939 931 1975">
     <span class='ocr_line' id='line_1_40' title="bbox 136 1939 931 1975; baseline -0.004 -7"><span class='ocrx_word' id='word_1_293' title='bbox 136 1941 201 1973; x_wconf 77' lang='lat' dir='ltr'><strong>Quid</strong></span> <span class='ocrx_word' id='word_1_294' title='bbox 217 1949 284 1968; x_wconf 88' lang='lat' dir='ltr'><strong>vero</strong></span> <span class='ocrx_word' id='word_1_295' title='bbox 297 1940 459 1975; x_wconf 65' lang='lat' dir='ltr'><strong>praesentia?</strong></span> <span class='ocrx_word' id='word_1_296' title='bbox 473 1948 562 1967; x_wconf 90' lang='lat' dir='ltr'><strong>nonne</strong></span> <span class='ocrx_word' id='word_1_297' title='bbox 581 1940 659 1966; x_wconf 88' lang='lat' dir='ltr'><strong>etiam</strong></span> <span class='ocrx_word' id='word_1_298' title='bbox 676 1940 758 1966; x_wconf 90' lang='lat' dir='ltr'><strong>multo</strong></span> <span class='ocrx_word' id='word_1_299' title='bbox 772 1939 931 1966; x_wconf 87' lang='lat' dir='ltr'><strong>mirabiliora</strong></span> 
     </span>
    </p>
   </div>
   <div class='ocr_carea' id='block_1_41' title="bbox 136 1984 932 2020">
    <p class='ocr_par' dir='ltr' id='par_1_41' title="bbox 136 1984 932 2020">
     <span class='ocr_line' id='line_1_41' title="bbox 136 1984 932 2020; baseline -0.004 -6"><span class='ocrx_word' id='word_1_300' title='bbox 136 1987 245 2015; x_wconf 81' lang='lat' dir='ltr'><strong>dicenda</strong></span> <span class='ocrx_word' id='word_1_301' title='bbox 270 1987 358 2014; x_wconf 87' lang='lat' dir='ltr'><strong>sunt?</strong></span> <span class='ocrx_word' id='word_1_302' title='bbox 376 1994 464 2013; x_wconf 88' lang='lat' dir='ltr'><strong>nonne</strong></span> <span class='ocrx_word' id='word_1_303' title='bbox 485 1994 550 2013; x_wconf 82' lang='lat' dir='ltr'><strong>crux</strong></span> <span class='ocrx_word' id='word_1_304' title='bbox 575 1985 750 2020; x_wconf 59' lang='lat' dir='ltr'><strong>pradicatur,</strong></span> <span class='ocrx_word' id='word_1_305' title='bbox 763 1989 790 2012; x_wconf 89' lang='lat' dir='ltr'><strong>et.</strong></span> <span class='ocrx_word' id='word_1_306' title='bbox 810 1988 880 2012; x_wconf 79' lang='lat' dir='ltr'><strong>totus</strong></span> <span class='ocrx_word' id='word_1_307' title='bbox 899 1984 932 2011; x_wconf 91' lang='lat' dir='ltr'><strong>ad</strong></span> 
     </span>
    </p>
   </div>
   <div class='ocr_carea' id='block_1_42' title="bbox 135 2031 934 2066">
    <p class='ocr_par' dir='ltr' id='par_1_42' title="bbox 135 2031 934 2066">
     <span class='ocr_line' id='line_1_42' title="bbox 135 2031 934 2066; baseline -0.004 -5"><span class='ocrx_word' id='word_1_308' title='bbox 135 2033 300 2061; x_wconf 78' lang='lat' dir='ltr'><strong>credendum</strong></span> <span class='ocrx_word' id='word_1_309' title='bbox 313 2033 428 2059; x_wconf 90' lang='lat' dir='ltr'><strong>mundus</strong></span> <span class='ocrx_word' id='word_1_310' title='bbox 439 2031 576 2059; x_wconf 87' lang='lat' dir='ltr'><strong>accurrit?</strong></span> <span class='ocrx_word' id='word_1_311' title='bbox 591 2039 679 2058; x_wconf 91' lang='lat' dir='ltr'><strong>nonne</strong></span> <span class='ocrx_word' id='word_1_312' title='bbox 693 2039 766 2058; x_wconf 91' lang='lat' dir='ltr'><strong>mors</strong></span> <span class='ocrx_word' id='word_1_313' title='bbox 779 2032 934 2066; x_wconf 79' lang='lat' dir='ltr'><strong>ignominio-</strong></span> 
     </span>
    </p>
   </div>
   <div class='ocr_carea' id='block_1_43' title="bbox 136 2077 934 2111">
    <p class='ocr_par' dir='ltr' id='par_1_43' title="bbox 136 2077 934 2111">
     <span class='ocr_line' id='line_1_43' title="bbox 136 2077 934 2111; baseline -0.001 -6"><span class='ocrx_word' id='word_1_314' title='bbox 136 2085 163 2104; x_wconf 80' lang='lat' dir='ltr'><strong>sa</strong></span> <span class='ocrx_word' id='word_1_315' title='bbox 184 2078 336 2110; x_wconf 88' lang='lat' dir='ltr'><strong>nuntiatur,</strong></span> <span class='ocrx_word' id='word_1_316' title='bbox 357 2083 383 2105; x_wconf 83' lang='lat' dir='ltr'><strong>et</strong></span> <span class='ocrx_word' id='word_1_317' title='bbox 396 2085 489 2104; x_wconf 88' lang='lat' dir='ltr'><strong>omnes</strong></span> <span class='ocrx_word' id='word_1_318' title='bbox 501 2077 665 2104; x_wconf 86' lang='lat' dir='ltr'><strong>convolant?</strong></span> <span class='ocrx_word' id='word_1_319' title='bbox 684 2077 812 2111; x_wconf 90' lang='lat' dir='ltr'><strong>numquid</strong></span> <span class='ocrx_word' id='word_1_320' title='bbox 827 2085 878 2104; x_wconf 93' lang='lat' dir='ltr'><strong>non</strong></span> <span class='ocrx_word' id='word_1_321' title='bbox 893 2077 934 2104; x_wconf 86' lang='lat' dir='ltr'><strong>iii-</strong></span> 
     </span>
    </p>
   </div>
   <div class='ocr_carea' id='block_1_44' title="bbox 138 2123 933 2158">
    <p class='ocr_par' dir='ltr' id='par_1_44' title="bbox 138 2123 933 2158">
     <span class='ocr_line' id='line_1_44' title="bbox 138 2123 933 2158; baseline 0 -8"><span class='ocrx_word' id='word_1_322' title='bbox 138 2123 240 2151; x_wconf 88' lang='lat' dir='ltr'><strong>numeri</strong></span> <span class='ocrx_word' id='word_1_323' title='bbox 266 2123 389 2151; x_wconf 81' lang='lat' dir='ltr'><strong>crueilixi</strong></span> <span class='ocrx_word' id='word_1_324' title='bbox 413 2123 494 2150; x_wconf 89' lang='lat' dir='ltr'><strong>sunt?</strong></span> <span class='ocrx_word' id='word_1_325' title='bbox 514 2123 642 2158; x_wconf 85' lang='lat' dir='ltr'><strong>numquid</strong></span> <span class='ocrx_word' id='word_1_326' title='bbox 667 2131 719 2150; x_wconf 90' lang='lat' dir='ltr'><strong>non</strong></span> <span class='ocrx_word' id='word_1_327' title='bbox 743 2123 796 2150; x_wconf 90' lang='lat' dir='ltr'><strong>duo</strong></span> <span class='ocrx_word' id='word_1_328' title='bbox 817 2123 933 2150; x_wconf 84' lang='lat' dir='ltr'><strong>latrones</strong></span> 
     </span>
    </p>
   </div>
   <div class='ocr_carea' id='block_1_45' title="bbox 136 2169 933 2204">
    <p class='ocr_par' dir='ltr' id='par_1_45' title="bbox 136 2169 933 2204">
     <span class='ocr_line' id='line_1_45' title="bbox 136 2169 933 2204; baseline 0 -8"><span class='ocrx_word' id='word_1_329' title='bbox 136 2176 196 2196; x_wconf 80' lang='lat' dir='ltr'><strong>cum</strong></span> <span class='ocrx_word' id='word_1_330' title='bbox 223 2169 339 2196; x_wconf 90' lang='lat' dir='ltr'><strong>Domino</strong></span> <span class='ocrx_word' id='word_1_331' title='bbox 361 2169 561 2204; x_wconf 85' lang='lat' dir='ltr'><strong>pependerunt?</strong></span> <span class='ocrx_word' id='word_1_332' title='bbox 576 2169 702 2204; x_wconf 87' lang='lat' dir='ltr'><strong>numqttid</strong></span> <span class='ocrx_word' id='word_1_333' title='bbox 717 2177 770 2196; x_wconf 92' lang='lat' dir='ltr'><strong>non</strong></span> <span class='ocrx_word' id='word_1_334' title='bbox 790 2170 866 2196; x_wconf 94' lang='lat' dir='ltr'><strong>multi</strong></span> <span class='ocrx_word' id='word_1_335' title='bbox 888 2177 933 2196; x_wconf 88' lang='lat' dir='ltr'><strong>sa-</strong></span> 
     </span>
    </p>
   </div>
   <div class='ocr_carea' id='block_1_46' title="bbox 138 2215 933 2250">
    <p class='ocr_par' dir='ltr' id='par_1_46' title="bbox 138 2215 933 2250">
     <span class='ocr_line' id='line_1_46' title="bbox 138 2215 933 2250; baseline 0 -8"><span class='ocrx_word' id='word_1_336' title='bbox 138 2215 259 2249; x_wconf 80' lang='lat' dir='ltr'><strong>pientes?</strong></span> <span class='ocrx_word' id='word_1_337' title='bbox 282 2215 412 2250; x_wconf 90' lang='lat' dir='ltr'><strong>numquid</strong></span> <span class='ocrx_word' id='word_1_338' title='bbox 438 2223 490 2242; x_wconf 89' lang='lat' dir='ltr'><strong>non</strong></span> <span class='ocrx_word' id='word_1_339' title='bbox 515 2216 589 2242; x_wconf 91' lang='lat' dir='ltr'><strong>nmlti</strong></span> <span class='ocrx_word' id='word_1_340' title='bbox 609 2216 769 2243; x_wconf 79' lang='lat' dir='ltr'><strong>exstiterunt</strong></span> <span class='ocrx_word' id='word_1_341' title='bbox 791 2216 933 2250; x_wconf 87' lang='lat' dir='ltr'><strong>potentes?</strong></span> 
     </span>
    </p>
   </div>
   <div class='ocr_carea' id='block_1_47' title="bbox 137 2261 932 2296">
    <p class='ocr_par' dir='ltr' id='par_1_47' title="bbox 137 2261 932 2296">
     <span class='ocr_line' id='line_1_47' title="bbox 137 2261 932 2296; baseline 0 -8"><span class='ocrx_word' id='word_1_342' title='bbox 137 2261 211 2295; x_wconf 85' lang='lat' dir='ltr'><strong>cujus</strong></span> <span class='ocrx_word' id='word_1_343' title='bbox 233 2261 316 2296; x_wconf 84' lang='lat' dir='ltr'><strong>igitur</strong></span> <span class='ocrx_word' id='word_1_344' title='bbox 336 2261 479 2296; x_wconf 85' lang='lat' dir='ltr'><strong>aliquando</strong></span> <span class='ocrx_word' id='word_1_345' title='bbox 494 2261 533 2288; x_wconf 88' lang='lat' dir='ltr'><strong>sic</strong></span> <span class='ocrx_word' id='word_1_346' title='bbox 557 2269 652 2288; x_wconf 81' lang='lat' dir='ltr'><strong>nomen</strong></span> <span class='ocrx_word' id='word_1_347' title='bbox 675 2261 852 2289; x_wconf 90' lang='lat' dir='ltr'><strong>obtinnit?et</strong></span> <span class='ocrx_word' id='word_1_348' title='bbox 870 2261 932 2296; x_wconf 91' lang='lat' dir='ltr'><strong>quid</strong></span> 
     </span>
    </p>
   </div>
   <div class='ocr_carea' id='block_1_48' title="bbox 138 2307 934 2342">
    <p class='ocr_par' dir='ltr' id='par_1_48' title="bbox 138 2307 934 2342">
     <span class='ocr_line' id='line_1_48' title="bbox 138 2307 934 2342; baseline 0.001 -9"><span class='ocrx_word' id='word_1_349' title='bbox 138 2307 196 2334; x_wconf 90' lang='lat' dir='ltr'><strong>dico</strong></span> <span class='ocrx_word' id='word_1_350' title='bbox 209 2311 336 2342; x_wconf 89' lang='lat' dir='ltr'><strong>potentes</strong></span> <span class='ocrx_word' id='word_1_351' title='bbox 355 2312 434 2342; x_wconf 89' lang='lat' dir='ltr'><strong>atque</strong></span> <span class='ocrx_word' id='word_1_352' title='bbox 449 2307 605 2342; x_wconf 84' lang='lat' dir='ltr'><strong>sapientes?</strong></span> <span class='ocrx_word' id='word_1_353' title='bbox 621 2307 747 2342; x_wconf 91' lang='lat' dir='ltr'><strong>numquid</strong></span> <span class='ocrx_word' id='word_1_354' title='bbox 762 2315 814 2334; x_wconf 90' lang='lat' dir='ltr'><strong>non</strong></span> <span class='ocrx_word' id='word_1_355' title='bbox 829 2308 934 2334; x_wconf 88' lang='lat' dir='ltr'><strong>fuerunt</strong></span> 
     </span>
    </p>
   </div>
   <div class='ocr_carea' id='block_1_49' title="bbox 138 2352 934 2388">
    <p class='ocr_par' dir='ltr' id='par_1_49' title="bbox 138 2352 934 2388">
     <span class='ocr_line' id='line_1_49' title="bbox 138 2352 934 2388; baseline 0 -9"><span class='ocrx_word' id='word_1_356' title='bbox 138 2360 212 2387; x_wconf 74' lang='lat' dir='ltr'><strong>reges</strong></span> <span class='ocrx_word' id='word_1_357' title='bbox 224 2353 338 2388; x_wconf 87' lang='lat' dir='ltr'><strong>inclyti?</strong></span> <span class='ocrx_word' id='word_1_358' title='bbox 351 2354 410 2387; x_wconf 91' lang='lat' dir='ltr'><strong>quis</strong></span> <span class='ocrx_word' id='word_1_359' title='bbox 425 2352 459 2379; x_wconf 88' lang='lat' dir='ltr'><strong>ita</strong></span> <span class='ocrx_word' id='word_1_360' title='bbox 475 2353 524 2379; x_wconf 88' lang='lat' dir='ltr'><strong>sibi</strong></span> <span class='ocrx_word' id='word_1_361' title='bbox 538 2356 669 2379; x_wconf 90' lang='lat' dir='ltr'><strong>terrarum</strong></span> <span class='ocrx_word' id='word_1_362' title='bbox 683 2352 775 2380; x_wconf 88' lang='lat' dir='ltr'><strong>orbem</strong></span> <span class='ocrx_word' id='word_1_363' title='bbox 790 2357 843 2379; x_wconf 88' lang='lat' dir='ltr'><strong>tam</strong></span> <span class='ocrx_word' id='word_1_364' title='bbox 858 2353 934 2380; x_wconf 88' lang='lat' dir='ltr'><strong>brevi</strong></span> 
     </span>
    </p>
   </div>
   <div class='ocr_carea' id='block_1_50' title="bbox 139 2398 934 2434">
    <p class='ocr_par' dir='ltr' id='par_1_50' title="bbox 139 2398 934 2434">
     <span class='ocr_line' id='line_1_50' title="bbox 139 2398 934 2434; baseline 0.003 -9"><span class='ocrx_word' id='word_1_365' title='bbox 139 2404 259 2434; x_wconf 87' lang='lat' dir='ltr'><strong>tempore</strong></span> <span class='ocrx_word' id='word_1_366' title='bbox 285 2398 457 2434; x_wconf 75' lang='lat' dir='ltr'><strong>subiugavit?</strong></span> <span class='ocrx_word' id='word_1_367' title='bbox 479 2399 536 2426; x_wconf 88' lang='lat' dir='ltr'><strong>Non</strong></span> <span class='ocrx_word' id='word_1_368' title='bbox 561 2399 631 2426; x_wconf 91' lang='lat' dir='ltr'><strong>enim</strong></span> <span class='ocrx_word' id='word_1_369' title='bbox 654 2399 740 2427; x_wconf 83' lang='lat' dir='ltr'><strong>varias</strong></span> <span class='ocrx_word' id='word_1_370' title='bbox 767 2399 832 2426; x_wconf 89' lang='lat' dir='ltr'><strong>mihi</strong></span> <span class='ocrx_word' id='word_1_371' title='bbox 855 2404 934 2434; x_wconf 88' lang='lat' dir='ltr'><strong>atque</strong></span> 
     </span>
    </p>
   </div>
   <div class='ocr_carea' id='block_1_51' title="bbox 138 2443 932 2479">
    <p class='ocr_par' dir='ltr' id='par_1_51' title="bbox 138 2443 932 2479">
     <span class='ocr_line' id='line_1_51' title="bbox 138 2443 932 2479; baseline 0.003 -9"><span class='ocrx_word' id='word_1_372' title='bbox 138 2443 257 2471; x_wconf 86' lang='lat' dir='ltr'><strong>diversas</strong></span> <span class='ocrx_word' id='word_1_373' title='bbox 269 2451 391 2478; x_wconf 88' lang='lat' dir='ltr'><strong>oppouas</strong></span> <span class='ocrx_word' id='word_1_374' title='bbox 407 2443 532 2471; x_wconf 77' lang='lat' dir='ltr'><strong>Increses.</strong></span> <span class='ocrx_word' id='word_1_375' title='bbox 547 2443 645 2471; x_wconf 85' lang='lat' dir='ltr'><strong>Omnes</strong></span> <span class='ocrx_word' id='word_1_376' title='bbox 658 2444 788 2479; x_wconf 83' lang='lat' dir='ltr'><strong>siquidem</strong></span> <span class='ocrx_word' id='word_1_377' title='bbox 809 2445 932 2472; x_wconf 88' lang='lat' dir='ltr'><strong>eumdem</strong></span> 
     </span>
    </p>
   </div>
   <div class='ocr_carea' id='block_1_52' title="bbox 140 2489 934 2525">
    <p class='ocr_par' dir='ltr' id='par_1_52' title="bbox 140 2489 934 2525">
     <span class='ocr_line' id='line_1_52' title="bbox 140 2489 934 2525; baseline 0.001 -8"><span class='ocrx_word' id='word_1_378' title='bbox 140 2490 285 2524; x_wconf 77' lang='lat' dir='ltr'><strong>pnedicant</strong></span> <span class='ocrx_word' id='word_1_379' title='bbox 296 2489 442 2521; x_wconf 82' lang='lat' dir='ltr'><strong>Christum,</strong></span> <span class='ocrx_word' id='word_1_380' title='bbox 457 2491 506 2518; x_wconf 77' lang='lat' dir='ltr'><strong>etsi</strong></span> <span class='ocrx_word' id='word_1_381' title='bbox 528 2498 579 2517; x_wconf 92' lang='lat' dir='ltr'><strong>non</strong></span> <span class='ocrx_word' id='word_1_382' title='bbox 599 2498 692 2518; x_wconf 90' lang='lat' dir='ltr'><strong>omnes</strong></span> <span class='ocrx_word' id='word_1_383' title='bbox 713 2498 776 2518; x_wconf 86' lang='lat' dir='ltr'><strong>sane</strong></span> <span class='ocrx_word' id='word_1_384' title='bbox 790 2491 934 2525; x_wconf 68' lang='lat' dir='ltr'><strong>praedicent</strong></span> 
     </span>
    </p>
   </div>
   <div class='ocr_carea' id='block_1_53' title="bbox 139 2535 932 2572">
    <p class='ocr_par' dir='ltr' id='par_1_53' title="bbox 139 2535 932 2572">
     <span class='ocr_line' id='line_1_53' title="bbox 139 2535 932 2572; baseline 0.004 -11"><span class='ocrx_word' id='word_1_385' title='bbox 139 2540 215 2570; x_wconf 84' lang='lat' dir='ltr'><strong>atque</strong></span> <span class='ocrx_word' id='word_1_386' title='bbox 229 2536 359 2571; x_wconf 80' lang='lat' dir='ltr'><strong>legitime.</strong></span> <span class='ocrx_word' id='word_1_387' title='bbox 382 2535 456 2563; x_wconf 87' lang='lat' dir='ltr'><strong>llluni</strong></span> <span class='ocrx_word' id='word_1_388' title='bbox 472 2536 544 2564; x_wconf 89' lang='lat' dir='ltr'><strong>enim</strong></span> <span class='ocrx_word' id='word_1_389' title='bbox 557 2544 650 2563; x_wconf 86' lang='lat' dir='ltr'><strong>omnes</strong></span> <span class='ocrx_word' id='word_1_390' title='bbox 668 2537 820 2571; x_wconf 78' lang='lat' dir='ltr'><strong>prtedicant,</strong></span> <span class='ocrx_word' id='word_1_391' title='bbox 844 2537 887 2572; x_wconf 88' lang='lat' dir='ltr'><strong>qtii</strong></span> <span class='ocrx_word' id='word_1_392' title='bbox 907 2537 932 2564; x_wconf 94' lang='lat' dir='ltr'><strong>iu</strong></span> 
     </span>
    </p>
   </div>
   <div class='ocr_carea' id='block_1_54' title="bbox 141 2581 934 2618">
    <p class='ocr_par' dir='ltr' id='par_1_54' title="bbox 141 2581 934 2618">
     <span class='ocr_line' id='line_1_54' title="bbox 141 2581 934 2618; baseline 0.001 -9"><span class='ocrx_word' id='word_1_393' title='bbox 141 2581 281 2610; x_wconf 63' lang='lat' dir='ltr'><strong>Palestina</strong></span> <span class='ocrx_word' id='word_1_394' title='bbox 301 2587 391 2615; x_wconf 90' lang='lat' dir='ltr'><strong>natus,</strong></span> <span class='ocrx_word' id='word_1_395' title='bbox 407 2587 433 2610; x_wconf 92' lang='lat' dir='ltr'><strong>et</strong></span> <span class='ocrx_word' id='word_1_396' title='bbox 446 2590 550 2617; x_wconf 86' lang='lat' dir='ltr'><strong>passus,</strong></span> <span class='ocrx_word' id='word_1_397' title='bbox 567 2584 611 2618; x_wconf 90' lang='lat' dir='ltr'><strong>qui</strong></span> <span class='ocrx_word' id='word_1_398' title='bbox 626 2583 721 2610; x_wconf 84' lang='lat' dir='ltr'><strong>Pontio</strong></span> <span class='ocrx_word' id='word_1_399' title='bbox 743 2583 825 2611; x_wconf 87' lang='lat' dir='ltr'><strong>Pilato</strong></span> <span class='ocrx_word' id='word_1_400' title='bbox 838 2583 934 2618; x_wconf 84' lang='lat' dir='ltr'><strong>dijudi-</strong></span> 
     </span>
    </p>
   </div>
   <div class='ocr_carea' id='block_1_55' title="bbox 104 2629 932 2665">
    <p class='ocr_par' dir='ltr' id='par_1_55' title="bbox 104 2629 932 2665">
     <span class='ocr_line' id='line_1_55' title="bbox 104 2629 932 2665; baseline 0.001 -10"><span class='ocrx_word' id='word_1_401' title='bbox 104 2635 107 2641; x_wconf 60' lang='grc' dir='ltr'><strong>ν</strong></span> <span class='ocrx_word' id='word_1_402' title='bbox 140 2633 214 2655; x_wconf 83' lang='lat' dir='ltr'><strong>caute</strong></span> <span class='ocrx_word' id='word_1_403' title='bbox 229 2629 373 2656; x_wconf 82' lang='lat' dir='ltr'><strong>cruciﬁxus</strong></span> <span class='ocrx_word' id='word_1_404' title='bbox 384 2633 433 2656; x_wconf 88' lang='lat' dir='ltr'><strong>cst.</strong></span> <span class='ocrx_word' id='word_1_405' title='bbox 449 2629 510 2656; x_wconf 71' lang='lat' dir='ltr'><strong>lla&#39;c</strong></span> <span class='ocrx_word' id='word_1_406' title='bbox 523 2630 600 2664; x_wconf 70' lang='lat' dir='ltr'><strong>igitur</strong></span> <span class='ocrx_word' id='word_1_407' title='bbox 609 2635 714 2663; x_wconf 87' lang='lat' dir='ltr'><strong>cuncta,</strong></span> <span class='ocrx_word' id='word_1_408' title='bbox 725 2638 784 2665; x_wconf 69' lang='lat' dir='ltr'><strong>qum</strong></span> <span class='ocrx_word' id='word_1_409' title='bbox 798 2630 932 2664; x_wconf 77' lang='lat' dir='ltr'><strong>proposui,</strong></span> 
     </span>
    </p>
   </div>
   <div class='ocr_carea' id='block_1_56' title="bbox 142 2674 934 2710">
    <p class='ocr_par' dir='ltr' id='par_1_56' title="bbox 142 2674 934 2710">
     <span class='ocr_line' id='line_1_56' title="bbox 142 2674 934 2710; baseline 0.006 -12"><span class='ocrx_word' id='word_1_410' title='bbox 142 2680 228 2701; x_wconf 88' lang='lat' dir='ltr'><strong>nonne</strong></span> <span class='ocrx_word' id='word_1_411' title='bbox 241 2674 323 2701; x_wconf 87' lang='lat' dir='ltr'><strong>etiam</strong></span> <span class='ocrx_word' id='word_1_412' title='bbox 337 2674 425 2709; x_wconf 88' lang='lat' dir='ltr'><strong>majus</strong></span> <span class='ocrx_word' id='word_1_413' title='bbox 444 2676 549 2702; x_wconf 90' lang='lat' dir='ltr'><strong>virtutis</strong></span> <span class='ocrx_word' id='word_1_414' title='bbox 563 2676 621 2710; x_wconf 80' lang='lat' dir='ltr'><strong>ejus</strong></span> <span class='ocrx_word' id='word_1_415' title='bbox 641 2676 763 2703; x_wconf 82' lang='lat' dir='ltr'><strong>videntur</strong></span> <span class='ocrx_word' id='word_1_416' title='bbox 777 2676 873 2704; x_wconf 86' lang='lat' dir='ltr'><strong>habere</strong></span> <span class='ocrx_word' id='word_1_417' title='bbox 886 2676 934 2703; x_wconf 92' lang='lat' dir='ltr'><strong>do-</strong></span> 
     </span>
    </p>
   </div>
   <div class='ocr_carea' id='block_1_57' title="bbox 141 2721 932 2755">
    <p class='ocr_par' dir='ltr' id='par_1_57' title="bbox 141 2721 932 2755">
     <span class='ocr_line' id='line_1_57' title="bbox 141 2721 932 2755; baseline 0.004 -9"><span class='ocrx_word' id='word_1_418' title='bbox 141 2725 301 2752; x_wconf 84' lang='lat' dir='ltr'><strong>cumentum,</strong></span> <span class='ocrx_word' id='word_1_419' title='bbox 316 2728 396 2755; x_wconf 87' lang='lat' dir='ltr'><strong>quam</strong></span> <span class='ocrx_word' id='word_1_420' title='bbox 419 2721 462 2748; x_wconf 91' lang='lat' dir='ltr'><strong>illa</strong></span> <span class='ocrx_word' id='word_1_421' title='bbox 485 2729 534 2748; x_wconf 80' lang='lat' dir='ltr'><strong>vox</strong></span> <span class='ocrx_word' id='word_1_422' title='bbox 557 2722 634 2748; x_wconf 88' lang='lat' dir='ltr'><strong>allata</strong></span> <span class='ocrx_word' id='word_1_423' title='bbox 649 2722 683 2749; x_wconf 86' lang='lat' dir='ltr'><strong>de</strong></span> <span class='ocrx_word' id='word_1_424' title='bbox 697 2722 783 2749; x_wconf 66' lang='grc' dir='ltr'><strong>εεριοῖ)</strong></span> <span class='ocrx_word' id='word_1_425' title='bbox 796 2722 849 2749; x_wconf 93' lang='lat' dir='ltr'><strong>Cur</strong></span> <span class='ocrx_word' id='word_1_426' title='bbox 861 2722 932 2749; x_wconf 90' lang='lat' dir='ltr'><strong>enitn</strong></span> 
     </span>
    </p>
   </div>
   <div class='ocr_carea' id='block_1_58' title="bbox 171 2801 799 2832">
    <p class='ocr_par' dir='ltr' id='par_1_58' title="bbox 171 2801 799 2832">
     <span class='ocr_line' id='line_1_58' title="bbox 171 2801 799 2832; baseline 0.003 -6"><span class='ocrx_word' id='word_1_427' title='bbox 171 2801 178 2816; x_wconf 92' lang='grc'>¹</span> <span class='ocrx_word' id='word_1_428' title='bbox 196 2804 275 2826; x_wconf 77' lang='lat' dir='ltr'><strong>Grmca</strong></span> <span class='ocrx_word' id='word_1_429' title='bbox 286 2803 367 2827; x_wconf 84' lang='lat' dir='ltr'><strong>versio</strong></span> <span class='ocrx_word' id='word_1_430' title='bbox 379 2802 452 2832; x_wconf 69' lang='lat' dir='ltr'><strong>addit,</strong></span> <span class='ocrx_word' id='word_1_431' title='bbox 465 2807 488 2828; x_wconf 88' lang='lat' dir='ltr'><strong>et</strong></span> <span class='ocrx_word' id='word_1_432' title='bbox 500 2801 559 2828; x_wconf 74' lang='lat' dir='ltr'><strong>nihil</strong></span> <span class='ocrx_word' id='word_1_433' title='bbox 570 2803 627 2828; x_wconf 73' lang='lat' dir='ltr'><strong>inde</strong></span> <span class='ocrx_word' id='word_1_434' title='bbox 639 2803 726 2830; x_wconf 81' lang='lat' dir='ltr'><strong>lucrati</strong></span> <span class='ocrx_word' id='word_1_435' title='bbox 737 2807 799 2829; x_wconf 75' lang='lat' dir='ltr'><strong>sinit.</strong></span> 
     </span>
    </p>
   </div>
   <div class='ocr_carea' id='block_1_59' title="bbox 170 2832 932 2866">
    <p class='ocr_par' dir='ltr' id='par_1_59' title="bbox 170 2832 932 2866">
     <span class='ocr_line' id='line_1_59' title="bbox 170 2832 932 2866; baseline 0.007 -11"><span class='ocrx_word' id='word_1_436' title='bbox 170 2832 207 2866; x_wconf 78' lang='grc' dir='ltr'><strong>(ιι)</strong></span> <span class='ocrx_word' id='word_1_437' title='bbox 218 2832 280 2862; x_wconf 79' lang='lat' dir='ltr'><strong>Quid</strong></span> <span class='ocrx_word' id='word_1_438' title='bbox 288 2836 368 2866; x_wconf 67' lang='lat' dir='ltr'><strong>mrtem</strong></span> <span class='ocrx_word' id='word_1_439' title='bbox 378 2837 460 2866; x_wconf 69' lang='lat' dir='ltr'><strong>nostra</strong></span> <span class='ocrx_word' id='word_1_440' title='bbox 469 2841 559 2866; x_wconf 80' lang='lat' dir='ltr'><strong>quoque</strong></span> <span class='ocrx_word' id='word_1_441' title='bbox 569 2838 639 2859; x_wconf 67' lang='lat' dir='ltr'><strong>relate</strong></span> <span class='ocrx_word' id='word_1_442' title='bbox 650 2836 661 2859; x_wconf 73' lang='lat'><strong>1‘</strong></span> <span class='ocrx_word' id='word_1_443' title='bbox 674 2839 728 2860; x_wconf 76' lang='lat' dir='ltr'><strong>ilttzt;</strong></span> <span class='ocrx_word' id='word_1_444' title='bbox 738 2842 792 2866; x_wconf 76' lang='lat' dir='ltr'><strong>qua:</strong></span> <span class='ocrx_word' id='word_1_445' title='bbox 804 2841 846 2859; x_wconf 80' lang='lat' dir='ltr'><strong>sua</strong></span> <span class='ocrx_word' id='word_1_446' title='bbox 860 2839 932 2866; x_wconf 76' lang='lat' dir='ltr'><strong>tctatc</strong></span> 
     </span>
    </p>
   </div>
   <div class='ocr_carea' id='block_1_60' title="bbox 141 2863 928 2899">
    <p class='ocr_par' dir='ltr' id='par_1_60' title="bbox 141 2863 928 2899">
     <span class='ocr_line' id='line_1_60' title="bbox 141 2863 928 2899; baseline 0.003 -10"><span class='ocrx_word' id='word_1_447' title='bbox 141 2863 291 2894; x_wconf 68' lang='grc' dir='ltr'><strong>ωυιὶᾳιτωιι</strong></span> <span class='ocrx_word' id='word_1_448' title='bbox 297 2865 374 2890; x_wconf 75' lang='lat' dir='ltr'><strong>fusius</strong></span> <span class='ocrx_word' id='word_1_449' title='bbox 386 2863 461 2890; x_wconf 79' lang='lat' dir='ltr'><strong>refert</strong></span> <span class='ocrx_word' id='word_1_450' title='bbox 470 2863 587 2898; x_wconf 69' lang='lat' dir='ltr'><strong>Chrysost.</strong></span> <span class='ocrx_word' id='word_1_451' title='bbox 601 2865 662 2891; x_wconf 75' lang='lat' dir='ltr'><strong>intra</strong></span> <span class='ocrx_word' id='word_1_452' title='bbox 674 2866 734 2891; x_wconf 88' lang='lat' dir='ltr'><strong>libro</strong></span> <span class='ocrx_word' id='word_1_453' title='bbox 744 2863 769 2892; x_wconf 80' lang='lat' dir='ltr'><strong>in</strong></span> <span class='ocrx_word' id='word_1_454' title='bbox 779 2870 800 2892; x_wconf 87' lang='lat' dir='ltr'><strong>S.</strong></span> <span class='ocrx_word' id='word_1_455' title='bbox 811 2865 928 2899; x_wconf 65' lang='lat' dir='ltr'><strong>Babylant.</strong></span> 
     </span>
    </p>
   </div>
   <div class='ocr_carea' id='block_1_61' title="bbox 1677 154 1769 188">
    <p class='ocr_par' dir='ltr' id='par_1_61' title="bbox 1677 154 1769 188">
     <span class='ocr_line' id='line_1_61' title="bbox 1677 154 1769 188; baseline -0.011 -6"><span class='ocrx_word' id='word_1_456' title='bbox 1677 184 1680 188; x_wconf 65' lang='grc'><strong><em>,</em></strong></span> <span class='ocrx_word' id='word_1_457' title='bbox 1717 154 1769 182; x_wconf 67' lang='grc'><strong>490</strong></span> 
     </span>
    </p>
   </div>
   <div class='ocr_carea' id='block_1_62' title="bbox 982 199 1768 245">
    <p class='ocr_par' dir='ltr' id='par_1_62' title="bbox 982 199 1768 245">
     <span class='ocr_line' id='line_1_62' title="bbox 982 199 1768 245; baseline 0.017 -18"><span class='ocrx_word' id='word_1_458' title='bbox 982 199 1070 228; x_wconf 85' lang='lat' dir='ltr'><strong>nullus</strong></span> <span class='ocrx_word' id='word_1_459' title='bbox 1084 209 1173 236; x_wconf 81' lang='lat' dir='ltr'><strong>regum</strong></span> <span class='ocrx_word' id='word_1_460' title='bbox 1191 203 1226 230; x_wconf 89' lang='lat' dir='ltr'><strong>ita</strong></span> <span class='ocrx_word' id='word_1_461' title='bbox 1251 204 1324 236; x_wconf 84' lang='lat' dir='ltr'><strong>vicit,</strong></span> <span class='ocrx_word' id='word_1_462' title='bbox 1337 209 1364 232; x_wconf 90' lang='lat' dir='ltr'><strong>ut</strong></span> <span class='ocrx_word' id='word_1_463' title='bbox 1387 206 1429 234; x_wconf 90' lang='lat' dir='ltr'><strong>hic</strong></span> <span class='ocrx_word' id='word_1_464' title='bbox 1450 209 1688 245; x_wconf 53' lang='lat' dir='ltr'><strong>snperavihidque</strong></span> <span class='ocrx_word' id='word_1_465' title='bbox 1707 220 1768 240; x_wconf 82' lang='lat' dir='ltr'><strong>eum</strong></span> 
     </span>
    </p>
   </div>
   <div class='ocr_carea' id='block_1_63' title="bbox 979 245 1768 291">
    <p class='ocr_par' dir='ltr' id='par_1_63' title="bbox 979 245 1768 291">
     <span class='ocr_line' id='line_1_63' title="bbox 979 245 1768 291; baseline 0.019 -20"><span class='ocrx_word' id='word_1_466' title='bbox 979 245 1117 274; x_wconf 83' lang='lat' dir='ltr'><strong>innumera</strong></span> <span class='ocrx_word' id='word_1_467' title='bbox 1140 255 1170 275; x_wconf 74' lang='lat' dir='ltr'><strong>ex</strong></span> <span class='ocrx_word' id='word_1_468' title='bbox 1191 249 1303 278; x_wconf 86' lang='lat' dir='ltr'><strong>adverso</strong></span> <span class='ocrx_word' id='word_1_469' title='bbox 1318 251 1503 286; x_wconf 86' lang='lat' dir='ltr'><strong>impedimenta</strong></span> <span class='ocrx_word' id='word_1_470' title='bbox 1518 259 1684 291; x_wconf 77' lang='lat' dir='ltr'><strong>pugnarent?</strong></span> <span class='ocrx_word' id='word_1_471' title='bbox 1701 258 1768 286; x_wconf 78' lang='lat' dir='ltr'><strong>Nam</strong></span> 
     </span>
    </p>
   </div>
   <div class='ocr_carea' id='block_1_64' title="bbox 979 295 1767 341">
    <p class='ocr_par' dir='ltr' id='par_1_64' title="bbox 979 295 1767 341">
     <span class='ocr_line' id='line_1_64' title="bbox 979 295 1767 341; baseline 0.02 -23"><span class='ocrx_word' id='word_1_472' title='bbox 979 298 1006 319; x_wconf 88' lang='lat' dir='ltr'><strong>et</strong></span> <span class='ocrx_word' id='word_1_473' title='bbox 1016 301 1091 327; x_wconf 71' lang='lat' dir='ltr'><strong>rcges</strong></span> <span class='ocrx_word' id='word_1_474' title='bbox 1103 299 1195 321; x_wconf 81' lang='lat' dir='ltr'><strong>contra</strong></span> <span class='ocrx_word' id='word_1_475' title='bbox 1216 295 1389 331; x_wconf 76' lang='lat' dir='ltr'><strong>Evangelium</strong></span> <span class='ocrx_word' id='word_1_476' title='bbox 1412 301 1521 334; x_wconf 78' lang='lat' dir='ltr'><strong>pneliati</strong></span> <span class='ocrx_word' id='word_1_477' title='bbox 1535 309 1606 335; x_wconf 82' lang='lat' dir='ltr'><strong>sunt,</strong></span> <span class='ocrx_word' id='word_1_478' title='bbox 1623 310 1649 331; x_wconf 86' lang='lat' dir='ltr'><strong>et</strong></span> <span class='ocrx_word' id='word_1_479' title='bbox 1664 309 1767 341; x_wconf 81' lang='lat' dir='ltr'><strong>tyranni</strong></span> 
     </span>
    </p>
   </div>
   <div class='ocr_carea' id='block_1_65' title="bbox 980 338 1768 384">
    <p class='ocr_par' dir='ltr' id='par_1_65' title="bbox 980 338 1768 384">
     <span class='ocr_line' id='line_1_65' title="bbox 980 338 1768 384; baseline 0.019 -20"><span class='ocrx_word' id='word_1_480' title='bbox 980 338 1048 365; x_wconf 84' lang='lat' dir='ltr'><strong>bella</strong></span> <span class='ocrx_word' id='word_1_481' title='bbox 1068 346 1218 373; x_wconf 79' lang='lat' dir='ltr'><strong>gesserunt,</strong></span> <span class='ocrx_word' id='word_1_482' title='bbox 1243 347 1269 368; x_wconf 89' lang='lat' dir='ltr'><strong>et</strong></span> <span class='ocrx_word' id='word_1_483' title='bbox 1289 343 1378 377; x_wconf 87' lang='lat' dir='ltr'><strong>populi</strong></span> <span class='ocrx_word' id='word_1_484' title='bbox 1395 353 1488 373; x_wconf 88' lang='lat' dir='ltr'><strong>omnes</strong></span> <span class='ocrx_word' id='word_1_485' title='bbox 1512 338 1720 384; x_wconf 78' lang='lat' dir='ltr'><strong>insurrexerunt,</strong></span> <span class='ocrx_word' id='word_1_486' title='bbox 1741 358 1768 380; x_wconf 83' lang='lat' dir='ltr'><strong>et</strong></span> 
     </span>
    </p>
   </div>
   <div class='ocr_carea' id='block_1_66' title="bbox 980 386 1769 425">
    <p class='ocr_par' dir='ltr' id='par_1_66' title="bbox 980 386 1769 425">
     <span class='ocr_line' id='line_1_66' title="bbox 980 386 1769 425; baseline 0.023 -17"><span class='ocrx_word' id='word_1_487' title='bbox 980 388 1069 410; x_wconf 87' lang='lat' dir='ltr'><strong>nostra</strong></span> <span class='ocrx_word' id='word_1_488' title='bbox 1093 392 1176 419; x_wconf 90' lang='lat' dir='ltr'><strong>usque</strong></span> <span class='ocrx_word' id='word_1_489' title='bbox 1196 386 1263 414; x_wconf 86' lang='lat' dir='ltr'><strong>adeo</strong></span> <span class='ocrx_word' id='word_1_490' title='bbox 1282 389 1370 415; x_wconf 83' lang='lat' dir='ltr'><strong>attrita</strong></span> <span class='ocrx_word' id='word_1_491' title='bbox 1390 397 1442 417; x_wconf 85' lang='lat' dir='ltr'><strong>non</strong></span> <span class='ocrx_word' id='word_1_492' title='bbox 1463 397 1534 424; x_wconf 83' lang='lat' dir='ltr'><strong>sunt,</strong></span> <span class='ocrx_word' id='word_1_493' title='bbox 1557 400 1586 421; x_wconf 88' lang='lat' dir='ltr'><strong>ut</strong></span> <span class='ocrx_word' id='word_1_494' title='bbox 1598 395 1661 423; x_wconf 80' lang='lat' dir='ltr'><strong>inde</strong></span> <span class='ocrx_word' id='word_1_495' title='bbox 1674 396 1769 425; x_wconf 84' lang='lat' dir='ltr'><strong>ﬁerent</strong></span> 
     </span>
    </p>
   </div>
   <div class='ocr_carea' id='block_1_67' title="bbox 979 429 1102 458">
    <p class='ocr_par' dir='ltr' id='par_1_67' title="bbox 979 429 1102 458">
     <span class='ocr_line' id='line_1_67' title="bbox 979 429 1102 458; baseline 0.024 -3"><span class='ocrx_word' id='word_1_496' title='bbox 979 429 1102 458; x_wconf 88' lang='lat' dir='ltr'><strong>clariora.</strong></span> 
     </span>
    </p>
   </div>
   <div class='ocr_carea' id='block_1_68' title="bbox 1016 475 1768 520">
    <p class='ocr_par' dir='ltr' id='par_1_68' title="bbox 1016 475 1768 520">
     <span class='ocr_line' id='line_1_68' title="bbox 1016 475 1768 520; baseline 0.02 -18"><span class='ocrx_word' id='word_1_497' title='bbox 1016 475 1088 511; x_wconf 78' lang='lat' dir='ltr'><strong>Magi</strong></span> <span class='ocrx_word' id='word_1_498' title='bbox 1099 485 1188 504; x_wconf 83' lang='lat' dir='ltr'><strong>nomen</strong></span> <span class='ocrx_word' id='word_1_499' title='bbox 1209 479 1309 507; x_wconf 75' lang='lat' dir='ltr'><strong>Christo</strong></span> <span class='ocrx_word' id='word_1_500' title='bbox 1322 482 1454 516; x_wconf 69' lang='lat' dir='ltr'><strong>objeclum.</strong></span> <span class='ocrx_word' id='word_1_501' title='bbox 1470 483 1596 520; x_wconf 73' lang='lat' dir='ltr'><strong>Reliquias</strong></span> <span class='ocrx_word' id='word_1_502' title='bbox 1618 487 1768 516; x_wconf 77' lang='lat' dir='ltr'><strong>Sanctorum</strong></span> 
     </span>
    </p>
   </div>
   <div class='ocr_carea' id='block_1_69' title="bbox 980 521 1769 570">
    <p class='ocr_par' dir='ltr' id='par_1_69' title="bbox 980 521 1769 570">
     <span class='ocr_line' id='line_1_69' title="bbox 980 521 1769 570; baseline 0.019 -23"><span class='ocrx_word' id='word_1_503' title='bbox 980 521 1066 549; x_wconf 69' lang='lat' dir='ltr'><strong>timent</strong></span> <span class='ocrx_word' id='word_1_504' title='bbox 1085 523 1220 553; x_wconf 69' lang='lat' dir='ltr'><strong>davnones.</strong></span> <span class='ocrx_word' id='word_1_505' title='bbox 1238 541 1272 546; x_wconf 77' lang='lat'><em>—</em></span> <span class='ocrx_word' id='word_1_506' title='bbox 1286 526 1361 555; x_wconf 82' lang='lat' dir='ltr'><strong>Unde</strong></span> <span class='ocrx_word' id='word_1_507' title='bbox 1386 529 1464 563; x_wconf 75' lang='lat' dir='ltr'><strong>igitur</strong></span> <span class='ocrx_word' id='word_1_508' title='bbox 1490 531 1545 558; x_wconf 74' lang='lat' dir='ltr'><strong>hzee</strong></span> <span class='ocrx_word' id='word_1_509' title='bbox 1570 537 1639 559; x_wconf 87' lang='lat' dir='ltr'><strong>tanta</strong></span> <span class='ocrx_word' id='word_1_510' title='bbox 1662 539 1769 570; x_wconf 85' lang='lat' dir='ltr'><strong>tamque</strong></span> 
     </span>
    </p>
   </div>
   <div class='ocr_carea' id='block_1_70' title="bbox 980 566 1769 615">
    <p class='ocr_par' dir='ltr' id='par_1_70' title="bbox 980 566 1769 615">
     <span class='ocr_line' id='line_1_70' title="bbox 980 566 1769 615; baseline 0.02 -23"><span class='ocrx_word' id='word_1_511' title='bbox 980 566 1142 595; x_wconf 85' lang='lat' dir='ltr'><strong>admirabilis</strong></span> <span class='ocrx_word' id='word_1_512' title='bbox 1165 569 1269 598; x_wconf 86' lang='lat' dir='ltr'><strong>virtus?</strong></span> <span class='ocrx_word' id='word_1_513' title='bbox 1290 572 1379 607; x_wconf 80' lang='lat' dir='ltr'><strong>Magus</strong></span> <span class='ocrx_word' id='word_1_514' title='bbox 1402 576 1502 603; x_wconf 89' lang='lat' dir='ltr'><strong>scilicet</strong></span> <span class='ocrx_word' id='word_1_515' title='bbox 1516 578 1589 605; x_wconf 85' lang='lat' dir='ltr'><strong>erat?</strong></span> <span class='ocrx_word' id='word_1_516' title='bbox 1607 578 1688 606; x_wconf 82' lang='lat' dir='ltr'><strong>Solus</strong></span> <span class='ocrx_word' id='word_1_517' title='bbox 1704 566 1769 615; x_wconf 69' lang='lat' dir='ltr'><strong>ergo</strong></span> 
     </span>
    </p>
   </div>
   <div class='ocr_carea' id='block_1_71' title="bbox 982 613 1769 660">
    <p class='ocr_par' dir='ltr' id='par_1_71' title="bbox 982 613 1769 660">
     <span class='ocr_line' id='line_1_71' title="bbox 982 613 1769 660; baseline 0.02 -22"><span class='ocrx_word' id='word_1_518' title='bbox 982 613 1031 639; x_wconf 79' lang='lat' dir='ltr'><strong>istc</strong></span> <span class='ocrx_word' id='word_1_519' title='bbox 1045 620 1136 648; x_wconf 81' lang='lat' dir='ltr'><strong>magus</strong></span> <span class='ocrx_word' id='word_1_520' title='bbox 1159 619 1212 642; x_wconf 90' lang='lat' dir='ltr'><strong>tam</strong></span> <span class='ocrx_word' id='word_1_521' title='bbox 1228 622 1321 651; x_wconf 87' lang='lat' dir='ltr'><strong>potens</strong></span> <span class='ocrx_word' id='word_1_522' title='bbox 1337 618 1405 646; x_wconf 88' lang='lat' dir='ltr'><strong>fuit?</strong></span> <span class='ocrx_word' id='word_1_523' title='bbox 1424 622 1541 649; x_wconf 79' lang='lat' dir='ltr'><strong>Audistis</strong></span> <span class='ocrx_word' id='word_1_524' title='bbox 1560 631 1654 659; x_wconf 81' lang='lat' dir='ltr'><strong>nempe</strong></span> <span class='ocrx_word' id='word_1_525' title='bbox 1667 626 1727 660; x_wconf 87' lang='lat' dir='ltr'><strong>quia</strong></span> <span class='ocrx_word' id='word_1_526' title='bbox 1738 613 1769 654; x_wconf 15' lang='lat' dir='ltr'><strong>iet</strong></span> 
     </span>
    </p>
   </div>
   <div class='ocr_carea' id='block_1_72' title="bbox 980 658 1769 707">
    <p class='ocr_par' dir='ltr' id='par_1_72' title="bbox 980 658 1769 707">
     <span class='ocr_line' id='line_1_72' title="bbox 980 658 1769 707; baseline 0.022 -24"><span class='ocrx_word' id='word_1_527' title='bbox 980 658 1050 692; x_wconf 88' lang='lat' dir='ltr'><strong>apud</strong></span> <span class='ocrx_word' id='word_1_528' title='bbox 1066 659 1160 687; x_wconf 88' lang='lat' dir='ltr'><strong>Persas</strong></span> <span class='ocrx_word' id='word_1_529' title='bbox 1181 662 1248 697; x_wconf 79' lang='lat' dir='ltr'><strong>magi</strong></span> <span class='ocrx_word' id='word_1_530' title='bbox 1265 668 1291 689; x_wconf 91' lang='lat' dir='ltr'><strong>et</strong></span> <span class='ocrx_word' id='word_1_531' title='bbox 1305 664 1374 698; x_wconf 84' lang='lat' dir='ltr'><strong>apud</strong></span> <span class='ocrx_word' id='word_1_532' title='bbox 1396 665 1475 694; x_wconf 86' lang='lat' dir='ltr'><strong>ludos</strong></span> <span class='ocrx_word' id='word_1_533' title='bbox 1491 658 1650 704; x_wconf 82' lang='lat' dir='ltr'><strong>exstiterint,</strong></span> <span class='ocrx_word' id='word_1_534' title='bbox 1665 658 1769 707; x_wconf 83' lang='lat' dir='ltr'><strong>sintque</strong></span> 
     </span>
    </p>
   </div>
   <div class='ocr_carea' id='block_1_73' title="bbox 979 705 1767 753">
    <p class='ocr_par' dir='ltr' id='par_1_73' title="bbox 979 705 1767 753">
     <span class='ocr_line' id='line_1_73' title="bbox 979 705 1767 753; baseline 0.023 -24"><span class='ocrx_word' id='word_1_535' title='bbox 979 705 1060 731; x_wconf 87' lang='lat' dir='ltr'><strong>etiam</strong></span> <span class='ocrx_word' id='word_1_536' title='bbox 1080 706 1158 733; x_wconf 90' lang='lat' dir='ltr'><strong>modo</strong></span> <span class='ocrx_word' id='word_1_537' title='bbox 1173 708 1240 735; x_wconf 89' lang='lat' dir='ltr'><strong>:sed</strong></span> <span class='ocrx_word' id='word_1_538' title='bbox 1261 717 1294 737; x_wconf 91' lang='lat' dir='ltr'><strong>ne</strong></span> <span class='ocrx_word' id='word_1_539' title='bbox 1308 718 1404 739; x_wconf 90' lang='lat' dir='ltr'><strong>nomen</strong></span> <span class='ocrx_word' id='word_1_540' title='bbox 1417 713 1522 748; x_wconf 91' lang='lat' dir='ltr'><strong>quidem</strong></span> <span class='ocrx_word' id='word_1_541' title='bbox 1545 723 1636 745; x_wconf 89' lang='lat' dir='ltr'><strong>eorum</strong></span> <span class='ocrx_word' id='word_1_542' title='bbox 1658 705 1767 753; x_wconf 82' lang='lat' dir='ltr'><strong>usquam</strong></span> 
     </span>
    </p>
   </div>
   <div class='ocr_carea' id='block_1_74' title="bbox 981 751 1794 801">
    <p class='ocr_par' dir='ltr' id='par_1_74' title="bbox 981 751 1794 801">
     <span class='ocr_line' id='line_1_74' title="bbox 981 751 1794 801; baseline 0.023 -25"><span class='ocrx_word' id='word_1_543' title='bbox 981 757 1069 778; x_wconf 87' lang='lat' dir='ltr'><strong>sonat.</strong></span> <span class='ocrx_word' id='word_1_544' title='bbox 1079 751 1111 779; x_wconf 85' lang='lat' dir='ltr'><strong>Et</strong></span> <span class='ocrx_word' id='word_1_545' title='bbox 1126 753 1169 781; x_wconf 88' lang='lat' dir='ltr'><strong>ille</strong></span> <span class='ocrx_word' id='word_1_546' title='bbox 1184 755 1289 789; x_wconf 89' lang='lat' dir='ltr'><strong>quidem</strong></span> <span class='ocrx_word' id='word_1_547' title='bbox 1303 765 1337 784; x_wconf 73' lang='lat' dir='ltr'><strong>ex</strong></span> <span class='ocrx_word' id='word_1_548' title='bbox 1351 757 1501 794; x_wconf 87' lang='lat' dir='ltr'><strong>Tyanorum</strong></span> <span class='ocrx_word' id='word_1_549' title='bbox 1516 763 1580 790; x_wconf 88' lang='lat' dir='ltr'><strong>urbe</strong></span> <span class='ocrx_word' id='word_1_550' title='bbox 1590 763 1627 798; x_wconf 88' lang='grc' dir='ltr'><strong>(η)</strong></span> <span class='ocrx_word' id='word_1_551' title='bbox 1643 751 1769 801; x_wconf 80' lang='lat' dir='ltr'><strong>deceptor</strong></span> <span class='ocrx_word' id='word_1_552' title='bbox 1790 795 1794 801; x_wconf 78' lang='grc'><strong>,</strong></span> 
     </span>
    </p>
   </div>
   <div class='ocr_carea' id='block_1_75' title="bbox 981 798 1769 848">
    <p class='ocr_par' dir='ltr' id='par_1_75' title="bbox 981 798 1769 848">
     <span class='ocr_line' id='line_1_75' title="bbox 981 798 1769 848; baseline 0.025 -26"><span class='ocrx_word' id='word_1_553' title='bbox 981 804 1012 823; x_wconf 88' lang='lat' dir='ltr'><strong>ac</strong></span> <span class='ocrx_word' id='word_1_554' title='bbox 1026 798 1160 826; x_wconf 84' lang='lat' dir='ltr'><strong>maleﬁcus</strong></span> <span class='ocrx_word' id='word_1_555' title='bbox 1174 800 1262 836; x_wconf 82' lang='lat' dir='ltr'><strong>aliquo</strong></span> <span class='ocrx_word' id='word_1_556' title='bbox 1276 802 1326 830; x_wconf 86' lang='lat' dir='ltr'><strong>loci</strong></span> <span class='ocrx_word' id='word_1_557' title='bbox 1348 807 1486 839; x_wconf 84' lang='lat' dir='ltr'><strong>apparuit,</strong></span> <span class='ocrx_word' id='word_1_558' title='bbox 1503 816 1534 835; x_wconf 89' lang='lat' dir='ltr'><strong>ac</strong></span> <span class='ocrx_word' id='word_1_559' title='bbox 1549 809 1620 838; x_wconf 90' lang='lat' dir='ltr'><strong>brevi</strong></span> <span class='ocrx_word' id='word_1_560' title='bbox 1634 798 1769 848; x_wconf 71' lang='lat' dir='ltr'><strong>aliquanto</strong></span> 
     </span>
    </p>
   </div>
   <div class='ocr_carea' id='block_1_76' title="bbox 983 845 1769 887">
    <p class='ocr_par' dir='ltr' id='par_1_76' title="bbox 983 845 1769 887">
     <span class='ocr_line' id='line_1_76' title="bbox 983 845 1769 887; baseline 0.024 -19"><span class='ocrx_word' id='word_1_561' title='bbox 983 847 1101 878; x_wconf 84' lang='lat' dir='ltr'><strong>tempore</strong></span> <span class='ocrx_word' id='word_1_562' title='bbox 1124 845 1149 872; x_wconf 92' lang='lat' dir='ltr'><strong>in</strong></span> <span class='ocrx_word' id='word_1_563' title='bbox 1163 847 1256 881; x_wconf 69' lang='lat' dir='ltr'><strong>exigua</strong></span> <span class='ocrx_word' id='word_1_564' title='bbox 1273 853 1346 883; x_wconf 84' lang='lat' dir='ltr'><strong>parte</strong></span> <span class='ocrx_word' id='word_1_565' title='bbox 1361 851 1432 878; x_wconf 85' lang='lat' dir='ltr'><strong>orbis</strong></span> <span class='ocrx_word' id='word_1_566' title='bbox 1447 854 1548 881; x_wconf 79' lang='lat' dir='ltr'><strong>refulsit</strong></span> <span class='ocrx_word' id='word_1_567' title='bbox 1563 863 1571 886; x_wconf 81' lang='lat'>;</span> <span class='ocrx_word' id='word_1_568' title='bbox 1587 857 1632 884; x_wconf 84' lang='lat' dir='ltr'><strong>sed</strong></span> <span class='ocrx_word' id='word_1_569' title='bbox 1646 845 1769 887; x_wconf 85' lang='lat' dir='ltr'><strong>celeriter</strong></span> 
     </span>
    </p>
   </div>
   <div class='ocr_carea' id='block_1_77' title="bbox 981 892 1768 933">
    <p class='ocr_par' dir='ltr' id='par_1_77' title="bbox 981 892 1768 933">
     <span class='ocr_line' id='line_1_77' title="bbox 981 892 1768 933; baseline 0.023 -19"><span class='ocrx_word' id='word_1_570' title='bbox 981 892 1128 917; x_wconf 80' lang='lat' dir='ltr'><strong>exstinctus</strong></span> <span class='ocrx_word' id='word_1_571' title='bbox 1146 897 1224 927; x_wconf 88' lang='lat' dir='ltr'><strong>atque</strong></span> <span class='ocrx_word' id='word_1_572' title='bbox 1238 894 1339 923; x_wconf 82' lang='lat' dir='ltr'><strong>deletus</strong></span> <span class='ocrx_word' id='word_1_573' title='bbox 1354 902 1403 927; x_wconf 84' lang='lat' dir='ltr'><strong>cst,</strong></span> <span class='ocrx_word' id='word_1_574' title='bbox 1419 899 1463 933; x_wconf 84' lang='lat' dir='ltr'><strong>qui</strong></span> <span class='ocrx_word' id='word_1_575' title='bbox 1484 907 1536 926; x_wconf 93' lang='lat' dir='ltr'><strong>non</strong></span> <span class='ocrx_word' id='word_1_576' title='bbox 1552 901 1697 931; x_wconf 79' lang='lat' dir='ltr'><strong>Ecclesium</strong></span> <span class='ocrx_word' id='word_1_577' title='bbox 1709 912 1768 932; x_wconf 92' lang='lat' dir='ltr'><strong>om-</strong></span> 
     </span>
    </p>
   </div>
   <div class='ocr_carea' id='block_1_78' title="bbox 983 934 1770 982">
    <p class='ocr_par' dir='ltr' id='par_1_78' title="bbox 983 934 1770 982">
     <span class='ocr_line' id='line_1_78' title="bbox 983 934 1770 982; baseline 0.024 -23"><span class='ocrx_word' id='word_1_578' title='bbox 983 934 1054 967; x_wconf 86' lang='lat' dir='ltr'><strong>nino,</strong></span> <span class='ocrx_word' id='word_1_579' title='bbox 1072 943 1123 962; x_wconf 89' lang='lat' dir='ltr'><strong>non</strong></span> <span class='ocrx_word' id='word_1_580' title='bbox 1138 938 1273 972; x_wconf 89' lang='lat' dir='ltr'><strong>populum,</strong></span> <span class='ocrx_word' id='word_1_581' title='bbox 1290 948 1343 968; x_wconf 88' lang='lat' dir='ltr'><strong>non</strong></span> <span class='ocrx_word' id='word_1_582' title='bbox 1357 942 1454 978; x_wconf 85' lang='lat' dir='ltr'><strong>aliquid</strong></span> <span class='ocrx_word' id='word_1_583' title='bbox 1469 945 1562 972; x_wconf 88' lang='lat' dir='ltr'><strong>horum</strong></span> <span class='ocrx_word' id='word_1_584' title='bbox 1579 947 1695 982; x_wconf 74' lang='lat' dir='ltr'><strong>reliquit.</strong></span> <span class='ocrx_word' id='word_1_585' title='bbox 1716 950 1770 978; x_wconf 84' lang='lat' dir='ltr'><strong>Sed</strong></span> 
     </span>
    </p>
   </div>
   <div class='ocr_carea' id='block_1_79' title="bbox 982 981 1768 1030">
    <p class='ocr_par' dir='ltr' id='par_1_79' title="bbox 982 981 1768 1030">
     <span class='ocr_line' id='line_1_79' title="bbox 982 981 1768 1030; baseline 0.024 -24"><span class='ocrx_word' id='word_1_586' title='bbox 982 981 1044 1014; x_wconf 86' lang='lat' dir='ltr'><strong>quid</strong></span> <span class='ocrx_word' id='word_1_587' title='bbox 1065 981 1125 1010; x_wconf 88' lang='lat' dir='ltr'><strong>dico</strong></span> <span class='ocrx_word' id='word_1_588' title='bbox 1148 992 1238 1019; x_wconf 79' lang='lat' dir='ltr'><strong>magos</strong></span> <span class='ocrx_word' id='word_1_589' title='bbox 1252 991 1331 1022; x_wconf 88' lang='lat' dir='ltr'><strong>atque</strong></span> <span class='ocrx_word' id='word_1_590' title='bbox 1345 989 1478 1018; x_wconf 73' lang='lat' dir='ltr'><strong>maleﬁcos</strong></span> <span class='ocrx_word' id='word_1_591' title='bbox 1493 994 1658 1022; x_wconf 79' lang='lat' dir='ltr'><strong>exstinctos?</strong></span> <span class='ocrx_word' id='word_1_592' title='bbox 1680 997 1750 1025; x_wconf 89' lang='lat' dir='ltr'><strong>unde</strong></span> <span class='ocrx_word' id='word_1_593' title='bbox 1760 1017 1768 1030; x_wconf 86' lang='lat'><strong>,</strong></span> 
     </span>
    </p>
   </div>
   <div class='ocr_carea' id='block_1_80' title="bbox 982 1031 1770 1076">
    <p class='ocr_par' dir='ltr' id='par_1_80' title="bbox 982 1031 1770 1076">
     <span class='ocr_line' id='line_1_80' title="bbox 982 1031 1770 1076; baseline 0.024 -24"><span class='ocrx_word' id='word_1_594' title='bbox 982 1034 1082 1061; x_wconf 74' lang='lat' dir='ltr'><strong>qumsn,</strong></span> <span class='ocrx_word' id='word_1_595' title='bbox 1105 1031 1223 1058; x_wconf 91' lang='lat' dir='ltr'><strong>omnium</strong></span> <span class='ocrx_word' id='word_1_596' title='bbox 1244 1032 1355 1061; x_wconf 89' lang='lat' dir='ltr'><strong>deorum</strong></span> <span class='ocrx_word' id='word_1_597' title='bbox 1379 1037 1474 1071; x_wconf 81' lang='lat' dir='ltr'><strong>templa</strong></span> <span class='ocrx_word' id='word_1_598' title='bbox 1498 1040 1626 1068; x_wconf 82' lang='lat' dir='ltr'><strong>exstincta</strong></span> <span class='ocrx_word' id='word_1_599' title='bbox 1650 1048 1720 1076; x_wconf 90' lang='lat' dir='ltr'><strong>sunt,</strong></span> <span class='ocrx_word' id='word_1_600' title='bbox 1743 1049 1770 1071; x_wconf 89' lang='lat' dir='ltr'><strong>et</strong></span> 
     </span>
    </p>
   </div>
   <div class='ocr_carea' id='block_1_81' title="bbox 984 1073 1769 1119">
    <p class='ocr_par' dir='ltr' id='par_1_81' title="bbox 984 1073 1769 1119">
     <span class='ocr_line' id='line_1_81' title="bbox 984 1073 1769 1119; baseline 0.022 -20"><span class='ocrx_word' id='word_1_601' title='bbox 984 1073 1140 1108; x_wconf 69' lang='lat' dir='ltr'><strong>llodona‘us,</strong></span> <span class='ocrx_word' id='word_1_602' title='bbox 1154 1081 1180 1103; x_wconf 88' lang='lat' dir='ltr'><strong>et</strong></span> <span class='ocrx_word' id='word_1_603' title='bbox 1191 1077 1301 1111; x_wconf 86' lang='lat' dir='ltr'><strong>Clarius,</strong></span> <span class='ocrx_word' id='word_1_604' title='bbox 1315 1084 1342 1107; x_wconf 89' lang='lat' dir='ltr'><strong>et</strong></span> <span class='ocrx_word' id='word_1_605' title='bbox 1357 1089 1449 1109; x_wconf 88' lang='lat' dir='ltr'><strong>ontnes</strong></span> <span class='ocrx_word' id='word_1_606' title='bbox 1463 1083 1518 1110; x_wconf 72' lang='lat' dir='ltr'><strong>ista:</strong></span> <span class='ocrx_word' id='word_1_607' title='bbox 1532 1085 1696 1119; x_wconf 80' lang='lat' dir='ltr'><strong>profanitutis</strong></span> <span class='ocrx_word' id='word_1_608' title='bbox 1708 1073 1769 1116; x_wconf 82' lang='lat' dir='ltr'><strong>offi-</strong></span> 
     </span>
    </p>
   </div>
   <div class='ocr_carea' id='block_1_82' title="bbox 981 1119 1770 1171">
    <p class='ocr_par' dir='ltr' id='par_1_82' title="bbox 981 1119 1770 1171">
     <span class='ocr_line' id='line_1_82' title="bbox 981 1119 1770 1171; baseline 0.023 -25"><span class='ocrx_word' id='word_1_609' title='bbox 981 1119 1049 1146; x_wconf 75' lang='lat' dir='ltr'><strong>cina:</strong></span> <span class='ocrx_word' id='word_1_610' title='bbox 1062 1121 1150 1154; x_wconf 83' lang='lat' dir='ltr'><strong>silent,</strong></span> <span class='ocrx_word' id='word_1_611' title='bbox 1171 1130 1201 1150; x_wconf 89' lang='lat' dir='ltr'><strong>ac</strong></span> <span class='ocrx_word' id='word_1_612' title='bbox 1215 1125 1320 1158; x_wconf 89' lang='lat' dir='ltr'><strong>penitus</strong></span> <span class='ocrx_word' id='word_1_613' title='bbox 1341 1127 1483 1156; x_wconf 73' lang='lat' dir='ltr'><strong>obstructzc</strong></span> <span class='ocrx_word' id='word_1_614' title='bbox 1498 1133 1580 1159; x_wconf 88' lang='lat' dir='ltr'><strong>sunt?</strong></span> <span class='ocrx_word' id='word_1_615' title='bbox 1596 1133 1670 1162; x_wconf 88' lang='lat' dir='ltr'><strong>Unde</strong></span> <span class='ocrx_word' id='word_1_616' title='bbox 1692 1136 1770 1171; x_wconf 76' lang='lat' dir='ltr'><strong>igitur</strong></span> 
     </span>
    </p>
   </div>
   <div class='ocr_carea' id='block_1_83' title="bbox 982 1167 1768 1215">
    <p class='ocr_par' dir='ltr' id='par_1_83' title="bbox 982 1167 1768 1215">
     <span class='ocr_line' id='line_1_83' title="bbox 982 1167 1768 1215; baseline 0.023 -23"><span class='ocrx_word' id='word_1_617' title='bbox 982 1174 1034 1193; x_wconf 93' lang='lat' dir='ltr'><strong>non</strong></span> <span class='ocrx_word' id='word_1_618' title='bbox 1051 1167 1121 1195; x_wconf 92' lang='lat' dir='ltr'><strong>hune</strong></span> <span class='ocrx_word' id='word_1_619' title='bbox 1136 1169 1221 1197; x_wconf 92' lang='lat' dir='ltr'><strong>solum</strong></span> <span class='ocrx_word' id='word_1_620' title='bbox 1233 1172 1398 1206; x_wconf 87' lang='lat' dir='ltr'><strong>cruciﬁxum,</strong></span> <span class='ocrx_word' id='word_1_621' title='bbox 1412 1175 1458 1203; x_wconf 90' lang='lat' dir='ltr'><strong>sed</strong></span> <span class='ocrx_word' id='word_1_622' title='bbox 1474 1178 1552 1205; x_wconf 86' lang='lat' dir='ltr'><strong>etiam</strong></span> <span class='ocrx_word' id='word_1_623' title='bbox 1564 1187 1612 1214; x_wconf 91' lang='lat' dir='ltr'><strong>pro</strong></span> <span class='ocrx_word' id='word_1_624' title='bbox 1627 1180 1685 1215; x_wconf 87' lang='lat' dir='ltr'><strong>ipso</strong></span> <span class='ocrx_word' id='word_1_625' title='bbox 1697 1167 1768 1210; x_wconf 72' lang='lat' dir='ltr'><strong>occi-</strong></span> 
     </span>
    </p>
   </div>
   <div class='ocr_carea' id='block_1_84' title="bbox 982 1213 1770 1261">
    <p class='ocr_par' dir='ltr' id='par_1_84' title="bbox 982 1213 1770 1261">
     <span class='ocr_line' id='line_1_84' title="bbox 982 1213 1770 1261; baseline 0.022 -23"><span class='ocrx_word' id='word_1_626' title='bbox 982 1219 1071 1240; x_wconf 89' lang='lat' dir='ltr'><strong>sorum</strong></span> <span class='ocrx_word' id='word_1_627' title='bbox 1098 1213 1199 1243; x_wconf 82' lang='lat' dir='ltr'><strong>favillas</strong></span> <span class='ocrx_word' id='word_1_628' title='bbox 1225 1216 1359 1246; x_wconf 70' lang='lat' dir='ltr'><strong>daemones</strong></span> <span class='ocrx_word' id='word_1_629' title='bbox 1383 1213 1610 1251; x_wconf 87' lang='lat' dir='ltr'><strong>contremiscunt?</strong></span> <span class='ocrx_word' id='word_1_630' title='bbox 1634 1213 1708 1261; x_wconf 79' lang='lat' dir='ltr'><strong>cujus</strong></span> <span class='ocrx_word' id='word_1_631' title='bbox 1731 1229 1770 1255; x_wconf 90' lang='lat' dir='ltr'><strong>rei</strong></span> 
     </span>
    </p>
   </div>
   <div class='ocr_carea' id='block_1_85' title="bbox 981 1258 1769 1306">
    <p class='ocr_par' dir='ltr' id='par_1_85' title="bbox 981 1258 1769 1306">
     <span class='ocr_line' id='line_1_85' title="bbox 981 1258 1769 1306; baseline 0.022 -22"><span class='ocrx_word' id='word_1_632' title='bbox 981 1258 1063 1292; x_wconf 82' lang='lat' dir='ltr'><strong>gratia</strong></span> <span class='ocrx_word' id='word_1_633' title='bbox 1079 1259 1172 1287; x_wconf 80' lang='lat' dir='ltr'><strong>Saltem</strong></span> <span class='ocrx_word' id='word_1_634' title='bbox 1187 1269 1282 1289; x_wconf 88' lang='lat' dir='ltr'><strong>nomen</strong></span> <span class='ocrx_word' id='word_1_635' title='bbox 1297 1264 1433 1293; x_wconf 89' lang='lat' dir='ltr'><strong>audientes</strong></span> <span class='ocrx_word' id='word_1_636' title='bbox 1448 1269 1544 1301; x_wconf 91' lang='lat' dir='ltr'><strong>crucis,</strong></span> <span class='ocrx_word' id='word_1_637' title='bbox 1562 1270 1587 1296; x_wconf 93' lang='lat' dir='ltr'><strong>in</strong></span> <span class='ocrx_word' id='word_1_638' title='bbox 1602 1258 1688 1306; x_wconf 77' lang='lat' dir='ltr'><strong>fugam</strong></span> <span class='ocrx_word' id='word_1_639' title='bbox 1703 1274 1769 1300; x_wconf 82' lang='lat' dir='ltr'><strong>resi-</strong></span> 
     </span>
    </p>
   </div>
   <div class='ocr_carea' id='block_1_86' title="bbox 982 1303 1772 1352">
    <p class='ocr_par' dir='ltr' id='par_1_86' title="bbox 982 1303 1772 1352">
     <span class='ocr_line' id='line_1_86' title="bbox 982 1303 1772 1352; baseline 0.022 -23"><span class='ocrx_word' id='word_1_640' title='bbox 982 1303 1070 1330; x_wconf 84' lang='lat' dir='ltr'><strong>liunt?</strong></span> <span class='ocrx_word' id='word_1_641' title='bbox 1084 1312 1143 1332; x_wconf 93' lang='lat' dir='ltr'><strong>cum</strong></span> <span class='ocrx_word' id='word_1_642' title='bbox 1157 1312 1229 1334; x_wconf 90' lang='lat' dir='ltr'><strong>certe</strong></span> <span class='ocrx_word' id='word_1_643' title='bbox 1244 1308 1265 1334; x_wconf 89' lang='lat' dir='ltr'><strong>si</strong></span> <span class='ocrx_word' id='word_1_644' title='bbox 1286 1316 1316 1336; x_wconf 93' lang='lat' dir='ltr'><strong>se</strong></span> <span class='ocrx_word' id='word_1_645' title='bbox 1337 1317 1379 1337; x_wconf 88' lang='lat' dir='ltr'><strong>res</strong></span> <span class='ocrx_word' id='word_1_646' title='bbox 1392 1311 1500 1340; x_wconf 89' lang='lat' dir='ltr'><strong>haberet</strong></span> <span class='ocrx_word' id='word_1_647' title='bbox 1513 1314 1600 1348; x_wconf 87' lang='lat' dir='ltr'><strong>aliter,</strong></span> <span class='ocrx_word' id='word_1_648' title='bbox 1621 1303 1704 1352; x_wconf 77' lang='lat' dir='ltr'><strong>magis</strong></span> <span class='ocrx_word' id='word_1_649' title='bbox 1725 1327 1772 1346; x_wconf 77' lang='lat' dir='ltr'><strong>eos</strong></span> 
     </span>
    </p>
   </div>
   <div class='ocr_carea' id='block_1_87' title="bbox 982 1352 1772 1397">
    <p class='ocr_par' dir='ltr' id='par_1_87' title="bbox 982 1352 1772 1397">
     <span class='ocr_line' id='line_1_87' title="bbox 982 1352 1772 1397; baseline 0.018 -21"><span class='ocrx_word' id='word_1_650' title='bbox 982 1355 1117 1384; x_wconf 89' lang='lat' dir='ltr'><strong>oporteret</strong></span> <span class='ocrx_word' id='word_1_651' title='bbox 1140 1352 1251 1380; x_wconf 88' lang='lat' dir='ltr'><strong>irridere</strong></span> <span class='ocrx_word' id='word_1_652' title='bbox 1265 1361 1342 1388; x_wconf 87' lang='lat' dir='ltr'><strong>quam</strong></span> <span class='ocrx_word' id='word_1_653' title='bbox 1359 1356 1458 1391; x_wconf 78' lang='lat' dir='ltr'><strong>fugere.</strong></span> <span class='ocrx_word' id='word_1_654' title='bbox 1476 1359 1516 1386; x_wconf 87' lang='lat' dir='ltr'><strong>An</strong></span> <span class='ocrx_word' id='word_1_655' title='bbox 1539 1359 1607 1387; x_wconf 87' lang='lat' dir='ltr'><strong>forte</strong></span> <span class='ocrx_word' id='word_1_656' title='bbox 1631 1369 1695 1389; x_wconf 83' lang='lat' dir='ltr'><strong>crux</strong></span> <span class='ocrx_word' id='word_1_657' title='bbox 1709 1364 1772 1397; x_wconf 85' lang='lat' dir='ltr'><strong>quid</strong></span> 
     </span>
    </p>
   </div>
   <div class='ocr_carea' id='block_1_88' title="bbox 982 1395 1774 1443">
    <p class='ocr_par' dir='ltr' id='par_1_88' title="bbox 982 1395 1774 1443">
     <span class='ocr_line' id='line_1_88' title="bbox 982 1395 1774 1443; baseline 0.019 -22"><span class='ocrx_word' id='word_1_658' title='bbox 982 1395 1082 1422; x_wconf 91' lang='lat' dir='ltr'><strong>clarum</strong></span> <span class='ocrx_word' id='word_1_659' title='bbox 1106 1397 1220 1431; x_wconf 87' lang='lat' dir='ltr'><strong>videtur,</strong></span> <span class='ocrx_word' id='word_1_660' title='bbox 1246 1407 1277 1427; x_wconf 87' lang='lat' dir='ltr'><strong>ac</strong></span> <span class='ocrx_word' id='word_1_661' title='bbox 1293 1401 1402 1429; x_wconf 88' lang='lat' dir='ltr'><strong>nobile?</strong></span> <span class='ocrx_word' id='word_1_662' title='bbox 1424 1403 1479 1430; x_wconf 90' lang='lat' dir='ltr'><strong>lmo</strong></span> <span class='ocrx_word' id='word_1_663' title='bbox 1493 1412 1508 1432; x_wconf 87' lang='lat' dir='ltr'><strong>e</strong></span> <span class='ocrx_word' id='word_1_664' title='bbox 1520 1407 1663 1440; x_wconf 85' lang='lat' dir='ltr'><strong>contrario,</strong></span> <span class='ocrx_word' id='word_1_665' title='bbox 1690 1395 1774 1443; x_wconf 78' lang='lat' dir='ltr'><strong>turpis</strong></span> 
     </span>
    </p>
   </div>
   <div class='ocr_carea' id='block_1_89' title="bbox 982 1443 1772 1489">
    <p class='ocr_par' dir='ltr' id='par_1_89' title="bbox 982 1443 1772 1489">
     <span class='ocr_line' id='line_1_89' title="bbox 982 1443 1772 1489; baseline 0.02 -22"><span class='ocrx_word' id='word_1_666' title='bbox 982 1443 1213 1489; x_wconf 74' lang='lat' dir='ltr'><strong>etcxprobrabilis</strong></span> <span class='ocrx_word' id='word_1_667' title='bbox 1237 1453 1318 1473; x_wconf 90' lang='lat' dir='ltr'><strong>mors.</strong></span> <span class='ocrx_word' id='word_1_668' title='bbox 1347 1447 1394 1475; x_wconf 86' lang='lat' dir='ltr'><strong>Est</strong></span> <span class='ocrx_word' id='word_1_669' title='bbox 1419 1450 1488 1477; x_wconf 90' lang='lat' dir='ltr'><strong>enim</strong></span> <span class='ocrx_word' id='word_1_670' title='bbox 1512 1452 1601 1487; x_wconf 90' lang='lat' dir='ltr'><strong>utique</strong></span> <span class='ocrx_word' id='word_1_671' title='bbox 1628 1458 1654 1481; x_wconf 90' lang='lat' dir='ltr'><strong>et</strong></span> <span class='ocrx_word' id='word_1_672' title='bbox 1679 1461 1772 1489; x_wconf 73' lang='lat' dir='ltr'><strong>preue-</strong></span> 
     </span>
    </p>
   </div>
   <div class='ocr_carea' id='block_1_90' title="bbox 983 1486 1773 1532">
    <p class='ocr_par' dir='ltr' id='par_1_90' title="bbox 983 1486 1773 1532">
     <span class='ocr_line' id='line_1_90' title="bbox 983 1486 1773 1532; baseline 0.019 -19"><span class='ocrx_word' id='word_1_673' title='bbox 983 1486 1015 1514; x_wconf 94' lang='lat' dir='ltr'><strong>lis</strong></span> <span class='ocrx_word' id='word_1_674' title='bbox 1039 1495 1121 1521; x_wconf 84' lang='lat' dir='ltr'><strong>mors,</strong></span> <span class='ocrx_word' id='word_1_675' title='bbox 1150 1494 1177 1516; x_wconf 88' lang='lat' dir='ltr'><strong>et</strong></span> <span class='ocrx_word' id='word_1_676' title='bbox 1198 1491 1305 1518; x_wconf 88' lang='lat' dir='ltr'><strong>omnino</strong></span> <span class='ocrx_word' id='word_1_677' title='bbox 1335 1494 1488 1527; x_wconf 89' lang='lat' dir='ltr'><strong>teterrima,</strong></span> <span class='ocrx_word' id='word_1_678' title='bbox 1518 1501 1545 1523; x_wconf 90' lang='lat' dir='ltr'><strong>et</strong></span> <span class='ocrx_word' id='word_1_679' title='bbox 1559 1486 1640 1532; x_wconf 20' lang='lat' dir='ltr'><strong>iapud</strong></span> <span class='ocrx_word' id='word_1_680' title='bbox 1666 1486 1773 1528; x_wconf 73' lang='lat' dir='ltr'><strong>Judteos</strong></span> 
     </span>
    </p>
   </div>
   <div class='ocr_carea' id='block_1_91' title="bbox 983 1531 1773 1574">
    <p class='ocr_par' dir='ltr' id='par_1_91' title="bbox 983 1531 1773 1574">
     <span class='ocr_line' id='line_1_91' title="bbox 983 1531 1773 1574; baseline 0.02 -16"><span class='ocrx_word' id='word_1_681' title='bbox 983 1531 1140 1567; x_wconf 87' lang='lat' dir='ltr'><strong>maledicta,</strong></span> <span class='ocrx_word' id='word_1_682' title='bbox 1167 1539 1194 1562; x_wconf 91' lang='lat' dir='ltr'><strong>et</strong></span> <span class='ocrx_word' id='word_1_683' title='bbox 1231 1536 1300 1564; x_wconf 89' lang='lat' dir='ltr'><strong>inter</strong></span> <span class='ocrx_word' id='word_1_684' title='bbox 1334 1539 1446 1573; x_wconf 78' lang='lat' dir='ltr'><strong>gentiles</strong></span> <span class='ocrx_word' id='word_1_685' title='bbox 1475 1531 1662 1571; x_wconf 81' lang='lat' dir='ltr'><strong>abominanda.</strong></span> <span class='ocrx_word' id='word_1_686' title='bbox 1697 1545 1773 1574; x_wconf 85' lang='lat' dir='ltr'><strong>Unde</strong></span> 
     </span>
    </p>
   </div>
   <div class='ocr_carea' id='block_1_92' title="bbox 983 1577 1772 1620">
    <p class='ocr_par' dir='ltr' id='par_1_92' title="bbox 983 1577 1772 1620">
     <span class='ocr_line' id='line_1_92' title="bbox 983 1577 1772 1620; baseline 0.022 -17"><span class='ocrx_word' id='word_1_687' title='bbox 983 1577 1062 1612; x_wconf 75' lang='lat' dir='ltr'><strong>igitur</strong></span> <span class='ocrx_word' id='word_1_688' title='bbox 1087 1579 1158 1606; x_wconf 91' lang='lat' dir='ltr'><strong>illam</strong></span> <span class='ocrx_word' id='word_1_689' title='bbox 1185 1580 1320 1609; x_wconf 82' lang='lat' dir='ltr'><strong>da-rnones</strong></span> <span class='ocrx_word' id='word_1_690' title='bbox 1343 1585 1535 1620; x_wconf 82' lang='lat' dir='ltr'><strong>reformidant,</strong></span> <span class='ocrx_word' id='word_1_691' title='bbox 1569 1590 1618 1617; x_wconf 91' lang='lat' dir='ltr'><strong>nisi</strong></span> <span class='ocrx_word' id='word_1_692' title='bbox 1648 1590 1682 1618; x_wconf 89' lang='lat' dir='ltr'><strong>de</strong></span> <span class='ocrx_word' id='word_1_693' title='bbox 1718 1592 1772 1619; x_wconf 90' lang='lat' dir='ltr'><strong>vir-</strong></span> 
     </span>
    </p>
   </div>
   <div class='ocr_carea' id='block_1_93' title="bbox 984 1626 1771 1671">
    <p class='ocr_par' dir='ltr' id='par_1_93' title="bbox 984 1626 1771 1671">
     <span class='ocr_line' id='line_1_93' title="bbox 984 1626 1771 1671; baseline 0.019 -21"><span class='ocrx_word' id='word_1_694' title='bbox 984 1628 1039 1651; x_wconf 89' lang='lat' dir='ltr'><strong>tute</strong></span> <span class='ocrx_word' id='word_1_695' title='bbox 1060 1626 1198 1653; x_wconf 85' lang='lat' dir='ltr'><strong>crucilixi?</strong></span> <span class='ocrx_word' id='word_1_696' title='bbox 1212 1627 1238 1655; x_wconf 84' lang='lat' dir='ltr'><strong>Si</strong></span> <span class='ocrx_word' id='word_1_697' title='bbox 1261 1629 1331 1656; x_wconf 91' lang='lat' dir='ltr'><strong>enim</strong></span> <span class='ocrx_word' id='word_1_698' title='bbox 1347 1630 1417 1658; x_wconf 88' lang='lat' dir='ltr'><strong>illam</strong></span> <span class='ocrx_word' id='word_1_699' title='bbox 1432 1639 1479 1666; x_wconf 88' lang='lat' dir='ltr'><strong>per</strong></span> <span class='ocrx_word' id='word_1_700' title='bbox 1501 1634 1615 1668; x_wconf 88' lang='lat' dir='ltr'><strong>seipsam</strong></span> <span class='ocrx_word' id='word_1_701' title='bbox 1637 1636 1771 1671; x_wconf 86' lang='lat' dir='ltr'><strong>timerent,</strong></span> 
     </span>
    </p>
   </div>
   <div class='ocr_carea' id='block_1_94' title="bbox 983 1673 1771 1714">
    <p class='ocr_par' dir='ltr' id='par_1_94' title="bbox 983 1673 1771 1714">
     <span class='ocr_line' id='line_1_94' title="bbox 983 1673 1771 1714; baseline 0.018 -18"><span class='ocrx_word' id='word_1_702' title='bbox 983 1677 1142 1706; x_wconf 87' lang='lat' dir='ltr'><strong>quarnqnam</strong></span> <span class='ocrx_word' id='word_1_703' title='bbox 1156 1676 1182 1700; x_wconf 91' lang='lat' dir='ltr'><strong>et</strong></span> <span class='ocrx_word' id='word_1_704' title='bbox 1199 1673 1247 1700; x_wconf 88' lang='lat' dir='ltr'><strong>hoc</strong></span> <span class='ocrx_word' id='word_1_705' title='bbox 1263 1674 1347 1708; x_wconf 87' lang='lat' dir='ltr'><strong>ipsum</strong></span> <span class='ocrx_word' id='word_1_706' title='bbox 1363 1675 1413 1703; x_wconf 92' lang='lat' dir='ltr'><strong>diis</strong></span> <span class='ocrx_word' id='word_1_707' title='bbox 1426 1683 1497 1705; x_wconf 52' lang='lat' dir='ltr'><strong>esset</strong></span> <span class='ocrx_word' id='word_1_708' title='bbox 1509 1679 1644 1714; x_wconf 82' lang='lat' dir='ltr'><strong>indignum</strong></span> <span class='ocrx_word' id='word_1_709' title='bbox 1662 1689 1668 1707; x_wconf 88' lang='lat'>:</span> <span class='ocrx_word' id='word_1_710' title='bbox 1683 1686 1771 1710; x_wconf 76' lang='lat' dir='ltr'><strong>tamen</strong></span> 
     </span>
    </p>
   </div>
   <div class='ocr_carea' id='block_1_95' title="bbox 983 1719 1773 1762">
    <p class='ocr_par' dir='ltr' id='par_1_95' title="bbox 983 1719 1773 1762">
     <span class='ocr_line' id='line_1_95' title="bbox 983 1719 1773 1762; baseline 0.016 -19"><span class='ocrx_word' id='word_1_711' title='bbox 983 1720 1010 1743; x_wconf 91' lang='lat' dir='ltr'><strong>et</strong></span> <span class='ocrx_word' id='word_1_712' title='bbox 1024 1722 1086 1745; x_wconf 88' lang='lat' dir='ltr'><strong>ante</strong></span> <span class='ocrx_word' id='word_1_713' title='bbox 1100 1719 1184 1752; x_wconf 77' lang='lat' dir='ltr'><strong>illum,</strong></span> <span class='ocrx_word' id='word_1_714' title='bbox 1200 1724 1226 1747; x_wconf 88' lang='lat' dir='ltr'><strong>ct</strong></span> <span class='ocrx_word' id='word_1_715' title='bbox 1240 1726 1299 1755; x_wconf 76' lang='lat' dir='ltr'><strong>[)Osl.</strong></span> <span class='ocrx_word' id='word_1_716' title='bbox 1313 1722 1385 1749; x_wconf 92' lang='lat' dir='ltr'><strong>illum</strong></span> <span class='ocrx_word' id='word_1_717' title='bbox 1399 1723 1518 1759; x_wconf 87' lang='lat' dir='ltr'><strong>plerique</strong></span> <span class='ocrx_word' id='word_1_718' title='bbox 1531 1726 1649 1755; x_wconf 86' lang='lat' dir='ltr'><strong>cruciﬁxi</strong></span> <span class='ocrx_word' id='word_1_719' title='bbox 1663 1733 1734 1762; x_wconf 89' lang='lat' dir='ltr'><strong>sunt,</strong></span> <span class='ocrx_word' id='word_1_720' title='bbox 1745 1734 1773 1756; x_wconf 86' lang='lat' dir='ltr'><strong>et</strong></span> 
     </span>
    </p>
   </div>
   <div class='ocr_carea' id='block_1_96' title="bbox 983 1765 1773 1810">
    <p class='ocr_par' dir='ltr' id='par_1_96' title="bbox 983 1765 1773 1810">
     <span class='ocr_line' id='line_1_96' title="bbox 983 1765 1773 1810; baseline 0.016 -20"><span class='ocrx_word' id='word_1_721' title='bbox 983 1771 1042 1791; x_wconf 86' lang='lat' dir='ltr'><strong>cum</strong></span> <span class='ocrx_word' id='word_1_722' title='bbox 1058 1765 1115 1799; x_wconf 67' lang='lat' dir='ltr'><strong>ipso</strong></span> <span class='ocrx_word' id='word_1_723' title='bbox 1130 1767 1210 1794; x_wconf 91' lang='lat' dir='ltr'><strong>etiam</strong></span> <span class='ocrx_word' id='word_1_724' title='bbox 1230 1767 1292 1795; x_wconf 91' lang='lat' dir='ltr'><strong>duo.</strong></span> <span class='ocrx_word' id='word_1_725' title='bbox 1314 1769 1381 1802; x_wconf 79' lang='lat' dir='ltr'><strong>Quid</strong></span> <span class='ocrx_word' id='word_1_726' title='bbox 1406 1771 1484 1806; x_wconf 83' lang='lat' dir='ltr'><strong>igitur</strong></span> <span class='ocrx_word' id='word_1_727' title='bbox 1495 1792 1502 1804; x_wconf 96' lang='lat'><strong>,</strong></span> <span class='ocrx_word' id='word_1_728' title='bbox 1518 1773 1539 1799; x_wconf 88' lang='lat' dir='ltr'><strong>si</strong></span> <span class='ocrx_word' id='word_1_729' title='bbox 1561 1773 1665 1802; x_wconf 86' lang='lat' dir='ltr'><strong>invocat</strong></span> <span class='ocrx_word' id='word_1_730' title='bbox 1678 1775 1773 1810; x_wconf 87' lang='lat' dir='ltr'><strong>aliquis</strong></span> 
     </span>
    </p>
   </div>
   <div class='ocr_carea' id='block_1_97' title="bbox 984 1812 1773 1852">
    <p class='ocr_par' dir='ltr' id='par_1_97' title="bbox 984 1812 1773 1852">
     <span class='ocr_line' id='line_1_97' title="bbox 984 1812 1773 1852; baseline 0.016 -16"><span class='ocrx_word' id='word_1_731' title='bbox 984 1818 1080 1838; x_wconf 88' lang='lat' dir='ltr'><strong>nomen</strong></span> <span class='ocrx_word' id='word_1_732' title='bbox 1093 1812 1216 1845; x_wconf 87' lang='lat' dir='ltr'><strong>latronis,</strong></span> <span class='ocrx_word' id='word_1_733' title='bbox 1230 1814 1270 1841; x_wconf 84' lang='lat' dir='ltr'><strong>vel</strong></span> <span class='ocrx_word' id='word_1_734' title='bbox 1283 1815 1392 1842; x_wconf 88' lang='lat' dir='ltr'><strong>alterius</strong></span> <span class='ocrx_word' id='word_1_735' title='bbox 1406 1817 1561 1852; x_wconf 84' lang='lat' dir='ltr'><strong>cujusquam</strong></span> <span class='ocrx_word' id='word_1_736' title='bbox 1576 1820 1707 1852; x_wconf 83' lang='lat' dir='ltr'><strong>cruciﬁxi,</strong></span> <span class='ocrx_word' id='word_1_737' title='bbox 1717 1820 1773 1848; x_wconf 52' lang='lat' dir='ltr'><strong>dae.</strong></span> 
     </span>
    </p>
   </div>
   <div class='ocr_carea' id='block_1_98' title="bbox 984 1858 1774 1901">
    <p class='ocr_par' dir='ltr' id='par_1_98' title="bbox 984 1858 1774 1901">
     <span class='ocr_line' id='line_1_98' title="bbox 984 1858 1774 1901; baseline 0.014 -18"><span class='ocrx_word' id='word_1_738' title='bbox 984 1865 1083 1885; x_wconf 85' lang='lat' dir='ltr'><strong>moune</strong></span> <span class='ocrx_word' id='word_1_739' title='bbox 1098 1858 1164 1886; x_wconf 80' lang='lat' dir='ltr'><strong>forte</strong></span> <span class='ocrx_word' id='word_1_740' title='bbox 1181 1860 1283 1888; x_wconf 87' lang='lat' dir='ltr'><strong>timebit</strong></span> <span class='ocrx_word' id='word_1_741' title='bbox 1300 1869 1330 1888; x_wconf 85' lang='lat' dir='ltr'><strong>ac</strong></span> <span class='ocrx_word' id='word_1_742' title='bbox 1347 1863 1445 1896; x_wconf 80' lang='lat' dir='ltr'><strong>fugiet?</strong></span> <span class='ocrx_word' id='word_1_743' title='bbox 1458 1863 1641 1900; x_wconf 89' lang='lat' dir='ltr'><strong>Nequaquam,</strong></span> <span class='ocrx_word' id='word_1_744' title='bbox 1655 1867 1774 1901; x_wconf 84' lang='lat' dir='ltr'><strong>quinitno</strong></span> 
     </span>
    </p>
   </div>
   <div class='ocr_carea' id='block_1_99' title="bbox 985 1903 1775 1943">
    <p class='ocr_par' dir='ltr' id='par_1_99' title="bbox 985 1903 1775 1943">
     <span class='ocr_line' id='line_1_99' title="bbox 985 1903 1775 1943; baseline 0.013 -13"><span class='ocrx_word' id='word_1_745' title='bbox 985 1903 1090 1931; x_wconf 80' lang='lat' dir='ltr'><strong>ridebit.</strong></span> <span class='ocrx_word' id='word_1_746' title='bbox 1104 1905 1131 1932; x_wconf 89' lang='lat' dir='ltr'><strong>Si</strong></span> <span class='ocrx_word' id='word_1_747' title='bbox 1147 1913 1210 1932; x_wconf 88' lang='lat' dir='ltr'><strong>vero</strong></span> <span class='ocrx_word' id='word_1_748' title='bbox 1220 1906 1310 1933; x_wconf 72' lang='lat' dir='ltr'><strong>Iesum</strong></span> <span class='ocrx_word' id='word_1_749' title='bbox 1324 1907 1459 1935; x_wconf 86' lang='lat' dir='ltr'><strong>addideris</strong></span> <span class='ocrx_word' id='word_1_750' title='bbox 1473 1909 1648 1943; x_wconf 81' lang='lat' dir='ltr'><strong>Nazaremun,</strong></span> <span class='ocrx_word' id='word_1_751' title='bbox 1662 1913 1732 1939; x_wconf 81' lang='lat' dir='ltr'><strong>velut</strong></span> <span class='ocrx_word' id='word_1_752' title='bbox 1742 1913 1775 1940; x_wconf 87' lang='lat' dir='ltr'><strong>ab</strong></span> 
     </span>
    </p>
   </div>
   <div class='ocr_carea' id='block_1_100' title="bbox 985 1949 1775 1994">
    <p class='ocr_par' dir='ltr' id='par_1_100' title="bbox 985 1949 1775 1994">
     <span class='ocr_line' id='line_1_100' title="bbox 985 1949 1775 1994; baseline 0.013 -18"><span class='ocrx_word' id='word_1_753' title='bbox 985 1949 1044 1984; x_wconf 79' lang='lat' dir='ltr'><strong>igne</strong></span> <span class='ocrx_word' id='word_1_754' title='bbox 1060 1957 1168 1986; x_wconf 87' lang='lat' dir='ltr'><strong>repente</strong></span> <span class='ocrx_word' id='word_1_755' title='bbox 1181 1952 1327 1987; x_wconf 77' lang='lat' dir='ltr'><strong>diffugient.</strong></span> <span class='ocrx_word' id='word_1_756' title='bbox 1342 1953 1408 1987; x_wconf 86' lang='lat' dir='ltr'><strong>Quid</strong></span> <span class='ocrx_word' id='word_1_757' title='bbox 1424 1955 1503 1989; x_wconf 77' lang='lat' dir='ltr'><strong>igitur</strong></span> <span class='ocrx_word' id='word_1_758' title='bbox 1516 1957 1574 1983; x_wconf 87' lang='lat' dir='ltr'><strong>ais?</strong></span> <span class='ocrx_word' id='word_1_759' title='bbox 1589 1958 1659 1985; x_wconf 87' lang='lat' dir='ltr'><strong>unde</strong></span> <span class='ocrx_word' id='word_1_760' title='bbox 1671 1966 1775 1994; x_wconf 65' lang='lat' dir='ltr'><strong>pracva-</strong></span> 
     </span>
    </p>
   </div>
   <div class='ocr_carea' id='block_1_101' title="bbox 985 1996 1775 2039">
    <p class='ocr_par' dir='ltr' id='par_1_101' title="bbox 985 1996 1775 2039">
     <span class='ocr_line' id='line_1_101' title="bbox 985 1996 1775 2039; baseline 0.013 -17"><span class='ocrx_word' id='word_1_761' title='bbox 985 1996 1049 2023; x_wconf 90' lang='lat' dir='ltr'><strong>luit?</strong></span> <span class='ocrx_word' id='word_1_762' title='bbox 1063 1997 1149 2034; x_wconf 79' lang='lat' dir='ltr'><strong>Quia,</strong></span> <span class='ocrx_word' id='word_1_763' title='bbox 1171 1998 1277 2033; x_wconf 80' lang='lat' dir='ltr'><strong>inquis,</strong></span> <span class='ocrx_word' id='word_1_764' title='bbox 1300 2001 1423 2028; x_wconf 75' lang='lat' dir='ltr'><strong>seductor</strong></span> <span class='ocrx_word' id='word_1_765' title='bbox 1446 2001 1503 2029; x_wconf 88' lang='lat' dir='ltr'><strong>fuit.</strong></span> <span class='ocrx_word' id='word_1_766' title='bbox 1523 2003 1557 2030; x_wconf 84' lang='lat' dir='ltr'><strong>At</strong></span> <span class='ocrx_word' id='word_1_767' title='bbox 1578 2011 1630 2030; x_wconf 90' lang='lat' dir='ltr'><strong>non</strong></span> <span class='ocrx_word' id='word_1_768' title='bbox 1646 2003 1704 2032; x_wconf 71' lang='lat' dir='ltr'><strong>lucc</strong></span> <span class='ocrx_word' id='word_1_769' title='bbox 1717 2005 1775 2039; x_wconf 83' lang='lat' dir='ltr'><strong>ejus</strong></span> 
     </span>
    </p>
   </div>
   <div class='ocr_carea' id='block_1_102' title="bbox 987 2043 1775 2082">
    <p class='ocr_par' dir='ltr' id='par_1_102' title="bbox 987 2043 1775 2082">
     <span class='ocr_line' id='line_1_102' title="bbox 987 2043 1775 2082; baseline 0.013 -14"><span class='ocrx_word' id='word_1_770' title='bbox 987 2048 1116 2076; x_wconf 44' lang='lat' dir='ltr'><strong>pra‘cepta</strong></span> <span class='ocrx_word' id='word_1_771' title='bbox 1132 2043 1286 2078; x_wconf 89' lang='lat' dir='ltr'><strong>loquuntur.</strong></span> <span class='ocrx_word' id='word_1_772' title='bbox 1304 2046 1404 2073; x_wconf 88' lang='lat' dir='ltr'><strong>Deinde</strong></span> <span class='ocrx_word' id='word_1_773' title='bbox 1414 2048 1538 2082; x_wconf 87' lang='lat' dir='ltr'><strong>quoniam</strong></span> <span class='ocrx_word' id='word_1_774' title='bbox 1549 2049 1703 2077; x_wconf 87' lang='lat' dir='ltr'><strong>seductores</strong></span> <span class='ocrx_word' id='word_1_775' title='bbox 1715 2050 1775 2078; x_wconf 85' lang='lat' dir='ltr'><strong>fue-</strong></span> 
     </span>
    </p>
   </div>
   <div class='ocr_carea' id='block_1_103' title="bbox 986 2089 1776 2130">
    <p class='ocr_par' dir='ltr' id='par_1_103' title="bbox 986 2089 1776 2130">
     <span class='ocr_line' id='line_1_103' title="bbox 986 2089 1776 2130; baseline 0.009 -15"><span class='ocrx_word' id='word_1_776' title='bbox 986 2093 1047 2115; x_wconf 90' lang='lat' dir='ltr'><strong>runt</strong></span> <span class='ocrx_word' id='word_1_777' title='bbox 1063 2089 1147 2122; x_wconf 85' lang='lat' dir='ltr'><strong>multi,</strong></span> <span class='ocrx_word' id='word_1_778' title='bbox 1162 2094 1188 2116; x_wconf 87' lang='lat' dir='ltr'><strong>ct</strong></span> <span class='ocrx_word' id='word_1_779' title='bbox 1203 2095 1289 2117; x_wconf 90' lang='lat' dir='ltr'><strong>tamen</strong></span> <span class='ocrx_word' id='word_1_780' title='bbox 1303 2091 1390 2118; x_wconf 91' lang='lat' dir='ltr'><strong>nullus</strong></span> <span class='ocrx_word' id='word_1_781' title='bbox 1405 2092 1528 2120; x_wconf 86' lang='lat' dir='ltr'><strong>obtinuit.</strong></span> <span class='ocrx_word' id='word_1_782' title='bbox 1543 2093 1594 2121; x_wconf 85' lang='lat' dir='ltr'><strong>Sed</strong></span> <span class='ocrx_word' id='word_1_783' title='bbox 1608 2095 1668 2129; x_wconf 91' lang='lat' dir='ltr'><strong>quia</strong></span> <span class='ocrx_word' id='word_1_784' title='bbox 1682 2103 1776 2130; x_wconf 77' lang='lat' dir='ltr'><strong>magus</strong></span> 
     </span>
    </p>
   </div>
   <div class='ocr_carea' id='block_1_104' title="bbox 987 2134 1775 2173">
    <p class='ocr_par' dir='ltr' id='par_1_104' title="bbox 987 2134 1775 2173">
     <span class='ocr_line' id='line_1_104' title="bbox 987 2134 1775 2173; baseline 0.01 -12"><span class='ocrx_word' id='word_1_785' title='bbox 987 2134 1053 2162; x_wconf 84' lang='lat' dir='ltr'><strong>fuit?</strong></span> <span class='ocrx_word' id='word_1_786' title='bbox 1071 2135 1167 2162; x_wconf 87' lang='lat' dir='ltr'><strong>Verum</strong></span> <span class='ocrx_word' id='word_1_787' title='bbox 1187 2135 1264 2171; x_wconf 79' lang='lat' dir='ltr'><strong>longe</strong></span> <span class='ocrx_word' id='word_1_788' title='bbox 1285 2137 1354 2164; x_wconf 90' lang='lat' dir='ltr'><strong>aliud</strong></span> <span class='ocrx_word' id='word_1_789' title='bbox 1372 2137 1429 2173; x_wconf 91' lang='lat' dir='ltr'><strong>ejus</strong></span> <span class='ocrx_word' id='word_1_790' title='bbox 1446 2139 1567 2173; x_wconf 74' lang='lat' dir='ltr'><strong>dogmata</strong></span> <span class='ocrx_word' id='word_1_791' title='bbox 1583 2145 1775 2169; x_wconf 88' lang='lat' dir='ltr'><strong>contestantur.</strong></span> 
     </span>
    </p>
   </div>
   <div class='ocr_carea' id='block_1_105' title="bbox 987 2180 1772 2223">
    <p class='ocr_par' dir='ltr' id='par_1_105' title="bbox 987 2180 1772 2223">
     <span class='ocr_line' id='line_1_105' title="bbox 987 2180 1772 2223; baseline 0.011 -16"><span class='ocrx_word' id='word_1_792' title='bbox 987 2180 1038 2208; x_wconf 85' lang='lat' dir='ltr'><strong>Sed</strong></span> <span class='ocrx_word' id='word_1_793' title='bbox 1049 2185 1076 2208; x_wconf 89' lang='lat' dir='ltr'><strong>et</strong></span> <span class='ocrx_word' id='word_1_794' title='bbox 1095 2189 1230 2216; x_wconf 78' lang='lat' dir='ltr'><strong>magorum</strong></span> <span class='ocrx_word' id='word_1_795' title='bbox 1251 2183 1331 2210; x_wconf 90' lang='lat' dir='ltr'><strong>multa</strong></span> <span class='ocrx_word' id='word_1_796' title='bbox 1346 2191 1416 2218; x_wconf 76' lang='lat' dir='ltr'><strong>smpe</strong></span> <span class='ocrx_word' id='word_1_797' title='bbox 1435 2184 1482 2211; x_wconf 93' lang='lat' dir='ltr'><strong>fuit</strong></span> <span class='ocrx_word' id='word_1_798' title='bbox 1496 2186 1570 2219; x_wconf 87' lang='lat' dir='ltr'><strong>copia</strong></span> <span class='ocrx_word' id='word_1_799' title='bbox 1581 2207 1587 2218; x_wconf 94' lang='lat'><strong>,</strong></span> <span class='ocrx_word' id='word_1_800' title='bbox 1604 2186 1639 2222; x_wconf 81' lang='lat' dir='ltr'><strong>(b)</strong></span> <span class='ocrx_word' id='word_1_801' title='bbox 1656 2185 1722 2223; x_wconf 90' lang='lat' dir='ltr'><strong>[nec</strong></span> <span class='ocrx_word' id='word_1_802' title='bbox 1738 2193 1772 2215; x_wconf 88' lang='lat' dir='ltr'><strong>ta-</strong></span> 
     </span>
    </p>
   </div>
   <div class='ocr_carea' id='block_1_106' title="bbox 986 2228 1775 2270">
    <p class='ocr_par' dir='ltr' id='par_1_106' title="bbox 986 2228 1775 2270">
     <span class='ocr_line' id='line_1_106' title="bbox 986 2228 1775 2270; baseline 0.01 -17"><span class='ocrx_word' id='word_1_803' title='bbox 986 2235 1047 2254; x_wconf 84' lang='lat' dir='ltr'><strong>men</strong></span> <span class='ocrx_word' id='word_1_804' title='bbox 1063 2228 1145 2254; x_wconf 91' lang='lat' dir='ltr'><strong>ullum</strong></span> <span class='ocrx_word' id='word_1_805' title='bbox 1160 2228 1310 2262; x_wconf 70' lang='lat' dir='ltr'><strong>huiusmodi</strong></span> <span class='ocrx_word' id='word_1_806' title='bbox 1325 2231 1449 2264; x_wconf 78' lang='lat' dir='ltr'><strong>potentia:</strong></span> <span class='ocrx_word' id='word_1_807' title='bbox 1462 2239 1560 2259; x_wconf 91' lang='lat' dir='ltr'><strong>nomen</strong></span> <span class='ocrx_word' id='word_1_808' title='bbox 1579 2233 1696 2260; x_wconf 87' lang='lat' dir='ltr'><strong>auditum</strong></span> <span class='ocrx_word' id='word_1_809' title='bbox 1711 2234 1775 2270; x_wconf 90' lang='lat' dir='ltr'><strong>est].</strong></span> 
     </span>
    </p>
   </div>
   <div class='ocr_carea' id='block_1_107' title="bbox 987 2273 1776 2313">
    <p class='ocr_par' dir='ltr' id='par_1_107' title="bbox 987 2273 1776 2313">
     <span class='ocr_line' id='line_1_107' title="bbox 987 2273 1776 2313; baseline 0.008 -13"><span class='ocrx_word' id='word_1_810' title='bbox 987 2273 1040 2300; x_wconf 87' lang='lat' dir='ltr'><strong>Sed</strong></span> <span class='ocrx_word' id='word_1_811' title='bbox 1055 2273 1114 2307; x_wconf 91' lang='lat' dir='ltr'><strong>quia</strong></span> <span class='ocrx_word' id='word_1_812' title='bbox 1128 2275 1235 2308; x_wconf 78' lang='lat' dir='ltr'><strong>Sapiens</strong></span> <span class='ocrx_word' id='word_1_813' title='bbox 1249 2274 1320 2301; x_wconf 87' lang='lat' dir='ltr'><strong>fuit?</strong></span> <span class='ocrx_word' id='word_1_814' title='bbox 1334 2276 1367 2302; x_wconf 89' lang='lat' dir='ltr'><strong>At</strong></span> <span class='ocrx_word' id='word_1_815' title='bbox 1380 2277 1454 2303; x_wconf 91' lang='lat' dir='ltr'><strong>multi</strong></span> <span class='ocrx_word' id='word_1_816' title='bbox 1470 2276 1576 2304; x_wconf 90' lang='lat' dir='ltr'><strong>fuerunt</strong></span> <span class='ocrx_word' id='word_1_817' title='bbox 1589 2285 1661 2312; x_wconf 68' lang='lat' dir='ltr'><strong>saepe</strong></span> <span class='ocrx_word' id='word_1_818' title='bbox 1672 2279 1776 2313; x_wconf 76' lang='lat' dir='ltr'><strong>sapient-</strong></span> 
     </span>
    </p>
   </div>
   <div class='ocr_carea' id='block_1_108' title="bbox 987 2319 1777 2354">
    <p class='ocr_par' dir='ltr' id='par_1_108' title="bbox 987 2319 1777 2354">
     <span class='ocr_line' id='line_1_108' title="bbox 987 2319 1777 2354; baseline 0.008 -9"><span class='ocrx_word' id='word_1_819' title='bbox 987 2323 1037 2346; x_wconf 89' lang='lat' dir='ltr'><strong>tes.</strong></span> <span class='ocrx_word' id='word_1_820' title='bbox 1051 2319 1115 2353; x_wconf 87' lang='lat' dir='ltr'><strong>Quis</strong></span> <span class='ocrx_word' id='word_1_821' title='bbox 1134 2320 1222 2354; x_wconf 91' lang='lat' dir='ltr'><strong>itaque</strong></span> <span class='ocrx_word' id='word_1_822' title='bbox 1241 2321 1363 2348; x_wconf 83' lang='lat' dir='ltr'><strong>similiter</strong></span> <span class='ocrx_word' id='word_1_823' title='bbox 1379 2322 1525 2350; x_wconf 81' lang='lat' dir='ltr'><strong>obtinuisse</strong></span> <span class='ocrx_word' id='word_1_824' title='bbox 1546 2323 1667 2350; x_wconf 87' lang='lat' dir='ltr'><strong>dicetur?</strong></span> <span class='ocrx_word' id='word_1_825' title='bbox 1685 2324 1777 2351; x_wconf 88' lang='lat' dir='ltr'><strong>Nullus</strong></span> 
     </span>
    </p>
   </div>
   <div class='ocr_carea' id='block_1_109' title="bbox 986 2364 1776 2404">
    <p class='ocr_par' dir='ltr' id='par_1_109' title="bbox 986 2364 1776 2404">
     <span class='ocr_line' id='line_1_109' title="bbox 986 2364 1776 2404; baseline 0.01 -14"><span class='ocrx_word' id='word_1_826' title='bbox 986 2364 1056 2391; x_wconf 90' lang='lat' dir='ltr'><strong>enim</strong></span> <span class='ocrx_word' id='word_1_827' title='bbox 1071 2364 1213 2398; x_wconf 88' lang='lat' dir='ltr'><strong>aliquando</strong></span> <span class='ocrx_word' id='word_1_828' title='bbox 1232 2365 1324 2393; x_wconf 88' lang='lat' dir='ltr'><strong>saltent</strong></span> <span class='ocrx_word' id='word_1_829' title='bbox 1344 2374 1376 2393; x_wconf 83' lang='lat' dir='ltr'><strong>ex</strong></span> <span class='ocrx_word' id='word_1_830' title='bbox 1390 2373 1464 2402; x_wconf 89' lang='lat' dir='ltr'><strong>parte</strong></span> <span class='ocrx_word' id='word_1_831' title='bbox 1476 2368 1562 2403; x_wconf 88' lang='lat' dir='ltr'><strong>aliqua</strong></span> <span class='ocrx_word' id='word_1_832' title='bbox 1579 2369 1639 2397; x_wconf 88' lang='lat' dir='ltr'><strong>huic</strong></span> <span class='ocrx_word' id='word_1_833' title='bbox 1652 2371 1776 2404; x_wconf 62' lang='lat' dir='ltr'><strong>potentis</strong></span> 
     </span>
    </p>
   </div>
   <div class='ocr_carea' id='block_1_110' title="bbox 986 2411 1777 2450">
    <p class='ocr_par' dir='ltr' id='par_1_110' title="bbox 986 2411 1777 2450">
     <span class='ocr_line' id='line_1_110' title="bbox 986 2411 1777 2450; baseline 0.008 -13"><span class='ocrx_word' id='word_1_834' title='bbox 986 2411 1216 2445; x_wconf 88' lang='lat' dir='ltr'><strong>appropinquavit.</strong></span> <span class='ocrx_word' id='word_1_835' title='bbox 1228 2411 1306 2439; x_wconf 90' lang='lat' dir='ltr'><strong>Unde</strong></span> <span class='ocrx_word' id='word_1_836' title='bbox 1315 2412 1415 2447; x_wconf 89' lang='lat' dir='ltr'><strong>liquido</strong></span> <span class='ocrx_word' id='word_1_837' title='bbox 1429 2418 1510 2448; x_wconf 86' lang='lat' dir='ltr'><strong>patet,</strong></span> <span class='ocrx_word' id='word_1_838' title='bbox 1521 2415 1645 2450; x_wconf 88' lang='lat' dir='ltr'><strong>qttoniam</strong></span> <span class='ocrx_word' id='word_1_839' title='bbox 1653 2415 1777 2443; x_wconf 77' lang='lat' dir='ltr'><strong>Christus</strong></span> 
     </span>
    </p>
   </div>
   <div class='ocr_carea' id='block_1_111' title="bbox 987 2457 1776 2496">
    <p class='ocr_par' dir='ltr' id='par_1_111' title="bbox 987 2457 1776 2496">
     <span class='ocr_line' id='line_1_111' title="bbox 987 2457 1776 2496; baseline 0.009 -13"><span class='ocrx_word' id='word_1_840' title='bbox 987 2464 1039 2483; x_wconf 91' lang='lat' dir='ltr'><strong>non</strong></span> <span class='ocrx_word' id='word_1_841' title='bbox 1054 2457 1131 2484; x_wconf 88' lang='lat' dir='ltr'><strong>fuerit</strong></span> <span class='ocrx_word' id='word_1_842' title='bbox 1147 2465 1240 2492; x_wconf 82' lang='lat' dir='ltr'><strong>magus</strong></span> <span class='ocrx_word' id='word_1_843' title='bbox 1252 2478 1259 2490; x_wconf 97' lang='lat'><strong>,</strong></span> <span class='ocrx_word' id='word_1_844' title='bbox 1271 2466 1324 2485; x_wconf 92' lang='lat' dir='ltr'><strong>non</strong></span> <span class='ocrx_word' id='word_1_845' title='bbox 1338 2459 1479 2494; x_wconf 83' lang='lat' dir='ltr'><strong>seductor,</strong></span> <span class='ocrx_word' id='word_1_846' title='bbox 1495 2461 1541 2489; x_wconf 94' lang='lat' dir='ltr'><strong>scd</strong></span> <span class='ocrx_word' id='word_1_847' title='bbox 1557 2462 1600 2496; x_wconf 90' lang='lat' dir='ltr'><strong>qui</strong></span> <span class='ocrx_word' id='word_1_848' title='bbox 1614 2470 1629 2489; x_wconf 90' lang='lat' dir='ltr'><strong>e</strong></span> <span class='ocrx_word' id='word_1_849' title='bbox 1642 2463 1776 2490; x_wconf 86' lang='lat' dir='ltr'><strong>contrario</strong></span> 
     </span>
    </p>
   </div>
   <div class='ocr_carea' id='block_1_112' title="bbox 987 2503 1777 2543">
    <p class='ocr_par' dir='ltr' id='par_1_112' title="bbox 987 2503 1777 2543">
     <span class='ocr_line' id='line_1_112' title="bbox 987 2503 1777 2543; baseline 0.009 -13"><span class='ocrx_word' id='word_1_850' title='bbox 987 2503 1082 2530; x_wconf 89' lang='lat' dir='ltr'><strong>horum</strong></span> <span class='ocrx_word' id='word_1_851' title='bbox 1096 2504 1197 2531; x_wconf 80' lang='lat' dir='ltr'><strong>exstitit</strong></span> <span class='ocrx_word' id='word_1_852' title='bbox 1211 2505 1375 2537; x_wconf 80' lang='lat' dir='ltr'><strong>emendatur,</strong></span> <span class='ocrx_word' id='word_1_853' title='bbox 1392 2511 1418 2533; x_wconf 92' lang='lat' dir='ltr'><strong>et</strong></span> <span class='ocrx_word' id='word_1_854' title='bbox 1433 2515 1493 2534; x_wconf 85' lang='lat' dir='ltr'><strong>vere</strong></span> <span class='ocrx_word' id='word_1_855' title='bbox 1508 2508 1596 2534; x_wconf 84' lang='lat' dir='ltr'><strong>divina</strong></span> <span class='ocrx_word' id='word_1_856' title='bbox 1609 2509 1692 2536; x_wconf 88' lang='lat' dir='ltr'><strong>virtus</strong></span> <span class='ocrx_word' id='word_1_857' title='bbox 1704 2530 1712 2543; x_wconf 89' lang='lat'><strong>,</strong></span> <span class='ocrx_word' id='word_1_858' title='bbox 1727 2517 1777 2537; x_wconf 92' lang='lat' dir='ltr'><strong>nec</strong></span> 
     </span>
    </p>
   </div>
   <div class='ocr_carea' id='block_1_113' title="bbox 987 2549 1775 2589">
    <p class='ocr_par' dir='ltr' id='par_1_113' title="bbox 987 2549 1775 2589">
     <span class='ocr_line' id='line_1_113' title="bbox 987 2549 1775 2589; baseline 0.009 -14"><span class='ocrx_word' id='word_1_859' title='bbox 987 2549 1032 2576; x_wconf 95' lang='lat' dir='ltr'><strong>ulli</strong></span> <span class='ocrx_word' id='word_1_860' title='bbox 1046 2549 1155 2577; x_wconf 92' lang='lat' dir='ltr'><strong>omnino</strong></span> <span class='ocrx_word' id='word_1_861' title='bbox 1169 2551 1328 2586; x_wconf 88' lang='lat' dir='ltr'><strong>superabilis</strong></span> <span class='ocrx_word' id='word_1_862' title='bbox 1338 2573 1345 2584; x_wconf 94' lang='lat'><strong>,</strong></span> <span class='ocrx_word' id='word_1_863' title='bbox 1362 2551 1461 2579; x_wconf 91' lang='lat' dir='ltr'><strong>idcirco</strong></span> <span class='ocrx_word' id='word_1_864' title='bbox 1474 2557 1500 2580; x_wconf 92' lang='lat' dir='ltr'><strong>et</strong></span> <span class='ocrx_word' id='word_1_865' title='bbox 1517 2553 1573 2587; x_wconf 88' lang='lat' dir='ltr'><strong>ipse</strong></span> <span class='ocrx_word' id='word_1_866' title='bbox 1586 2559 1680 2581; x_wconf 89' lang='lat' dir='ltr'><strong>cuncta</strong></span> <span class='ocrx_word' id='word_1_867' title='bbox 1693 2555 1755 2582; x_wconf 89' lang='lat' dir='ltr'><strong>vicit</strong></span> <span class='ocrx_word' id='word_1_868' title='bbox 1767 2576 1775 2589; x_wconf 85' lang='lat'><strong>,</strong></span> 
     </span>
    </p>
   </div>
   <div class='ocr_carea' id='block_1_114' title="bbox 987 2596 1775 2635">
    <p class='ocr_par' dir='ltr' id='par_1_114' title="bbox 987 2596 1775 2635">
     <span class='ocr_line' id='line_1_114' title="bbox 987 2596 1775 2635; baseline 0.01 -14"><span class='ocrx_word' id='word_1_869' title='bbox 987 2600 1066 2630; x_wconf 88' lang='lat' dir='ltr'><strong>atque</strong></span> <span class='ocrx_word' id='word_1_870' title='bbox 1079 2596 1238 2630; x_wconf 87' lang='lat' dir='ltr'><strong>perdomuit,</strong></span> <span class='ocrx_word' id='word_1_871' title='bbox 1253 2602 1279 2624; x_wconf 87' lang='lat' dir='ltr'><strong>et</strong></span> <span class='ocrx_word' id='word_1_872' title='bbox 1292 2597 1374 2625; x_wconf 81' lang='lat' dir='ltr'><strong>Paulo</strong></span> <span class='ocrx_word' id='word_1_873' title='bbox 1388 2599 1559 2626; x_wconf 87' lang='lat' dir='ltr'><strong>tentoriorum</strong></span> <span class='ocrx_word' id='word_1_874' title='bbox 1575 2600 1660 2635; x_wconf 85' lang='lat' dir='ltr'><strong>opifici</strong></span> <span class='ocrx_word' id='word_1_875' title='bbox 1677 2606 1775 2629; x_wconf 86' lang='lat' dir='ltr'><strong>tantam</strong></span> 
     </span>
    </p>
   </div>
   <div class='ocr_carea' id='block_1_115' title="bbox 988 2641 1777 2680">
    <p class='ocr_par' dir='ltr' id='par_1_115' title="bbox 988 2641 1777 2680">
     <span class='ocr_line' id='line_1_115' title="bbox 988 2641 1777 2680; baseline 0.008 -13"><span class='ocrx_word' id='word_1_876' title='bbox 988 2641 1072 2675; x_wconf 89' lang='lat' dir='ltr'><strong>potuit</strong></span> <span class='ocrx_word' id='word_1_877' title='bbox 1085 2641 1214 2676; x_wconf 87' lang='lat' dir='ltr'><strong>inspirare</strong></span> <span class='ocrx_word' id='word_1_878' title='bbox 1229 2643 1365 2676; x_wconf 87' lang='lat' dir='ltr'><strong>virtutem,</strong></span> <span class='ocrx_word' id='word_1_879' title='bbox 1382 2649 1506 2678; x_wconf 87' lang='lat' dir='ltr'><strong>quantam</strong></span> <span class='ocrx_word' id='word_1_880' title='bbox 1523 2645 1579 2680; x_wconf 81' lang='lat' dir='ltr'><strong>ipse</strong></span> <span class='ocrx_word' id='word_1_881' title='bbox 1593 2653 1680 2672; x_wconf 87' lang='lat' dir='ltr'><strong>rerum</strong></span> <span class='ocrx_word' id='word_1_882' title='bbox 1696 2651 1777 2673; x_wconf 83' lang='lat' dir='ltr'><strong>testa-</strong></span> 
     </span>
    </p>
   </div>
   <div class='ocr_carea' id='block_1_116' title="bbox 988 2687 1776 2725">
    <p class='ocr_par' dir='ltr' id='par_1_116' title="bbox 988 2687 1776 2725">
     <span class='ocr_line' id='line_1_116' title="bbox 988 2687 1776 2725; baseline 0.009 -13"><span class='ocrx_word' id='word_1_883' title='bbox 988 2691 1029 2713; x_wconf 93' lang='lat' dir='ltr'><strong>tur</strong></span> <span class='ocrx_word' id='word_1_884' title='bbox 1044 2687 1163 2714; x_wconf 79' lang='lat' dir='ltr'><strong>effectus.</strong></span> <span class='ocrx_word' id='word_1_885' title='bbox 1178 2687 1264 2715; x_wconf 85' lang='lat' dir='ltr'><strong>llonio</strong></span> <span class='ocrx_word' id='word_1_886' title='bbox 1276 2688 1374 2716; x_wconf 86' lang='lat' dir='ltr'><strong>etenim</strong></span> <span class='ocrx_word' id='word_1_887' title='bbox 1394 2689 1533 2725; x_wconf 72' lang='lat' dir='ltr'><strong>ignobilis,</strong></span> <span class='ocrx_word' id='word_1_888' title='bbox 1549 2690 1667 2725; x_wconf 86' lang='lat' dir='ltr'><strong>abjectus</strong></span> <span class='ocrx_word' id='word_1_889' title='bbox 1683 2695 1709 2718; x_wconf 89' lang='lat' dir='ltr'><strong>et</strong></span> <span class='ocrx_word' id='word_1_890' title='bbox 1721 2692 1776 2719; x_wconf 91' lang='lat' dir='ltr'><strong>eir-</strong></span> 
     </span>
    </p>
   </div>
   <div class='ocr_carea' id='block_1_117' title="bbox 987 2733 1775 2770">
    <p class='ocr_par' dir='ltr' id='par_1_117' title="bbox 987 2733 1775 2770">
     <span class='ocr_line' id='line_1_117' title="bbox 987 2733 1775 2770; baseline 0.009 -12"><span class='ocrx_word' id='word_1_891' title='bbox 987 2733 1182 2765; x_wconf 88' lang='lat' dir='ltr'><strong>cumforaneus,</strong></span> <span class='ocrx_word' id='word_1_892' title='bbox 1197 2734 1242 2768; x_wconf 91' lang='lat' dir='ltr'><strong>qui</strong></span> <span class='ocrx_word' id='word_1_893' title='bbox 1253 2739 1335 2761; x_wconf 90' lang='lat' dir='ltr'><strong>artem</strong></span> <span class='ocrx_word' id='word_1_894' title='bbox 1346 2735 1486 2763; x_wconf 81' lang='lat' dir='ltr'><strong>exercebat</strong></span> <span class='ocrx_word' id='word_1_895' title='bbox 1500 2736 1525 2762; x_wconf 90' lang='lat' dir='ltr'><strong>in</strong></span> <span class='ocrx_word' id='word_1_896' title='bbox 1536 2736 1658 2770; x_wconf 89' lang='lat' dir='ltr'><strong>pellibus,</strong></span> <span class='ocrx_word' id='word_1_897' title='bbox 1674 2737 1699 2764; x_wconf 95' lang='lat' dir='ltr'><strong>in</strong></span> <span class='ocrx_word' id='word_1_898' title='bbox 1716 2743 1775 2765; x_wconf 85' lang='lat' dir='ltr'><strong>tan-</strong></span> 
     </span>
    </p>
   </div>
   <div class='ocr_carea' id='block_1_118' title="bbox 989 2779 1775 2816">
    <p class='ocr_par' dir='ltr' id='par_1_118' title="bbox 989 2779 1775 2816">
     <span class='ocr_line' id='line_1_118' title="bbox 989 2779 1775 2816; baseline 0.011 -12"><span class='ocrx_word' id='word_1_899' title='bbox 989 2782 1042 2805; x_wconf 88' lang='lat' dir='ltr'><strong>tmu</strong></span> <span class='ocrx_word' id='word_1_900' title='bbox 1057 2779 1152 2806; x_wconf 83' lang='lat' dir='ltr'><strong>virtute</strong></span> <span class='ocrx_word' id='word_1_901' title='bbox 1167 2786 1321 2814; x_wconf 72' lang='lat' dir='ltr'><strong>progressus</strong></span> <span class='ocrx_word' id='word_1_902' title='bbox 1342 2786 1401 2815; x_wconf 84' lang='lat' dir='ltr'><strong>est,</strong></span> <span class='ocrx_word' id='word_1_903' title='bbox 1419 2787 1447 2808; x_wconf 90' lang='lat' dir='ltr'><strong>ut</strong></span> <span class='ocrx_word' id='word_1_904' title='bbox 1461 2782 1504 2808; x_wconf 82' lang='lat' dir='ltr'><strong>vix</strong></span> <span class='ocrx_word' id='word_1_905' title='bbox 1525 2782 1630 2816; x_wconf 76' lang='lat' dir='ltr'><strong>triginta</strong></span> <span class='ocrx_word' id='word_1_906' title='bbox 1644 2790 1775 2813; x_wconf 76' lang='lat' dir='ltr'><strong>annorum</strong></span> 
     </span>
    </p>
   </div>
   <div class='ocr_carea' id='block_1_119' title="bbox 1020 2833 1338 2896">
    <p class='ocr_par' dir='ltr' id='par_1_119' title="bbox 1020 2833 1338 2896">
     <span class='ocr_line' id='line_1_119' title="bbox 1020 2833 1338 2896; baseline -0.016 -35"><span class='ocrx_word' id='word_1_907' title='bbox 1020 2833 1057 2896; x_wconf 50' lang='lat' dir='ltr'><strong>(ag</strong></span> <span class='ocrx_word' id='word_1_908' title='bbox 1075 2834 1209 2866; x_wconf 73' lang='lat' dir='ltr'><strong>Apollonius</strong></span> <span class='ocrx_word' id='word_1_909' title='bbox 1220 2838 1338 2866; x_wconf 72' lang='lat' dir='ltr'><strong>Tyaneus.</strong></span> 
     </span>
     <span class='ocr_line' id='line_1_120' title="bbox 1023 2865 1338 2896; baseline 0 -4"><span class='ocrx_word' id='word_1_910' title='bbox 1023 2865 1046 2896; x_wconf 79' lang='grc' dir='ltr'><strong>(ιι</strong></span> <span class='ocrx_word' id='word_1_911' title='bbox 1058 2886 1060 2889; x_wconf 90' lang='grc'>.</span> <span class='ocrx_word' id='word_1_912' title='bbox 1074 2870 1129 2896; x_wconf 70' lang='lat' dir='ltr'><strong>Qua:</strong></span> <span class='ocrx_word' id='word_1_913' title='bbox 1143 2866 1235 2892; x_wconf 81' lang='lat' dir='ltr'><strong>uncinis</strong></span> <span class='ocrx_word' id='word_1_914' title='bbox 1247 2866 1338 2892; x_wconf 84' lang='lat' dir='ltr'><strong>claudut</strong></span> 
     </span>
    </p>
   </div>
   <div class='ocr_carea' id='block_1_120' title="bbox 1023 2865 1625 2901">
    <p class='ocr_par' dir='ltr' id='par_1_120' title="bbox 1023 2865 1625 2901">
     <span class='ocr_line' id='line_1_121' title="bbox 1023 2865 1625 2901; baseline 0.008 -12"><span class='ocrx_word' id='word_1_915' title='bbox 1023 2865 1060 2896; x_wconf 75' lang='grc'><strong>(1)),</strong></span> <span class='ocrx_word' id='word_1_916' title='bbox 1074 2865 1129 2896; x_wconf 72' lang='lat' dir='ltr'><strong>Quze</strong></span> <span class='ocrx_word' id='word_1_917' title='bbox 1143 2865 1386 2893; x_wconf 37' lang='lat' dir='ltr'><strong>uncinis’clauduntur</strong></span> <span class='ocrx_word' id='word_1_918' title='bbox 1395 2867 1483 2894; x_wconf 79' lang='lat' dir='ltr'><strong>desunt</strong></span> <span class='ocrx_word' id='word_1_919' title='bbox 1494 2869 1517 2893; x_wconf 91' lang='lat' dir='ltr'><strong>in</strong></span> <span class='ocrx_word' id='word_1_920' title='bbox 1527 2869 1593 2894; x_wconf 66' lang='lat' dir='ltr'><strong>Graec</strong></span> <span class='ocrx_word' id='word_1_921' title='bbox 1602 2884 1625 2901; x_wconf 48' lang='grc' dir='ltr'><strong>ο,</strong></span> 
     </span>
    </p>
   </div>
  </div>
