1976 3130
196 143 243 173 ιθι

197 199 284 233 spatio
297 202 323 226 et
336 199 486 227 Romanos,
502 201 528 224 et
543 197 649 229 Persas,
664 200 691 223 et
710 195 833 227 Parthos,
850 199 876 221 et
890 193 990 224 Medos,

196 251 224 272 ct
239 243 326 276 ludos,
338 248 365 271 et
379 243 501 278 Scythas,
517 247 543 269 et
558 241 699 276 {Ethiopes
710 261 716 273 ,
731 244 758 268 et
770 240 951 269 Sauromatas,
965 242 993 265 et

196 291 353 322 Saracenos,
367 295 393 317 et
412 297 493 316 omne
511 296 620 323 prorsus
636 288 779 314 humanum
794 295 877 321 genus
889 286 938 312 sub
950 285 992 319 ju-

195 344 257 371 gum
270 335 385 363 mitteret
395 335 525 362 veritatis.
539 333 682 368 Responde
693 333 782 367 igitur,
795 331 865 359 unde
875 331 924 357 iste
934 330 992 365 opi-

197 384 239 409 fex
255 381 314 409 vilis
329 389 359 409 ac
375 381 494 416 publicus
507 386 580 407 stans
594 380 620 407 in
641 380 700 407 loco
715 379 780 405 artis
791 386 845 405 sum
856 398 862 409 ,
878 385 909 405 ac
920 377 990 404 scal-

196 427 297 462 pellum
311 427 337 454 in
353 435 432 454 manu
446 434 553 461 gerens,
565 426 600 453 ita
616 430 642 452 et
653 425 709 459 ipse
723 424 925 459 philosophatus
937 423 989 456 sit,

195 477 223 499 et
235 472 301 499 alios
315 472 436 499 docuerit
450 471 632 507 philosophari
644 492 651 504 ,
667 475 760 506 gentes
775 470 895 501 scilicet,
910 469 991 496 urbes

196 524 276 554 atque
289 519 422 553 regiones,
438 518 552 545 maxime
565 516 704 552 imperitus
718 523 767 543 nec
782 516 835 542 vim
851 515 877 542 in
892 522 921 542 se
935 522 992 541 ser-

196 566 284 595 monis
294 564 462 592 ostendens?
482 564 550 591 Audi
564 564 634 590 extim
649 563 734 597 ipsum
753 562 903 597 loquentem
915 569 921 587 :
933 559 992 587 Etsi

196 612 326 647 imperitus
340 620 453 638 sermone
465 610 506 646 (2.
524 610 582 638 Cor.
599 611 641 637 11.
655 609 702 644 6).
721 609 776 636 Nec
792 608 917 644 pecunias
930 615 992 642 pos-

197 659 287 686 sidens
306 667 312 684 :
336 666 396 685 natn
419 658 470 685 hoc
492 665 598 693 quoque
622 657 679 690 ipse
703 660 835 683 testatur:
852 654 937 690 Usque
957 654 992 680 ad

197 705 279 737 hanc,
296 705 396 739 inquit,
414 704 502 730 horam
516 709 539 730 et
558 705 697 734 esurimus,
715 706 737 728 ct
752 702 850 728 sitimus
863 722 869 733 ,
887 705 910 727 et
929 700 991 727 nudi

196 759 281 778 sumus
293 772 300 783 ,
315 755 337 776 et
357 750 471 785 colaphis
485 749 606 776 credimur
623 748 666 784 (1.
684 747 743 775 Cor.
760 748 787 775 4.
804 747 832 774 11
881 746 915 773 Ει
929 746 990 780 quid

196 795 256 825 dico
270 795 408 831 pecunias,
422 803 482 822 cum
499 794 544 821 ille
559 801 629 828 sagpe
642 801 676 820 ne
691 792 870 820 necessarittm
884 792 990 826 quidem

196 840 305 868 haberet
316 841 404 867 cibum
416 862 422 872 ,
441 847 490 866 nec
500 847 552 874 quo
563 847 592 866 se
606 839 784 866 circumdaret
796 838 990 864 imiumcntum.

194 886 260 920 Quia
273 895 336 914 vero
352 894 400 913 nec
412 885 446 913 de
463 885 626 921 professione
644 885 731 912 clarus
749 884 839 914 fuerit,
856 883 938 918 ipsius
951 883 991 909 di-

195 933 313 966 scipulus
335 932 468 964 ostendit,
489 932 582 958 dicens
603 940 609 958 :
635 931 760 964 Quoniam
783 929 897 956 manebat
920 929 990 963 apud

197 978 315 1012 Aquilam
336 983 358 1004 et
380 977 542 1010 Priscillam,
561 982 692 1011 propterea
716 976 782 1011 quod
803 975 915 1010 ejusdem
930 975 991 1001 artis

194 1028 275 1049 essent
294 1031 303 1049 .'
324 1027 394 1049 erant
413 1024 478 1049 enim
499 1022 686 1057 scenofactoria:
707 1022 768 1048 artis
783 1021 858 1055 (Act.
882 1021 925 1047 l8.
943 1021 988 1054 5).

194 1069 251 1096 Non
265 1070 366 1104 igitura
377 1069 484 1105 proavis
495 1069 601 1102 nobilis,
616 1069 712 1103 quippe
721 1069 764 1103 qui
777 1073 828 1094 tam
841 1067 899 1094 vilis
911 1067 991 1094 fuisse

193 1115 258 1145 artis
269 1113 416 1141 ostenditur
428 1123 433 1140 :
446 1122 498 1141 non
510 1122 523 1140 ει
536 1115 629 1148 patria,
641 1122 692 1140 non
702 1121 715 1139 a
727 1118 816 1146 gente,
828 1118 914 1139 tamen
926 1120 990 1146 pru-

193 1168 304 1196 gressus
318 1161 343 1188 in
361 1162 476 1188 medium
489 1183 495 1191 ,
510 1169 540 1188 ac
555 1161 737 1187 tantummodo
757 1167 887 1193 apparens
902 1158 990 1184 initni-

192 1215 285 1233 corum
296 1212 389 1234 cnncta
405 1207 530 1237 turbavit,
548 1206 671 1233 universa
686 1205 805 1232 confudit
819 1213 825 1231 :
841 1209 868 1232 et
882 1205 950 1232 sicut
962 1204 987 1231 in

193 1253 305 1286 stipulas
320 1258 366 1282 aut
381 1253 406 1279 in
423 1253 523 1279 fumum
539 1252 606 1286 ignis
622 1252 767 1283 immissus,
783 1251 872 1277 omnia
886 1250 987 1277 daemo-

193 1306 256 1324 nttm
270 1305 349 1332 opera
371 1298 545 1332 consumpsit,
565 1301 643 1332 atque
659 1297 684 1323 in
698 1295 767 1331 quod
782 1295 882 1328 voluit,
899 1295 989 1322 omnia

192 1344 333 1371 convertit.
348 1343 439 1378 Neque
453 1351 518 1371 vero
531 1343 581 1370 hoc
594 1342 680 1370 solum
694 1342 869 1369 admiratione
880 1341 988 1375 dignum

192 1395 244 1422 est,
255 1389 325 1424 quod
336 1394 433 1416 tantatu
445 1389 589 1424 potentiam
601 1388 660 1415 talis
670 1388 783 1415 obtinuit
793 1398 799 1415 :
809 1387 856 1415 sed
864 1388 987 1422 quoniam

191 1436 381 1471 discipulorum
393 1443 499 1470 quoque
514 1435 585 1464 illius
597 1435 700 1470 plurimi
712 1442 850 1470 pauperes,
861 1435 987 1470 imperiti,

192 1490 224 1509 ac
239 1483 318 1510 totius
335 1488 411 1509 erant
431 1482 588 1510 eruditionis
605 1482 741 1515 extranei,
759 1482 784 1509 in
799 1481 868 1510 l'atne
883 1486 910 1509 et
927 1490 989 1518 ege-

191 1533 259 1555 state
273 1528 404 1561 viventes,
423 1528 560 1563 ignobiles,
573 1535 604 1555 ac
616 1528 650 1555 de
663 1528 822 1562 ignobilibus
836 1528 966 1563 procreati
979 1537 987 1556 :

193 1573 263 1607 quod
279 1578 352 1600 certe
367 1574 446 1600 etiam
465 1574 520 1608 ipse
535 1573 698 1608 prmdicavit,
715 1581 764 1601 nec
777 1574 881 1603 erubuit
894 1582 986 1601 eorum

191 1626 403 1646 commemorare
417 1620 586 1654 pauperiem,
603 1621 656 1647 imo
670 1628 703 1647 ne
717 1621 865 1648 neccss:iria
879 1621 986 1655 quidem

191 1672 284 1691 eorum
301 1664 380 1691 victui
397 1666 542 1699 postulare.
558 1665 720 1700 Pro/iriscar,
737 1666 831 1700 inquit,
845 1665 986 1693 Jerusalem

191 1712 334 1739 ministrare
345 1713 438 1738 sanctis
453 1712 542 1748 (Rom.
558 1713 601 1739 15.
623 1712 686 1746 ‘25).
704 1713 737 1740 Et
758 1721 850 1741 rursus
866 1722 871 1739 :
889 1713 987 1741 Secun-

191 1758 252 1785 dum
272 1766 348 1784 unam
363 1757 458 1784 sabbati
474 1759 643 1792 unusquisque
657 1764 765 1785 vestrum
779 1765 902 1792 reponat,
919 1760 986 1794 quod

190 1807 213 1833 ei
226 1808 286 1833 bene
299 1806 430 1840 placuerit,
446 1811 472 1832 ut
484 1814 534 1832 non
548 1815 603 1832 cum
617 1814 714 1837 venero,
730 1812 788 1833 tunc
800 1806 910 1833 collectiv
922 1808 985 1841 ﬁant

192 1853 237 1886 (l.
254 1852 312 1878 (ἔον.
330 1852 372 1878 16.
388 1851 434 1887 ‘2).
457 1852 522 1884 Quia
543 1859 607 1879 vero
630 1852 720 1887 plures
741 1852 930 1887 discipulorum
952 1860 984 1879 ex

192 1899 376 1933 imperitorum
394 1906 505 1925 numero
525 1902 687 1930 antistarent,
704 1898 736 1924 ad
753 1898 902 1925 Corinthios
918 1899 984 1925 scri-

192 1944 273 1975 bens,
294 1945 351 1970 ait:
374 1944 459 1970 Videte
480 1945 634 1970 vocationem
654 1949 778 1978 uestram,
793 1945 911 1978 quoniam
935 1953 985 1971 non

191 1990 265 2016 multi
278 1990 401 2024 sapientes
422 1990 558 2016 secundum
573 1998 683 2021 carnem,
698 1998 747 2016 non
766 1990 839 2016 inulti
862 1995 982 2025 potentes,

191 2044 240 2062 non
254 2035 325 2062 multi
335 2035 446 2070 nobilcs(
459 2036 484 2063 1.
496 2035 552 2062 (lor.
569 2036 592 2062 l.
604 2035 639 2062 26
649 2036 657 2070 )
669 2044 675 2066 ;
688 2036 733 2062 sed
743 2041 769 2062 et
781 2036 856 2063 valde
867 2037 982 2069 obscuri,

191 2083 293 2108 etviles
316 2082 431 2108 luerunt.
458 2080 526 2107 Nam
547 2082 651 2115 inﬁrma
674 2082 777 2114 mundi,
797 2082 898 2116 inquit,
913 2083 986 2118 elegit

193 2128 270 2155 Deus.
284 2133 307 2155 et
321 2135 375 2162 quw
389 2136 438 2154 non
452 2133 519 2160 sunt,
535 2133 563 2154 ut
575 2136 603 2154 ea
613 2136 670 2163 quw
679 2133 735 2154 sunt
749 2129 884 2155 destrueret
896 2130 903 2163 (
917 2129 984 2156 Ibid.

195 2181 219 2199 ν.
234 2173 277 2198 '27.
293 2172 328 2199 ‘28
339 2173 358 2208 ).
376 2173 410 2199 At
425 2173 523 2199 nobilis
533 2194 540 2205 ,
551 2178 578 2199 ct
593 2172 712 2200 eruditus
725 2179 780 2201 erat
796 2174 862 2201 forte
879 2183 986 2208 persua-

192 2226 237 2245 sor
250 2219 279 2244 ‘?
292 2218 345 2245 Nec
361 2218 431 2245 istud
444 2219 551 2254 quidem
565 2228 572 2249 ',
587 2228 647 2246 nam
668 2219 718 2246 hoc
732 2228 837 2255 quoque
852 2221 907 2255 ipse
923 2230 986 2248 con-

192 2266 316 2299 firmavit,
333 2266 425 2293 dicens
440 2275 445 2292 :
464 2266 494 2292 Et
505 2275 551 2301 ego
567 2267 621 2292 veni
637 2267 669 2292 ad
682 2275 724 2293 ros
735 2275 784 2293 non
796 2267 820 2294 in
835 2268 987 2294 sublimitate

191 2311 312 2338 sermonis
323 2333 329 2342 ,
345 2316 388 2338 aut
407 2311 554 2346 sapientiw,
573 2313 725 2339 annuntians
739 2312 806 2339 vobis
820 2314 986 2340 testimonium

193 2357 297 2384 Christi.
316 2356 376 2383 Non
392 2358 457 2384 enim
469 2358 584 2393 judicaui
604 2366 643 2384 me
663 2359 726 2384 scire
742 2359 836 2393 aliquid
852 2359 914 2386 inter
932 2368 985 2392 vos,

193 2404 242 2430 nisi
260 2403 350 2430 Jesum
368 2403 515 2436 Christum,
537 2409 561 2430 et
585 2404 649 2430 tnutc
673 2405 830 2438 cruriﬁxum.
855 2405 887 2431 Et
905 2414 986 2432 sermo

193 2458 274 2481 uirus,
286 2455 308 2476 et
319 2450 465 2485 pra'dicatio
479 2459 543 2483 mea,
556 2459 605 2477 non
614 2451 849 2484 inprrsuasibilibus
858 2453 987 2486 sapientia:

192 2497 272 2525 verbis
298 2493 341 2530 (1.
362 2494 424 2521 Cor.
444 2495 471 2522 2.
503 2497 526 2524 l.
540 2497 567 2523 2.
580 2498 624 2532 Α).
639 2497 690 2524 Sed
706 2505 782 2524 causa
795 2499 918 2525 nimirntn
932 2499 986 2534 ip~a

194 2542 389 2578 przcdiCationis
401 2548 456 2568 erat
469 2542 563 2569 idonea
577 2563 584 2574 ,
601 2551 658 2578 qllJ!
674 2543 705 2569 ad
721 2550 750 2569 se
763 2545 928 2577 pertraheret
940 2551 987 2570 au—

193 2589 306 2617 dientes.
323 2588 420 2622 Accipe
441 2588 502 2622 quid
525 2589 604 2615 etiam
624 2596 706 2622 super
726 2589 774 2615 hac
798 2597 825 2615 re
849 2589 905 2623 ipse
928 2598 987 2624 pro-

194 2634 308 2662 nuntiet.
323 2634 458 2666 Quoniam,
470 2634 565 2669 inquit,
578 2634 664 2661 ,Ιηάωὶ
677 2635 749 2669 signa
761 2640 855 2670 petunt,
869 2641 891 2662 et
905 2635 987 2663 Crttci

193 2682 344 2715 sapientiori:
358 2685 471 2716 quierunt
485 2689 494 2708 :
511 2689 556 2708 nos
570 2686 654 2707 autem
672 2681 840 2715 prtcdicamus
859 2681 986 2709 Christum

193 2729 341 2762 cruciﬁxum
354 2749 360 2759 ,
375 2727 475 2755 luditis
494 2728 593 2763 quidem
614 2727 778 2759 scandalum,
795 2727 890 2754 Cra’cis
904 2734 988 2754 autent

193 2775 324 2803 stultitiam
344 2773 386 2808 (1.
417 2771 480 2801 Cor.
505 2775 586 2802 1.22.
601 2775 659 2808 ‘25).
677 2774 729 2800 Sed
744 2775 897 2806 securitate,
913 2782 943 2800 ac
955 2774 987 2801 li-

226 2832 232 2847 ·
251 2835 335 2859 (τι-κα..
354 2833 381 2855 Αι
392 2830 466 2862 idiota
477 2830 609 2862 quidemet
622 2829 765 2858 uici-aditus,
787 2829 829 2854 scd
844 2829 876 2855 ad
889 2836 988 2861 persua-

193 2862 301 2888 dcndttm
309 2865 379 2892 aptus
389 2861 401 2886 ἶ)

551 139 580 166 S.
600 139 740 167 JO.\NNlS
760 136 1001 166 CHRYSOSTOHI
1021 135 1182 163 ARCIIIEI’.
1202 126 1469 164 CONSTANTINOP.

1789 134 1840 162 49%

1047 191 1158 224 bertate,
1170 192 1267 227 inquis,
1280 192 1375 220 fruitus
1385 197 1435 220 est.
1444 194 1591 220 Atomnino
1602 201 1615 220 a
1628 193 1755 228 periculis
1766 201 1841 220 num-

1045 244 1123 271 quam
1137 238 1286 272 respiravit.
1298 238 1332 265 Et
1345 247 1401 274 ego,
1414 240 1508 274 inquit,
1525 239 1550 266 in
1561 240 1708 272 inﬁrmitate
1719 245 1742 266 et
1753 241 1842 267 timore

1044 287 1068 310 et
1083 288 1190 310 tremore
1209 285 1288 311 multo
1310 285 1348 320 fui
1362 286 1431 320 apud
1453 294 1495 312 vos
1511 286 1551 320 (1.
1566 286 1625 313 Cor.
1641 286 1669 314 Ξ.
1684 286 1741 322 5):
1756 295 1841 321 neque

1044 335 1109 355 vero
1123 329 1180 363 ipse
1194 329 1291 362 solum,
1306 330 1352 357 sed
1367 331 1445 358 etiam
1462 332 1584 367 discipuli
1599 332 1656 367 ejus
1672 333 1842 367 passionibus

1043 375 1217 409 subjaccbant
1237 385 1242 403 :
1260 376 1422 410 Mementote,
1439 378 1523 412 inquit
1535 399 1542 411 ,
1558 379 1654 405 dierum
1671 380 1799 413 priorum,
1816 380 1840 407 in

1043 422 1131 456 quibus
1143 423 1279 450 illuminati
1297 433 1417 459 magnum
1431 429 1555 451 certamen
1569 425 1723 452 sustinuistis
1739 427 1840 461 passio-

1044 477 1114 495 num.
1130 468 1162 495 In
1175 469 1254 496 altero
1267 470 1366 504 quidem
1379 470 1522 505 opprobriis
1535 476 1558 498 ct
1572 471 1777 498 tribulationibus
1786 480 1841 499 soe-

1043 515 1168 541 ctacutum
1183 515 1262 550 facti,
1277 516 1302 542 in
1322 516 1402 542 altero
1416 517 1491 542 etiam
1510 517 1574 543 socii
1593 517 1676 543 taliter
1689 525 1840 544 corruerant:-

1043 559 1105 585 tium
1124 561 1183 594 facti
1196 568 1205 586 :
1220 569 1279 586 nam
1294 565 1317 587 et
1338 561 1426 588 vinctis
1447 562 1573 596 compassi
1593 562 1651 588 estis
1662 583 1669 594 ,
1684 567 1707 588 ct
1723 563 1841 596 rapinam

1045 605 1166 631 bonorum
1180 611 1318 632 vestrorum
1331 614 1389 633 cum
1409 607 1501 642 gaudio
1516 608 1658 642 suscepistis
1673 607 1683 641 (
1696 607 1778 634 Hebr.
1796 607 1839 635 10.

1043 651 1157 688 52-54).
1174 653 1206 680 Et
1220 661 1311 680 rursus
1324 653 1358 680 ad
1373 653 1624 681 Thessalonicenses
1634 655 1766 686 scribens,
1782 655 1820 681 ait
1831 663 1840 681 :

1047 696 1098 724 Vos
1108 698 1174 724 enim
1187 699 1273 724 eadem
1287 699 1354 733 passi
1369 699 1428 726 estis
1440 707 1455 725 a
1470 699 1650 726 contribulibus
1663 701 1761 731 vestris,
1777 701 1840 726 sicut

1044 748 1065 770 et
1076 744 1125 778 ipsi
1135 752 1150 769 a
1160 743 1268 776 Judwis,
1282 745 1325 779 qui
1337 747 1360 771 et
1373 744 1513 772 Dominum
1526 751 1638 772 nostrum
1649 746 1806 775 occiderunt.
1818 750 1840 772 et

1045 789 1180 823 prop/tctus
1191 798 1250 816 suos
1264 790 1406 825 persequuti
1425 796 1484 816 sunt
1498 790 1505 806 ¹
1521 791 1558 824 (1,
1574 790 1664 817 Thess.
1679 791 1706 817 9...
1721 791 1765 817 M.
1782 791 1837 826 15).

1044 835 1146 862 Rursus
1157 835 1189 862 ad
1201 835 1353 863 Corinthios
1364 837 1493 869 scribens,
1506 836 1588 869 Sicut,
1605 837 1699 872 inquit,
1709 837 1840 864 abundant

1043 883 1171 916 passiones
1187 881 1282 910 Citriin
1295 883 1320 909 in
1335 883 1404 910 vobis
1417 905 1424 916 ,
1440 889 1463 910 et
1476 883 1688 918 quemadmodum
1702 883 1766 910 socii
1783 884 1839 911 estis

1043 929 1209 961 passionum,
1224 929 1259 954 ita
1279 929 1347 956 eritis
1369 933 1392 956 et
1413 930 1594 956 consolationis
1610 930 1657 966 (1.
1677 929 1740 958 Cor.
1756 931 1782 957 1.
1797 930 1837 966 5).

1044 972 1076 1000 Et
1090 973 1122 1000 ad
1137 973 1243 1001 Galatas
1258 983 1264 1000 :
1284 974 1365 1000 Tanta
1376 996 1383 1007 ,
1398 975 1502 1010 inquit,
1519 976 1588 1010 passi
1601 976 1660 1002 estis
1673 977 1729 1003 sine
1742 984 1837 1009 causa,

1042 1020 1064 1046 si
1079 1024 1161 1047 tamen
1174 1021 1228 1047 sine
1240 1029 1316 1048 causa
1332 1022 1341 1056 (
1353 1021 1410 1048 Gal.
1429 1022 1454 1048 5.
1467 1022 1483 1048 4

1078 1065 1239 1102 Comparatia
1264 1067 1396 1102 Evangelii
1419 1076 1477 1094 cum
1505 1068 1591 1100 bello;
1615 1070 1762 1096 scductores
1782 1074 1839 1096 ante

1043 1111 1169 1139 Christum
1182 1122 1226 1139 cur
1238 1114 1377 1148 permiserit
1393 1113 1471 1141 Deus.
1487 1129 1523 1134 -——
1537 1114 1603 1142 Cum
1618 1115 1696 1149 igitur
1711 1115 1840 1149 prmdica-

1043 1162 1084 1185 tor
1100 1159 1247 1193 imperitus,
1263 1167 1323 1187 cum
1347 1161 1426 1187 etiam
1453 1169 1553 1196 pauper
1573 1166 1659 1192 esset,
1680 1165 1709 1189 et
1729 1169 1838 1196 prorsus

1043 1205 1175 1240 ignobilis,
1191 1211 1218 1234 et.
1231 1207 1301 1241 quod
1315 1207 1517 1242 prmdicabatur,
1533 1215 1586 1234 nou
1601 1208 1682 1235 modo
1697 1216 1838 1235 commen-

1041 1250 1148 1278 datione
1161 1251 1200 1278 sui
1215 1257 1287 1279 esset
1302 1260 1423 1282 vacuum,
1436 1253 1610 1280 vcrumetiam
1622 1253 1773 1280 oll'ensioue
1783 1253 1838 1288 ple—

1042 1297 1193 1329 nissimum,
1208 1302 1235 1325 et
1248 1298 1383 1325 auditores
1399 1299 1448 1334 ipsi
1465 1299 1567 1334 inopes,
1583 1299 1743 1331 imbecilles,
1759 1305 1839 1334 atque

1041 1343 1151 1371 omnino
1167 1344 1241 1377 nulli,
1255 1349 1283 1371 et
1298 1344 1414 1379 pericula
1428 1349 1482 1371 tam
1495 1345 1599 1377 crebra,
1616 1350 1668 1372 tam
1683 1346 1770 1378 varia,
1786 1353 1837 1372 non

1041 1388 1194 1416 doctoribus
1214 1390 1316 1424 solum,
1332 1391 1377 1418 sed
1393 1391 1473 1418 etiam
1497 1391 1634 1425 discipulis
1654 1392 1836 1423 imminerent.

1041 1440 1067 1462 et
1082 1436 1224 1464 crucifixus
1239 1442 1319 1469 esset,
1332 1437 1377 1472 qui
1393 1437 1566 1465 annuntiatnr
1577 1438 1731 1466 adorandus
1744 1448 1751 1467 :
1763 1439 1837 1474 quid-

1041 1489 1101 1508 nam
1117 1481 1182 1508 illud
1204 1487 1254 1515 est,
1272 1483 1341 1517 quod
1365 1483 1443 1518 hujus
1465 1485 1619 1518 prtcdicatio
1635 1486 1752 1520 potuerit
1767 1486 1836 1513 obti-

1041 1528 1124 1554 nere?
1147 1527 1240 1555 Nonne
1260 1528 1423 1556 lueidissime
1436 1529 1519 1558 claret
1533 1530 1620 1558 divina
1636 1530 1689 1559 hoc
1703 1537 1730 1558 et
1746 1532 1838 1559 inclia—

1040 1573 1086 1600 bili
1111 1573 1224 1608 quadam
1249 1574 1345 1601 virtute
1369 1574 1538 1609 perfectum?
1560 1576 1636 1610 Quod
1660 1582 1736 1605 certe
1758 1578 1835 1605 etiam

1040 1619 1208 1646 inimicorum
1223 1621 1425 1654 comparatione
1440 1625 1526 1655 potest
1539 1622 1641 1657 liquido
1655 1623 1831 1657 comprobari.

1038 1664 1104 1693 Cum
1127 1665 1198 1693 enim
1211 1666 1310 1693 videris
1323 1668 1455 1694 contraria
1471 1667 1565 1695 ltorum
1582 1669 1707 1696 universa
1722 1677 1836 1697 concur—

1039 1719 1099 1738 rere
1115 1711 1140 1738 in
1157 1719 1237 1738 unum
1252 1721 1258 1739 :
1276 1712 1300 1739 id
1314 1717 1364 1744 est,
1380 1718 1407 1740 et
1420 1721 1495 1748 opes,
1511 1719 1538 1741 et
1553 1714 1733 1747 nobilitatem,
1749 1721 1776 1743 et
1789 1724 1835 1750 pa-

1039 1757 1096 1784 trize
1109 1757 1305 1790 claritudinem,
1317 1763 1344 1785 ct
1354 1759 1477 1786 oratoria:
1491 1760 1555 1786 artis
1570 1768 1706 1795 pompam,
1722 1767 1751 1789 et
1763 1764 1833 1796 pacis

1038 1803 1221 1836 securitatem,
1234 1808 1261 1831 et
1276 1804 1416 1839 plurimam
1433 1805 1459 1832 in
1475 1806 1529 1840 ipsa
1545 1807 1737 1841 superstitione
1749 1809 1836 1835 cultu-

1039 1857 1105 1881 ram,
1116 1849 1242 1877 continuo
1254 1854 1341 1877 tamen
1355 1859 1455 1878 morem
1471 1851 1638 1886 profanitatis
1651 1854 1812 1880 exstinctum
1825 1863 1831 1886 ;

1039 1895 1088 1922 hos
1104 1904 1167 1923 vero
1182 1896 1226 1931 qui
1244 1901 1306 1924 sunt
1325 1905 1358 1924 ex
1376 1897 1487 1924 adversa
1512 1903 1586 1932 parte
1608 1906 1739 1933 superare
1756 1908 1836 1934 :qua:

1039 1943 1132 1970 horum
1146 1951 1224 1970 causa
1236 1943 1281 1976 sit,
1293 1944 1433 1978 responde.
1448 1944 1512 1972 Tale
1525 1949 1566 1972 cst
1578 1945 1660 1977 enim,
1673 1950 1702 1972 ut
1714 1953 1776 1972 cum
1790 1954 1833 1973 rex

1038 1989 1170 2024 quispiam
1187 1990 1331 2017 instructus
1345 1991 1438 2023 armis,
1453 1990 1534 2018 fretus
1548 1992 1668 2018 exercitu
1682 2012 1688 2023 ,
1705 1993 1831 2026 potentis-

1037 2035 1120 2062 situas
1131 2035 1156 2062 in
1171 2035 1241 2062 bello
1255 2036 1326 2062 acies
1340 2036 1474 2063 instruens
1491 2038 1580 2063 hostes
1598 2044 1727 2070 superare
1739 2037 1834 2071 nequi-

1039 2081 1116 2114 verit,
1133 2081 1220 2108 nudus
1232 2081 1338 2116 aliquis,
1348 2086 1374 2108 et
1389 2089 1496 2116 pauper,
1510 2086 1537 2109 et
1547 2083 1631 2115 solus,
1643 2090 1676 2110 ne
1692 2083 1765 2110 brevi
1776 2083 1835 2118 qui-

1038 2126 1098 2154 dem
1112 2127 1202 2161 jaculo
1217 2131 1344 2160 armatus,
1357 2132 1401 2154 aut
1411 2128 1524 2162 simplici
1539 2128 1634 2155 saltem
1648 2133 1724 2156 Veste
1737 2134 1832 2163 tectusl

1038 2178 1173 2200 certamen
1186 2174 1266 2206 ineat,
1279 2181 1363 2208 eaque
1376 2179 1484 2208 peragat
1494 2182 1554 2209 qua:
1568 2175 1611 2202 alii
1625 2183 1675 2202 nec
1687 2183 1748 2202 cttm
1764 2176 1836 2204 mille

1038 2220 1145 2255 quidem
1159 2220 1351 2247 munitionibus
1363 2226 1467 2255 patrare
1479 2225 1632 2255 potuerunt.
1646 2221 1704 2248 Noli
1719 2223 1800 2257 igitur
1810 2223 1835 2251 in

1040 2275 1119 2301 prava
1143 2274 1300 2301 permanere
1326 2269 1467 2300 sententia,
1492 2267 1539 2294 scd
1562 2267 1687 2294 virtutem
1707 2276 1835 2296 venerare

1038 2313 1168 2340 crucifixi.
1185 2313 1277 2348 Neque
1290 2314 1360 2340 enim
1375 2314 1397 2340 si
1412 2322 1500 2349 regem
1516 2314 1631 2349 aliquem
1644 2315 1736 2342 videas
1750 2316 1836 2343 civita-

1039 2363 1079 2385 tes
1101 2359 1152 2386 sibi
1174 2359 1295 2386 cxcclsas
1318 2365 1466 2393 parantem,
1490 2360 1717 2395 circumagentem
1739 2360 1833 2394 fossas,

1040 2405 1123 2432 muris
1145 2405 1281 2432 machinas
1308 2406 1511 2438 admoventem,
1536 2396 1705 2435 innumeram
1731 2416 1835 2443 quoque

1041 2451 1182 2478 habentem
1197 2451 1310 2478 militum
1325 2452 1532 2482 multitudinem.
1547 2462 1621 2480 arma
1636 2454 1775 2488 fulgentia,
1791 2462 1836 2488 pe-

1039 2497 1131 2524 cunias
1141 2497 1266 2528 infinitas,
1279 2506 1411 2532 unamque
1424 2497 1539 2525 hostium
1551 2499 1685 2526 civitatem
1697 2499 1837 2527 destrUere

1040 2550 1092 2569 non
1109 2542 1242 2569 valentem
1257 2551 1263 2573 ;
1285 2543 1395 2569 alterum
1410 2551 1474 2570 vero
1494 2544 1566 2570 nudo
1579 2552 1694 2579 corpore
1706 2545 1836 2572 dimican-

1041 2593 1106 2621 tem,
1120 2588 1235 2623 solisqne
1250 2589 1372 2616 manibtts
1387 2593 1516 2622 utentem,
1528 2597 1581 2616 non
1595 2598 1686 2623 unam,
1702 2595 1750 2617 aut
1762 2590 1835 2624 duas,

1040 2639 1086 2661 aut
1100 2642 1207 2670 paucas,
1225 2635 1271 2662 sed
1285 2643 1396 2671 prorsus
1409 2636 1563 2663 innumeras
1579 2641 1689 2672 totoque
1704 2637 1771 2664 orbe
1785 2636 1835 2663 dit-

1041 2681 1113 2708 lusas
1135 2681 1215 2708 urbes
1237 2687 1437 2716 percurrentem
1457 2682 1592 2714 celeriter,
1614 2687 1781 2717 cunctasque
1794 2689 1829 2708 ca-

1041 2727 1167 2760 pientem,
1185 2726 1308 2753 humana:
1331 2726 1381 2754 hoc
1403 2727 1477 2754 dicas
1502 2735 1564 2754 esse
1581 2727 1697 2754 virtutis.
1720 2727 1763 2755 Sic
1777 2735 1836 2762 ergo

1042 2773 1134 2807 procul
1150 2772 1230 2799 dubio
1244 2773 1270 2799 in
1288 2773 1410 2808 praesenti
1426 2780 1506 2800 causa
1521 2773 1691 2800 sentiendum
1705 2778 1756 2800 est.
1772 2773 1832 2800 Pro-

1077 2829 1083 2844 ¹
1102 2829 1227 2862 (ξι-,311ᾱίῐῖ
1246 2832 1269 2862 et
1287 2835 1329 2853 nos
1349 2828 1502 2862 expulerunt,
1522 2833 1544 2855 et
1559 2834 1616 2855 λι)εο
1634 2836 1681 2855 non
1694 2829 1794 2861 placent.
1811 2834 1833 2854 rt

1045 2860 1152 2885 omnibus
1163 2859 1296 2886 hominibus
1309 2860 1425 2886 contrarii
1432 2864 1499 2897 sunt.
