1976 3130
105 159 149 188 593
493 159 537 186 DE
557 158 728 187 LAUDIBUS
748 159 777 186 S.
798 157 900 186 PAULI
921 156 1097 185 A’POSTOL‘L
1118 156 1232 186 llOMfL.
1254 158 1298 187 ιν.

106 222 182 253 pterea
193 216 261 244 enim
272 215 402 243 concessit
416 215 486 243 Deus
501 220 527 242 ct
542 216 659 243 latrones
669 223 729 243 cum
741 215 877 243 Salvatore

105 262 217 297 cmciﬁgi,
233 267 259 289 ct
272 267 334 289 ante
348 261 493 289 Salvatoris
506 262 649 289 adventum
661 262 816 289 seductores
829 261 879 289 ali-

105 316 162 344 quos
172 315 307 342 apparere,
318 312 347 334 ut
358 308 437 335 etiam
448 315 479 335 ex
490 308 688 342 comparatione
700 315 788 334 rerum
800 306 878 333 nimis

104 354 275 389 insipientibus
301 353 482 381 ostenderetur
514 354 671 381 excellentia
696 353 814 380 veritatis
831 357 880 379 :et

103 401 224 428 discerent
237 399 298 433 quia
311 398 355 426 hic
371 406 424 426 non
439 406 506 426 unus
526 406 557 425 ex
580 399 651 433 illis,
670 399 716 426 sed
732 399 831 434 grande
845 399 879 426 sit

104 447 163 474 inter
174 449 222 471 tam
233 443 361 479 dispares,
370 444 553 479 inﬁnitumque
562 444 715 472 discrimen.
727 444 796 471 Nihil
808 445 879 472 enim

104 490 188 519 Christi
200 490 310 525 gloriam
324 490 410 525 potuit
423 490 586 522 inumbrare,
604 491 647 518 vel
661 490 815 518 eorumdem
833 495 881 526 op-

103 537 236 574 portunitas
250 540 399 572 temporum
410 558 418 570 ,
435 538 477 565 vel
489 538 642 565 communio
654 538 807 572 passionum
823 546 830 564 :
847 545 880 565 ne

103 587 153 620 quis
164 584 230 612 enim
245 588 362 619 putaret,
376 584 437 618 quia
449 584 585 612 daemones
598 592 704 611 crucem
718 589 808 612 etnon
822 592 882 611 cru-

103 630 164 659 ciﬁxi
179 634 303 665 paverent
315 630 449 663 virtutem,
469 630 600 658 obstruxit
612 638 658 657 ora
674 631 722 658 ista
738 631 881 658 dicentium

103 683 145 711 par
156 675 294 703 latronum.
308 675 384 709 Quod
399 675 420 702 si
434 680 583 710 temporum
594 676 777 710 opportunitas
786 680 881 703 cuncta

103 721 188 749 fecisse
207 720 319 754 dicatur,
343 721 378 748 ad
397 721 580 756 repellendum
605 719 730 748 Theudas
752 726 780 748 et
801 721 881 749 Judas

103 769 267 804 proferentur,
283 767 329 802 qui
341 775 400 794 cum
411 768 511 795 eisdem
524 767 589 799 fere,
601 767 696 802 quibus
712 768 791 795 etiam
805 765 883 794 Chri-

103 818 151 840 stus
163 813 322 847 temporibus
333 813 505 846 exstitissent,
518 817 545 840 et
554 813 692 840 veritatem
704 820 751 847 per
760 812 882 848 quaedam

103 859 172 886 etiam
192 859 264 894 signa
284 858 440 892 impugnare
462 862 617 892 tentassent,
631 863 740 893 repente
753 858 882 886 destructi

103 908 165 932 sunt.
185 904 257 937 Quod
278 904 351 931 enim
362 904 417 938 jam
431 909 492 931 ante
506 904 661 936 memoravi,
677 904 736 931 ideo
749 903 881 931 interdum

105 950 159 977 falsa
173 950 228 977 fieri
242 950 312 977 Deus
328 950 402 985 signa
419 950 568 983 concessit,
583 954 612 977 ut
630 949 807 977 abundantius
820 957 883 977 vera

105 998 258 1022 monstraret.
282 995 426 1030 Propterea
449 1000 477 1022 et
495 995 741 1030 pseudoprophetas
762 999 883 1030 tempore

105 1042 290 1076 prophetarum,
303 1046 330 1068 et
343 1040 580 1075 pseudoapostolos
592 1049 652 1068 cum
664 1041 790 1075 apostolis
800 1048 883 1076 appa-

105 1095 154 1114 rere
167 1087 291 1121 permisit,
302 1091 330 1114 ut
343 1087 459 1115 disceres
468 1087 526 1121 quia
536 1086 705 1121 splendentes
717 1087 774 1121 ejus
787 1087 883 1122 ubique

107 1133 206 1159 virtutes
228 1139 396 1167 nequaquam
415 1132 559 1159 obscurare
579 1136 669 1167 posset
690 1132 834 1159 similitudo
857 1136 884 1160 et

106 1178 185 1204 umbra
195 1177 314 1212 quzedam
328 1178 464 1204 virtutum.
848 1182 851 1184 '

135 1222 226 1250 Paulus
240 1223 331 1251 Romae
343 1228 457 1250 vexatur.
469 1239 503 1243 —
516 1224 572 1258 Age
588 1223 643 1259 jam
657 1232 689 1251 ex
706 1224 765 1251 aliis
778 1231 883 1259 quoque

105 1269 260 1296 documentis
274 1269 418 1304 probemus
438 1277 497 1297 esse
516 1269 584 1296 hanc
606 1269 750 1305 potentiam
764 1270 884 1304 singula-

105 1323 154 1342 rem
164 1319 191 1343 et
204 1315 366 1350 praecipuam
379 1318 457 1350 atque
470 1315 628 1342 mirabilem.
643 1315 800 1342 Docebimus
813 1315 883 1342 enim

106 1361 191 1388 Christi
208 1361 321 1396 gloriam
335 1361 389 1396 ipsa
402 1362 486 1396 magis
499 1361 667 1388 inimicorum
687 1361 885 1396 impugnatione

106 1407 220 1434 crevisse.
233 1406 301 1434 Cum
313 1407 383 1434 enim
397 1407 466 1434 hunc
481 1407 566 1442 ipsum
581 1407 686 1434 beatum
701 1407 809 1435 Paulum
829 1407 885 1434 Ro-

106 1460 149 1479 mae
155 1452 256 1488 quidam
263 1456 497 1487 persequerentur,
509 1452 651 1487 aliquando
663 1452 713 1480 hoc
722 1453 806 1488 ipsum
820 1452 886 1488 dog~

106 1505 144 1525 ma
163 1498 305 1533 inquietius
330 1498 519 1534 praedicabant.
541 1497 683 1533 Cupientes
709 1498 782 1526 enim
801 1498 886 1526 Nero-

106 1551 159 1570 nem
170 1545 379 1579 impugnatorem
390 1544 463 1572 Pauli
472 1545 558 1571 aerius
569 1545 595 1571 in
606 1544 663 1579 ejus
672 1545 762 1572 odium
772 1552 888 1573 commo-

105 1597 175 1622 vere,
190 1590 254 1617 mira
268 1590 383 1625 quadam
404 1593 462 1617 arte
482 1590 596 1617 laedendi
610 1594 785 1626 susceperunt
798 1595 825 1618 et
836 1590 886 1626 ipsi

106 1636 254 1670 evangelica:
277 1636 474 1671 praedicationis
488 1635 615 1669 ofﬁcium,
631 1641 660 1663 ut
680 1636 765 1671 magis
787 1637 888 1664 scilicet

107 1681 161 1708 ﬁdei
174 1689 297 1709 sermone
312 1681 440 1715 fervente,
454 1686 481 1709 et
495 1681 684 1716 discipulorum
692 1687 829 1710 crescente
838 1690 888 1709 nu-

107 1735 183 1761 mero,
198 1727 225 1754 in
238 1728 399 1755 immensum
413 1729 561 1763 ignesceret
572 1727 645 1755 furor
659 1729 774 1764 tyranni,
789 1733 816 1756 et
832 1728 888 1756 fera

107 1771 198 1806 majora
212 1772 299 1799 adhuc
318 1773 454 1807 colligeret
472 1772 638 1800 incrementa
655 1773 776 1801 feritatis.
790 1773 824 1800 Et
838 1774 888 1800 hoc

106 1817 157 1851 ipse
174 1817 207 1844 ad
228 1817 415 1853 Philippenses
428 1818 525 1846 Paulus
539 1819 673 1852 scribens,
687 1819 725 1846 ait
740 1827 746 1846 :
763 1819 834 1846 Scire
846 1828 888 1846 vos

106 1866 190 1893 autem,
207 1863 309 1897 inquit,
326 1862 382 1889 volo
393 1884 401 1896 ,
417 1865 520 1899 fratres,
533 1864 600 1898 quod
612 1872 669 1898 qute
682 1865 748 1891 circa
761 1873 800 1891 me
811 1870 869 1891 sunt
879 1884 886 1898 ,

107 1908 179 1943 magis
195 1915 316 1936 uenerunt
332 1910 366 1936 ad
380 1911 519 1945 profectum
532 1909 675 1945 Evangelii,
689 1910 725 1936 ita
739 1915 767 1937 ut
781 1910 864 1945 plures
877 1918 890 1937 e

107 1955 218 1988 fratribus
226 1955 380 1989 conﬁdentes
390 1955 495 1981 vinculis
505 1956 577 1987 meis,
587 1955 757 1982 abundantius
769 1954 890 1981 auderent

105 1999 154 2026 sine
167 2001 253 2027 timore
262 2001 365 2027 verbum
377 2000 425 2027 Dei
439 2001 518 2036 loqui.
530 2000 641 2033 Quidam
651 2001 750 2035 quidem
761 2000 836 2027 etiam
846 2008 891 2035 per

105 2047 217 2072 invidiam
234 2051 257 2074 et
276 2048 469 2080 contentionem,
484 2048 587 2082 quidam
599 2048 672 2074 etiam
686 2055 730 2082 per
742 2047 833 2074 bonam
845 2055 890 2074 ro-

106 2091 219 2119 ltmtatem
238 2092 367 2119 Christum
388 2093 525 2127 pradicant
540 2093 660 2127 :quidam
679 2098 761 2119 autent
780 2100 811 2119 ea:
829 2100 891 2119 con-

106 2138 207 2165 tentione
220 2137 350 2165 Christum
362 2138 513 2165 annuntiant
534 2147 585 2166 non
603 2139 707 2170 sincere,
722 2139 891 2166 existimantes

107 2191 242 2218 pressurum
257 2184 381 2211 suscitare
392 2185 497 2211 vinculis
507 2185 567 2212 meis
578 2193 587 2211 :
596 2185 700 2219 quidam
712 2190 796 2211 autem
805 2192 836 2211 ea:
850 2192 892 2211 ca-

105 2229 181 2261 ritate,
191 2230 307 2264 scientes,
318 2231 384 2264 quod
393 2231 419 2256 in
428 2230 571 2265 defensione
580 2230 711 2265 Evangelii
721 2230 816 2264 positus
824 2238 889 2257 sum.

107 2273 170 2308 Quid
178 2276 243 2301 enim
249 2275 262 2302 .’
272 2276 296 2302 si
304 2276 370 2302 amni
377 2276 462 2307 modo,
471 2276 522 2302 sive
530 2284 573 2310 per
579 2276 743 2308 occasionem,
751 2276 802 2302 sive
807 2284 851 2310 per
857 2284 892 2302 ue-

111 2321 206 2348 ritatem
221 2321 336 2350 Christus
348 2323 510 2349 annuntietur
525 2322 653 2357 (Philipp.
667 2323 692 2349 1.
703 2322 806 2357 12-18).
823 2321 893 2349 Vidi-

106 2366 136 2393 sti
144 2372 225 2401 certe,
232 2367 456 2402 quemadmodum
465 2367 515 2395 etsi
526 2375 559 2395 ex
567 2368 736 2395 contentione
742 2367 821 2402 aliqui
830 2375 893 2402 pra:-

106 2412 227 2447 dicarent,
244 2419 335 2441 tamen
348 2413 428 2441 etiam
443 2421 490 2449 per
502 2414 623 2441 inimicos
638 2414 734 2441 veritas
746 2413 882 2440 obtinebat

137 2459 274 2488 Christiani
284 2461 412 2487 calumnia
421 2461 536 2496 appetiti.
549 2475 585 2480 —
599 2460 683 2495 Supra
691 2467 754 2487 vero
763 2459 830 2486 hanc
844 2460 893 2486 ini-

107 2505 230 2534 micorum
245 2506 415 2534 calliditatcm
437 2506 488 2533 alia
508 2513 612 2541 quoque
633 2513 665 2533 ex
683 2505 795 2533 adverso
812 2506 892 2532 multa

107 2552 253 2580 veniebant.
266 2553 333 2580 Nam
348 2558 375 2580 et
389 2553 505 2588 antiquae
520 2553 592 2588 leges
603 2560 657 2580 non
672 2552 752 2580 modo
767 2560 818 2579 non
833 2552 892 2586 opi-

107 2597 265 2631 tnlabantur,
277 2606 371 2626 verum
387 2598 467 2626 etiam
488 2598 697 2626 adversabantur
718 2607 725 2624 :
749 2603 894 2632 contraque

108 2643 221 2671 veritatis
234 2648 338 2679 partem
352 2651 405 2671 non
418 2644 504 2671 solum
520 2643 618 2671 malitia
633 2643 830 2678 obloquentium
844 2643 893 2669 ini-

108 2688 244 2724 micorum,
259 2691 433 2717 verumetiam
453 2689 599 2725 ignorantia
614 2688 757 2716 dimicabat
773 2696 779 2714 :
795 2687 894 2723 Regem

108 2737 185 2771 enim,
200 2737 333 2773 inquiunt,
347 2738 446 2765 habent
456 2737 601 2765 Christum.
612 2736 669 2764 Non
680 2736 751 2763 enim
766 2740 895 2763 noverant

108 2783 164 2817 eius
175 2784 282 2812 caeleste
306 2791 429 2819 regnum.
451 2783 570 2811 terribile
588 2782 658 2810 istud
681 2787 709 2809 et
727 2782 826 2816 absque
840 2782 895 2808 ullo

111 2831 219 2858 termino
228 2831 376 2866 gloriosum
390 2840 397 2858 :
414 2831 461 2858 sed
473 2831 549 2866 quasi
564 2829 729 2865 tyrannidem
745 2830 809 2864 ipsis
827 2830 894 2856 infe-

111 2877 222 2906 rentibus
235 2886 282 2914 per
295 2878 455 2906 calumniam
474 2877 664 2912 repugnabant,
679 2876 741 2904 etin
752 2882 894 2903 commune

1672 160 1723 188 19³1

933 222 1037 248 omnes,
1050 219 1076 242 ct
1089 214 1239 249 specialiter
1252 215 1378 242 adversus
1391 221 1437 243 eos
1452 215 1548 251 singuli
1563 216 1724 244 dimicando.

934 259 961 287 In
972 261 1106 293 communi
1119 260 1236 295 quidem,
1256 260 1331 295 quasi
1353 265 1445 287 contra
1465 268 1522 295 eos,
1544 263 1588 297 qui
1613 261 1725 297 publica:

933 305 1081 340 disciplina:
1107 310 1134 332 et
1156 305 1244 340 legum
1267 305 1335 333 scita
1360 305 1528 333 destruerent
1552 307 1726 342 :specialitcr

933 357 1006 382 vero,
1021 351 1096 385 quasi
1115 351 1279 386 singulorum
1299 350 1392 378 domos
1407 351 1580 380 divisionibus
1592 353 1725 380 divertiis-

933 404 984 431 que
1006 396 1192 423 dissolverent.
1219 395 1286 423 Nam
1307 400 1335 423 et
1362 396 1446 423 tilium
1471 400 1533 424 tunc
1557 398 1726 433 irupugnabat

933 446 1019 477 pater,
1033 447 1059 469 et
1073 442 1142 469 ﬁlius
1155 448 1257 477 patrem
1269 442 1392 475 negabat,
1406 447 1433 468 et
1445 444 1568 470 maritum
1579 451 1646 471 uxor
1657 445 1723 471 ode—

934 492 985 521 rat,
1001 493 1028 515 et
1043 496 1152 515 uxorem
1174 489 1303 520 maritus;
1318 488 1378 515 tiliae
1391 495 1497 523 quoque
1513 496 1574 516 cum
1597 489 1726 516 matribus

934 534 1116 567 dissidebant;
1145 535 1251 569 cognati
1275 540 1420 569 cognatos,
1440 535 1518 562 amici
1540 536 1727 570 oppugnabant

933 581 1053 607 amicos:
1069 585 1179 615 eratque
1197 586 1245 615 per
1258 580 1376 607 omnium
1394 580 1489 608 domos
1503 581 1604 607 varium
1620 581 1687 608 istud
1699 585 1726 608 et

935 626 1097 653 multiforme
1113 626 1223 660 bellum,
1237 626 1400 661 propinquos
1418 633 1557 660 separaris,
1571 626 1727 662 dispergens

935 673 1046 706 curiam,
1070 673 1169 707 judicia
1185 673 1346 700 conturbans
1364 681 1370 699 :
1387 680 1447 700 cum
1460 673 1554 707 otique
1568 680 1657 700 mores
1677 681 1722 709 ναι

936 718 979 745 trii
994 718 1171 751 solverentur,
1194 717 1325 745 festivitas
1344 722 1371 745 et
1385 718 1489 745 cultura
1503 718 1652 745 dalmonum
1667 718 1721 752 pel-

935 765 1045 796 leretur,
1061 773 1120 799 qua:
1131 765 1231 799 antiqui
1246 764 1432 800 legumlatores
1440 765 1483 792 vel
1497 765 1522 791 in
1535 764 1628 800 primis
1638 767 1727 792 custo-

934 810 1032 838 dienda
1045 809 1236 842 decreverant;
1251 818 1311 837 eum
1333 810 1374 837 his
1396 810 1521 837 omnibus
1539 811 1620 837 etiam
1635 814 1725 846 tyran-

935 855 1004 883 nidis
1016 855 1116 883 odiosa:
1132 856 1250 890 suspicio
1270 855 1387 890 undique
1411 855 1525 883 iaciebat
1547 863 1594 883 eos
1608 856 1726 890 explodi.

935 901 1026 936 Neque
1040 908 1104 928 vero
1116 901 1206 928 dicere
1221 901 1351 936 quispiam
1367 905 1475 936 potesta
1488 900 1616 928 Gentibus
1627 907 1726 936 quanta

935 947 1134 980 inferebantur,
1157 955 1173 974 a
1201 951 1275 982 parte
1297 954 1361 974 vero
1383 946 1535 974 Iudaeorum
1558 947 1676 974 omnium
1701 947 1727 976 in

939 992 1028 1027 quiete
1039 997 1125 1026 erant,
1134 999 1197 1019 cum
1211 996 1283 1019 certe
1299 991 1428 1019 islietiam
1441 992 1537 1019 saivius
1549 992 1728 1026 imminerent,

936 1045 1050 1073 cumque
1063 1042 1090 1065 et
1105 1038 1155 1072 ipsi
1176 1038 1200 1065 ei
1216 1037 1423 1065 destructionem
1444 1037 1509 1072 legis
1530 1037 1727 1072 impingerent:

937 1081 998 1109 Non
1010 1083 1076 1109 enim
1090 1087 1179 1116 cessat,
1196 1082 1327 1117 inquiunt,
1344 1082 1446 1117 loquens
1458 1086 1545 1109 contra
1559 1082 1638 1118 legem
1649 1087 1673 1109 et
1687 1082 1727 1109 io-

936 1136 994 1155 cum
1008 1133 1122 1155 aanctum
1135 1128 1202 1164 (Act.
1219 1128 1245 1155 6.
1269 1127 1326 1164 15).
1350 1127 1539 1155 Verumtamen
1553 1129 1670 1164 undique
1684 1129 1726 1156 in‘

935 1174 1015 1201 vidite
1042 1174 1102 1209 igne
1121 1181 1269 1206 succenso,
1291 1181 1305 1200 a
1329 1173 1471 1206 domibus,
1498 1174 1532 1201 ab
1549 1174 1674 1208 urbibus,
1694 1174 1729 1201 ab

936 1219 1017 1254 agris,
1033 1226 1048 1246 a
1061 1218 1213 1252 solitudine,
1227 1226 1241 1245 a
1251 1223 1333 1250 terra,
1352 1225 1367 1245 a
1382 1218 1459 1251 mari,
1472 1226 1488 1245 a
1499 1218 1641 1251 Gentibus,
1654 1226 1669 1246 a
1681 1218 1728 1246 Ju-

937 1266 1012 1298 dtcis,
1026 1273 1041 1292 a
1057 1265 1231 1301 principibus,
1248 1273 1262 1292 a
1276 1265 1399 1300 plebibus
1410 1265 1432 1297 ί,
1445 1272 1460 1292 a
1474 1265 1592 1299 regibus,
1606 1273 1620 1291 a
1634 1272 1727 1301 regum

937 1312 1066 1340 ministris
1080 1320 1087 1338 :
1103 1319 1163 1339 cum
1178 1319 1272 1339 omnes
1284 1311 1317 1338 ad
1332 1310 1518 1338 crudelitatem
1533 1318 1562 1338 se
1576 1315 1667 1338 mutuo
1681 1318 1727 1338 co-

937 1358 1117 1390 hortarentur,
1131 1362 1159 1385 et
1170 1365 1263 1385 omnes
1274 1357 1437 1385 ferocissime
1451 1357 1598 1391 steviusque
1612 1363 1726 1384 consur-

937 1407 1030 1439 gerent
1050 1411 1057 1431 :
1072 1403 1164 1430 beatus
1173 1407 1260 1430 tamen
1272 1403 1368 1430 Paulus
1379 1403 1406 1430 in
1417 1406 1503 1428 tantos
1513 1401 1589 1437 ignes
1598 1401 1729 1435 insiliens,

938 1455 1017 1486 atque
1042 1450 1068 1477 in
1091 1450 1179 1477 medio
1201 1449 1291 1476 talium
1313 1449 1435 1483 luporum
1459 1448 1620 1480 consistens,
1634 1454 1729 1482 quam-

938 1505 1018 1533 quam
1030 1497 1098 1524 ictus
1113 1496 1230 1523 omnium
1245 1495 1388 1532 exciperet,
1400 1504 1453 1523 non
1466 1493 1546 1521 modo
1557 1498 1643 1520 tamen
1653 1492 1729 1520 obru-

939 1548 982 1570 tus
995 1543 1053 1577 ipse
1067 1549 1120 1569 non
1135 1545 1186 1575 est,
1210 1541 1256 1570 sed
1278 1543 1358 1570 etiam
1381 1549 1475 1569 omnes
1501 1538 1563 1566 illos
1579 1538 1607 1565 in
1627 1542 1728 1574 partem

940 1587 1074 1616 transtuiit
1088 1588 1217 1617 veritatis.
1231 1588 1264 1615 Et
1278 1588 1335 1615 haec
1347 1592 1373 1615 et
1386 1588 1436 1614 alia
1450 1591 1557 1622 quoque
1571 1583 1658 1618 praelia
1675 1591 1727 1610 non

941 1634 1031 1661 minus
1042 1642 1112 1661 saeva
1126 1633 1280 1661 memorabo
1294 1642 1300 1659 :
1317 1637 1346 1660 ut
1368 1632 1432 1660 illud
1443 1631 1514 1667 quod
1534 1639 1549 1658 a
1561 1627 1729 1666 pseudoapo-

941 1681 1017 1709 stolis
1039 1679 1211 1712 inferebatur,
1237 1678 1360 1714 quodque
1383 1686 1445 1706 eum
1469 1684 1550 1712 super
1570 1677 1659 1704 omnia
1678 1675 1729 1703 alia

941 1727 1101 1762 torquebat,
1123 1726 1328 1754 domesticorum
1351 1724 1439 1758 dolus,
1460 1724 1536 1751 ruina
1555 1723 1704 1750 nutantium
1722 1731 1730 1750 :

941 1773 1016 1800 mulli
1027 1774 1097 1800 enim
1112 1780 1145 1799 ex
1158 1771 1275 1798 fidelium
1287 1777 1398 1797 numero
1411 1770 1577 1800 labebantur,
1589 1768 1636 1796 sed
1645 1769 1728 1796 etiam

941 1823 1032 1846 contra
1042 1819 1091 1844 ista
1101 1817 1250 1852 praevaluit.
1266 1815 1349 1848 Unde,
1360 1822 1462 1850 quaeso,
1472 1823 1504 1842 ex
1518 1822 1603 1850 quave
1613 1813 1731 1842 virtute?

943 1865 1019 1898 Quia,
1041 1863 1142 1898 inquit,
1157 1870 1228 1890 arma
1247 1867 1332 1890 nostra
1355 1870 1406 1889 non
1419 1861 1543 1894 carnalia,
1558 1860 1602 1888 sed
1621 1860 1733 1895 potentia

941 1916 1000 1938 sunt
1009 1911 1043 1937 ad
1055 1910 1246 1937 destructionem
1269 1909 1447 1942 munitionum,
1460 1907 1567 1935 consilia
1580 1907 1733 1934 destruente!

942 1963 965 1984 et
985 1965 1083 1984 onmem
1103 1955 1262 1983 altitudinem
1283 1954 1442 1982 extollentem
1467 1963 1493 1981 se
1507 1953 1628 1980 adversus
1650 1952 1733 1979 scien-

944 2003 1006 2029 tiam
1022 2001 1068 2028 I)ei
1082 2001 1119 2037 (9..
1135 1999 1195 2028 Cor.
1210 1999 1254 2027 10.
1269 2000 1295 2027 4.
1318 1999 1357 2034 5).
1380 1999 1524 2034 Propterea
1544 1997 1625 2033 igitur
1643 1997 1670 2024 in
1689 1996 1732 2024 di-

943 2056 1048 2075 versum
1062 2047 1150 2074 omnia
1169 2046 1341 2073 vertebantur
1361 2053 1393 2072 ac
1411 2044 1580 2072 mutabantur
1595 2046 1706 2078 repente
1722 2050 1731 2068 :

943 2102 975 2121 ac
989 2094 1057 2121 sicut
1071 2093 1130 2127 igne
1145 2099 1274 2119 succenso
1294 2090 1417 2125 paulatim
1440 2089 1523 2124 spinae
1541 2091 1734 2115 consumuntur

944 2145 970 2167 et
984 2140 1092 2171 cedunt,
1107 2137 1273 2172 flammisque
1287 2141 1454 2172 superantur,
1468 2143 1500 2163 ac
1513 2134 1604 2161 mundi
1618 2133 1735 2162 reddun-

945 2191 989 2213 tur
1013 2186 1122 2212 novales
1144 2193 1152 2212 :
1177 2185 1215 2211 sic
1232 2184 1311 2210 etiam
1333 2183 1406 2210 Pauli
1433 2183 1572 2209 insonante
1595 2181 1694 2216 lingua,
1707 2185 1735 2208 et

944 2232 1017 2259 omni
1040 2232 1100 2266 igne
1124 2229 1306 2258 vehementius
1327 2229 1463 2260 irruente,
1486 2227 1617 2254 cedebant
1634 2226 1734 2259 omnia,

945 2278 1132 2312 fugiebantque
1147 2279 1175 2302 et
1187 2275 1338 2302 dzcnmnum
1357 2274 1455 2306 cultus,
1474 2277 1501 2299 et
1521 2271 1663 2299 celebritas
1677 2278 1735 2298 om-

945 2325 996 2356 nis,
1011 2328 1090 2358 atque
1112 2321 1250 2353 festivitas,
1265 2325 1292 2347 et
1310 2327 1400 2347 mores
1418 2318 1495 2354 patrii
1507 2319 1529 2351 ',
1537 2322 1564 2345 et
1578 2317 1735 2352 populorum

946 2371 1058 2402 furores,
1073 2373 1100 2396 et
1110 2373 1282 2403 tyrannorum
1303 2365 1391 2397 minae,
1410 2369 1437 2392 et
1452 2363 1555 2391 insidia:
1575 2362 1737 2389 domestico-

946 2425 1023 2450 rum,
1046 2420 1074 2443 et
1099 2412 1385 2450 pseudoapostolorum
1408 2409 1576 2445 operationcs
1601 2408 1735 2443 malignae.

946 2462 1001 2490 lmo
1013 2468 1077 2489 vero
1093 2461 1163 2488 sicut
1179 2459 1260 2487 radiis
1278 2457 1342 2485 solis
1356 2455 1503 2483 orientibus
1517 2459 1544 2482 et
1557 2453 1673 2481 tenebrat
1691 2453 1735 2480 fu-

945 2512 1051 2543 gantur,
1075 2509 1102 2533 et
1120 2505 1182 2532 ferte
1200 2503 1314 2534 latitant,
1338 2500 1474 2535 foveisque
1486 2499 1645 2531 conduntur,
1658 2501 1686 2525 et
1699 2497 1738 2525 la-

947 2558 1036 2580 trones
1050 2550 1186 2582 recedunt,
1202 2554 1230 2577 et
1242 2546 1383 2575 homicida
1397 2545 1430 2573 ad
1446 2549 1520 2573 antra
1541 2544 1694 2579 sut'fugiunt,
1711 2547 1739 2571 et

947 2603 1105 2627 amoventur
1123 2597 1226 2632 piratae,
1249 2599 1276 2621 et
1294 2593 1475 2628 sepulcrorum
1488 2591 1631 2617 violatores
1646 2589 1739 2624 fugan-

947 2650 1000 2677 tur,
1016 2649 1043 2672 et
1055 2642 1168 2670 adulteri
1191 2645 1218 2668 et
1239 2640 1310 2667 fures
1324 2643 1350 2666 et
1363 2637 1526 2673 perfossores
1538 2637 1677 2663 domorum
1690 2634 1739 2661 de-

949 2689 1074 2726 prehensi
1088 2696 1102 2715 a
1116 2688 1172 2715 sole
1190 2694 1221 2713 ac
1236 2684 1358 2718 redargui
1380 2681 1559 2717 periclitantes
1578 2681 1686 2712 abeunt,

948 2725 1000 2772 que
1024 2734 1123 2762 alicubi
1147 2732 1240 2768 procul
1258 2731 1404 2763 occultant,
1425 2728 1566 2762 omniaque
1582 2727 1667 2755 lucida
1681 2725 1740 2752 cill-

949 2783 1054 2810 ciuntur
1067 2785 1094 2808 et
1107 2780 1190 2810 clara,
1206 2775 1398 2806 illnstrantibus
1411 2774 1525 2809 desuper
1536 2773 1617 2801 radiis
1628 2776 1738 2805 terram,

982 2850 989 2864 ι
1007 2852 1045 2872 cr.
1059 2846 1134 2875 addit,
1146 2852 1162 2870 ιι
1172 2843 1286 2876 cognatis.
1354 2872 1368 2877 ν,

981 2881 991 2895 ³
1008 2883 1044 2903 ur.
1056 2877 1129 2907 addit,
1141 2881 1162 2902 et
1173 2876 1250 2908 legunt
1262 2876 1433 2905 corruptionem
