1976 3130
215 139 268 167 493

215 197 334 231 pelagus,
347 203 377 222 ac
394 201 508 228 montes,
524 195 603 223 urbes
624 197 794 231 simulatque
809 197 930 231 regiones
944 205 950 223 :
967 197 1007 224 sic

215 247 278 270 tunc
302 242 490 277 pra-dicatioue
515 242 641 276 fulgente,
662 249 690 270 et
715 243 812 278 ubique
834 243 1006 278 Evangelimn

215 289 406 316 dissetninante
425 288 518 319 Paulo,
536 289 673 322 fugabatur
692 297 778 322 error,
800 290 950 324 veritasque
971 298 1009 317 re-

216 335 337 366 meabat;
354 333 449 361 favilla:
464 342 537 366 vero,
553 334 693 368 fumuSque
708 336 879 369 templortun,
897 341 925 362 et
939 343 1009 371 cyrn-

216 381 276 408 bala
292 381 391 412 munia,
407 386 434 408 et
456 386 591 416 tympana,
606 385 633 407 et
652 381 805 412 ebrietates,
832 386 859 408 et
880 388 1010 408 cernes-sa-

218 427 314 460 tiones,
328 432 355 454 et
367 432 469 461 stupra,
482 433 508 454 et
523 427 662 459 adulteria,
676 432 702 453 et
714 427 764 454 alia
777 427 847 454 dictu
859 427 939 460 fmda,
951 436 1009 462 qua:

218 475 244 502 in
257 474 342 502 sacris
356 474 411 500 suis
424 473 560 500 celebrare
574 477 779 505 consueverant,
795 473 961 506 defecerunt,
974 478 1011 500 at-

218 529 270 554 que
285 524 441 554 consumpta
458 524 530 552 sunt,
547 519 630 545 instar
637 527 708 546 cerze
721 519 787 553 ignis
795 526 894 554 vapore
902 526 1008 554 percun-

220 567 263 597 tis.
278 570 306 593 et
319 566 454 600 palearum
475 565 543 597 vice,
561 573 621 599 qua:
641 565 729 592 subito
741 569 949 592 concremantur
966 566 1008 592 in-

219 612 324 639 cendio.
336 612 411 638 Clara
424 618 485 638 vero
497 612 565 638 inter
576 611 632 638 iure
643 611 761 638 veritatis
771 611 878 638 flamma
887 612 1011 646 surgebat

220 659 404 693 resplendens,
426 663 453 685 et
476 658 562 693 ipsum
582 658 614 684 ad
637 666 719 692 usque
733 659 827 685 caelum
849 659 1011 686 sublimitate

220 704 405 732 conscendens
424 705 458 731 ab
478 705 510 731 iis
532 705 697 739 potissimum
720 705 856 732 sublevata
868 725 876 736 ,
891 706 934 740 qui
951 713 1010 732 eam

220 750 372 777 nitebantur
385 750 544 784 opprimere,
560 758 659 785 perque
676 751 736 777 illos
751 751 835 785 magis
845 751 1012 778 incrementa

221 796 380 830 suscipiens,
403 795 449 830 qui
470 796 540 822 illam
556 797 718 823 exstinctum
740 797 770 823 iri
786 797 937 830 cupiebant.
959 796 1013 824 Nec

222 842 337 876 pericula
354 843 424 869 enim
438 844 608 877 progressum
620 843 688 876 ejus,
703 848 747 870 aut
761 843 875 877 impetus
887 851 1013 871 coercere

221 892 374 922 potuerunt,
398 896 450 914 nou
468 889 586 922 tyrannis
601 889 722 923 quattlam
738 889 890 916 inveterate
905 897 1013 916 consue-

222 932 331 964 tudinis,
347 939 399 959 non
414 933 490 966 patrii
508 933 589 959 moris
611 935 766 966 auctoritas,
787 942 840 961 non
864 935 951 969 legum
970 942 1014 970 po-

221 982 314 1010 testas,
331 986 383 1004 non
399 978 443 1005 illa
466 979 521 1012 ipsa
536 979 706 1006 custodiendi
724 979 780 1014 ejus
795 980 865 1015 quod
886 981 1014 1015 pratdica-

221 1024 300 1051 batur
313 1024 442 1058 evangelii
459 1025 612 1057 difficultas,
628 1033 676 1052 nec
692 1026 834 1061 quidquam
850 1035 941 1054 eorum
955 1035 1014 1061 qua:

223 1070 440 1103 impedimentum
457 1071 552 1097 afferre
576 1077 696 1106 possunt,
716 1073 878 1106 proficientis
892 1074 1015 1100 celeriter

222 1116 341 1142 veritatis
354 1124 461 1143 cursum
472 1122 517 1144 aut
531 1118 648 1146 incidere
657 1123 703 1145 aut
712 1119 849 1146 retardare
860 1123 1013 1153 potuerunt.

221 1162 309 1196 Atque
335 1167 364 1189 ut
388 1168 515 1197 quantam
545 1164 613 1191 istud
641 1165 693 1191 vim
718 1165 832 1198 habeat,
856 1172 1014 1201 cognoscas,

221 1208 386 1235 comminare
411 1208 559 1239 Gentibus.
581 1218 633 1237 non
654 1211 714 1238 dico
744 1212 878 1246 pericula,
905 1212 1013 1245 famem,

222 1259 348 1286 mortem,
371 1255 416 1282 sed
434 1255 561 1282 damnum
585 1257 693 1291 aliquod
716 1258 856 1292 exiguum,
872 1263 899 1285 et
913 1258 1016 1286 videbis

220 1307 268 1326 eos
282 1305 392 1334 repente
407 1307 532 1328 imitatos.
550 1303 583 1328 At
599 1311 650 1329 non
666 1303 726 1330 talia
744 1303 915 1331 inveniuutttr
927 1310 954 1332 et
972 1313 1016 1332 no-

222 1351 289 1378 stra,
305 1346 351 1373 sed
371 1348 485 1374 concisis
500 1348 650 1382 occisiSque
662 1350 796 1380 omnibus,
816 1355 843 1377 et
856 1350 955 1385 ubique
966 1352 1015 1377 im-

223 1393 345 1426 pugnatis
357 1393 431 1419 vario
443 1401 542 1428 genere
553 1394 694 1427 bellorum,
709 1395 753 1422 illa
765 1401 852 1423 tamen
862 1396 1015 1425 florentior:

223 1445 330 1471 semper
343 1437 436 1465 effecta
447 1443 518 1466 Sunt.

260 1482 339 1509 Error
359 1489 448 1519 suopte
470 1490 532 1511 nutu
553 1487 624 1520 peril.
646 1501 682 1506 â€”
704 1487 736 1513 Et
755 1487 817 1521 quid
843 1495 893 1522 ego
918 1493 1016 1516 nostra:

223 1529 309 1555 mtatis
334 1537 517 1557 conunemoro
538 1531 650 1565 gentiles
673 1533 738 1560 viles
759 1534 839 1566 istos,
859 1538 885 1560 et
905 1535 1017 1561 omnino

222 1579 375 1608 contemptu
386 1574 496 1602 faciles?
507 1576 540 1603 Et
555 1578 641 1611 potius
655 1579 698 1613 qui
712 1578 782 1612 apud
797 1579 857 1607 illos
869 1585 946 1607 erant
964 1581 1015 1608 ali-

222 1620 329 1654 quando
342 1621 477 1648 mirabiles
490 1623 516 1649 in
528 1623 643 1650 ntedium
653 1624 830 1659 proferamus,
840 1625 1016 1661 philosophiae

223 1665 327 1693 scilicet
346 1666 449 1694 honore
472 1668 631 1701 celebratos,
660 1669 809 1704 Platonem,
825 1671 1014 1706 Pythagoram,

223 1711 374 1747 Diagoram,
390 1714 588 1741 Clazomenium
605 1714 653 1751 (rt),
671 1716 822 1751 multosque
841 1717 908 1745 alios
924 1717 1017 1752 hujus-

223 1759 304 1789 modi,
321 1764 348 1785 et
369 1763 432 1786 tunc
449 1759 556 1787 demum
577 1762 736 1796 evangelictc
751 1763 948 1796 prmdieationis
962 1764 1016 1790 vir-

224 1810 306 1832 tutem
324 1805 457 1839 probabis.
473 1806 538 1833 Nam
555 1811 614 1841 pest
627 1808 746 1836 Socratis
759 1816 890 1836 venenum
902 1809 945 1837 alii
959 1810 1018 1845 qui-

222 1851 283 1877 dem
293 1850 396 1885 Megara
411 1852 601 1884 discesseruut,
611 1853 707 1881 similia
720 1855 835 1889 patiendi
848 1860 934 1887 metu;
950 1856 1017 1883 alter

223 1901 311 1923 autem
325 1902 352 1924 et
365 1898 448 1931 patria
462 1903 489 1925 et
509 1899 629 1926 libertate
648 1900 767 1934 privatus
780 1906 831 1934 est,
855 1908 905 1928 nec
919 1907 1017 1936 pra'ter

223 1949 303 1969 unam
342 1943 483 1977 mulierem
519 1945 693 1979 philosophice
728 1954 887 1982 quemquam
921 1947 1017 1974 studiis

222 1987 390 2022 subjugavit;
414 1989 490 2016 Plato
511 1995 599 2018 autem
617 1992 750 2026 depictam
771 1993 797 2019 in
823 1993 924 2027 paginis
937 1993 1018 2020 disci-

252 2045 290 2076 (a)
306 2049 469 2077 Anaxagoram
480 2046 664 2073 clazomenium.

589 140 617 167 S.
637 140 776 168 JOANNIS
795 138 1030 168 CHRYSOSTGMI
1048 139 1208 169 ARClllEP.
1229 141 1494 170 CONSTANTlXOP.

1801 144 1853 171 Â£95

1060 198 1159 233 plinam
1182 199 1334 234 relinquens
1356 199 1382 225 in
1403 204 1516 225 mortem
1539 198 1642 226 solutus
1663 205 1716 226 est.
1737 200 1769 226 Et
1784 206 1855 228 certe

1060 245 1126 271 nihil
1139 244 1178 272 eis
1197 249 1260 272 tuttc
1272 244 1463 279 impedimento
1475 249 1542 277 erat,
1559 252 1611 271 non
1629 245 1790 279 periculum,
1803 255 1855 274 nun

1060 294 1174 324 egestas,
1190 298 1242 317 non
1255 289 1384 324 imperitia
1396 289 1528 316 sermonis
1543 299 1549 316 :
1563 290 1608 316 sed
1619 295 1696 317 erant
1707 295 1734 317 et
1744 291 1857 318 dicendo

1060 339 1194 370 potentes,
1215 339 1243 362 et
1266 335 1362 370 opibus
1381 334 1532 367 affluentes,
1556 339 1582 362 et
1609 335 1749 362 nobilitate
1767 337 1858 369 patria:

1061 380 1217 413 gloriantes.
1240 379 1338 407 Yernm
1363 387 1530 414 nequaquam
1550 380 1673 407 obtinere
1689 386 1857 416 potuerunt:

1062 424 1120 452 talis
1133 431 1174 452 est
1187 425 1257 452 enim
1271 425 1389 452 conditio
1404 426 1504 452 erroris
1517 446 1525 459 ,
1541 425 1621 452 etiam
1634 427 1709 453 nullo
1723 427 1774 453 sibi
1787 427 1860 453 obsi-

1061 476 1148 498 stente
1161 473 1339 504 consenescit,
1353 479 1384 498 ac
1404 471 1498 498 defluit
1512 481 1520 500 :
1543 472 1602 499 talis
1620 478 1709 499 autent
1724 481 1740 500 e
1752 473 1860 500 diverso

1062 517 1181 544 veritatis
1200 521 1296 549 status,
1313 518 1392 544 etiam
1413 517 1503 545 multis
1517 518 1736 552 impugnantibus
1748 519 1861 546 suscita-

1062 568 1105 589 tur
1117 567 1144 590 et
1156 564 1262 590 crescit.
1280 563 1342 591 llaec
1357 568 1445 590 autem
1464 564 1499 590 ita
1512 572 1572 595 esse
1586 565 1685 591 veritas
1700 572 1794 591 rerum
1807 565 1860 599 á½¶Î¼ÎºÎµÎ¹

1062 610 1219 644 proclamat,
1230 604 1348 644 nihilque
1360 609 1402 636 hic
1413 617 1479 643 opus
1489 613 1531 636 est
1541 609 1690 637 assertione
1704 610 1860 640 verberum,

1062 662 1122 681 cum
1147 662 1239 682 vocem
1268 655 1465 689 quodammodo
1500 660 1572 681 totus
1599 655 1718 690 undique
1747 655 1864 682 mundus

1063 702 1177 732 emittat,
1193 702 1273 728 urbes
1288 701 1399 734 scilicet,
1415 705 1442 728 et
1456 701 1523 736 agri,
1539 705 1567 728 et
1580 705 1670 733 terrm,
1685 707 1711 729 et
1727 702 1824 730 maria.
1839 707 1865 728 t-t

1064 747 1120 774 loca
1133 747 1202 774 culta
1218 751 1297 780 atque
1312 746 1429 779 deserta,
1445 746 1510 781 ipsze
1521 755 1626 782 quoque
1637 747 1719 774 etiam
1731 747 1864 773 montium

1064 792 1241 819 summitates.
1268 788 1359 827 Neque
1380 792 1451 819 enitn
1475 792 1644 819 solitudinem
1673 792 1801 819 beneficii
1824 793 1864 818 sui

1064 838 1171 872 reliquit
1186 842 1332 869 exsortem,
1349 837 1395 864 sed
1417 838 1500 871 ipsam
1518 837 1632 864 maxime
1652 837 1694 870 iis,
1709 845 1771 871 qua:
1789 838 1865 864 nobis

1064 884 1099 911 de
1124 884 1190 911 c:clo
1214 884 1324 910 veniens
1343 883 1449 915 detulit,
1473 883 1549 910 bonis
1575 883 1703 917 replevit,
1720 891 1771 917 per
1791 883 1863 910 Pauli

1066 930 1197 965 prrecipne
1213 930 1338 964 linguam,
1355 937 1454 964 perque
1467 929 1549 961 illam,
1565 937 1642 964 qttam
1655 929 1680 955 in
1698 929 1788 964 ipsum
1802 936 1864 955 con-

1066 975 1136 1006 tulit,
1151 974 1275 1009 gratiam.
1295 975 1360 1007 Quia
1376 975 1446 1001 enim
1467 973 1574 1008 dignam
1586 974 1630 1000 tali
1649 973 1722 1000 dono
1744 970 1864 1000 devotio-

1065 1028 1126 1047 nem
1138 1019 1258 1055 gerebat,
1276 1019 1382 1054 copiosa
1402 1019 1427 1046 in
1443 1019 1487 1045 illo
1501 1019 1581 1046 etiam
1602 1020 1687 1053 gratia
1701 1019 1865 1050 coruscavit,

1066 1067 1233 1101 plurimaque
1255 1065 1366 1096 borum,
1390 1073 1449 1100 qua:
1473 1065 1610 1099 hucusque
1631 1065 1843 1092 memoravimus
1857 1085 1865 1093 .

1067 1113 1148 1148 ipsius
1161 1121 1208 1139 ore
1222 1120 1252 1139 ac
1262 1120 1386 1139 sermone
1398 1112 1529 1146 completa
1543 1117 1614 1138 sunt.

1105 1171 1186 1197 lâ€™anlo
1200 1170 1294 1196 similes
1307 1177 1359 1196 esse
1374 1168 1697 1203 possumus.â€”Quoniam
1719 1168 1804 1202 igitur
1826 1169 1860 1195 ita

1065 1223 1151 1250 genus
1166 1222 1287 1243 nostrum
1303 1214 1452 1241 nobilitavit
1474 1214 1543 1241 Deus
1555 1235 1562 1245 ,
1588 1217 1618 1240 ut
1632 1221 1714 1240 unum
1730 1213 1865 1241 hominem

1067 1263 1221 1296 dignaretur
1232 1265 1365 1288 tantorum
1376 1267 1484 1287 causam
1499 1259 1585 1286 facere
1596 1260 1739 1291 bonorum,
1757 1259 1866 1286 studea-

1068 1315 1127 1334 mus
1141 1311 1167 1333 et
1180 1314 1229 1332 nos
1250 1305 1308 1340 ejus
1332 1305 1432 1332 similes
1453 1305 1583 1331 inveniri:
1598 1304 1689 1338 Neque
1710 1311 1777 1330 vero
1800 1304 1868 1332 istud

1068 1351 1232 1386 impossibile
1248 1355 1370 1385 putemus
1382 1358 1389 1377 Î¹
1401 1349 1526 1384 quoniam
1537 1370 1544 1383 ,
1560 1354 1588 1376 ut
1602 1356 1674 1383 saepe
1689 1348 1744 1375 dixi
1758 1354 1785 1376 et
1800 1357 1868 1376 nunc

1069 1397 1204 1424 inculcare
1224 1404 1276 1423 non
1299 1403 1393 1427 cesso,
1419 1396 1470 1422 tale
1491 1395 1545 1427 illi,
1566 1395 1645 1430 quale
1667 1395 1749 1422 etiam
1774 1395 1867 1426 nobis;

1067 1450 1166 1477 corpus
1180 1442 1238 1479 fuit,
1254 1442 1313 1468 talis
1326 1442 1424 1474 anima,
1437 1442 1502 1468 tales
1515 1442 1577 1474 cibi,
1594 1441 1641 1468 sed
1655 1442 1783 1468 voluntas
1797 1442 1822 1468 in
1836 1449 1868 1468 eo

1067 1489 1199 1517 mirabilis
1210 1510 1218 1521 ,
1241 1493 1268 1516 et
1282 1489 1408 1522 prteclara
1431 1482 1538 1514 devotio
1548 1509 1554 1520 ,
1576 1492 1605 1515 et
1620 1487 1689 1514 istud
1705 1492 1748 1513 est.
1762 1495 1868 1522 pronus

1068 1536 1139 1564 unde
1152 1536 1194 1563 ille
1209 1536 1268 1562 talis
1281 1535 1391 1562 effectus
1403 1539 1454 1561 est.
1468 1533 1551 1560 Nemo
1566 1533 1645 1568 igitur
1660 1532 1777 1565 tliflidat,
1790 1541 1867 1560 nemo

1069 1583 1212 1617 desperet:
1224 1582 1245 1608 si
1261 1580 1381 1608 intendas
1394 1581 1511 1606 animum
1526 1584 1553 1606 et
1570 1586 1722 1614 prtepares,
1739 1579 1806 1605 nihil
1825 1583 1866 1606 est

1069 1630 1139 1664 quod
1156 1634 1182 1656 te
1195 1629 1229 1656 ab
1244 1628 1362 1662 ejusdem
1377 1627 1468 1662 gratiae
1488 1625 1573 1662 possit
1592 1624 1735 1659 prohibere
1750 1624 1868 1651 numeri-

1070 1676 1119 1702 bus
1134 1683 1140 1701 :
1153 1682 1205 1700 nou
1220 1678 1262 1701 est
1277 1672 1349 1700 enim
1364 1679 1539 1706 personarum
1555 1675 1681 1704 acceptor
1697 1670 1782 1697 Deus.
1799 1669 1868 1696 ldum

1070 1722 1143 1748 illum
1157 1726 1233 1754 teque
1248 1718 1371 1746 formavit
1383 1726 1389 1744 :
1403 1723 1430 1745 et
1441 1716 1665 1752 quemadmodum
1681 1715 1765 1748 illius,
1780 1716 1814 1742 ita
1827 1720 1867 1742 est

1070 1769 1150 1796 etiam
1166 1772 1227 1794 tuus
1241 1766 1325 1798 Deus;
1347 1773 1378 1792 ac
1393 1765 1460 1791 sicut
1475 1764 1547 1790 ilium
1568 1762 1665 1790 merito
1685 1761 1820 1792 laudavit,
1834 1762 1870 1788 ita

1070 1817 1149 1843 etiam
1163 1815 1209 1842 tibi
1217 1813 1294 1842 offert
1302 1818 1438 1840 coronam.
1450 1810 1637 1845 Spondeamus
1651 1809 1732 1844 igitur
1745 1813 1866 1835 nosmet-

1071 1863 1143 1896 ipsns
1156 1861 1221 1890 Deo,
1238 1864 1318 1894 atque
1331 1858 1500 1889 mundetuus,
1517 1861 1546 1883 ut
1561 1863 1610 1882 nos
1623 1862 1732 1889 quoque
1747 1854 1870 1881 eamdem

1070 1908 1182 1941 gratiam
1203 1908 1397 1939 consequentes
1409 1923 1417 1936 ,
1433 1902 1527 1929 cadent
1542 1900 1623 1928 etiam
1640 1900 1751 1934 przcmia
1774 1899 1870 1926 sortia-

1071 1961 1140 1984 llllllâ€˜,
1151 1952 1234 1987 gratia
1246 1955 1274 1977 et
1284 1948 1465 1977 misericordia
1475 1947 1579 1974 Domini
1591 1947 1675 1973 nostri
1687 1945 1752 1973 Jesu
1760 1945 1869 1977 Christi,

1070 1998 1113 2024 cui
1135 2003 1175 2025 est
1195 1997 1278 2032 gloria
1302 2000 1329 2022 et
1355 1995 1496 2029 imperium
1523 1993 1549 2019 in
1574 1993 1672 2019 saecula
1699 1992 1870 2018 satcnlorum.

1072 2046 1168 2072 Amen.

226 2101 1871 2116 _â€”â€”_â€”___________________________

649 2160 717 2194 DE
746 2160 1015 2195 LAUDIBUS
1045 2159 1240 2195 SANCTI
1267 2157 1427 2193 PAULI

962 2247 1121 2270 APOSTOLI.

542 2387 649 2408 HOMILIA
671 2389 697 2407 Î³.

259 2423 309 2452 Ubi
335 2433 405 2452 nunc
430 2425 466 2451 illi
488 2431 568 2458 sunt,
591 2427 634 2460 qui
660 2427 772 2462 querulo
795 2435 901 2461 semper
928 2427 1016 2454 animo

224 2473 335 2496 mortem
357 2471 458 2496 causari
484 2471 586 2504 solent,
608 2477 634 2498 et
655 2472 826 2506 corruptibile
847 2472 898 2499 hoc
919 2480 1017 2506 corpus

223 2521 302 2549 atque
322 2515 447 2549 possibile
472 2517 661 2551 impedimento
683 2519 732 2545 sibi
755 2526 815 2546 esse
836 2519 868 2546 ad
892 2519 1017 2546 virtutem

225 2559 338 2594 putant?
352 2560 467 2587 Audiant
479 2560 552 2588 Pauli
568 2561 635 2589 facta
651 2563 778 2598 prmclara
789 2584 797 2596 ,
813 2569 840 2591 et
851 2565 885 2591 ab
905 2564 954 2591 hac
967 2564 1017 2591 ob-

223 2606 380 2645 trectatione
393 2606 580 2641 malignissima
596 2610 797 2643 conquiescant.
806 2609 873 2643 Quid
884 2610 955 2637 enim
966 2609 1017 2636 ltu-

223 2659 303 2679 mano
318 2654 408 2688 generi
429 2662 501 2682 tnors
517 2655 625 2682 nocuit?
648 2655 709 2690 quid
733 2664 796 2683 vero
810 2656 934 2683 virtutem
957 2663 1019 2683 cor-

223 2699 310 2733 ruptio
325 2700 446 2734 corporis
461 2701 619 2736 impedivit?
634 2702 778 2729 Considera
794 2703 882 2737 itaque
895 2702 1016 2735 Paulum,

222 2750 250 2771 et
263 2744 381 2778 videbis,
396 2747 457 2781 quia
476 2748 552 2774 nobis
566 2748 645 2774 etiam
667 2748 698 2774 ad
722 2749 863 2775 tnaximam
879 2749 1018 2776 utilitatem

223 2791 344 2826 proficiet
359 2792 407 2819 ista
424 2794 582 2820 mortalitas.
606 2794 652 2820 llic
667 2795 737 2820 enim
754 2795 802 2821 nisi
819 2795 940 2822 mortalis
955 2795 1020 2822 fuis-

225 2841 277 2869 set,
293 2846 458 2874 nequaquam
474 2838 563 2865 dicere
585 2839 729 2873 potuisset,
756 2841 839 2874 magis
862 2846 951 2867 autem
972 2847 1019 2867 ne-

224 2885 322 2918 quisset
335 2882 488 2916 ostendere,
500 2884 568 2920 quod
584 2885 666 2920 ipsius
678 2886 802 2920 operibus
817 2891 858 2913 cst
870 2886 996 2921 loquutus
1010 2894 1017 2912 :

1018 2312 1072 2339 EE

1076 2320 1188 2327 ___

1075 2380 1200 2415 quoniam
1213 2377 1332 2410 Quotidie
1351 2377 1445 2404 morior
1459 2382 1505 2411 pro
1514 2379 1595 2401 vestra
1603 2374 1697 2408 gloria,
1706 2381 1780 2407 quam
1787 2370 1868 2397 habeo

1069 2426 1096 2452 in
1110 2425 1210 2452 Christo
1229 2424 1292 2451 Iesu
1311 2424 1349 2457 (l.
1364 2422 1422 2450 Cor.
1444 2421 1487 2449 15.
1508 2421 1566 2455 51).
1582 2420 1687 2454 Ubique
1709 2419 1780 2445 enim
1794 2417 1872 2444 nobis

1071 2473 1216 2499 intentione
1236 2470 1319 2497 animi
1340 2477 1371 2497 ac
1394 2473 1515 2503 prompta
1539 2474 1606 2501 opus
1626 2470 1668 2493 est
1689 2465 1826 2492 voluntate
1839 2464 1870 2490 á¼

1072 2526 1132 2552 qure
1145 2517 1167 2544 si
1182 2517 1305 2544 aflâ€˜ueriut
1317 2537 1324 2548 ,
1339 2517 1406 2543 nihil
1419 2515 1471 2542 erit
1486 2514 1556 2550 quod
1581 2521 1631 2540 nos
1645 2512 1732 2548 possit
1745 2520 1760 2538 a
1775 2511 1872 2538 virtute

1074 2563 1215 2596 prohibere
1225 2583 1232 2594 ,
1250 2563 1319 2589 sicut
1333 2562 1457 2596 superior
1469 2561 1523 2595 jam
1537 2567 1627 2587 sermo
1640 2562 1805 2586 memoratus
1817 2563 1869 2584 est.

1073 2608 1166 2636 Nonne
1190 2613 1247 2635 erat
1266 2608 1318 2635 iste
1342 2607 1482 2634 mortalis?
1503 2613 1592 2633 nonne
1616 2604 1761 2640 ignobilis?
1784 2610 1872 2630 nonne

1074 2662 1189 2690 pauper,
1204 2658 1230 2681 et
1241 2653 1395 2688 quotidiano
1410 2659 1491 2686 Opere
1513 2652 1612 2678 victum
1626 2649 1771 2686 quaarens?
1784 2655 1872 2676 nonne

1073 2709 1171 2735 corpus
1185 2700 1276 2727 habuit
1290 2700 1393 2727 cunctis
1407 2704 1508 2725 natura:
1524 2698 1730 2724 necessitatibus
1744 2696 1870 2730 subjuga-

1075 2749 1148 2774 tum'.â€™
1162 2746 1230 2780 Quid
1241 2753 1305 2779 ergo
1315 2753 1376 2772 eum
1388 2745 1471 2772 vetuit
1483 2744 1545 2776 illis,
1559 2744 1655 2777 quibus
1668 2742 1768 2773 floruit,
1780 2742 1870 2775 splen-

1073 2793 1138 2820 dere
1152 2791 1312 2819 virtutibus?
1327 2790 1449 2818 Profecto
1466 2789 1543 2817 nihil.
1565 2789 1661 2816 Nullus
1680 2795 1746 2823 ergo
1760 2791 1872 2814 mcerent

1107 2855 1114 2870 Î¹
1130 2855 1155 2879 ln
1175 2856 1267 2881 Grmco.
1281 2859 1304 2879 et
1325 2861 1371 2879 non
1388 2859 1423 2880 est
1436 2854 1648 2886 impedimentum,
1662 2854 1687 2879 in
1699 2853 1787 2884 primis
1798 2852 1866 2880 ordi-

1072 2886 1140 2911 nibus
1152 2886 1227 2918 fuisse
1238 2886 1386 2910 constitutus.
