1969 3130
121 173 172 201 437

122 237 233 266 pauper,
248 230 338 259 nullus
352 235 464 267 angatur
477 231 616 266 inglorius,
631 232 719 259 nullus
733 240 764 259 ex
780 232 917 260 viliorilms

122 275 294 309 ingemiscat;
318 278 366 305 sed
392 277 576 305 tantummodo
596 278 649 310 ill-i,
671 278 716 313 qui
736 278 832 305 molles
856 282 918 305 sunt

123 322 234 356 animo,
256 329 284 351 et
298 324 415 351 enervati
436 329 528 351 mente
549 328 612 350 sunt
626 328 705 358 atque
725 323 845 351 resoluti.
863 323 918 350 Hoc

122 375 195 395 enim
215 369 305 397 Solum
328 375 369 397 est
389 369 459 404 quod
480 377 529 396 nos
547 377 561 395 a
582 369 678 396 virtute
701 369 786 396 valeat
806 375 917 400 arcere,

125 415 256 443 vitiositas
265 416 361 443 anima:
375 420 454 450 atque
465 415 604 442 mollitudo
617 416 766 446 sententias,
781 423 830 442 nec
844 414 920 449 quid-

125 468 205 494 quam
227 462 338 488 omnino
352 461 588 496 praaterea:idqne
603 461 672 488 beati
695 460 790 494 hujus,
812 464 921 494 propter

125 514 205 540 quem
229 507 309 535 hodie
321 507 475 543 congregati
490 514 582 534 sumus
592 528 599 538 ,
625 507 770 533 illustratur
787 505 919 540 exemplo.

124 552 202 579 Sicut
213 553 286 580 enim
298 553 379 580 Paulo
390 553 455 580 nihil
465 560 496 579 ea
507 560 565 586 qua:
576 553 697 586 superius
705 556 766 578 sunt
776 555 921 578 memorata

123 603 288 631 nocuerunt,
302 598 336 625 ita
349 603 424 625 extra
440 598 593 632 religionem
609 602 726 624 nostram
743 597 842 631 positos
855 595 921 623 nihil

127 642 172 670 his
184 643 296 670 adversa
313 643 455 678 juverunt,
469 651 521 670 non
535 643 640 678 generis
653 642 798 674 claritudo,
811 649 866 668 non
880 641 921 668 di-

126 688 253 715 vitiarum
269 689 401 716 afﬂuentia
411 709 419 720 ,
435 696 487 716 non
501 689 628 723 splendor
641 689 747 723 eloquii,
762 695 814 714 non
830 687 922 723 gloriae

127 735 295 769 magnitudo,
310 743 362 762 non
376 735 523 762 sublimitas
537 740 697 769 potentatus.

164 780 299 808 Dtrmones
323 782 358 808 nil
381 782 450 814 iuvat
475 780 764 808 inmortalitas—Sed
789 780 850 815 quid
873 787 922 814 ego

125 824 162 852 de
176 825 328 853 hominibus
344 826 431 853 adhuc
445 826 548 860 loquor,
564 830 590 853 et
601 825 728 860 quamdiu
742 826 812 852 circa
826 830 922 851 terram

126 871 256 898 contineo
277 872 446 898 sermonem?
468 871 519 898 Fas
537 876 579 898 est
598 871 677 898 etiam
702 878 829 905 supernas
849 878 923 897 eom-

128 923 281 943 memorare
297 917 426 950 virtutes,
453 918 616 951 principatus
640 917 773 948 videlicet,
798 924 829 943 ae
850 921 924 951 pote-

127 967 221 994 states,
230 962 372 997 mnndique
387 968 504 990 rectores
515 971 546 990 ac
559 963 726 990 tenebrarum
736 963 812 996 hujus
824 962 922 989 saeculi.

127 1008 192 1042 quid
216 1009 288 1047 enim
308 1009 375 1043 juvit
397 1017 444 1036 eos
462 1009 614 1044 angelorum
639 1010 746 1036 sortitos
769 1016 828 1036 esse
849 1014 925 1035 natu-

128 1055 208 1081 rant?
233 1063 321 1082 DOHIIG
341 1055 447 1082 venient
462 1064 554 1082 omnes
573 1056 633 1082 iSliD
655 1057 766 1083 \‘il‘illlCS
789 1063 803 1082 ﬂ
823 1055 922 1086 Paulo,

127 1100 244 1134 ejusque
279 1101 410 1128 similibus
445 1101 617 1135 judicandtc?
653 1101 785 1134 Nescitis,
820 1101 923 1135 inquit,

128 1145 189 1177 quia
215 1145 319 1179 angelos
340 1146 531 1181 judicabimus,
561 1152 654 1181 quanto
683 1147 762 1182 magis
792 1146 925 1173 smculuria

131 1190 170 1224 (Ι.
192 1189 252 1217 Cor.
273 1191 300 1217 6.
317 1192 364 1225 3)?
379 1191 435 1218 Non
450 1192 528 1226 igitur
542 1192 575 1218 0h
588 1193 652 1218 alias
665 1192 807 1226 aliquando
831 1199 925 1219 causas

129 1236 181 1262 nisi
193 1237 228 1264 ob
242 1237 304 1264 vitia
318 1237 374 1264 sola
385 1237 538 1269 doleamus;
556 1238 649 1264 horum
662 1246 709 1265 nos
722 1238 854 1265 studiosos
866 1245 925 1265 csse

129 1283 261 1317 pmniteat
277 1292 283 1309 :
298 1291 383 1318 neque
404 1284 438 1310 oh
455 1284 524 1311 aliud
548 1284 690 1318 quidquam
712 1284 875 1319 gaudeamus
894 1291 926 1310 ac

129 1330 253 1357 lattemur
268 1330 319 1357 nisi
332 1331 434 1357 virtutis
451 1338 530 1357 causa
547 1340 552 1357 ε
570 1331 634 1358 nihil
650 1335 690 1358 est
704 1331 773 1366 quod
790 1339 838 1357 nos
853 1330 924 1356 Pauli

129 1375 233 1402 similes
246 1374 304 1402 ﬁeri
315 1380 395 1402 vetet.
408 1375 454 1402 ille
463 1376 532 1402 enim
545 1383 595 1402 non
612 1376 696 1402 solum
712 1376 794 1410 gratia
810 1376 866 1407 llci,
878 1375 924 1402 sed

130 1421 212 1447 etiam
222 1428 269 1448 sua
283 1421 417 1448 voluntate
430 1421 487 1448 talis
499 1422 608 1449 effectus
622 1427 671 1452 est.
685 1427 710 1448 et
722 1421 819 1448 idcirCo
830 1422 924 1455 gratia.

130 1467 193 1501 quia
209 1467 290 1493 etiam
303 1467 336 1494 de
351 1468 455 1502 propria
474 1467 618 1494 voluntate.
635 1467 750 1501 Utraque
762 1467 833 1494 enim
851 1466 925 1500 plena

131 1513 158 1539 in
175 1513 222 1539 illo
235 1512 341 1540 fuerunt
362 1518 443 1548 atque
459 1513 589 1548 perfecta,
603 1518 628 1540 et
643 1521 673 1539 ea
687 1521 746 1547 qua:
766 1512 897 1539 donantur
911 1521 924 1538 a

132 1558 199 1591 Deo,
213 1562 241 1585 et
260 1566 291 1585 ca
311 1567 371 1593 qua:
385 1560 520 1586 voluntate
544 1563 714 1593 praestantur.
729 1558 775 1585 Vis
788 1558 856 1585 dona
880 1558 926 1584 [ὶυί

130 1604 298 1638 agnoscere?
307 1605 469 1631 Vestimenta
480 1604 552 1631 Pauli
564 1603 829 1631 da-mouibustcrrori
839 1608 925 1630 erant.

133 1650 234 1677 Verum
248 1658 298 1685 ego
311 1658 477 1685 nequaquam
491 1650 555 1677 illud
570 1650 699 1681 admiror,
714 1649 783 1676 sicut
799 1655 849 1675 nec
863 1648 926 1675 illud

131 1697 253 1732 quidem,
265 1698 326 1732 quia
343 1698 434 1724 umbra
458 1697 527 1724 Petri
546 1704 686 1730 cerporum
709 1696 847 1729 languori-5
861 1695 927 1721 cii'u-

132 1744 224 1778 gabat.
240 1743 303 1770 llaec
323 1747 384 1770 sunt
406 1751 470 1770 vero
494 1743 630 1774 miranda,
653 1749 712 1776 qua:
733 1742 830 1768 Paulus
848 1742 927 1767 etiam

133 1795 198 1817 ante
220 1790 334 1825 gratiam
354 1784 465 1825 magnus
485 1790 519 1817 ab
539 1790 601 1824 ipsis
624 1789 790 1821 rudimentis,
812 1788 845 1814 ab
866 1787 929 1821 ipsis

135 1837 200 1864 tidei
213 1843 269 1863 sua:
284 1836 417 1863 invenitur
429 1836 525 1863 fecisse
538 1835 691 1870 principiis,
705 1834 766 1869 quia
777 1841 826 1861 nec
833 1833 930 1860 virtute

135 1882 196 1916 hac,
212 1890 264 1917 qua
289 1887 379 1917 postea
398 1881 501 1916 polluit,
516 1881 678 1913 illustratus,
694 1889 742 1908 nec
765 1879 929 1914 a;-ost0latus

136 1928 240 1955 honore
255 1927 380 1960 donatus,
396 1928 431 1954 ita
443 1927 470 1954 in
483 1927 581 1954 Christi
593 1927 677 1954 zelum
694 1931 764 1952 totus
776 1925 886 1958 exarsit,
903 1929 931 1951 ut

135 1982 245 2001 omnem
259 1979 351 2001 contra
364 1981 394 2002 se
405 1974 562 2001 accenderet
575 1964 713 2000 Judaicum
725 1972 850 2007 populum
863 1980 870 1998 :
886 1971 931 2006 qui

135 2029 197 2047 cum
212 2028 242 2047 se
258 2021 283 2047 in
304 2020 384 2047 tantis
399 2020 523 2055 periculis
534 2025 561 2046 et
573 2019 705 2046 civitatem
721 2023 830 2053 propter
843 2025 872 2044 se
885 2017 932 2044 ob~

135 2074 239 2094 Bessan:
254 2071 387 2099 cerneret,
405 2074 452 2101 per
465 2074 570 2093 murum
584 2065 716 2092 demissus
729 2065 754 2091 in
770 2068 859 2098 sporta
873 2068 913 2090 est
924 2084 930 2094 ,

137 2113 232 2148 sicque
242 2113 390 2147 depositus,
406 2120 454 2140 nec
466 2117 528 2138 tunc
540 2111 647 2146 quidem
661 2110 687 2136 in
701 2109 843 2145 segnitiem
857 2116 888 2135 ac
902 2109 933 2135 ti-

138 2159 287 2186 miditatem
313 2159 433 2194 relapsus
461 2163 519 2191 est;
544 2158 591 2184 sed
615 2157 744 2191 majorem
769 2155 932 2182 alacritatem

139 2205 239 2232 mentis
253 2204 365 2238 accepit,
383 2204 505 2238 periculis
515 2202 672 2237 quibusdain
687 2209 716 2228 se
731 2208 801 2235 saipe
817 2199 934 2227 subdens

140 2252 168 2277 in
189 2251 303 2278 aliorum
323 2250 435 2277 salutem
450 2257 456 2275 :
473 2249 536 2276 nulli
559 2253 647 2275 autem
672 2247 760 2275 studio
777 2247 874 2274 cedens
886 2246 935 2272 do-

139 2297 228 2328 cendi,
257 2296 305 2323 sed
320 2295 439 2330 quotidie
461 2300 569 2330 portans
591 2301 712 2325 crucem,
730 2293 871 2319 Dominum
893 2299 936 2319 se-

139 2342 292 2377 quebatur,
319 2346 348 2369 et
369 2341 475 2376 quidem
497 2348 557 2366 eum
582 2346 675 2366 recens
699 2338 785 2365 adhuc
807 2337 934 2371 Stephani

141 2393 205 2414 ante
218 2388 312 2414 oculos
326 2386 436 2413 haberet
455 2385 615 2419 exemplum,
631 2384 787 2418 Videretque
799 2388 891 2411 contra
906 2390 936 2410 se

142 2441 237 2460 omnes
262 2433 429 2466 potissimum
452 2431 599 2458 concitatos
619 2429 736 2462 Judteos,
758 2428 858 2456 cxdem
880 2428 936 2462 spi-

143 2483 244 2510 rantes,
260 2479 384 2511 ipsasque
395 2483 462 2511 pene
472 2483 566 2502 carnes
577 2475 634 2509 ejus
645 2475 775 2501 devorare
786 2474 935 2508 cupientes.

146 2525 227 2558 Igitur
242 2523 341 2550 Paulus
356 2529 442 2556 neque
458 2529 518 2548 eum
534 2521 560 2547 in
578 2520 695 2555 pericula
712 2519 835 2552 irrueret,
851 2523 937 2546 teme-

146 2569 232 2596 ritatis
254 2569 329 2603 argui
353 2572 473 2602 poterat:
495 2575 544 2593 nec
568 2565 684 2600 pericula
707 2565 813 2599 fugere,
838 2564 939 2591 timidi-

147 2615 216 2642 datis
241 2615 250 2630 ¹
277 2623 284 2640 ;
310 2614 371 2648 quia
397 2613 487 2647 utique
509 2617 536 2638 ct
562 2610 668 2637 amabat
694 2611 758 2637 satis
780 2614 938 2644 praesentem

148 2661 239 2690 vitam.
255 2659 290 2686 oh
301 2659 405 2685 lucrum
420 2657 551 2688 docendi;
567 2661 594 2683 et
608 2663 714 2682 rursum
728 2655 805 2682 valde
820 2662 878 2682 eam
890 2654 939 2681 de-

148 2706 288 2742 spiciebat,
310 2705 346 2732 ob
368 2703 580 2739 philosophiam,
602 2701 635 2729 ad
654 2709 732 2736 quam
756 2701 828 2728 illum
849 2700 940 2727 mundi

148 2756 317 2786 contemptus
330 2754 466 2782 creverat,
476 2754 637 2784 propterque
645 2755 764 2774 amorem
777 2754 831 2781 quo
844 2747 882 2773 ire
893 2754 940 2773 ur-

148 2799 261 2833 gebatur
271 2797 303 2824 ad
312 2795 459 2823 Christum.
469 2794 544 2828 Quod
556 2793 626 2820 enim
640 2792 673 2820 de
685 2793 741 2826 ipso
753 2792 814 2818 dico
824 2799 940 2825 semper,

182 2878 190 2892 ι
208 2880 259 2904 GL,
273 2874 361 2900 Paulus
372 2873 532 2906 igiturpeque
542 2872 711 2906 inrorwultese
727 2870 841 2906 periculis
859 2870 943 2897 trade-

153 2908 190 2933 bat
197 2900 302 2937 obvium,
314 2900 393 2937 neque"
399 2904 424 2930 in
435 2904 483 2929 illis
493 2900 616 2936 fugiendis
628 2900 759 2928 mollius'sc
770 2900 851 2933 gessit.

539 174 583 202 DE
603 174 773 204 LAUDIBUS
792 176 822 204 S.
842 175 946 205 PAULI
965 177 1142 205 APOSTOLI.
1164 176 1278 205 liOMlL.
1299 177 1331 204 V.

1709 163 1760 198 tas

974 242 1024 262 nec
1034 235 1124 262 dicere
1146 235 1288 270 aliquando
1304 234 1414 262 cessabo
1429 243 1437 261 :
1452 232 1540 260 nullus
1555 232 1590 259 ita
1610 230 1637 258 in
1657 228 1761 257 diversa

971 289 1062 309 rerum
1077 281 1196 308 incidens
1209 287 1289 316 atque
1308 280 1450 311 contraria,
1465 284 1577 313 utraque
1594 277 1621 304 in
1641 281 1761 303 commo-

972 327 1034 354 dum
1057 334 1134 354 suum
1156 326 1308 359 transtulit,
1335 331 1446 360 utraque
1465 325 1521 352 suis
1546 321 1703 351 utilitatibus
1717 327 1763 347 co-

973 373 1082 407 aptavit.
1101 372 1195 399 Nullus
1211 372 1282 399 enim
1293 371 1332 398 sic
1341 377 1466 405 umquam
1487 367 1626 404 pmsentis
1639 366 1700 394 vita:
1716 365 1763 393 iuit

973 425 1066 445 amans
1077 438 1084 450 ,
1096 425 1149 444 nec.
1163 425 1257 444 eorum
1271 415 1316 451 qui
1330 420 1392 443 sunt
1405 414 1472 442 lucis
1485 414 1560 441 istius
1574 411 1738 447 cupidissimi
1753 418 1761 437 :

973 469 1000 491 et
1015 471 1030 491 c
1046 463 1152 497 regione
1166 461 1278 499 [nullus]
1292 462 1331 488 sic
1349 459 1491 495 aliquando
1504 458 1627 494 despexit
1649 457 1763 485 salutem

974 510 1079 536 illorum
1094 509 1139 543 qui
1155 515 1183 536 se
1197 509 1223 535 in
1238 512 1350 535 mortem
1366 510 1462 541 sponte
1475 504 1652 540 prtecipitant.
1667 502 1713 531 Sic
1729 502 1764 529 ab

974 557 1046 585 omni
1068 563 1101 584 se
1123 556 1250 583 mundum
1270 554 1415 590 cupiditate
1438 551 1619 582 abstrahebat,
1639 549 1765 584 nullaque

974 603 1145 637 praesentium
1171 601 1310 629 tenebatur
1323 599 1457 634 passione,
1480 597 1527 625 sed
1540 596 1638 631 ubique
1657 595 1764 623 deside-

974 649 1042 675 rium
1056 656 1132 675 suum
1146 655 1206 674 eum
1223 647 1269 674 Dei
1283 645 1418 672 voluntate
1432 643 1569 675 miscebat,
1584 646 1611 669 et
1624 648 1694 668 nunc
1708 640 1766 674 qni-

974 694 1034 720 dem
1049 697 1206 729 prmscntem
1221 692 1301 719 vitam
1317 691 1400 725 magis
1414 688 1593 717 necessariam
1611 693 1671 713 esse
1683 685 1766 712 duce-

975 740 1030 772 bat,
1044 747 1123 774 quam
1137 739 1290 766 societatem
1302 736 1400 764 (Zhristi
1411 741 1490 770 atque
1500 733 1681 769 colloquium;
1696 737 1767 759 nunc

974 790 1039 811 Vero
1053 789 1106 811 tam
1121 784 1260 811 molestam
1274 783 1326 811 sibi
1342 783 1413 810 illam
1425 781 1556 809 fatebatur
1566 784 1593 807 et
1606 785 1724 814 gravem,
1739 781 1768 804 ut

975 831 1054 858 etiam
1078 830 1274 865 iugemisceret.
1296 835 1375 864 atque
1390 828 1417 855 in
1437 827 1531 855 mortis
1549 824 1709 853 desiderium
1720 830 1768 850 co-

976 883 1092 913 geretur.
1119 877 1154 904 Ea
1175 877 1245 903 enim
1262 876 1319 903 sola
1344 875 1478 909 cupiebat,
1493 881 1552 909 qua:
1572 872 1609 899 illi
1620 870 1767 911 secundum

977 924 1060 951 Deum
1087 924 1160 950 lucra
1184 927 1318 957 parerent,
1333 920 1437 949 etiamsi
1461 918 1594 954 prioribus
1614 910 1769 944 viderentur

977 979 1036 999 esse
1050 970 1192 998 contraria.
1208 968 1270 996 Erat
1291 968 1362 996 enim
1378 966 1484 1002 quidem
1508 965 1597 992 varius
1618 970 1725 997 semper
1736 968 1769 989 ac

978 1018 1129 1052 multiplex,
1145 1024 1197 1044 non
1212 1017 1302 1050 utique
1314 1014 1527 1042 dissimulatione
1537 1010 1681 1043 mutabilis,
1696 1009 1769 1045 quod

977 1065 1056 1097 absit,
1072 1064 1119 1091 sed
1136 1063 1235 1091 iaciens
1245 1063 1334 1089 omnia
1345 1069 1403 1096 qua:
1413 1059 1610 1096 przedicationis
1624 1057 1769 1091 salutisque

979 1112 1115 1138 hominum
1132 1110 1277 1138 necessitas
1295 1107 1472 1144 poposcisset,
1487 1107 1514 1133 in
1531 1106 1583 1132 hoc
1595 1111 1700 1139 quoque
1713 1102 1770 1130 Do-

978 1158 1040 1184 mini
1067 1158 1105 1183 sui
1130 1157 1255 1183 inventus
1279 1155 1405 1181 imitator.
1428 1153 1495 1180 Nam
1510 1156 1537 1178 et
1551 1151 1621 1177 Dens
1640 1154 1667 1176 et
1689 1148 1770 1176 homo

978 1204 1109 1237 :Ippilt‘tt'tl,
1126 1210 1185 1228 cum
1200 1202 1223 1227 id
1241 1208 1302 1228 eum
1324 1199 1443 1234 oportuit
1466 1203 1611 1232 apparere,
1628 1200 1655 1222 et
1668 1195 1695 1221 in
1709 1193 1770 1228 igne

978 1248 1083 1282 quando
1097 1253 1201 1281 tempus
1216 1247 1249 1272 ita
1265 1245 1352 1279 exegit
1365 1265 1372 1276 ,
1387 1249 1414 1271 et
1435 1250 1504 1270 nunc
1516 1241 1622 1277 quidem
1638 1247 1667 1267 se
1679 1239 1705 1266 in
1721 1239 1771 1266 ha-

978 1294 1034 1321 hitn
1049 1293 1143 1320 armati
1157 1292 1260 1322 militis,
1276 1298 1347 1317 nunc
1361 1291 1386 1317 in
1400 1289 1488 1324 specie
1501 1287 1584 1320 senis,
1599 1293 1670 1314 nunc
1683 1285 1710 1312 in
1723 1292 1772 1312 au-

978 1347 1017 1371 ra,
1035 1346 1106 1365 nunc
1120 1338 1145 1364 in
1161 1336 1337 1365 similitudine
1350 1335 1458 1362 viatoris
1468 1354 1476 1367 ,
1489 1332 1600 1360 nuncin
1614 1331 1671 1366 ipsa
1682 1333 1773 1357 osten-

979 1385 1018 1411 dit
1041 1383 1157 1410 hominis
1181 1383 1313 1413 veritate,
1343 1379 1489 1407 secundum
1517 1384 1597 1413 quam
1625 1383 1659 1403 ne
1687 1375 1771 1410 ipsam

979 1431 1085 1466 quidem
1103 1435 1215 1456 mortem
1233 1428 1329 1463 refugit
1344 1436 1350 1453 :
1365 1427 1411 1454 sed
1427 1427 1522 1453 iterum
1536 1424 1687 1457 iterumque
1699 1429 1774 1448 com-

980 1485 1095 1506 moneo,
1125 1483 1204 1502 nemo
1230 1473 1454 1508 dispensationem
1481 1471 1559 1497 istam
1585 1467 1772 1496 necessitatem

981 1527 1064 1557 putet.
1079 1521 1126 1549 scd
1151 1519 1335 1547 tantummodo
1359 1524 1476 1544 amorem
1497 1515 1546 1543 Dei
1566 1521 1628 1549 erga
1650 1511 1774 1540 homines

980 1567 1123 1601 intelligat.
1140 1566 1204 1593 Nam
1219 1571 1244 1592 et
1258 1563 1401 1599 aliquando
1415 1562 1520 1598 quidem
1534 1567 1615 1595 super
1631 1559 1772 1589 thronum.

980 1612 1124 1647 aliquando
1142 1619 1208 1638 vero
1227 1617 1308 1645 super
1330 1608 1473 1637 Cherubim
1497 1605 1642 1642 apparebat
1664 1602 1782 1646 sedenstg

981 1658 1075 1685 Omnia
1090 1663 1177 1684 tamen
1201 1657 1248 1682 ista
1266 1663 1313 1690 pro
1325 1654 1457 1682 variarum
1475 1651 1702 1687 dispensationum
1726 1641 1782 1684 op-y

981 1703 1142 1738 portunitate
1157 1703 1268 1729 faciebat
1278 1722 1284 1733 ,
1299 1705 1410 1735 propter
1424 1699 1495 1734 qUod
1511 1697 1628 1732 loquitur
1649 1703 1696 1730 per
1709 1702 1774 1730 pro-

981 1752 1107 1786 phetam:
1125 1750 1179 1785 Ego
1195 1750 1300 1776 risiones
1320 1747 1495 1782 multiplicari,
1512 1750 1534 1772 et
1548 1746 1574 1772 in
1586 1744 1701 1771 manibus
1713 1750 1774 1778 pro-

983 1798 1114 1829 phetarum
1136 1795 1288 1822 assintilutus
1308 1802 1362 1821 sum
1379 1793 1455 1827 (Osce
1468 1792 1508 1819 1‘2.
1532 1791 1588 1825 10).
1602 1790 1640 1817 ita
1657 1789 1736 1824 igitur
1747 1793 1776 1815 et

982 1843 1082 1870 Paulus
1096 1841 1204 1869 creditae
1220 1840 1270 1867 sibi
1286 1838 1495 1874 dispensationis
1515 1837 1623 1864 modum
1645 1842 1717 1870 sa‘pe
1729 1842 1788 1879 γει-ν

984 1888 1094 1921 riando,
1117 1894 1282 1921 nequaquam
1303 1886 1336 1912 de
1359 1884 1463 1911 Domini
1486 1883 1527 1910 sui
1550 1881 1701 1910 imitatione
1719 1880 1778 1908 cul-

985 1939 1060 1969 patns
1072 1939 1123 1964 est,
1135 1941 1193 1960 eum
1204 1932 1283 1960 modo
1294 1932 1399 1959 .lud:cns
1413 1931 1497 1961 iieret,
1510 1928 1590 1956 modo
1601 1935 1630 1955 se
1642 1927 1694 1955 illis
1704 1926 1778 1954 nulla

985 1979 1225 2008 communicatione
1237 1978 1371 2009 misceret,
1386 1982 1414 2004 et
1427 1983 1498 2003 nunc
1510 1975 1617 2010 quidem
1631 1972 1779 2001 custodiret

985 2027 1089 2061 legem,
1104 2032 1175 2052 nunc
1196 2031 1261 2050 vero
1284 2023 1452 2057 despiceret:
1468 2025 1495 2048 et
1509 2019 1652 2055 aliquando
1674 2025 1780 2046 conser-

986 2076 1061 2099 varet
1081 2076 1237 2105 przesentcm
1254 2070 1334 2096 vitam
1346 2089 1353 2100 ,
1368 2066 1511 2102 aliquando
1526 2069 1711 2093 contemneret
1730 2073 1738 2092 :
1752 2068 1781 2092 et

985 2125 1056 2144 nunc
1069 2117 1173 2151 quidem
1188 2116 1268 2143 etiam
1282 2113 1430 2149 postularet
1443 2111 1585 2147 pecunias,
1600 2118 1672 2138 nunc
1689 2113 1781 2137 autem

986 2164 1090 2191 oblatas
1111 2162 1190 2189 etiam
1217 2160 1369 2195 repudiaret
1388 2169 1395 2186 :
1416 2166 1477 2186 nam
1500 2162 1526 2185 et
1548 2155 1707 2184 sacriﬁcium
1730 2154 1781 2182 ob-

992 2209 1062 2240 tulit,
1077 2212 1104 2234 ct
1117 2206 1326 2242 purificationem
1340 2212 1372 2232 ex
1398 2211 1471 2231 more
1491 2201 1646 2235 celebravit,
1662 2206 1689 2229 ct
1703 2205 1782 2235 caput

987 2255 1070 2285 rasit;
1085 2254 1132 2281 sed
1146 2260 1240 2280 rursus
1255 2257 1283 2279 et
1302 2249 1536 2278 anathematizarit
1555 2248 1606 2275 ista
1628 2247 1757 2274 facientes
1771 2254 1790 2283 ε,

989 2306 1017 2328 et
1032 2307 1102 2328 nunc
1115 2299 1223 2334 quidem
1244 2296 1452 2325 circumeidebat
1467 2296 1535 2329 ipse,
1557 2301 1627 2321 nunc
1642 2292 1790 2325 circumci-j

990 2347 1093 2373 sionem
1109 2344 1216 2379 penitus
1231 2342 1400 2370 excludebat.
1422 2341 1456 2368 Et
1480 2343 1558 2367 erant
1583 2339 1651 2365 facta
1674 2337 1782 2372 quidem

990 2392 1048 2426 ipsa
1062 2391 1168 2418 diversa
1189 2390 1260 2416 inter
1275 2395 1304 2415 se
1317 2392 1398 2421 atque
1411 2386 1555 2417 contraria.
1573 2392 1648 2412 mens
1663 2390 1728 2410 vero
1739 2383 1791 2419 at-g

992 2446 1044 2471 que
1058 2437 1189 2464 sententia
1203 2443 1234 2462 ex
1249 2441 1299 2470 qua
1314 2434 1358 2460 illa
1373 2432 1472 2464 ﬁebant
1487 2431 1563 2458 valde
1576 2430 1626 2458 sibi
1639 2430 1785 2457 concinens

992 2489 1072 2518 atque
1086 2481 1261 2510 concordans.

1029 2529 1128 2555 Paulus
1140 2527 1215 2554 modo
1231 2527 1309 2561 legem
1323 2526 1430 2558 extollit,
1446 2525 1521 2552 modo
1536 2524 1632 2560 dejicit.
1647 2538 1683 2544 —--
1695 2522 1784 2551 Unum

995 2575 1059 2603 illud
1074 2575 1228 2609 requirebat
1238 2578 1266 2600 ‘et
1280 2573 1366 2600 solum
1377 2592 1384 2603 ,
1401 2579 1493 2599 eorum
1509 2571 1554 2606 qui
1574 2570 1649 2597 illum
1663 2569 1787 2596 audirent

996 2630 1027 2650 ac
1049 2622 1182 2653 viderent,
1205 2620 1338 2646 salutem:
1355 2623 1496 2653 propterea
1518 2617 1598 2644 modo
1621 2615 1725 2643 extollit
1747 2615 1787 2642 le-

996 2676 1068 2704 gem,
1090 2667 1171 2694 modo
1191 2665 1302 2693 inclinat
1314 2672 1346 2692 ac
1367 2664 1466 2699 dejicit.
1491 2662 1547 2690 Non
1572 2662 1642 2689 enim
1661 2661 1746 2687 solum
1761 2660 1788 2686 in

997 2714 1099 2741 actibus
1113 2712 1178 2743 suis,
1194 2719 1287 2738 verum
1302 2710 1422 2737 etiamin
1437 2709 1528 2736 verbis
1538 2712 1606 2739 erat,
1622 2711 1651 2733 ut
1661 2706 1726 2736 dixi,
1742 2713 1788 2731 ra-

998 2760 1055 2786 rius
1070 2765 1102 2785 ac
1121 2756 1269 2792 multiplex,
1287 2763 1341 2783 non
1360 2754 1489 2782 mutando
1510 2752 1680 2783 sententiam,
1700 2757 1787 2785 neque

999 2806 1068 2832 alter
1096 2803 1180 2831 factus
1202 2811 1235 2830 ex
1260 2803 1345 2829 altero
1368 2810 1375 2828 :
1398 2801 1444 2828 sed
1466 2801 1524 2834 ipse
1544 2798 1615 2834 quod
1638 2801 1696 2825 erat
1715 2804 1788 2823 sem-

998 2859 1047 2887 per
1074 2848 1225 2879 manendo,
1252 2855 1346 2874 eorum
1373 2854 1432 2882 qum
1455 2846 1523 2873 dicta
1551 2850 1613 2871 sunt
1638 2851 1715 2870 usum
1739 2850 1787 2877 pro

1002 2902 1145 2925 causarum
1172 2893 1368 2928 opportunitate
1392 2891 1522 2919 variabat.
1545 2890 1603 2918 Non
1626 2889 1704 2924 igitur
1728 2895 1789 2916 eum
