1969 3130
209 149 263 175 491)

214 213 323 244 propter
343 207 390 234 ista
405 209 600 244 reprehendas,
622 218 730 247 propter
750 222 809 248 qua:
829 215 902 243 illum
916 218 1000 252 magis

213 251 297 278 debes
307 251 392 285 dignis
405 253 525 282 laudibus
537 263 674 284 coronare.
687 258 821 293 Siquidem
831 266 858 288 ct
871 251 1001 290 medicum

211 306 272 325 cum
292 306 361 325 nunc
384 305 502 328 urentem
523 302 638 336 videris,
660 313 729 332 nunc
752 305 904 340 foventem,
930 317 999 336 nunc

211 342 282 369 ferro
298 347 427 378 utentem,
443 354 513 374 nunc
529 349 733 383 medicatnento,
749 356 776 378 et.
789 352 929 387 aliquando
944 355 1001 388 qui-

208 389 270 417 dem
285 395 413 426 aegrotum
427 400 441 419 a
456 394 515 420 cibo
529 399 643 429 poloque
656 396 841 431 cohibentem,
859 399 1000 434 aliquando

210 443 276 463 \‘ero
294 444 354 464 eum
373 439 398 464 in
413 438 461 465 ista
477 439 624 473 laxantem,
640 447 666 469 et
681 443 760 470 modo
782 444 888 478 quidem
901 453 999 480 coope-

208 481 321 509 rientem
337 483 461 518 undique,
474 490 500 512 et
513 487 629 521 undique
641 488 841 521 confoventem;
852 498 922 518 nunc
937 499 999 518 vero

208 526 257 559 ipsi
273 527 310 556 illi
320 529 448 557 calefacto
462 532 581 560 securius
595 534 698 567 plenam
711 535 811 570 frigidis
825 538 900 572 aquis
913 538 998 573 impe-

211 577 312 599 mntem
327 579 435 608 cpotare
451 576 565 610 phialam
579 587 584 604 :
599 586 652 606 non
672 581 760 615 utique
774 589 854 616 super
874 583 923 610 hac
937 591 998 611 eum

209 617 335 646 varietate
357 624 384 646 et
405 619 536 656 frequenti
555 625 699 652 mulatione
722 628 854 661 culpabis;
870 629 916 656 sed
936 634 997 657 tunc

208 663 339 698 prmeipue
353 667 471 700 stupebis
483 673 579 702 artem,
600 671 706 705 quando
719 680 749 698 ea
762 681 821 707 qua:
843 674 920 701 nobis
933 683 998 702 con-

207 709 286 736 traria
302 711 424 739 videnlur
438 718 465 741 et
476 715 563 748 noxia,
581 716 650 744 illam
667 726 725 745 cum
743 719 837 746 fiducia
851 721 947 748 videris
958 722 997 748 of~

209 753 350 785 ferentem.
375 758 430 786 Hoc
449 765 489 786 cst
509 762 580 788 enim
604 764 656 789 veri
679 764 789 791 artiﬁcis
808 773 839 792 ac
860 767 947 800 periti.
968 767 996 795 Si

208 800 286 833 igitur
298 804 476 838 approbanius
489 807 621 835 medicum
636 811 768 837 contraria
783 812 830 838 ista
845 812 993 847 facientem,

209 846 291 872 multo
305 850 388 883 magis
407 850 481 878 Pauli
500 851 628 881 debemus
642 856 757 883 animam
773 858 926 892 pra-dicare,
942 864 995 886 tam

207 891 298 918 multis
312 901 341 920 se
355 901 384 921 ac
397 894 510 924 diversis
521 898 606 925 modis
615 903 805 934 a'grotantibus
815 891 993 939 coaptantem.

205 935 263 963 Non
286 939 356 966 enim
382 941 469 969 minus
494 942 520 970 hi
534 945 579 978 qui
602 945 767 980 animarum,
791 957 869 983 quam
890 951 926 978 illi
950 952 994 986 qui

204 990 346 1018 corporum
371 987 497 1022 languore
518 996 658 1024 vexantur,
673 999 730 1021 arte
749 1003 816 1029 opus
835 997 949 1030 habent,
963 1006 994 1025 ac

204 1029 330 1057 varietate
350 1035 459 1061 curandi
472 1044 479 1061 :
495 1037 527 1062 ad
542 1045 609 1070 quos
620 1038 641 1065 si
663 1047 757 1067 secure
771 1046 798 1068 et
810 1043 881 1070 velut
902 1051 936 1070 ex
951 1044 993 1071 di-

205 1080 277 1101 recto
288 1076 404 1104 volueris
416 1080 554 1115 accedere,
566 1085 653 1111 omnis
667 1092 727 1119 spes
738 1087 771 1113 ab
784 1088 822 1114 eis
840 1089 932 1116 salutis
944 1098 992 1116 au-

205 1118 293 1154 fugiet.
323 1122 356 1149 Et
369 1124 431 1158 quid
446 1126 541 1153 mirum
558 1129 579 1155 si
605 1129 726 1158 homines
747 1132 780 1158 ad
801 1133 857 1160 hmc
881 1136 992 1163 sanandi

174 1192 177 1198 ί
203 1171 411 1200 temperamenta
436 1170 609 1208 descendant,
636 1183 696 1203 cum
720 1177 801 1205 etiam
825 1180 993 1215 omnipotens

603 1205 608 1208 γ
872 1205 991 1215 ηψπ..-

204 1211 272 1238 Deus
289 1212 339 1239 Inoo
351 1214 408 1248 ipso
419 1217 557 1245 medicinze
568 1225 658 1248 utatur
671 1223 760 1256 modo,
780 1232 828 1251 nec
841 1228 930 1253 omnia
941 1236 991 1255 no-

203 1255 242 1282 bis
267 1257 433 1287 uniformiter
456 1269 487 1289 ac
511 1263 630 1292 dircctim
657 1267 805 1302 loquatur?
833 1270 897 1304 Quia
920 1274 991 1300 enim

691 1295 699 1302 ι
836 1295 897 1304 κν.-

204 1309 298 1336 sponte
313 1311 361 1331 nos
375 1306 430 1333 vult
442 1307 512 1335 efﬁci
529 1309 612 1336 bonos
625 1331 632 1343 ,
657 1321 709 1340 non
731 1316 889 1343 necessitate
911 1323 991 1352 atque

171 1347 177 1382 ξ
206 1347 340 1382 violentia,
351 1358 418 1385 opus
431 1353 510 1380 etiam
525 1354 605 1382 habet
619 1359 851 1394 mutationecuraz,
864 1370 916 1389 non
926 1371 986 1398 pro-

202 1397 260 1424 pter
274 1395 389 1429 aliquam
408 1398 645 1433 impossibilitatem
667 1412 752 1438 suam,
769 1407 847 1440 absit,
862 1410 909 1436 sed
927 1395 991 1444 pro-

205 1445 264 1473 pter
276 1446 393 1470 nostram
408 1443 586 1480 fragilitatem.
603 1449 653 1483 Ipsi
666 1451 735 1477 enim
747 1453 807 1480 licet
821 1454 930 1483 innuere
943 1464 989 1484 so-

201 1484 266 1517 lum,
280 1487 333 1513 imo
347 1489 414 1516 velle
428 1494 610 1520 tantummodo
623 1515 630 1527 ,
654 1496 762 1532 jamque
776 1498 844 1527 facta
870 1508 989 1536 spectare

202 1538 261 1565 qua.-
273 1533 365 1561 voiuit.
378 1535 432 1563 Nos
445 1545 509 1565 vero
523 1540 567 1573 qui
579 1543 663 1569 semel
674 1543 837 1572 dominatum
847 1549 930 1575 nostri
943 1550 990 1576 ad-

200 1579 253 1611 epti
268 1586 371 1614 sumus,
381 1590 432 1610 non
449 1584 474 1610 in
485 1587 588 1613 cunctis
602 1588 656 1616 Deo
673 1590 796 1618 subditos
807 1600 867 1620 esse
880 1602 929 1621 nos
943 1603 988 1630 pa-

200 1625 280 1651 timur
295 1634 301 1651 :
317 1628 362 1660 qui
372 1628 393 1654 si
408 1629 523 1658 traheret
535 1632 640 1665 invitos,
653 1636 830 1672 eriperetipse
841 1640 910 1673 quod
921 1625 987 1668 con—

199 1669 267 1699 tulit.
281 1670 306 1697 id
320 1678 370 1704 est,
385 1674 489 1702 arbitrii
500 1682 670 1711 potestatem.
686 1680 725 1708 Nc
749 1669 829 1717 igitur
846 1669 916 1712 istud
941 1687 987 1714 tie-

199 1720 249 1748 ret,
264 1716 396 1751 frequenti
413 1720 460 1748 fuit
471 1730 538 1757 opus
549 1725 674 1754 varietate
688 1716 846 1758 medicandi.
863 1732 924 1760 [late
937 1741 986 1761 au—

197 1766 249 1788 tem
261 1771 274 1788 a
290 1765 366 1792 nobis
378 1774 430 1793 non
443 1770 577 1802 superfluo
588 1771 719 1807 disputata
733 1781 804 1807 sunt.
819 1779 864 1805 sed
879 1785 986 1815 propter

197 1807 265 1834 beati
281 1809 354 1837 Pauli
365 1813 466 1840 varium
487 1816 602 1844 studium
615 1823 694 1853 atque
704 1822 820 1855 sapiens.
837 1830 865 1850 ιιι
879 1807 985 1860 ξιυτιίιιιο

197 1861 258 1881 curn
276 1855 373 1884 videris
384 1860 501 1892 pericula
518 1861 671 1897 fugientem,
689 1874 740 1893 non
758 1868 831 1896 illum
845 1871 984 1900 admireris

198 1900 293 1933 minus,
307 1911 385 1937 quam
401 1912 461 1932 cum
472 1914 501 1934 se
513 1909 638 1942 periculis
660 1913 757 1946 gaudet
780 1922 915 1950 opponere
929 1928 934 1945 :
956 1924 984 1946 ut

197 1946 266 1972 enim
283 1947 332 1973 hoc
343 1949 514 1984 fortitudinis,
529 1955 565 1981 ita
580 1955 645 1983 illud
658 1959 796 1992 sapientiae
812 1967 863 1989 est.
877 1963 908 1989 Et
922 1972 982 1992 cum

195 1992 294 2020 videris
306 2002 366 2022 eum
381 2004 474 2031 magna
489 1999 522 2026 de
538 2001 627 2036 seipso
644 2011 793 2035 sonantem.
808 2008 984 2038 similiterad-

194 2039 311 2073 mireris,
326 2049 357 2067 ac
368 2042 389 2068 si
405 2043 478 2071 illum
489 2046 756 2085 \‘ideassemetipsum
764 2053 956 2088 depretiantcm
974 2067 981 2085 :

194 2090 221 2111 ut
236 2086 306 2114 enim
323 2087 393 2115 istud
405 2089 561 2119 humilitatis
573 2115 580 2124 ,
597 2094 632 2121 ita
644 2101 672 2123 et
687 2097 748 2124 illud
760 2086 982 2134 magnanimitatis

194 2134 244 2157 est.
259 2132 369 2164 Quando
382 2135 454 2162 enim
469 2137 625 2171 gloriantem
639 2142 746 2175 videris,
761 2145 893 2174 admirare
912 2156 917 2174 :
934 2149 981 2176 sed

192 2176 317 2204 similiter
332 2179 429 2212 lauda.
454 2190 513 2209 cum
537 2184 608 2211 illum
623 2187 696 2215 vides
713 2188 822 2217 humilia
847 2191 880 2219 de
902 2201 931 2220 se
955 2199 982 2221 et

190 2225 398 2258 contemptibilia
407 2227 549 2256 dicentem.
557 2230 622 2258 Nam
633 2233 717 2261 ethoc
725 2241 764 2262 est
771 2237 851 2264 animi
860 2245 982 2273 arrogan-

192 2267 226 2294 tia
242 2270 328 2302 vacui,
345 2277 371 2298 et
382 2272 444 2299 illud
460 2274 602 2303 dilectione
615 2282 642 2304 et
655 2278 818 2310 humanitate
843 2267 935 2316 pleni.“
952 2285 979 2312 ln

190 2314 414 2348 dispensationem
434 2320 564 2354 siquidem
593 2325 734 2353 multorum
751 2329 844 2355 salutis
866 2331 915 2357 ista
940 2331 979 2359 fa-

191 2360 293 2392 ciebat,
320 2369 427 2398 propter
439 2367 508 2400 quod
529 2369 584 2396 ait:
600 2370 658 2398 Sive
679 2373 744 2399 enim
773 2380 853 2402 "mite
881 2379 980 2405 excedi-

191 2414 260 2437 mus,
285 2407 350 2441 Deo;
369 2410 420 2436 sive
436 2412 512 2439 sobrii
528 2423 630 2447 sumus,
645 2418 713 2445 vobis
730 2419 767 2454 (2.
788 2421 845 2448 Cor.
869 2423 896 2450 5.
922 2425 976 2460 15).

191 2451 212 2460 ι.
319 2456 334 2460 ..
421 2458 425 2460 .

734 2451 739 2454 ,
958 2451 964 2460 ι

190 2451 280 2487 Neque
301 2456 367 2481 alios
382 2458 520 2492 quisquam
539 2465 634 2493 tantas,
651 2471 703 2490 non
727 2466 787 2492 dico
808 2470 977 2504 occasiones,

191 2498 236 2525 sed
257 2507 367 2533 prorsus
388 2505 559 2531 necessitates
582 2507 674 2535 habuit
693 2514 870 2545 arrogantite,
892 2523 978 2550 neque

189 2549 277 2571 tamen
293 2546 362 2572 ullus
374 2548 440 2574 alter
452 2549 484 2576 ita
498 2559 526 2577 se
541 2552 637 2580 munde
647 2555 681 2582 ab
694 2557 765 2583 omni
777 2557 902 2591 jactantia
913 2562 977 2588 sub-

187 2589 274 2616 duxit.
287 2591 349 2618 Haec
359 2593 447 2628 itaque
456 2596 543 2623 animo
549 2600 690 2628 attentiore
697 2604 845 2631 considera.
854 2606 974 2642 Scientia,

188 2635 283 2670 impiit,
299 2637 372 2671 inﬂat
387 2640 424 2671 (1.
439 2640 496 2667 Cor.
513 2643 538 2670 8.
556 2645 601 2678 t):
617 2651 643 2673 et
664 2646 715 2674 hoc
730 2655 823 2677 omnes
835 2635 975 2687 cumApo:

188 2682 257 2708 stolo
279 2681 355 2709 facile
379 2684 535 2715 dixerimus.
559 2692 592 2716 At
616 2697 686 2719 tanta
710 2700 782 2722 certe
805 2697 830 2723 in
856 2698 900 2724 illo
919 2705 976 2726 erat

187 2726 309 2759 scientia,
324 2736 421 2763 quanta
438 2732 463 2759 in
478 2734 530 2760 ullo
543 2744 666 2771 umquam
682 2739 775 2774 fuerit,
787 2750 874 2777 neque
889 2750 975 2773 tamen

187 2781 215 2797 se
227 2775 318 2800 extulit
344 2776 501 2812 in.-olenter,
517 2783 560 2814 qui
577 2790 605 2808 se
620 2783 645 2809 in
667 2785 717 2811 lmc
731 2794 788 2820 Ipso
804 2788 926 2817 humiliat
944 2799 976 2818 ac

184 2818 274 2852 dejicit
288 2820 380 2849 dicens
396 2832 404 2850 :
419 2824 459 2850 Ex
473 2829 730 2863 partecognoscimus,
742 2818 772 2858 ex
783 2839 854 2866 parte
865 2837 974 2870 prophe-

186 2870 267 2892 lantus
273 2867 361 2903 (αῖον.
368 2871 376 2896 1
419 2871 457 2907 9).
468 2871 509 2902 Et,
523 2871 549 2898 Ν
551 2881 583 2899 an
593 2882 634 2900 me
641 2875 748 2904 arbitror
755 2867 973 2912 comprehendisse

560 153 588 180 S.
610 153 749 183 JOANNIS
767 156 1005 188 διίηγςυδτολιι
1026 163 1186 193 ARCIHEP.
1207 166 1475 195 CONSTANTINOP.
1798 172 1844 200 5οξ

1061 220 1187 256 (Philipp.
1205 224 1231 251 5.
1247 225 1301 260 15).
1317 224 1360 258 Et,
1373 225 1403 252 Si
1415 226 1471 260 quis
1486 227 1610 254 existimat
1625 237 1651 255 se
1663 229 1728 256 scire
1738 230 1845 261 aliquid,

1055 267 1166 294 nom/um
1192 271 1307 303 cognovit
1335 273 1546 305 quemadmodum
1576 283 1632 300 eum
1660 280 1760 309 oportet
1784 278 1840 302 stin

1057 313 1093 346 (1.
1110 313 1168 340 Cor.
1185 315 1211 342 8.
1234 315 1273 350 Ξ).
1299 316 1432 350 Jejunium
1454 327 1546 346 rursus
1570 320 1653 353 inﬂat,
1678 321 1759 356 idque
1785 323 1846 349 fecit

1054 357 1204 386 Pharisteus
1218 361 1261 388 ille
1276 363 1455 397 manifestum,
1467 365 1511 398 qui
1524 366 1560 392 ait
1574 374 1580 392 :
1597 365 1691 402 Jejuno
1702 368 1739 394 bis
1749 368 1776 393 in
1788 368 1846 394 sub-

1054 404 1110 430 bata
1126 405 1200 440 (Luc.
1219 407 1261 434 18.
1277 408 1331 442 12).
1351 410 1402 436 Sed
1417 410 1514 437 Paulus
1529 420 1582 438 non
1599 413 1678 439 modo
1699 413 1825 448 jejunans
1836 435 1844 446 .

1053 457 1145 477 verum
1167 451 1246 478 etiam
1266 453 1362 481 famem
1387 461 1496 489 propter
1520 457 1654 485 Christum
1678 459 1794 493 patiens,
1817 468 1846 486 se

1052 495 1131 521 etiam
1143 496 1288 524 abortivum
1303 500 1415 526 vocabat
1428 502 1467 535 (1.
1483 501 1541 528 Cor.
1559 503 1601 530 i5.
1617 503 1655 537 8).

1088 540 1148 568 Non
1161 551 1246 570 omnes
1256 545 1419 572 revelationes
1435 555 1495 573 suas
1509 549 1626 575 reserauit
1644 548 1753 577 Paulus.
1770 550 1843 577 Pan-

1051 587 1090 614 lus
1101 590 1225 622 quomodo
1238 599 1264 617 se
1282 591 1402 620 laudarit.
1418 608 1453 613 —-
1465 594 1497 620 Et
1512 595 1574 628 quid
1595 595 1628 622 de
1647 596 1758 624 scientia
1784 597 1844 624 dico

1050 638 1129 667 atque
1149 634 1264 669 jejunio,
1286 638 1392 670 quando
1405 639 1484 666 etiam
1506 645 1575 668 tanta
1589 648 1649 668 cum
1668 642 1722 669 Deo
1741 643 1844 670 habens

1049 685 1077 706 et
1091 686 1142 706 tam
1153 681 1245 708 crebra
1256 683 1398 719 colloquia,
1408 691 1505 720 quanta
1522 695 1570 714 nec
1584 689 1773 723 prophetarum
1794 698 1842 716 nec

1049 727 1229 760 apostolorum
1252 729 1320 757 ullus
1336 730 1441 764 habuit,
1458 741 1504 766 per
1516 743 1547 760 ca
1566 734 1621 769 ip~a
1637 735 1765 763 humilior
1784 738 1843 763 red-

1049 771 1182 800 debatur?
1205 774 1262 802 Non
1288 776 1358 803 enim
1384 778 1447 804 ntihi
1468 779 1540 806 dicas
1562 780 1611 807 ista
1634 788 1693 815 qua:
1719 781 1840 816 legimus.

1049 816 1113 844 Nam
1126 819 1200 852 plura
1214 821 1308 848 celavit
1320 842 1327 854 ,
1343 829 1391 850 nec
1404 824 1474 850 enim
1488 825 1577 852 omnia
1600 826 1682 858 dixit,
1700 835 1734 854 ne
1758 828 1840 861 gloria

1049 863 1141 898 majori
1151 873 1181 892 se
1191 866 1368 895 circumdaret
1380 877 1387 895 :
1404 876 1453 896 nec
1466 871 1574 898 omnino
1584 877 1677 898 cuncta
1693 873 1774 900 tacuit
1785 894 1799 906 ,_
1809 881 1840 899 ne

1049 910 1328 946 pseudoapostolorum
1357 919 1448 942 contra
1471 923 1500 943 se
1526 924 1571 943 ora
1600 924 1746 946 reseraret.
1771 919 1839 946 Nihil

1047 957 1117 983 enim
1132 958 1216 985 otiose
1231 959 1275 986 ille
1297 959 1426 994 faciebat,
1440 961 1487 988 sed
1498 963 1586 989 omnia
1599 970 1659 990 cum
1674 971 1756 991 causa
1770 965 1838 999 justo

1048 1003 1232 1038 probabilique
1244 1006 1356 1032 ratione.
1371 1006 1436 1033 Cum
1451 1012 1522 1034 tanta
1534 1008 1622 1043 itaque
1636 1009 1741 1040 ratione
1754 1014 1840 1037 tantas

1046 1055 1089 1074 res
1103 1048 1171 1076 inter
1183 1057 1212 1076 se
1225 1050 1343 1079 diversas
1354 1053 1554 1088 contrariasque
1568 1055 1727 1089 peragebat,
1743 1061 1772 1083 ut
1786 1057 1837 1082 eis-

1045 1093 1106 1121 dem
1121 1099 1209 1123 tamen
1232 1096 1354 1124 laudibus
1378 1098 1475 1133 ubique
1496 1105 1646 1127 ornaretur.
1674 1101 1753 1134 Quod
1777 1101 1838 1128 dum

1045 1140 1162 1173 apertius
1176 1141 1288 1170 dicimus
1298 1162 1306 1174 ,
1319 1143 1430 1170 intuere.
1447 1144 1568 1179 Magnum
1589 1145 1688 1172 bonum
1704 1151 1746 1173 est
1761 1146 1795 1173 de
1809 1154 1838 1173 se

1045 1184 1111 1210 nihil
1130 1193 1252 1220 magnum
1266 1188 1354 1222 loqui;
1370 1189 1412 1215 hic
1423 1194 1512 1216 autem
1530 1194 1583 1217 tam
1599 1195 1751 1225 opportune
1763 1197 1837 1225 apte—

1045 1231 1152 1265 quehoc
1162 1233 1290 1266 faciebat,
1306 1239 1334 1261 ut
1345 1236 1429 1270 magis
1442 1242 1590 1264 mereretur
1602 1237 1735 1272 loquendo
1750 1239 1785 1265 de
1798 1245 1837 1270 se,

1044 1284 1123 1310 quam
1144 1278 1256 1306 tacendo
1267 1299 1274 1312 ,
1287 1279 1396 1307 laudari.
1413 1281 1462 1314 Qui
1478 1282 1527 1308 nisi
1542 1281 1649 1309 fecisset
1664 1283 1735 1310 istud
1747 1304 1754 1314 ,
1781 1283 1836 1309 cul-

1044 1323 1157 1357 pabilior
1180 1330 1252 1352 esset
1278 1325 1348 1359 illis,
1364 1327 1408 1362 qui
1427 1327 1530 1362 scipsos
1557 1329 1708 1362 importune
1728 1329 1837 1356 laudare

1043 1369 1192 1397 didicerunt
1209 1376 1253 1398 :et
1268 1372 1317 1398 nisi
1333 1373 1411 1399 etiam
1432 1373 1559 1408 gloriatus
1582 1374 1694 1407 fuisset,
1718 1376 1836 1402 creditos

1043 1414 1093 1441 sibi
1108 1415 1265 1449 perdidisset
1285 1424 1432 1452 omnesque
1455 1426 1498 1446 res
1514 1419 1701 1453 inimicorum,
1724 1421 1787 1447 dum
1808 1428 1836 1447 sc

1043 1460 1178 1495 humiliat,
1193 1463 1341 1491 extulisset.
1358 1464 1402 1492 Sic
1416 1471 1527 1492 noverat
1540 1466 1577 1492 uti
1589 1467 1687 1501 ubique
1703 1472 1833 1501 tempore,

1041 1512 1068 1534 et
1082 1515 1142 1535 cum
1155 1513 1229 1536 recto
1241 1510 1352 1538 consilio
1365 1515 1444 1546 atque
1458 1513 1589 1540 sententia
1600 1521 1629 1540 ea
1641 1521 1700 1548 qua:
1711 1513 1835 1540 videntur

1041 1553 1206 1587 reprobanda
1230 1555 1359 1588 perlicere
1371 1577 1377 1588 ,
1395 1561 1447 1582 tam
1462 1557 1562 1585 utiliter
1583 1562 1609 1584 et
1620 1558 1781 1590 commode,
1808 1563 1834 1584 ut

1041 1606 1093 1626 non
1119 1600 1207 1628 minus
1232 1601 1265 1628 de
1290 1602 1342 1628 illis
1359 1602 1491 1636 placeret,
1519 1611 1598 1638 quam
1622 1611 1683 1630 eum
1704 1604 1832 1639 imperata

1040 1646 1195 1680 compleret.
1211 1647 1332 1681 Amplius
1353 1648 1424 1675 enim
1439 1656 1509 1676 nunc
1530 1649 1627 1676 Paulus
1651 1649 1751 1684 placuit
1775 1650 1832 1684 glo-

1040 1691 1149 1723 riando,
1163 1700 1242 1727 quam
1258 1694 1324 1720 alter
1337 1694 1429 1721 laudes
1448 1695 1568 1729 proprias
1589 1696 1749 1723 occultando
1763 1706 1770 1724 :
1786 1704 1832 1723 nec

1040 1742 1140 1764 tantum
1163 1739 1302 1774 quisquam
1325 1741 1424 1775 profuit
1447 1749 1507 1768 cum
1533 1750 1579 1769 sua
1594 1743 1690 1770 merita
1714 1743 1830 1775 celaret,

1038 1789 1166 1818 quantum
1181 1785 1230 1812 iste
1242 1793 1301 1812 cum
1311 1787 1444 1821 proderet.
1459 1787 1509 1814 Sed
1525 1788 1574 1814 hoc
1587 1796 1694 1822 quoque
1708 1794 1750 1815 est
1764 1790 1831 1816 mul-

1039 1834 1066 1856 to
1080 1830 1262 1859 admirabilius
1278 1842 1284 1860 :
1301 1833 1362 1868 quia
1375 1833 1409 1861 de
1423 1841 1452 1861 se
1465 1842 1516 1861 non
1532 1834 1611 1862 modo
1623 1835 1767 1870 loquutus,
1784 1844 1830 1863 ve-

1038 1883 1095 1902 rum
1110 1877 1188 1903 etiam
1202 1884 1330 1911 quantum
1343 1880 1457 1913 oportuit
1474 1884 1515 1906 est
1536 1879 1671 1914 loquutus.
1687 1880 1747 1907 Non
1760 1881 1830 1908 enim

1037 1922 1111 1956 quasi
1132 1923 1274 1950 maximam
1287 1925 1419 1961 licentiam
1435 1925 1469 1952 de
1494 1927 1694 1960 opportunitate
1718 1932 1827 1960 nactus,

1037 1967 1236 1996 immoderatius
1249 1970 1370 1998 laudibus
1382 1971 1437 1999 suis
1452 1979 1514 1998 usus
1524 1978 1564 1998 est
1575 1981 1581 2003 ;
1599 1972 1646 1999 sed
1658 1973 1830 2000 consideran-

1037 2014 1138 2041 tissime
1151 2022 1288 2050 quousque
1298 2024 1358 2043 cum
1370 2018 1491 2052 progredi
1507 2018 1599 2046 liceret
1610 2020 1728 2053 agnovit.
1739 2019 1829 2054 Neque

1036 2062 1124 2086 tamen
1141 2060 1211 2087 istud
1225 2060 1348 2089 sufficere
1369 2063 1418 2089 sibi
1440 2063 1570 2094 credidit,
1586 2064 1634 2090 scd
1649 2071 1684 2091 ne
1698 2064 1766 2090 alios
1780 2065 1829 2092 hoc

1037 2113 1160 2134 sermone
1169 2113 1269 2135 vetaret
1281 2107 1312 2144 [Γ.
1326 2109 1452 2146 vitiaret],
1465 2110 1543 2144 idque
1555 2111 1677 2138 efﬁceret
1689 2117 1717 2138 ut
1726 2116 1825 2138 semet-

1036 2151 1108 2185 ipsos
1132 2153 1245 2179 inaniter
1261 2154 1452 2188 prmdicarcut,
1478 2156 1593 2183 libenter
1613 2164 1643 2183 se
1655 2157 1738 2183 etiam
1762 2157 1826 2184 insi-

1035 2197 1151 2231 pientem
1168 2199 1271 2226 vocavit
1287 2209 1293 2226 :
1308 2195 1465 2235 quamquam
1480 2206 1552 2228 certa
1564 2202 1693 2229 invitante
1703 2209 1781 2228 causa
1795 2203 1827 2229 de

1035 2243 1139 2277 propria
1151 2243 1250 2278 aliquid
1266 2245 1343 2272 laude
1353 2246 1548 2279 perstrinxerit.
1563 2247 1630 2280 Quia
1645 2248 1717 2274 enim
1732 2255 1824 2274 conse-

1034 2295 1118 2322 quens
1131 2293 1202 2319 erat,
1216 2295 1245 2316 ut
1258 2289 1370 2324 idipsum
1386 2291 1558 2324 respicientes
1572 2292 1615 2318 alii
1629 2296 1733 2319 temere
1749 2299 1825 2327 atque

1034 2333 1147 2360 inaniter
1165 2336 1222 2366 ejus
1246 2339 1384 2362 uterentur
1409 2337 1551 2371 exemplo:
1573 2338 1644 2371 quod
1670 2338 1825 2372 plerumque

1032 2379 1161 2412 contingit
1175 2385 1201 2406 et
1211 2380 1321 2406 medicis
1335 2390 1341 2406 :
1358 2388 1428 2415 srepe
1439 2382 1508 2408 enim
1521 2382 1746 2409 medicamentum
1757 2384 1823 2417 quod

1032 2429 1180 2458 opportune
1194 2426 1260 2452 alter
1272 2427 1394 2460 apposuit
1404 2448 1410 2457 ,
1427 2428 1577 2461 importune
1586 2429 1655 2455 alter
1667 2429 1821 2458 admovens.

1032 2470 1084 2496 vim
1101 2470 1282 2497 medicaminis
1297 2472 1507 2507 obscuratatque
1520 2475 1669 2507 corrumpit
1685 2483 1691 2499 :
1704 2473 1822 2508 neigitur

1032 2516 1075 2543 hic
1085 2524 1190 2551 quoque
1204 2518 1273 2544 istud
1287 2518 1436 2551 accideret,
1452 2519 1512 2546 vide
1521 2525 1620 2554 quanta
1636 2521 1820 2554 procuratione

1031 2569 1094 2588 usus
1105 2563 1139 2589 sit
1155 2564 1218 2597 :qui
1231 2571 1291 2590 cum
1313 2564 1474 2599 gloriaturus
1487 2570 1558 2592 esset
1568 2587 1575 2595 .
1590 2574 1643 2592 non
1654 2567 1755 2597 semel,
1771 2573 1820 2592 non

1030 2607 1163 2639 secundo,
1178 2608 1227 2635 sed
1240 2610 1336 2643 srepius
1355 2610 1501 2638 diﬂ‘crendo
1516 2616 1595 2646 atque
1615 2611 1766 2638 cunctando
1781 2611 1818 2638 di-

1030 2654 1106 2680 cebat
1124 2663 1130 2680 ε
1149 2654 1252 2681 Utinam
1271 2657 1422 2683 sustineretis
1448 2658 1575 2683 modicum
1589 2657 1651 2692 quid
1671 2658 1818 2692 insipienlitt’

1030 2708 1092 2726 mete
1105 2700 1143 2732 (Ξ.
1159 2700 1219 2727 Cor.
1232 2702 1274 2727 11.
1292 2702 1316 2728 1.
1333 2702 1362 2737 2)
1376 2712 1383 2729 :
1397 2708 1423 2729 et
1436 2710 1543 2736 rursus,
1559 2703 1635 2736 Quod
1654 2704 1756 2737 loquor,
1771 2711 1816 2729 non

1030 2746 1117 2780 loquor
1126 2748 1263 2774 secundum
1276 2747 1356 2774 Deum
1367 2769 1374 2780 ,
1388 2749 1432 2775 sed
1444 2749 1471 2774 in
1483 2749 1629 2782 insipientia
1641 2750 1649 2764 ‘
1666 2749 1718 2784 (Ib.
1741 2757 1764 2776 tt.
1785 2749 1814 2775 Π

1027 2797 1051 2817 et
1063 2792 1117 2826 21).
1134 2792 1253 2827 Cumque
1266 2798 1338 2820 tanta
1358 2793 1481 2826 dixisset,
1496 2802 1549 2822 non
1565 2800 1652 2822 tamen
1668 2803 1699 2822 ea
1710 2803 1739 2823 se
1751 2803 1812 2830 prte-

1061 2858 1067 2872 ¹
1085 2862 1123 2882 cr.
1137 2859 1202 2888 add,
1215 2859 1239 2885 in
1251 2866 1299 2891 quo
1311 2860 1362 2892 quia
1374 2860 1447 2886 audet
1455 2879 1462 2890 ,
1475 2860 1499 2886 in
1511 2861 1649 2894 itmpr‘entia
1660 2862 1716 2888 diro
1724 2881 1730 2891 ,
1743 2862 1812 2886 audeo

1027 2892 1049 2912 et
1061 2895 1111 2920 ego.
