1969 3130
125 127 174 154 εει

126 182 230 210 misisse
242 185 385 208 contentus
397 185 456 213 est,
470 179 516 207 sed
529 187 623 206 rursus
637 179 805 214 ingressurus
816 178 842 204 in
857 178 916 204 lau-

125 229 190 260 des.
211 228 386 261 semetipsum
401 226 530 257 occultat,
546 229 573 252 et
587 224 670 252 dicit:
696 225 756 252 Scio
770 225 895 251 hominum
907 244 916 257 ,

125 281 152 302 et
163 275 272 306 iterum,
289 273 341 300 Pro
353 273 498 309 hujusmodi
509 272 645 307 gloriabor,
662 279 707 307 pro
730 279 768 297 me
781 276 864 297 autent
877 272 917 297 ηἰ-

126 322 171 347 hil.
184 320 302 354 Postque
311 319 474 351 llzecomnia,
489 318 584 345 Factus
598 327 653 345 sum
666 318 787 352 insipiens
797 338 804 350 ,
821 318 915 352 inquit,

128 376 169 394 ros
184 375 224 393 me
235 367 351 402 coegisti;
367 366 466 401 (2.6m.
480 365 520 392 12.
535 365 563 392 2.
586 369 610 391 et
624 365 651 392 5.
666 369 688 391 et
701 364 756 399 11).
771 364 835 398 Quis
856 371 919 398 ergo

127 418 181 439 tam
196 413 310 442 stultus.
326 412 385 446 quis
398 411 432 438 ita
443 410 591 438 inveniatur
605 410 766 437 omnisensu
777 417 808 436 ac
817 409 919 436 ratione

127 460 247 493 privatus
257 478 265 491 ,
281 459 326 492 qui
339 458 432 484 videns
442 461 561 483 sancttun
577 456 651 483 illum
662 476 670 489 ,
684 455 764 483 etiam
775 463 835 483 eum
848 459 919 482 tanta

126 504 150 530 ei
173 504 321 531 necessitas
344 503 509 535 immineret,
529 507 698 529 cunctantem
725 507 813 528 tamen
841 506 920 536 atque

127 554 293 576 metuentem
313 549 413 583 grande
427 548 524 583 aliquid
538 548 572 575 de
594 549 682 582 seipso
697 547 786 582 loqui,
803 551 829 574 et
853 548 922 574 sicut

127 604 229 631 equum
250 603 336 631 usque
357 596 390 622 ad
416 595 560 629 prmcipitia
590 594 723 621 horrenda
750 594 919 623 venientem,

127 651 213 678 seque
225 642 324 677 Stepius
344 641 406 669 inde
418 641 569 668 trahentem
580 661 587 672 ,
604 645 630 666 et
644 640 751 675 quidem
767 647 827 666 cum
849 644 921 666 tanta

127 689 178 716 hoc
204 692 277 715 esset
304 688 500 722 dispensatione
526 686 646 713 facturus
672 695 678 712 :
706 686 779 721 quis,
797 686 920 718 inquam,

127 734 168 761 sic
188 734 224 761 sit
249 734 389 768 insipiens,
416 733 461 766 qui
476 739 528 759 non
550 732 628 758 etiam
642 731 744 765 majore
762 731 923 757 abundantia

127 779 262 806 cautionis
280 778 373 805 laudes
397 785 458 804 snas
481 777 576 812 fugiat,
602 782 629 804 et
655 784 726 804 nunc
748 777 816 803 forte
837 777 922 803 solum

127 826 160 851 de
190 824 244 851 illis
272 824 371 858 aliquid
392 824 519 857 attingat,
544 822 649 856 quando
673 823 698 849 id
729 822 923 856 opportunissi-

128 878 202 896 mum
239 874 343 903 tempus
385 869 521 903 exegerit?
553 868 599 896 Vis
625 873 652 895 et
684 867 754 894 aliud
788 867 834 894 tibi
873 867 924 894 tale

129 924 237 951 quoque
265 916 338 943 illius
362 915 519 942 ostendam?
550 915 655 942 Etenim
690 913 759 941 istud
797 918 837 940 cst
865 921 924 940 om-

129 963 195 989 nino
232 962 372 993 mirabile,
390 962 449 996 quia
482 967 623 988 contentus
650 968 703 987 non
727 965 785 987 erat
807 960 925 987 testimo-

131 1009 175 1034 nio
188 1008 359 1035 conscientiae
371 1029 378 1040 ,
394 1007 439 1034 sed
461 1008 540 1034 etiam
553 1015 601 1033 nos
620 1007 731 1034 docebat
749 1007 824 1040 juxta
847 1014 924 1040 qttam

132 1054 252 1088 regulam
269 1054 348 1080 intuli
361 1061 448 1080 rerum
461 1053 613 1080 discrimine
626 1053 924 1080 deberemnsincedere.

131 1108 184 1127 non
199 1101 249 1127 sibi
261 1099 443 1127 tantummodo
453 1099 486 1126 de
496 1104 643 1133 temporum
657 1099 813 1125 necessitate
822 1098 926 1125 satisfa-

131 1146 248 1174 ctionem
260 1153 290 1180 pa
295 1153 460 1177 rans,verum
468 1145 546 1172 etiatn
555 1145 621 1172 alios
627 1144 861 1178 erudiens,quanta
868 1152 927 1171 cum

132 1192 268 1223 cautione,
290 1196 409 1225 tempore
424 1190 600 1225 efﬂagitante,
621 1189 690 1216 istud
706 1196 756 1216 nec
770 1189 927 1224 ell'ugcrent,

133 1245 184 1265 nec
195 1238 348 1271 importune
364 1237 530 1271 perlicerent.
552 1235 618 1263 Nam
629 1243 677 1270 per
692 1235 741 1262 ista
751 1256 757 1268 ,
770 1244 827 1270 quae
840 1235 907 1262 dixit
919 1255 926 1267 ,

133 1283 335 1318 quodammodo
352 1283 415 1311 illud
429 1283 525 1310 effatus
542 1288 601 1310 est:
616 1282 726 1310 Grande
750 1283 849 1309 malum
871 1287 927 1315 est,

133 1330 325 1361 dilectissime,
345 1329 378 1356 de
401 1329 489 1364 seipse
502 1328 599 1363 aliquid
623 1329 722 1363 grande
744 1329 833 1356 dicere
851 1333 930 1362 atque

135 1375 258 1403 mirabile
271 1396 278 1408 ,
303 1379 483 1409 extremaque
497 1375 607 1402 omnino
620 1374 762 1401 dementia:
781 1378 837 1405 est,
857 1374 929 1400 nulla

135 1423 296 1449 imminente
309 1421 469 1448 necessitate
483 1429 583 1454 rerum,
594 1425 621 1448 et
636 1421 796 1448 necessitate
805 1421 929 1453 violenta,

135 1467 253 1502 propriis
276 1466 398 1494 laudibus
414 1467 482 1493 velle
496 1466 627 1494 decorari.
652 1466 709 1493 Non
732 1467 803 1493 enim
821 1470 861 1493 est
882 1465 932 1492 hoc

136 1513 287 1540 secundum
305 1514 389 1540 Deum
410 1512 497 1547 loqui;
513 1512 639 1540 indicium
653 1511 740 1545 potius
754 1517 793 1538 est
808 1511 877 1538 istud
893 1512 932 1537 in-

136 1559 231 1586 sanite.
255 1558 312 1585 Hoc
333 1558 403 1585 enim
428 1558 505 1584 nobis
517 1565 623 1585 omnem
650 1565 759 1591 prorsus
782 1557 932 1584 mercedem

137 1610 250 1632 evacnat
262 1625 270 1636 ,
284 1610 311 1631 et
325 1605 429 1638 quidem
451 1604 570 1639 plurimis
589 1604 726 1630 laboribus
741 1603 933 1637 sudoribnSqnc

137 1651 291 1686 qmesitam.
318 1650 381 1677 lltec
396 1650 466 1677 enitn
495 1650 599 1682 omnia,
625 1650 719 1684 bisque
740 1650 814 1684 plura
836 1650 934 1676 dixisse

139 1697 246 1724 videtur
257 1696 290 1723 ad
304 1700 414 1724 cunctos
425 1717 433 1728 ,
446 1695 510 1723 dntn
525 1696 649 1730 loquendi
663 1695 696 1723 de
709 1703 738 1722 se
749 1695 933 1722 necessitatem

139 1741 221 1769 etiam
236 1742 408 1768 excusatione
419 1741 541 1768 munivit.
556 1741 602 1768 llis
615 1747 704 1768 autem
719 1740 837 1775 profecto
851 1741 936 1775 majus

140 1792 200 1820 est,
227 1787 290 1821 quia
306 1787 463 1815 necessitate
483 1793 595 1822 cogente
606 1809 612 1820 ,
630 1795 682 1814 non
697 1788 818 1814 universa
831 1787 899 1814 fudit
910 1788 935 1814 in

141 1833 261 1860 medium
273 1854 280 1865 ,
295 1833 343 1860 sed
361 1833 435 1867 plura
454 1833 534 1859 etiam
557 1837 582 1859 et
599 1834 698 1867 majora
717 1833 822 1860 celavit.
844 1832 934 1865 Venio,

142 1879 248 1914 inquit,
263 1879 297 1905 ad
312 1880 418 1906 visiones
430 1883 453 1906 et
466 1879 628 1906 revelationes
648 1879 694 1905 Dei
705 1888 714 1912 ;
736 1888 812 1914 parco
832 1885 916 1906 autent
929 1900 936 1912 ,

142 1935 174 1953 ne
186 1927 243 1961 quis
258 1926 290 1952 de
302 1934 341 1951 me
352 1926 473 1952 existimet
492 1933 568 1960 super
586 1925 612 1951 id
628 1925 694 1958 quod
716 1925 781 1951 cide!
791 1946 797 1958 ,
812 1924 851 1951 uel
868 1925 938 1951 audit

142 1971 241 2007 aliquid
255 1980 288 1998 ea:
302 1980 341 1998 me
355 1971 392 2007 (Ξ.
406 1971 466 1998 Cor.
482 1971 525 1998 12,
542 1972 568 1997 1.
584 1975 606 1997 et
619 1970 658 2006 6).
674 1970 729 1997 lloc
743 1978 807 1997 vero
825 1970 939 1997 dicendo

144 2025 195 2045 nos
205 2017 312 2050 erudit,
327 2021 355 2043 ut
366 2024 397 2043 ne
408 2017 553 2044 exsistcntc
569 2016 675 2050 quidem
691 2016 866 2048 necessitate,
882 2023 940 2042 om-

143 2065 188 2091 nia
198 2085 205 2095 ,
218 2071 332 2098 quorum
344 2063 421 2090 nobis
434 2063 535 2090 conscii
548 2070 640 2089 sumus
652 2084 659 2095 ,
675 2063 700 2089 in
714 2062 830 2089 medium
851 2061 940 2096 profe-

145 2110 231 2138 rendo
255 2110 412 2145 vulgentus,
437 2110 483 2137 sed
507 2118 537 2137 ea
561 2110 667 2143 solum,
693 2117 752 2144 qua:
774 2109 941 2136 audientibus

146 2157 220 2184 utilia
231 2156 391 2191 jndicamus.

185 2202 294 2230 Samuel
312 2211 339 2229 se
363 2203 459 2230 laudat.
476 2215 511 2222 -α
532 2202 660 2236 Quoniam
684 2206 710 2229 et
736 2202 852 2234 Samuel;
877 2201 941 2228 nillil

147 2250 220 2277 enim
235 2249 343 2276 videtur
366 2249 559 2283 inconsequens
585 2249 653 2275 illitis
668 2256 774 2283 quoque
789 2249 942 2275 meminisse

148 2296 252 2327 sancti,
269 2295 295 2321 in
316 2299 435 2322 nostram
450 2294 580 2329 siquidem
597 2294 735 2321 utilitatem
757 2294 835 2321 etiam
851 2294 943 2321 laudes

150 2340 336 2373 proferuntur;
359 2344 385 2367 et
411 2341 482 2374 ipse,
509 2340 614 2374 inquatn
628 2360 634 2370 ,
655 2339 797 2374 aliquando
817 2340 944 2374 gloriatus

148 2392 190 2413 est
201 2407 208 2420 ,
223 2391 251 2414 et
266 2387 372 2421 propria
388 2391 459 2413 recte
472 2386 539 2413 facta
554 2385 677 2420 patefecit
692 2395 698 2412 :
722 2386 769 2413 sed
783 2386 870 2421 qualia
885 2387 943 2420 illa,

149 2433 262 2468 quaeso?
281 2433 348 2467 Quae
365 2433 455 2468 utique
473 2440 635 2467 cognoseere
654 2433 822 2460 audientibus
846 2441 945 2460 conve-

151 2480 230 2506 niret.
247 2479 305 2506 Non
327 2479 398 2506 cuitu
423 2486 503 2513 super
513 2478 609 2506 decore
633 2478 781 2513 pudicitiae,
806 2487 892 2514 neque
913 2479 946 2506 de

151 2523 304 2551 humilitate
314 2545 320 2556 ,
336 2531 422 2558 neque
437 2523 470 2550 de
482 2523 614 2550 oblivione
627 2524 752 2558 loquutus
769 2529 810 2551 est
831 2524 945 2558 injuriae,

152 2570 199 2597 sed
211 2578 292 2604 super
307 2570 352 2596 tali
366 2577 395 2596 re
411 2568 536 2603 quadam,
552 2577 630 2603 quam
644 2571 778 2605 praecipue
787 2570 891 2597 discere
904 2578 946 2597 re-

553 122 597 150 DE
618 121 786 168 LAUDIBUS
805 121 833 149 S.
851 119 951 149 PAULI
972 120 1149 148 APOSTULI.
1170 121 1284 148 llOMlL.
1305 121 1349 148 Vl.
1379 126 1388 134 '

1705 123 1757 150 502

971 185 1029 212 gem
1048 177 1117 204 illius
1131 178 1258 213 temporis
1269 178 1407 212 oportebat
1423 188 1428 205 :
1445 179 1470 206 id
1481 183 1520 206 est
1530 201 1536 211 ,
1553 179 1586 207 de
1598 187 1759 207 conservan-

972 223 1004 249 da
1021 223 1286 257 integritatejustitiae
1296 245 1303 256 ,
1318 228 1345 250 et
1359 225 1478 252 manibus
1498 226 1661 253 abstinendis
1671 233 1686 252 a
1703 234 1759 252 mu-

973 269 1089 296 neribus.
1102 269 1182 297 David
1196 271 1275 297 etiam
1297 270 1412 305 glorians
1425 271 1458 298 de
1472 272 1510 298 eis
1523 272 1612 307 utique
1625 273 1759 307 gloriaba-

973 319 1024 348 tur,
1037 323 1095 350 qute
1108 316 1250 343 emendare
1267 316 1415 343 auditorem
1427 317 1552 344 valerent.
1578 318 1669 351 Neque
1689 319 1760 346 enim

973 361 1006 388 de
1016 369 1045 388 se
1059 362 1135 388 aliam
1152 363 1370 389 commemoravit
1393 363 1437 390 ille
1452 363 1575 391 virtutem
1585 385 1592 397 ,
1609 365 1654 392 sed
1670 373 1759 392 ursum

972 412 1052 441 atque
1064 407 1167 434 leonem
1180 407 1287 434 adduxit
1303 408 1328 435 in
1340 408 1473 442 medium,
1487 413 1565 444 atque
1573 410 1642 438 aliud
1654 418 1763 445 prorsus

972 453 1037 480 nihil
1052 454 1090 488 (l.
1115 453 1179 488 Reg.
1195 455 1237 480 t7.
1255 453 1312 490 54).
1332 454 1436 482 Etenim
1464 455 1541 482 altius
1567 455 1600 482 de
1613 464 1642 482 se
1667 456 1762 484 efferre

973 507 1124 527 sermonem
1143 499 1250 535 gloriosi
1270 504 1311 527 est
1332 504 1358 527 et
1377 500 1522 528 insolenter
1535 508 1595 528 sese
1613 501 1737 536 jactantis
1754 511 1760 516 ·

973 546 1062 574 dicere
1072 552 1159 574 autem
1175 547 1217 574 illa
1227 555 1286 581 quae
1296 547 1433 580 prmsentis
1445 547 1481 574 rei
1492 555 1570 574 causa
1582 549 1763 582 tantummodo

974 594 1122 620 necessaria
1148 598 1210 620 sunt
1235 593 1339 626 futura,
1366 595 1479 621 amantis
1501 598 1542 621 est
1570 595 1764 629 multorumque

974 639 1113 666 commoda
1128 640 1276 675 cogitantis.
1294 640 1349 667 lloc
1371 641 1457 676 itaque
1471 640 1531 667 fecit
1548 645 1574 667 et
1590 641 1686 668 Paulus
1697 662 1704 674 ,
1720 642 1763 676 qui

975 693 1060 712 euma
1076 685 1306 720 pscudoapostolis
1332 692 1495 721 carperetur,
1519 687 1594 722 quasi
1621 695 1672 714 non
1694 693 1765 714 esset

975 731 1101 766 probatus
1119 733 1271 766 apostolus,
1300 740 1348 759 nec
1372 733 1472 759 habens
1491 741 1505 759 a
1520 733 1626 760 Christo
1651 734 1764 768 aliquam

976 782 1148 813 potestatem,
1173 784 1280 813 propter
1302 779 1508 806 obtrectationes
1531 779 1611 807 falsas
1631 780 1656 806 in
1677 780 1767 807 laudes

976 832 1037 852 suas
1052 825 1090 855 ire
1102 825 1255 859 compulsus
1268 830 1307 852 est
1318 847 1324 858 ,
1339 834 1396 859 qua:
1413 826 1527 852 tnaxime
1542 825 1695 860 dignitatem
1710 825 1767 860 ejus

977 870 1156 896 ostenderent.
1177 869 1291 896 Videsne
1312 871 1390 904 igitur
1408 878 1455 904 per
1469 875 1566 904 quanta
1583 870 1702 898 docuerit
1721 879 1768 898 au—

977 915 1089 942 ditorem
1111 923 1164 942 non
1188 916 1300 942 inaniter
1320 916 1445 950 gloriari?
1471 916 1561 943 Primo
1583 916 1688 951 quidem
1704 916 1768 943 dum

978 963 1092 988 ostendit
1107 970 1135 989 se
1146 962 1215 989 istud
1224 963 1343 989 adactum
1357 962 1513 989 necessitate
1523 962 1625 989 fecisse.
1634 962 1768 992 Secundo,

978 1007 1040 1034 dum
1055 1011 1143 1035 tamen
1158 1015 1186 1034 se
1197 1008 1363 1041 insipientem
1374 1008 1475 1035 vocavit
1485 1029 1491 1040 ,
1508 1013 1535 1034 et
1547 1008 1665 1043 plurimis
1677 1008 1770 1035 laudes

979 1061 1040 1079 suas
1062 1053 1286 1080 satisfactionibus
1310 1053 1475 1088 temperavit.
1503 1053 1607 1085 Tertio,
1635 1054 1695 1088 quia
1717 1061 1768 1080 non

980 1102 1074 1125 cuncta
1089 1098 1226 1125 confessus
1239 1103 1293 1130 est,
1308 1098 1355 1126 sed
1369 1099 1468 1133 majora
1482 1099 1646 1133 suppressit,
1671 1103 1698 1126 et
1720 1099 1771 1126 hoc

980 1150 1066 1177 certe,
1094 1153 1153 1172 cum
1179 1146 1336 1172 necessitate
1346 1145 1459 1180 quadam
1483 1145 1507 1172 in
1524 1153 1569 1172 sua
1580 1146 1712 1180 praeconia
1726 1153 1771 1172 co-

980 1196 1097 1224 geretur.
1124 1190 1240 1223 Quarto.
1265 1190 1327 1217 dum
1352 1192 1401 1217 sub
1425 1190 1533 1217 alterius
1553 1198 1665 1225 persona
1688 1190 1771 1222 dixit,

983 1238 1043 1264 Scio
1070 1238 1197 1264 hominem
1221 1237 1261 1272 (2.
1282 1236 1340 1264 Cor.
1370 1238 1412 1264 12.
1435 1238 1473 1272 2).
1497 1238 1612 1272 Quinto,
1636 1247 1696 1265 cum
1718 1246 1772 1265 non

981 1291 1074 1310 omnes
1100 1284 1212 1314 virtutes
1236 1291 1297 1310 suas
1318 1283 1427 1310 adduxit
1445 1284 1470 1310 in
1493 1283 1617 1315 medium,
1645 1284 1691 1311 sed
1715 1291 1774 1310 eam

983 1335 1104 1364 partem,
1129 1337 1207 1363 quam
1223 1336 1341 1363 pra‘sens
1362 1333 1466 1363 tempus
1490 1330 1604 1356 maxime
1628 1329 1773 1363 flagitabat.

982 1377 1073 1412 Neque
1096 1384 1158 1403 vero
1182 1376 1216 1403 de
1230 1384 1258 1403 se
1275 1376 1456 1403 tantummodo
1479 1375 1630 1410 gloriando,
1654 1374 1776 1402 eumdem

984 1423 1109 1449 virtutum
1131 1430 1240 1449 suarum
1254 1422 1377 1449 servabat
1391 1427 1527 1454 tenorem,
1550 1421 1723 1448 verumctiam
1749 1421 1776 1448 in

984 1469 1050 1496 alios
1062 1489 1069 1502 ,
1086 1477 1145 1504 qua:
1160 1468 1318 1495 viderentur
1330 1468 1456 1503 injuriosa
1469 1489 1475 1501 ,
1492 1468 1613 1495 dicendo.
1629 1468 1693 1494 Nam
1706 1467 1777 1502 inju-

985 1517 1050 1542 riatn
1064 1515 1161 1542 inferre
1176 1515 1248 1542 fratri
1264 1515 1332 1542 inter
1342 1515 1473 1550 prohibita
1485 1521 1656 1547 numeratur;
1669 1515 1714 1542 sed
1729 1515 1777 1541 hac

985 1569 1090 1597 quoque
1103 1562 1192 1596 specie
1212 1562 1247 1588 ita
1262 1562 1360 1588 Paulus
1375 1568 1524 1597 opportune
1539 1570 1600 1589 usus
1615 1566 1655 1589 est
1669 1566 1695 1589 et
1711 1570 1778 1590 con-

986 1617 1064 1643 grue,
1082 1613 1109 1635 ut
1133 1609 1217 1642 magis
1230 1609 1309 1635 etiam
1323 1616 1401 1643 qttam
1424 1608 1532 1635 laudans
1553 1609 1692 1645 placeret;
1714 1615 1777 1642 pro-

988 1660 1078 1688 pterea
1087 1660 1110 1681 et
1120 1655 1225 1682 Galatas
1240 1655 1388 1681 iusensatos
1402 1659 1477 1681 vocat
1495 1653 1564 1689 (Gal.
1577 1653 1643 1687 5.,1)
1655 1662 1661 1686 ;
1676 1658 1702 1680 et
1716 1654 1780 1681 Cre-

989 1705 1077 1727 tenses
1091 1722 1097 1733 ,
1118 1705 1224 1727 ventres
1236 1700 1343 1735 pigros,
1360 1705 1386 1726 et
1400 1700 1497 1727 bestias
1519 1699 1602 1726 malas
1646 1697 1655 1733 (
1674 1699 1725 1726 Tit.
1752 1700 1778 1726 ι.

989 1746 1032 1780 12)
1048 1755 1053 1771 ;
1078 1749 1104 1773 et
1120 1750 1208 1772 tamen
1223 1745 1285 1772 hinc
1300 1747 1379 1772 etiam
1402 1746 1570 1780 praedicatur.
1587 1745 1667 1772 Fines
1682 1745 1780 1772 etenim

990 1791 1067 1817 nobis
1081 1791 1205 1825 exemplo
1227 1798 1274 1817 suo
1289 1791 1382 1818 statuit
1393 1798 1424 1817 ac
1442 1791 1561 1825 regulas,
1576 1795 1605 1817 ut
1618 1790 1782 1825 neglectores

990 1836 1133 1862 voluntatis
1147 1836 1193 1862 Dei
1217 1843 1382 1870 nequaquam
1406 1843 1468 1863 cura
1491 1836 1594 1863 leniore
1618 1839 1780 1868 tractemus,

991 1881 1037 1909 sed
1052 1889 1202 1909 sermonem
1218 1881 1245 1908 in
1271 1889 1332 1914 eos,
1350 1882 1393 1916 qui
1406 1882 1486 1916 paulo
1509 1881 1620 1916 rigidius
1636 1882 1780 1916 percutiat,

991 1926 1146 1961 dirigamus.
1171 1926 1294 1954 Omnium
1317 1926 1447 1961 siquidem
1476 1934 1608 1954 mensurae
1627 1931 1689 1953 sunt
1715 1925 1783 1960 apud

992 1972 1064 1999 illum
1077 1972 1170 1999 locatae
1181 1993 1187 2005 ,
1202 1980 1232 1999 ac
1245 1976 1383 2006 propterea
1398 1979 1477 1999 omne
1492 1971 1562 2006 quod
1577 1970 1692 2003 dixerit,
1706 1978 1785 1998 omne

992 2019 1063 2054 quod
1077 2019 1168 2046 fecerit
1179 2040 1186 2052 ,
1200 2019 1286 2054 placet
1300 2028 1307 2046 :
1321 2023 1347 2045 et
1360 2018 1487 2048 conviciis
1506 2017 1654 2046 coercendo
1665 2038 1671 2050 ,
1687 2023 1714 2044 et
1727 2017 1784 2044 lau-

993 2065 1071 2092 dibus
1087 2064 1270 2100 provocando,
1285 2065 1418 2092 austerius
1439 2065 1541 2099 aliquos
1563 2063 1712 2092 accusando
1725 2085 1732 2098 ,
1757 2068 1785 2091 et

994 2111 1115 2138 blandius
1151 2110 1335 2142 admonendo;
1363 2115 1388 2138 et
1412 2117 1472 2137 cum
1499 2109 1576 2137 eﬂ‘ert
1600 2110 1733 2144 seipsum,
1761 2115 1787 2136 et

995 2165 1086 2184 rursus
1099 2164 1158 2184 cum
1175 2156 1283 2192 deponit
1297 2164 1328 2183 ac
1336 2156 1440 2191 dcjicit,
1455 2161 1480 2183 et
1492 2164 1550 2183 cum
1562 2155 1595 2182 de
1609 2163 1637 2182 se
1647 2155 1783 2189 gloriatur,

995 2207 1022 2230 ct
1036 2211 1094 2230 cum
1110 2203 1230 2237 seipsurn
1243 2203 1393 2230 miseretur.
1420 2202 1453 2228 Et
1468 2201 1529 2236 quid
1544 2201 1639 2229 mirum
1653 2202 1674 2228 si
1693 2201 1787 2236 injuria

997 2254 1023 2276 et
1036 2249 1206 2284 maledictum
1223 2249 1308 2286 placet
1322 2270 1328 2282 ,
1354 2248 1460 2283 quando
1475 2248 1572 2283 placuit
1594 2253 1621 2275 et
1634 2249 1737 2281 caedes,
1762 2252 1789 2275 et

997 2295 1072 2323 dolus
1087 2295 1198 2331 quidem
1219 2300 1298 2330 atque
1320 2295 1440 2328 deceptio
1456 2302 1508 2322 non
1534 2294 1559 2321 in
1578 2298 1669 2321 vetere
1684 2294 1769 2321 solum
1781 2315 1789 2324 .

998 2341 1044 2368 sed
1057 2341 1082 2367 in
1095 2348 1163 2367 novo
1177 2340 1257 2375 etiam
1273 2340 1464 2367 Testamento?
1479 2340 1540 2366 llaec
1553 2340 1641 2366 omnia
1657 2339 1736 2373 igitur
1747 2339 1788 2366 di-

998 2388 1088 2423 ligenti
1101 2388 1224 2415 examine
1244 2388 1422 2423 ponderanles
1444 2386 1607 2414 admiremur
1619 2386 1730 2412 Paulum
1741 2406 1748 2418 ,
1763 2390 1790 2412 et

999 2434 1176 2469 glorificemus
1191 2434 1274 2460 Deum
1285 2453 1292 2466 ,
1313 2437 1342 2460 ut
1357 2432 1405 2466 ipsi
1417 2433 1497 2459 etiam
1512 2432 1580 2459 bona
1594 2439 1790 2466 consequamur

999 2485 1114 2513 :cterna,
1135 2479 1219 2514 gratia
1235 2483 1262 2506 et
1285 2477 1467 2506 misericordia
1495 2477 1599 2504 Domini
1622 2476 1705 2503 nostri
1725 2476 1789 2503 Jesu

1000 2526 1112 2559 Christi,
1126 2526 1168 2552 cui
1183 2530 1223 2553 est
1237 2526 1319 2560 gloria
1335 2529 1361 2552 et
1376 2525 1514 2560 imperium
1527 2543 1535 2557 ,
1551 2530 1622 2550 nunc
1635 2527 1662 2550 et
1674 2529 1788 2557 semper,

1003 2576 1029 2598 et
1040 2572 1066 2598 in
1081 2572 1175 2598 saecula
1190 2572 1358 2598 surculorum.
1376 2573 1473 2597 Amen.

600 2640 668 2673 DE
694 2640 953 2678 LAUDIBUS
990 2641 1181 2676 SANCTI
1210 2641 1366 2676 PAULI

890 2704 1037 2726 APOSTULI

474 2813 581 2833 HOSHHA
598 2814 633 2832 Vl.

194 2848 310 2877 Primum
325 2858 410 2877 eorum
424 2858 479 2886 qua:
492 2851 516 2878 in
530 2851 612 2879 Paulo
623 2852 838 2887 reprehenduntur
857 2860 864 2880 .'
878 2861 949 2880 mun-

951 2758 1120 2785 53-m—

1003 2807 1062 2832 duta
1079 2808 1124 2833 be:
1140 2807 1277 2841 possibilia.
1295 2821 1329 2826 —
1345 2806 1431 2834 Vultis
1447 2806 1540 2838 hodie,
1557 2806 1654 2833 fratres
1673 2804 1791 2833 dilectis—

1005 2855 1063 2882 siml
1076 2874 1084 2888 ,
1099 2854 1142 2889 qui
1156 2853 1281 2882 audiendi
1295 2853 1382 2883 studio
1400 2853 1451 2882 huc
1466 2852 1643 2887 convenistis,
1657 2856 1685 2880 ut
1697 2859 1791 2888 magna
