1969 3130
226 103 276 130 503
596 110 624 142 S.
645 111 785 142 JOANNIS
804 115 1039 148 CllliYSOSTOMI
1060 122 1217 165 AllClllEP.
1239 125 1503 162 CONSTANTINOP.

225 167 298 195 gesta
314 163 386 192 Pauli
401 171 480 202 atque
497 170 622 203 prteclara
639 193 645 204 ,
665 180 724 207 qua:
744 174 818 209 juxta
839 178 1014 211 quorumdam

226 210 403 244 suspicionem
424 213 523 242 habere
543 216 665 245 videnlur
685 220 691 235 ¹
709 220 808 255 aliquid
826 223 1016 258 reprehensio-

227 255 267 282 nis
279 276 287 289 ,
303 256 327 283 iu
343 258 458 286 medium
480 262 666 295 proferamus?
686 265 790 294 Etenim
804 268 969 298 inveniemus
982 272 1014 299 il-

227 300 280 328 lum
292 310 343 329 non
358 304 445 331 minus
459 313 491 333 ex
506 307 546 335 his
558 329 565 340 ,
577 317 656 344 quatn
668 319 700 339 ex
715 314 818 341 czeteris
828 315 929 343 clarum
943 317 1014 345 effici

225 351 303 382 atque
319 350 499 384 magnificum.
513 353 645 386 Quidnam
662 358 725 385 illud
738 366 802 394 ergo
819 365 870 393 est,
886 363 957 396 quod
973 372 1016 392 re-

225 392 404 426 prehensibile
413 395 547 430 judicatur
558 399 570 426 ?
580 400 658 428 Visus
669 409 719 435 est,
735 392 1014 442 inquiunt,alliquando

225 437 315 474 plagas
329 439 424 468 limere
439 451 446 468 :
461 443 530 477 quod
544 450 617 474 certe
630 447 702 476 visus
715 455 765 483 est,
781 452 888 485 quando
902 461 962 480 eum
976 455 1014 481 lo-

223 482 261 509 ris
279 483 377 512 milites
393 487 547 516 tutuderunt
558 509 566 522 ,
589 498 674 527 neque
693 501 756 521 vero
770 495 856 522 soluat
871 502 933 525 tunc
945 519 952 530 ,
966 500 1013 527 sed

223 527 288 555 alias
301 536 405 565 quoque
414 533 483 566 apud
498 534 567 562 illam
579 543 704 572 purpura:
711 540 894 576 venditricem,
907 545 1013 578 quando

222 572 302 601 etiam
316 582 410 604 causas
423 579 491 612 apud
504 580 563 608 illos
575 583 709 616 movebat,
726 585 771 620 qui
786 593 845 613 eum
859 587 893 615 de
903 596 1012 618 carcere

221 617 275 652 jam
297 620 411 649 educere
427 623 594 653 festinabant.
619 627 689 656 Nihil
713 617 785 658 enim
807 632 878 660 aliud
899 634 949 662 ista
972 635 1011 662 fa-

222 663 334 698 ciendo,
354 667 404 693 nisi
424 668 530 697 sibituet
550 671 599 706 ipsi
612 673 792 703 defensionem
808 679 933 712 parabat,
949 685 975 708 et
989 681 1011 708 si

221 709 285 743 quid
297 710 390 739 horum
407 714 523 750 fugeret,
545 725 578 744 ne
594 719 619 746 in
633 727 663 747 ea
683 721 739 756 ipsa
753 709 845 761 rursus
861 725 988 754 incideret
1002 749 1009 760 ,

221 756 385 789 providebat.
397 759 465 793 Quid
477 762 555 797 igitur
567 764 686 793 dicemus
697 767 708 793 ?
719 759 854 804 Siquidem
869 771 933 799 nihil
948 756 1009 801 eum

223 800 259 827 ita
281 809 405 838 magnum
428 811 507 841 atque
530 809 696 845 mirabilem,
717 818 747 841 ut
757 800 824 842 haec
839 815 909 850 dicta
923 817 1010 846 deela-

221 851 298 881 rant,
313 850 374 884 quia
389 851 478 887 utique
498 858 525 881 et
540 855 618 883 talem
636 857 736 886 habens
755 861 890 894 animam,
905 863 930 890 id
945 869 985 892 est
1000 886 1006 898 ,

220 899 272 920 non
286 895 446 930 malignitate
459 899 570 933 quadam
588 909 619 929 ac
634 902 818 937 desperatione
833 909 1006 944 praecipitem,

219 942 246 964 et
256 945 352 974 corpus
364 941 460 970 cedens
472 945 563 979 plagis,
576 951 655 982 atque
667 950 778 978 verbera
787 956 1006 989 contremiscens,

220 989 272 1009 non
287 985 374 1012 minus
390 991 477 1015 tamen
493 997 571 1024 quam
590 992 753 1028 incorporea:
772 997 882 1026 virtutes
895 1021 902 1032 ,
918 1001 1006 1028 omnia

220 1027 264 1054 illa
279 1036 339 1063 quae
357 1031 480 1060 videntur
499 1036 626 1064 terribilia
647 1027 786 1075 despexit,
802 1050 862 1071 cum
877 1027 927 1073 hoc
940 1051 1007 1074 tem-

219 1079 268 1105 pus
285 1075 411 1109 exigeret.
425 1077 537 1111 Quando
556 1089 621 1118 ergo
641 1084 714 1113 illum
734 1087 808 1115 vides
820 1095 955 1118 extentum
972 1094 1004 1120 ad

219 1118 324 1153 plagas,
345 1125 424 1156 atque
437 1129 598 1154 metuentem
610 1149 617 1160 ,
639 1129 742 1158 illorum
757 1135 896 1162 recordare
910 1138 1005 1165 verbo-

221 1172 293 1197 rum,
311 1173 359 1200 per
373 1175 431 1202 qtue
446 1173 608 1201 transcendit
621 1176 654 1202 ad
670 1177 762 1205 caelum
776 1181 929 1217 angeliSque
943 1191 1003 1211 cer-

217 1209 290 1241 tavit,
303 1211 414 1240 dicendo
430 1223 436 1241 :
453 1215 516 1248 Quis
530 1226 589 1253 ergo
602 1228 646 1247 nos
654 1224 801 1256 separabita
811 1227 914 1255 caritate
928 1228 1002 1256 Clari—

216 1255 264 1281 rtt'?
278 1256 404 1285 tribulatio
414 1280 421 1292 ,
433 1269 465 1288 an
478 1265 608 1297 angustia,
623 1275 655 1293 an
671 1272 827 1305 persrquutio
838 1292 846 1305 ,
862 1281 895 1300 an
906 1275 1000 1309 ftmtea,

216 1308 248 1326 an
261 1302 372 1335 auditas,
386 1313 419 1331 an
434 1307 583 1342 periculum,
599 1319 632 1337 an
644 1302 844 1351 gladiusili‘om.
856 1318 883 1345 8.
896 1302 960 1355 $5)?
972 1302 1001 1348 il:

214 1345 352 1382 lorumqtte
365 1351 504 1385 verborum
517 1362 649 1383 memento
659 1378 666 1390 ,
681 1360 775 1394 quibus
785 1365 872 1390 omnia
885 1345 944 1400 qum.
956 1375 1000 1401 pa-

690 1392 695 1394 _
894 1392 900 1400 _
956 1392 986 1401 ,_

213 1392 294 1426 titur,
318 1394 382 1422 nihil
398 1404 458 1424 esse
478 1402 644 1435 pronttntiat,
661 1404 752 1432 dicens
769 1417 776 1434 :
794 1408 868 1440 Quod
891 1413 956 1439 enim
973 1414 1000 1441 in

214 1439 330 1470 pra'mtti
343 1445 380 1466 est
396 1449 595 1474 momentancum
604 1457 635 1475 ac
648 1450 700 1477 lere
714 1453 881 1482 tribulationis
896 1464 997 1492 nostrar,

212 1492 290 1519 supra
312 1487 414 1515 modum
436 1490 463 1518 in
481 1492 633 1522 sublimitate
648 1502 767 1526 (uernum
789 1501 877 1536 gloria:
899 1506 998 1538 pondus

212 1535 330 1564 operatur
349 1533 375 1559 in
394 1536 464 1562 nobis
475 1557 482 1569 ,
496 1546 546 1565 non
566 1543 792 1577 contemplantibus
805 1548 876 1575 nobis
890 1557 946 1583 quo:
965 1552 997 1578 tti-

211 1575 311 1610 dentur,
320 1579 364 1605 sed
371 1588 427 1619 quae
441 1591 490 1609 non
505 1584 620 1612 videntur
631 1575 736 1622 (2.Cor.
751 1591 777 1618 4.
793 1593 835 1620 17.
852 1575 906 1630 18)1.

212 1621 252 1648 his
262 1624 428 1657 quotidiauas
442 1628 635 1663 tribulationes,
653 1634 705 1661 imo
718 1621 995 1672 singularum’mortes

210 1666 310 1695 dierum
323 1690 330 1702 ,
344 1675 423 1706 atque
434 1673 484 1701 ista
499 1678 665 1711 perpendens
680 1681 811 1712 admirare
825 1685 934 1715 Paulum
947 1711 955 1723 ,
969 1695 995 1718 et

210 1711 240 1723 .I‘
256 1716 280 1723 ιΑ
297 1713 337 1723 Ᾰλγ
455 1718 461 1723 ¹
495 1720 500 1723 ⁵
571 1722 589 1723 ί⁷

208 1711 242 1738 de
256 1716 281 1739 te
294 1713 436 1749 desperare
445 1718 553 1748 desiste.
569 1722 631 1750 "me
645 1726 716 1753 enim
729 1735 788 1763 qure
801 1731 905 1760 videtur
920 1711 994 1762 iniir-

208 1758 284 1786 tuitas
299 1767 358 1788 esse
368 1767 478 1797 natum,
495 1766 548 1800 ipsa
559 1773 600 1796 est
614 1772 755 1801 maximum
767 1776 824 1809 ejus
837 1779 938 1807 virtutis
951 1781 992 1808 in-

207 1801 304 1838 dicium
316 1826 323 1838 ,
343 1808 403 1841 quia
420 1810 498 1837 talem
518 1820 546 1840 se
560 1815 650 1851 utique
662 1821 804 1852 pra'stabat
816 1843 824 1854 ,
839 1825 917 1852 etiam
931 1835 990 1855 cum

207 1849 347 1879 multarttm
370 1862 458 1883 rcrtun
482 1861 640 1889 necessitate
662 1869 838 1900 torqueretur.
861 1871 990 1904 Quoniam

205 1897 349 1924 enormitas
360 1901 538 1933 periculorum
551 1905 618 1934 hanc
634 1908 668 1951 de
678 1910 724 1937 illo
737 1914 825 1941 multis
839 1897 989 1951 opinionem

204 1948 387 2000 suggesserat,
399 1953 427 1986 et
441 1950 569 1984 suspicari
584 1961 630 1981 eos
645 1947 766 1990 proferto
782 1947 898 1996 fecerat,
919 1967 989 2000 quod

201 1992 283 2021 super
301 1987 442 2020 humanam
455 1999 575 2025 natumut
590 2000 632 2028 ille
645 2003 794 2039 proficiens,
818 2012 906 2037 tantus
919 1987 989 2039 gssi-

201 2036 284 2060 steret
300 2043 307 2060 :
321 2034 419 2064 idcirco
439 2040 556 2070 tribulari
578 2034 795 2084 permittebatur,
811 2043 986 2091 utldisceres,

200 2085 259 2111 quia
274 2087 333 2107 cum
347 2085 490 2113 secundum
506 2094 624 2118 naturam
640 2101 707 2121 unus
720 2102 790 2125 esset
803 2099 835 2126 de
848 2085 985 2136 pluribus;

199 2128 308 2158 propter
318 2128 478 2159 voluntateru
492 2142 543 2161 non
557 2137 641 2164 solum
653 2147 731 2174 supra
745 2128 985 2181 multoshomines,

200 2176 291 2198 verum
311 2174 390 2202 etiam
407 2185 474 2205 unus
492 2187 561 2208 cssot
575 2191 608 2209 ex
632 2187 743 2220 angelis.
759 2189 826 2218 Cum
843 2193 886 2219 tali
905 2196 985 2222 etiam

199 2216 286 2244 anima
303 2219 400 2256 talique
413 2230 526 2258 Corpore
541 2234 638 2257 mortes
652 2232 723 2260 mille
739 2235 877 2271 tolerabat,
894 2239 985 2275 despi-

199 2262 282 2275 ηἶηληι
294 2272 322 2275 -μ
339 2274 342 2275 ν
353 2274 356 2275 ν
400 2268 416 2275 Α·

197 2262 443 2302 ciebatprmsentia,
460 2275 646 2303 contemnebat
657 2277 752 2312 futura,
769 2281 838 2309 clara
854 2262 895 2311 illa
906 2262 984 2321 attiue

197 2311 302 2321 ..κΑ---ῗη
310 2319 317 2321 Α
324 2320 331 2321 κ
401 2314 407 2321 ¹
544 2319 550 2321 “

197 2311 334 2344 magnifica
353 2314 430 2342 verba
447 2319 607 2348 resonabat:
625 2323 751 2355 Quoniam
766 2330 866 2362 optavi,
882 2311 982 2367 inquit,

782 2356 787 2362 ,
860 2356 865 2362 μ
882 2356 906 2358 ---
918 2356 965 2366 ι---
975 2356 982 2367 π

196 2361 241 2388 ego
261 2356 314 2390 ipse
334 2360 467 2388 auat/tenta
487 2372 540 2390 esse
561 2375 577 2393 a
595 2367 693 2396 Christo
711 2370 773 2399 Iesu
794 2382 840 2408 pro
864 2377 984 2410 fratribus

794 2401 799 2408 ι
864 2401 870 2410 Ι
877 2401 880 2402 ⁷
891 2401 921 2404 ““⁷⁷
930 2401 981 2406 ’ν’-ν

195 2401 270 2434 meis,
286 2404 328 2438 qui
341 2411 398 2432 sunt
412 2411 513 2443 cognati
526 2413 573 2438 mei
588 2417 724 2443 secundum
738 2427 838 2446 carnem
852 2423 939 2456 (llam.
956 2425 981 2452 9.

195 2446 222 2456 9|
249 2447 268 2456 τι
317 2450 331 2456 ι.
344 2451 360 2456 ι.

195 2446 378 2499 3)."Possibile
392 2458 430 2480 est
446 2455 515 2482 enim
536 2457 582 2485 Dei
600 2461 675 2494 jussa
697 2465 840 2499 perlicere,

194 2493 308 2521 velimus
328 2504 433 2526 onmem
456 2506 557 2531 natura:
576 2507 778 2541 trepidationem
793 2513 917 2543 alacriter
927 2517 981 2542 vir-

193 2542 249 2566 tute
265 2547 410 2577 superare,
430 2546 548 2583 nihilque
563 2550 724 2586 impossibile
738 2562 776 2584 est
792 2566 884 2587 eorum
895 2581 903 2592 .
920 2571 980 2596 qua:

193 2592 204 2596 ι.
219 2584 278 2596 nx»:
297 2591 318 2596 ιγ
334 2588 340 2596 ι
397 2590 404 2596 ·
426 2592 441 2596 -·
495 2595 498 2596 ν

191 2592 205 2610 a
217 2584 323 2614 Christo
334 2588 482 2620 hominibus
494 2595 666 2630 imperantur.
680 2602 707 2628 Si
718 2603 787 2631 enim
799 2611 925 2639 quantum
938 2615 979 2636 est

192 2630 218 2657 ir.
233 2632 309 2660 nobis
322 2635 434 2665 velimus
449 2640 541 2668 virium
555 2645 705 2678 exprimere
717 2669 724 2680 ,
740 2650 882 2678 maximum
898 2654 978 2681 etiam

190 2677 268 2706 nobis
282 2679 351 2708 Deus
365 2683 483 2721 adjungit
501 2677 644 2722 auxilium,
661 2697 740 2727 atque
752 2695 804 2728 ita,
820 2697 869 2724 etsl
889 2699 977 2726 omnia

190 2723 215 2750 in
227 2732 275 2752 nos
289 2727 397 2756 adversa
414 2739 588 2767 concurrant,
604 2738 650 2763 tuti
667 2742 751 2766 tamen
767 2740 792 2766 in
807 2742 894 2768 medio
908 2744 976 2778 peri-

188 2770 306 2798 rulorum
330 2774 471 2811 intactique
495 2780 671 2807 servabimur.
693 2783 783 2818 Neque
809 2790 896 2814 tamen
920 2797 975 2816 tuc-

206 2816 295 2859 “2.61%,
298 2857 302 2859 _
307 2819 383 2859 fulti;
394 2821 463 2859 hodie
471 2828 505 2850 ut.
515 2826 719 2859 [metettttftlcnlt‘s
732 2831 850 2857 νηπίω-ιι
859 2837 881 2856 ct
899 2834 972 2859 mitu-

188 2843 243 2883 ltiliri
253 2843 329 2878 Pauli,
342 2843 893 2889 at...‘aut;attat};'i;:;t.2'ﬁ:-‘2t}léi.}32'???.

1810 135 1862 163 5οι

1072 196 1148 220 tuere
1162 193 1252 228 plagas
1266 195 1473 229 reprehensione
1492 198 1600 234 dignum
1614 205 1656 233 est
1667 222 1674 233 ,
1692 202 1739 237 sed
1756 209 1863 238 propter

1070 237 1206 274 plagarum
1227 245 1326 268 metum
1342 242 1441 277 aliquid
1463 243 1599 279 indignum
1620 246 1717 280 pietate
1737 237 1861 276 commit-

1069 287 1136 311 tere.
1148 285 1204 320 Hoc
1224 287 1281 321 ipso
1295 288 1380 321 enim,
1395 297 1448 323 quo
1462 290 1550 325 plagas
1564 292 1655 325 timet,
1670 295 1714 328 qui
1736 295 1762 322 in
1777 302 1861 323 certa-

1068 331 1139 359 mine
1155 339 1207 359 non
1219 333 1341 366 vincitur,
1353 335 1535 365 admirabilior
1545 339 1710 374 ostenditur,
1724 349 1804 375 quam
1817 343 1864 374 ille,

1068 376 1114 410 qui
1130 385 1182 404 non
1195 378 1278 406 timet.
1292 379 1373 415 Magis
1388 381 1458 408 enim
1470 383 1496 409 in
1507 383 1558 410 isto
1567 384 1650 412 virtus
1664 386 1789 421 refulget,
1800 395 1859 416 CIIII)

1068 424 1161 451 vicerit
1175 425 1254 452 etiam
1271 426 1313 453 illa
1329 435 1388 462 qua:
1402 428 1498 456 timuit.
1511 429 1578 467 Nam
1595 431 1683 467 plagas
1696 433 1840 462 formidare
1850 455 1858 468 ,

1067 473 1169 496 natura:
1189 475 1230 497 est
1244 480 1250 498 :
1265 471 1330 498 nihil
1350 478 1439 501 autent
1460 475 1586 503 indecens
1607 477 1742 512 plagarum
1763 480 1859 508 timore

1066 515 1248 549 committere,
1273 518 1416 546 voluntatis
1443 525 1565 548 naturam
1587 522 1719 551 infirmam
1740 525 1862 563 juvantis,

1066 565 1124 593 est,
1150 562 1260 596 ejusque
1280 564 1489 593 imbecillitatem
1506 575 1553 595 sua
1579 569 1675 597 virtute
1696 573 1855 605 superantis.

1066 605 1111 633 Sic
1125 614 1173 634 nec
1186 615 1300 636 mmrere
1313 610 1443 645 culpabile
1453 616 1514 645 est,
1531 613 1577 640 sed
1589 622 1636 648 per
1651 623 1796 644 maerorem
1809 618 1853 645 ali-

1065 653 1128 688 quid
1147 659 1193 681 aut
1212 654 1316 688 facere,
1334 661 1380 684 aut
1393 657 1483 686 dicere
1496 667 1590 692 eorum
1609 669 1668 696 qua:
1687 662 1744 690 Deo
1763 663 1861 702 displi-.

1065 703 1135 725 cent.
1150 699 1225 733 Quod
1240 701 1262 727 si
1280 709 1329 736 ego
1351 702 1462 730 Paulum
1486 704 1568 732 fuisse
1590 706 1725 738 hominem
1741 709 1861 749 denega-q

1065 751 1133 776 rem,
1149 746 1245 773 merito
1260 747 1323 774 mihi
1340 747 1388 775 has
1407 748 1563 784 fragilitates
1584 757 1685 780 natura:
1700 753 1758 788 ejus
1771 762 1855 790 oppo-

1063 797 1142 818 neres
1151 811 1158 821 .
1172 792 1269 827 quibus
1280 798 1399 822 nostrum
1412 803 1504 829 posses
1518 796 1634 825 refutare
1648 806 1813 827 sermonem.
1827 801 1860 842 Si

1062 843 1127 864 vero
1138 837 1193 871 ipse
1207 839 1266 866 dico
1279 844 1358 875 atque
1371 841 1500 869 confirmo
1510 843 1572 878 quia
1583 844 1663 871 homo
1676 846 1786 881 quidem
1798 848 1857 888 fuit,

1061 886 1088 909 et
1110 882 1180 910 nulla
1201 884 1278 912 nobis
1297 886 1378 913 etiam
1401 892 1502 915 natura:
1518 889 1670 919 conditione
1685 894 1854 930 praestantior

1062 927 1127 961 fuit,
1143 933 1231 956 tamen
1252 931 1345 964 melior
1358 933 1495 961 voluntate
1510 943 1518 961 ε
1534 934 1630 963 frustra
1644 937 1709 964 mihi
1724 939 1775 965 ista
1792 947 1858 978 pro-r

1061 974 1137 1008 ponis
1148 995 1156 1008 ,
1179 975 1232 1003 imo
1251 984 1303 1003 non
1319 977 1416 1006 frustra
1431 999 1438 1010 ,
1454 979 1501 1013 sed
1516 981 1625 1009 omnino
1640 990 1688 1018 pro
1705 983 1791 1010 Paulo
1801 1004 1808 1015 ,
1828 991 1853 1013 et

1061 1018 1122 1046 hinc
1143 1021 1311 1055 potissimum
1331 1024 1417 1058 qualis
1439 1025 1484 1053 ille
1508 1025 1587 1054 fuerit
1610 1029 1749 1062 ostendis,
1766 1032 1811 1065 qui
1827 1032 1858 1073 inx

1059 1065 1104 1092 tali
1121 1071 1214 1093 natura
1237 1067 1347 1101 vivens,
1370 1071 1456 1105 putuit
1475 1072 1671 1106 quodammodo
1692 1082 1754 1102 esse
1774 1083 1852 1111 supra

1059 1118 1190 1141 naturam.
1204 1115 1261 1142 Non
1275 1122 1363 1144 autem
1379 1119 1451 1145 illum
1467 1123 1649 1148 tantummodo
1660 1124 1790 1157 extollis;
1807 1126 1854 1162 sed

1057 1159 1136 1186 etiam
1149 1161 1256 1188 consuis
1266 1170 1313 1190 ora
1327 1165 1488 1199 torpentium
1501 1174 1612 1203 seseque
1626 1169 1652 1195 in
1664 1169 1798 1198 desidiam
1811 1179 1851 1198 re-

1057 1205 1209 1234 clinantium
1220 1227 1228 1240 ,
1248 1215 1300 1236 non
1315 1216 1362 1236 eos
1376 1211 1512 1239 sustinens
1523 1212 1556 1240 ad
1569 1214 1743 1242 eminentiam
1755 1216 1850 1244 confu-

1055 1259 1119 1286 gere
1130 1258 1230 1281 natura:
1241 1275 1248 1287 ,
1266 1255 1312 1282 sed
1328 1256 1470 1291 impellens
1483 1258 1516 1286 ad
1532 1260 1647 1286 studium
1662 1261 1819 1289 voluntatis.

1091 1298 1199 1326 Mortem
1217 1309 1251 1326 an
1276 1302 1385 1328 timuerit
1409 1303 1524 1337 Paulus;
1542 1305 1622 1332 libera
1643 1307 1774 1334 voluntate
1791 1308 1855 1343 boui

1054 1345 1182 1379 efﬁcimur.
1197 1361 1232 1366 ——
1246 1347 1298 1374 Sed
1313 1353 1339 1375 et
1355 1353 1478 1382 mortem,
1500 1351 1598 1386 inquis,
1619 1353 1766 1387 aliquando
1789 1361 1847 1388 per-

1054 1391 1150 1418 timuit.
1160 1391 1212 1419 Sed
1224 1393 1275 1421 hoc
1288 1402 1394 1429 quoque
1406 1396 1525 1430 profecto
1535 1402 1638 1425 natura:
1649 1404 1708 1431 est;
1724 1404 1753 1427 et
1762 1405 1850 1437 tamen,

1053 1444 1145 1464 rursus
1166 1438 1209 1465 ltic
1229 1440 1285 1474 ipse
1308 1441 1351 1475 qtti
1375 1447 1487 1470 mortem
1513 1445 1619 1477 timuit,
1636 1445 1742 1473 dicebat
1758 1456 1764 1474 :
1780 1447 1847 1474 Nam

1050 1485 1170 1517 quamdiu
1184 1493 1271 1513 smnus
1279 1487 1303 1513 in
1319 1489 1542 1523 Itoclnbermtculo,
1555 1492 1742 1527 iugemiscimus
1751 1496 1847 1529 gravati

1052 1529 1089 1564 (2.
1102 1530 1160 1557 Cor.
1177 1532 1204 1559 5.
1218 1532 1245 1567 4)
1264 1542 1269 1560 :
1285 1539 1311 1561 et
1321 1542 1423 1568 rursus,
1444 1535 1500 1563 Nos
1514 1537 1563 1571 ipsi
1583 1539 1650 1565 intra
1662 1547 1710 1566 nos
1725 1541 1846 1575 gemimus

1050 1575 1140 1616 (Illam.
1165 1577 1192 1605 8.
1216 1579 1279 1614 25).
1296 1580 1411 1609 Videsne
1439 1590 1519 1617 quam
1541 1584 1753 1620 aequiparantem
1774 1595 1790 1614 e
1804 1587 1844 1614 di-

1049 1612 1127 1650 verso
1146 1612 1261 1652 naturali
1279 1626 1423 1654 infirmitati
1438 1629 1560 1656 virtutem
1575 1632 1733 1665 opposuerit
1751 1633 1844 1660 volun-

1049 1669 1131 1696 tatis?
1145 1670 1210 1703 Quia
1224 1675 1250 1697 et
1274 1677 1404 1706 martyres
1431 1674 1537 1708 plurimi
1555 1683 1615 1702 cum
1633 1676 1798 1705 ducerentur
1810 1679 1847 1706 ad

1047 1720 1170 1747 mortem,
1185 1717 1281 1753 stepius
1297 1718 1458 1758 palluerunt,
1473 1725 1499 1747 et
1508 1721 1603 1748 timore
1617 1730 1648 1749 ac
1663 1723 1847 1759 trepidatione,

1046 1762 1168 1796 completi
1182 1768 1242 1789 sunt
1255 1772 1262 1789 ε
1279 1764 1325 1790 sed
1340 1763 1389 1791 hoc
1403 1765 1460 1799 ipso
1476 1767 1607 1801 prmcipue
1618 1768 1756 1796 mirabiles
1768 1777 1841 1797 com-

1045 1807 1200 1842 probantur,
1215 1809 1339 1844 quoniam
1353 1810 1391 1837 illi
1403 1811 1452 1845 ipsi
1464 1812 1756 1848 quimoritimueruut,
1768 1823 1841 1842 mor-

1045 1854 1097 1876 tetu
1113 1854 1199 1878 tamen
1216 1856 1324 1886 propter
1335 1851 1469 1880 Christum
1485 1854 1593 1882 minime
1608 1855 1778 1890 refugerunt.
1794 1857 1838 1885 Sic

1044 1900 1070 1922 et
1083 1895 1189 1928 Paulus,
1211 1897 1254 1932 qui
1277 1905 1337 1925 cum
1354 1904 1466 1926 mortem
1489 1899 1602 1932 timeret,
1629 1909 1663 1927 ne
1685 1902 1770 1936 ipsam
1783 1904 1839 1937 qui-

1043 1941 1103 1968 dem
1126 1943 1265 1970 recusabat
1286 1943 1452 1978 gehennam,
1479 1946 1525 1981 qui
1548 1951 1657 1982 propter
1671 1948 1835 1976 desiderium

1042 1987 1140 2015 Christi
1153 2009 1159 2020 ,
1173 1989 1252 2016 etiam
1266 1997 1326 2017 cum
1347 1989 1502 2019 formidaret
1521 1992 1655 2020 interitum
1668 2015 1675 2025 ,
1691 1999 1780 2022 tamen
1792 2003 1843 2032 cu-~

1041 2033 1131 2068 piebat
1143 2034 1250 2062 resolvi.
1262 2035 1320 2062 Non
1334 2041 1422 2063 autem
1439 2037 1481 2064 hic
1495 2037 1568 2064 solus
1585 2039 1644 2065 talis
1665 2040 1723 2071 fuit,
1736 2040 1782 2067 sed
1794 2041 1846 2074 ille

1041 2086 1146 2114 quoque
1159 2080 1203 2115 qui
1219 2081 1268 2108 fuit
1278 2082 1458 2116 apostolorum
1474 2089 1562 2118 caput,
1577 2085 1621 2119 qui
1638 2092 1711 2120 sepe
1735 2086 1836 2114 dixerat

1040 2129 1160 2158 paratum
1175 2132 1205 2152 se
1219 2133 1280 2153 esse
1294 2134 1343 2161 pro
1354 2127 1461 2155 Christo
1474 2129 1588 2157 animam
1607 2130 1714 2158 tradere
1728 2131 1835 2166 (Matth.

1038 2168 1092 2204 26)
1105 2190 1112 2202 ,
1132 2174 1159 2197 et
1170 2175 1256 2198 tamen
1274 2177 1387 2199 mortem
1401 2173 1574 2202 vehementer
1594 2174 1745 2203 horruerat.
1767 2177 1835 2205 Audi

1040 2213 1119 2249 igitur
1129 2215 1190 2250 quid
1202 2216 1226 2243 ei
1237 2224 1318 2250 super
1332 2217 1382 2245 ltoc
1397 2218 1641 2255 Christusloquitur
1654 2230 1660 2247 :
1673 2221 1737 2248 Cum
1752 2229 1834 2250 autem

1038 2261 1161 2294 senueris,
1176 2262 1241 2288 alius
1254 2267 1276 2288 te
1287 2263 1376 2298 cinget,
1387 2269 1410 2290 et
1420 2264 1492 2291 ducet
1505 2274 1554 2301 quo
1569 2275 1619 2293 non
1633 2267 1669 2294 vis
1679 2267 1758 2303 (Jonn
1767 2288 1774 2295 .
1786 2269 1830 2296 2|.

1038 2304 1101 2340 18):
1116 2312 1216 2334 natum
1232 2307 1411 2336 infirmitatem
1432 2310 1594 2344 exprimens,
1608 2319 1661 2339 non
1679 2313 1830 2340 voluntatis.

1036 2350 1171 2385 Siquidem
1182 2357 1274 2380 natura
1285 2354 1361 2380 nobis
1374 2354 1462 2383 invitis
1472 2363 1577 2389 quoque
1586 2357 1703 2384 ostendit
1725 2366 1784 2387 sua.
1805 2365 1830 2386 et

1037 2396 1204 2430 infirmitates
1212 2398 1268 2432 ejus
1281 2407 1407 2433 superare
1421 2408 1472 2428 non
1482 2409 1623 2435 possumus
1633 2423 1640 2434 ,
1656 2411 1706 2430 nec
1720 2405 1742 2430 si
1756 2405 1830 2431 valde

1036 2442 1206 2478 studioseque
1220 2444 1357 2478 cupiamus
1375 2455 1380 2472 :
1398 2454 1446 2474 uec
1458 2447 1594 2481 culpatnus
1608 2448 1688 2482 istud,
1704 2450 1766 2484 quia
1783 2451 1829 2477 uti-

1035 2495 1087 2521 que
1100 2488 1161 2515 itide
1174 2489 1239 2516 nihil
1254 2490 1385 2524 Ludimur,
1400 2492 1453 2518 imo
1466 2493 1527 2520 inde
1541 2494 1625 2528 magis
1636 2501 1731 2522 sumus
1743 2496 1826 2522 admi-

1034 2534 1140 2561 rabiles.
1166 2535 1223 2562 Non
1246 2537 1317 2563 enim
1335 2538 1435 2565 crimen
1454 2544 1495 2566 est
1510 2544 1622 2567 mortem
1644 2542 1739 2569 timere
1755 2551 1762 2569 :
1777 2543 1827 2570 imo

1034 2586 1049 2605 e
1063 2581 1208 2613 contrario,
1231 2590 1327 2616 quanta
1343 2583 1400 2610 laus
1414 2588 1453 2610 est
1468 2592 1527 2611 cum
1543 2593 1657 2613 mortem
1674 2587 1777 2620 timeas,
1792 2588 1826 2615 nil

1034 2629 1109 2659 turpe
1130 2630 1209 2660 atque
1223 2627 1319 2654 servile
1335 2630 1435 2662 perpeti
1456 2637 1503 2664 per
1520 2630 1662 2658 timorem?
1685 2632 1743 2659 Non
1757 2633 1823 2659 enim

1033 2676 1152 2698 naturam
1168 2672 1266 2700 habere
1286 2674 1481 2702 infirmitatibus
1495 2676 1640 2710 subditam,
1656 2677 1704 2705 sed
1727 2678 1825 2705 servire

1032 2716 1240 2750 iutirmitatiluts,
1267 2719 1436 2746 criminosum
1457 2725 1498 2748 est
1522 2730 1529 2747 :
1546 2726 1574 2747 ut
1595 2723 1693 2749 merito
1716 2730 1824 2758 magnus

1031 2762 1075 2789 ille
1090 2763 1217 2790 habeatur
1230 2769 1309 2799 atque
1324 2766 1451 2793 mirabilis
1461 2788 1468 2799 ,
1485 2768 1528 2802 qui
1550 2768 1761 2796 imbecillitatem
1775 2778 1818 2796 na-

1030 2813 1093 2834 tura!
1104 2809 1246 2836 voluntatis
1257 2811 1353 2838 virtute
1365 2814 1531 2845 supcraverit
1542 2822 1548 2840 :
1560 2818 1586 2840 et
1600 2813 1651 2841 hoc
1665 2815 1723 2849 ipso
1733 2820 1818 2842 osten—

1029 2853 1065 2880 du
1081 2859 1174 2887 quanta
1198 2854 1228 2881 sit
1244 2855 1333 2883 liberat
1349 2856 1490 2885 voluntatis
1505 2863 1633 2893 potestas,
1660 2861 1818 2894 obstruimusl
