1969 3130
89 141 134 168 505
511 137 556 165 DE
574 136 744 165 LAUDlBUS
762 137 791 164 S.
809 135 874 164 PAU

930 134 1106 163 APOSTOLI;
1123 137 1238 166 Ηωιιι..
1260 139 1303 166 V-I‘.

88 205 128 224 ora
138 197 296 228 dicentium,
311 197 364 223 Cur
379 205 430 223 non
445 201 536 222 natura
549 195 610 222 boni
631 194 691 221 facti
714 201 815 225 sumus,
827 200 877 220 nec

86 252 140 271 cum
155 243 211 276 ipsa
229 243 330 269 virtute
344 242 495 276 progeniti?
509 241 577 274 Quid
601 241 670 268 ctiitn
686 240 764 266 refert
785 244 877 266 natura

87 296 150 319 esse,
165 287 237 322 quod
253 292 342 321 potest
356 287 423 314 eflici
444 286 599 313 voluntate?
615 286 669 312 lino
684 291 755 311 tanto
766 290 806 311 (tsi.
821 292 878 311 me-

87 335 131 360 lius
148 337 245 367 sponte
259 340 322 359 esse
341 332 451 364 bonum,
470 340 549 366 quatit
569 336 651 362 sorte,
674 336 774 365 quanto
790 330 879 363 utique

86 383 187 415 pra-stat
205 379 317 406 coronis
331 383 359 405 et
378 377 541 412 amplissima
556 377 633 403 laude
653 376 782 406 decorari,
799 383 877 410 qua'u

87 425 185 459 penitus
198 423 235 450 nil
253 423 365 451 mereri.
380 425 414 450 At
426 427 467 450 est
487 423 562 449 firma
578 427 680 449 natura.
696 421 751 448 lino
771 421 793 448 si
814 421 879 448 velis

85 471 243 497 voluntatem
270 470 365 496 fortem
385 469 484 496 habere
497 473 575 503 atque
597 468 743 500 robustam,
766 467 816 494 hoc
835 467 879 494 illo

85 517 156 553 plane
170 515 200 542 ﬁt
219 514 338 542 ﬁrmius.
366 515 406 542 An
421 522 484 542 vero
500 522 552 541 non
567 514 640 541 vides
659 514 764 540 concisa
779 517 878 549 marty-

85 569 138 589 rum
152 568 269 595 corpora
285 560 410 595 ferroque
420 560 551 592 cedentia,
564 567 612 586 nec
625 563 712 586 tamen
724 558 820 586 cedere
832 562 877 585 aut

84 607 148 634 vinci
176 606 203 634 in
230 607 325 642 aliquo
346 606 526 633 voluntatem?
542 607 582 632 An
597 604 666 632 forte
687 612 738 631 non
753 603 879 639 spectain

84 653 157 680 etiam
177 652 318 679 Abraham
341 652 477 678 voluntate
498 655 598 678 natura:
623 650 810 685 impedimenta
836 657 879 676 su-

86 696 306 732 perantem(Gen.
317 696 368 733 22).
378 717 384 728 ,
399 697 504 731 quando
518 697 607 731 utique
622 696 782 730 unigenitum
795 695 879 722 lilium

87 744 168 778 iussus
181 748 222 770 est
242 743 396 774 immoiare,
419 751 479 770 cuin
503 747 576 770 certe
598 747 661 768 tunc
685 747 777 768 natura
803 740 879 775 quasi

85 790 181 818 fortiori
203 790 319 817 cesserit
346 788 496 816 Voluntati?
511 796 600 815 nonne
620 787 709 814 vidisti
724 787 838 821 idipsun:
853 787 878 814 in

86 836 135 862 illis
146 836 230 861 tribus
258 835 349 870 pueris
371 834 499 861 aecidissc
517 833 598 868 (Dan.
614 832 671 867 5)?
688 840 775 859 nonne
798 833 878 859 etiam

87 882 173 909 audisti
187 881 253 908 illud
267 882 405 916 antiquum
420 886 446 908 et
465 880 594 907 s.eculare
607 879 788 914 proverbium,
808 878 879 913 quod

87 928 168 954 fiath
181 927 379 954 consuetudine
392 926 508 953 secunda
522 925 637 952 natura?
655 925 711 959 Ego
725 933 788 951 vero
802 924 878 951 dise-

87 974 142 1004 ritu,
156 973 227 1008 quod
250 974 333 1000 etiam
355 973 451 1008 prima,
469 973 537 999 sicut
550 972 671 1006 superius
686 972 755 998 dicta
778 970 878 997 docue-

88 1023 152 1046 runt.
168 1019 248 1045 Vides
257 1019 337 1053 igitur
348 1024 374 1045 ct
388 1018 478 1045 haberi
492 1025 571 1052 posse
579 1018 729 1052 illam,qua:
743 1017 768 1043 in
781 1021 875 1043 natura

88 1069 133 1096 est,
145 1063 312 1096 firmitatem,
329 1065 351 1091 si
373 1064 407 1091 sit
420 1064 542 1091 voluntas
563 1063 640 1090 fortis
653 1071 683 1090 ac
706 1063 817 1098 vigilans
831 1071 838 1090 :
851 1067 879 1090 et

88 1111 150 1146 quod
164 1111 267 1145 majore
296 1110 373 1138 laude
394 1110 429 1137 sit
448 1110 542 1144 dignus
559 1110 676 1144 quiesse
698 1109 755 1136 vult
782 1109 876 1142 bonus,

87 1164 157 1191 quam
171 1156 216 1183 ille
243 1157 295 1190 qui
306 1156 409 1191 cogitur
426 1163 432 1182 :
449 1155 499 1182 hoc
515 1161 556 1182 est
571 1155 640 1182 enim
662 1162 720 1182 esse
745 1155 878 1189 praecipue

88 1202 189 1229 bonum.
205 1201 301 1236 Itaque
316 1209 375 1228 cunt
389 1201 453 1228 dicit
468 1210 474 1228 :
489 1200 590 1236 Castigo
601 1208 691 1235 corpus
705 1208 798 1232 ineunt,
814 1205 837 1226 et
851 1200 878 1226 in

86 1247 219 1274 servitutem
232 1248 322 1282 redigo
338 1255 347 1273 :
358 1247 431 1273 timeo
443 1247 509 1273 enim
523 1254 617 1273 necum
628 1246 685 1272 aliis
696 1246 876 1281 prwdicuvero,

87 1294 135 1327 ipse
148 1293 269 1327 reprobus
285 1293 378 1328 afﬁcior
399 1293 439 1328 (l.
462 1293 520 1320 Cor.
551 1293 577 1320 9.
605 1292 660 1328 27)
687 1302 693 1319 :
719 1297 781 1319 tunc
804 1293 877 1319 illum

86 1339 192 1365 maxime
207 1341 312 1366 meritis
335 1340 437 1366 honoro
453 1340 603 1374 praeconiis,
630 1339 724 1366 videns
739 1347 793 1366 non
807 1347 877 1366 reum

87 1384 138 1411 sine
151 1384 240 1411 labore
256 1385 382 1418 implesse
392 1385 517 1412 virtutem
533 1394 539 1412 :
556 1394 590 1412 ne
604 1385 622 1412 ii
635 1386 679 1420 qui
692 1391 820 1420 postcum
835 1392 878 1411 es-

87 1434 140 1456 sent
158 1429 250 1463 futuri,
268 1436 452 1465 argumentum
467 1431 501 1458 ad
515 1431 645 1458 desidiam
669 1431 877 1458 ducerentillius

87 1474 110 1501 in
121 1475 187 1502 bono
207 1475 362 1503 facilitatem
377 1485 384 1502 :
401 1481 497 1503 etcum
510 1484 602 1504 rursus
614 1477 688 1510 dicit,
704 1476 803 1503 Mundo
816 1485 877 1503 cru-

86 1520 168 1553 ciﬁxus
180 1529 236 1546 sum
249 1520 321 1556 (Gul.
337 1521 363 1548 6.
375 1521 420 1556 ιιι)
431 1542 439 1554 ,
453 1522 615 1549 voluntatem
630 1522 689 1556 ejus
700 1529 808 1549 corono.
823 1522 876 1549 P0-

87 1569 132 1591 test
145 1565 225 1596 enim,
242 1571 341 1600 potest,
356 1566 474 1601 inquam,
487 1571 587 1593 natura:
596 1566 778 1594 fortitudinem
791 1567 874 1594 virtus

91 1611 228 1638 voluntatis
243 1611 430 1645 imitari._Nam
446 1612 468 1638 si
480 1611 521 1638 vel
535 1611 700 1647 ltuncipsuin
714 1611 876 1639 adducamus

88 1659 109 1686 in
123 1659 246 1693 medium,
263 1660 307 1695 qui
332 1663 373 1687 est
386 1660 506 1694 quaedam
517 1680 524 1692 ,
550 1663 578 1686 ut
590 1660 626 1687 ita
641 1659 764 1691 dixerim,
790 1664 876 1687 statua

89 1705 182 1732 virtutis
204 1714 211 1732 :
227 1705 395 1733 inveniemus
409 1706 534 1740 quoniant
555 1706 623 1733 bona
638 1713 697 1740 qua:
716 1706 752 1732 illi
772 1705 877 1732 inerant

87 1751 224 1785 voluntate,
239 1751 268 1778 in
281 1757 383 1779 natura:
398 1759 428 1778 ea
443 1752 595 1778 lirmitatcm
610 1751 722 1778 certavit
739 1751 874 1778 inducere.

90 1797 190 1824 Dclebat
203 1798 312 1832 quidem
325 1797 368 1824 ille
381 1798 549 1830 verberatus,
559 1797 606 1825 sed
617 1805 671 1825 non
685 1797 772 1824 minus
787 1799 876 1824 incor-

88 1843 167 1878 poreis
179 1844 356 1878 potestatibus
369 1844 440 1879 ipsos
454 1844 643 1872 contemnebat
656 1844 764 1872 dolores
780 1853 787 1871 :
804 1845 874 1871 sicut

88 1897 116 1916 ex
134 1890 212 1924 ipsrus
234 1890 325 1918 verbis
356 1890 532 1918 animadverti
563 1895 661 1925 potest,
686 1898 746 1925 quae
772 1898 822 1917 nec
842 1891 876 1917 dc

91 1939 172 1962 nostra
193 1939 303 1969 putatur
315 1935 434 1970 proferre
456 1941 561 1963 natura.
578 1935 689 1970 Quando
703 1936 774 1964 enim
790 1935 852 1963 dicit
867 1945 873 1963 :

89 1979 147 2007 Mihi
171 1982 280 2008 numdus
294 1982 430 2016 cruciﬁxus
444 1987 490 2016 est,
504 1987 527 2008 et
540 1990 586 2017 ego
606 1982 701 2009 mundo
715 1982 812 2017 (lbid.)
827 1991 832 2008 :
848 1986 875 2009 et

89 2033 180 2058 rursus,
213 2027 273 2054 Vivo
288 2032 372 2053 autem
390 2028 446 2062 jam
466 2036 517 2054 non
543 2036 598 2062 ego,
624 2028 682 2054 vivit
700 2032 784 2054 autent
797 2027 822 2054 in
837 2036 876 2054 me

89 2070 192 2099 Christus
204 2073 276 2108 (Gal.
287 2073 314 2100 2.
328 2073 381 2108 20)
392 2094 399 2106 ,
410 2073 473 2108 quid
485 2073 555 2100 aliud
565 2073 668 2101 videtur
681 2073 781 2106 dicere,
794 2081 875 2108 quam

89 2118 151 2152 quod
165 2120 244 2146 etiam
260 2127 294 2146 ex
309 2127 422 2154 corpore
443 2120 502 2154 ipso
522 2119 603 2146 animi
627 2119 724 2146 virtute
746 2119 875 2154 migrave-

89 2164 135 2190 rit?
147 2164 212 2197 Quid
226 2173 292 2192 vero
310 2165 388 2192 datur
401 2166 486 2199 carni,
505 2173 565 2192 cum
585 2165 677 2200 procul
692 2164 773 2192 dubio
784 2165 850 2192 dicit
865 2174 872 2192 :

91 2209 161 2237 Datus
177 2216 211 2237 est
233 2212 297 2237 mihi
317 2211 434 2238 stimulus
457 2212 540 2238 contis
566 2219 629 2238 mea:
647 2211 752 2247 angelus
769 2210 875 2238 Salano:

90 2255 122 2290 t2.
137 2256 193 2283 Cor.
208 2257 253 2286 12.
272 2257 316 2292 7)?
335 2257 391 2284 Hoc
408 2262 497 2284 autem
515 2258 581 2285 nihil
603 2262 644 2284 est
668 2264 777 2292 prorsus
802 2257 874 2284 aliud

89 2309 158 2336 quam
167 2304 310 2331 ostendere
319 2305 512 2340 contempsisse
522 2305 640 2332 dolorem
651 2312 680 2332 se
690 2313 802 2339 corpore
810 2313 858 2332 seu
865 2319 872 2324 -

90 2347 200 2381 tientem,
216 2358 269 2377 non
281 2350 341 2385 quia
353 2358 406 2377 non
418 2351 602 2386 ingrederetur
613 2351 742 2384 animum,
755 2351 801 2378 scd
811 2351 872 2386 quia

91 2395 256 2429 magnitudine
268 2396 412 2423 voluntatis
424 2396 577 2424 excluderet
587 2404 648 2423 eum
659 2401 739 2431 atque
752 2396 870 2430 dcpcllc-

91 2444 134 2466 iet.
158 2441 221 2468 Cum
236 2449 302 2469 vero
315 2442 366 2469 alia
379 2442 490 2477 plurima
505 2442 546 2469 his
560 2442 722 2469 mirabiliora
745 2442 831 2473 dicat,
846 2447 873 2469 et

90 2485 191 2519 gaudeat
204 2487 371 2521 verberatus,
387 2492 414 2514 et
423 2487 551 2522 glorietur
566 2491 714 2519 catenatus,
730 2487 793 2522 quid
801 2487 872 2514 aliud

89 2531 209 2567 quispiam
223 2533 332 2567 dixerit,
356 2541 436 2568 quam
448 2533 530 2566 istud,
543 2533 614 2568 quod
630 2533 686 2568 ipse
708 2533 872 2561 memoravi?

64 2603 66 2607 ,
91 2578 208 2610 Quoniam
222 2579 336 2607 dicendo
351 2580 468 2614 quidem,
484 2579 585 2615 Castigo
596 2588 689 2615 corpus
704 2588 796 2612 meum,
813 2585 835 2606 et
845 2580 871 2606 in

90 2623 218 2651 servitutem
228 2626 315 2660 redigo
330 2634 339 2652 :
353 2626 428 2653 timeo
444 2626 520 2658 enim,
535 2634 566 2652 ne
579 2634 634 2652 cum
645 2626 703 2652 aliis
718 2626 870 2660 prwdicave—

89 2668 142 2702 Tim,
151 2670 205 2704 ipse.
213 2672 334 2706 reprobus
342 2672 433 2706 e/ﬁciar
443 2671 466 2707 (i
476 2671 549 2699 .Cor.
564 2671 590 2699 9.
605 2672 658 2706 ‘27)
673 2693 680 2704 ,
694 2672 810 2699 ostendit
825 2680 871 2699 na-

91 2719 148 2743 tura:
168 2717 346 2745 infirmitatem
359 2727 365 2744 :
382 2727 428 2754 per
443 2719 491 2746 ista
507 2728 579 2752 vero,
594 2727 653 2754 qua:
668 2719 732 2753 dixi,
746 2719 869 2746 voluntao

93 2761 120 2787 tis
133 2763 299 2792 nobilitatem.

115 2807 220 2837 Gratiam
228 2811 275 2838 Dei
289 2812 409 2845 praedicat
422 2812 530 2840 Paulus.
542 2811 675 2839 Maledixit
685 2812 869 2848 aliquando.—

92 2852 184 2884 ldcirco.
192 2856 260 2886 enim
272 2862 414 2894 utrumque
426 2858 542 2895 positum
556 2863 607 2893 est,
620 2862 648 2886 ut
659 2865 746 2894 neque
757 2862 868 2895 propter

1676 146 1733 172 506‘

939 193 982 220 illa
995 201 1091 228 magna
1103 194 1212 221 alterius
1225 202 1287 222 eum
1303 195 1390 229 opiner
1399 196 1420 222 is
1435 203 1493 223 esse
1508 201 1618 229 iratum,
1632 201 1660 223 et
1673 197 1733 230 ipse

931 238 965 266 de
980 240 1075 267 virtute
1089 240 1216 274 desperes
1231 249 1238 267 :
1261 249 1346 275 neque
1362 249 1409 274 per
1425 242 1473 268 ista
1487 243 1592 276 parvula
1609 247 1734 269 sanctam.

931 285 1003 312 illam
1015 285 1193 320 reprehendas
1207 286 1322 313 animam
1335 295 1341 318 ;
1355 287 1400 313 sed
1413 286 1473 314 hinc
1487 295 1590 322 quoque
1601 287 1733 321 despcra-.

934 331 1032 359 tionem
1047 339 1139 359 rursus
1162 333 1317 366 excludens,
1330 333 1362 359 ad
1375 333 1510 360 meliorem
1527 341 1600 367 Spem
1614 334 1727 368 teipsuin

933 377 1060 405 reducas.
1074 378 1219 413 Propterea
1234 386 1326 406 rursus
1339 379 1460 414 adjungit
1470 380 1548 406 etiam
1562 380 1588 407 id
1600 379 1670 415 quod
1682 381 1740 408 Dei.

932 430 992 451 esse
1000 424 1092 459 gratim
1104 425 1237 459 proprium
1243 425 1535 460 conlitetur,etquidem
1544 426 1735 461 exaggerando.

932 473 1013 504 atque
1025 471 1196 498 cumulando.
1211 471 1262 499 Sed
1277 475 1354 506 grato
1369 479 1432 506 erga
1447 472 1530 499 Deum
1555 473 1644 499 animo
1667 472 1733 500 facit.

933 515 1030 550 piaqne
1054 516 1186 543 sententia
1200 537 1207 548 ,
1230 524 1262 544 ne
1276 516 1338 551 quid
1356 516 1458 543 scilicet
1471 525 1547 543 suum
1560 525 1620 544 esse
1633 517 1728 544 creda-

934 565 986 588 tur.
1004 561 1071 588 Dicit
1085 566 1172 589 autent
1186 562 1266 589 etiam
1280 562 1351 597 quod
1363 563 1395 589 ad
1410 562 1491 597 ipsius
1507 563 1621 597 pertinet
1635 563 1727 590 volun-

933 610 1013 633 tatem
1026 628 1033 640 ,
1048 615 1082 634 ne
1101 607 1127 634 in
1148 607 1232 635 Deum
1248 612 1342 634 cuncta
1359 608 1499 642 projiciens
1522 607 1638 635 dormire
1652 609 1734 634 malis.

935 658 967 678 ac
980 656 1103 679 stertere.
1123 652 1248 679 Omnium
1271 661 1384 688 namque
1411 661 1551 681 mensuras
1565 661 1596 680 ac
1623 654 1727 688 regulas

933 698 1004 732 apud
1018 705 1079 725 eum
1095 698 1225 726 invenies.
1241 699 1293 726 Sed
1309 699 1595 734 maledixitaliquando
1607 721 1614 732 ,
1626 700 1726 734 inquis,

933 743 1090 771 Alexandro
1108 745 1202 771 mrario
1224 743 1272 781 (‘2.
1298 744 1366 771 Tim.
1390 746 1417 772 4.
1439 746 1472 772 14
1497 745 1516 780 ).
1532 745 1565 772 Et
1587 746 1649 780 quid
1664 746 1726 774 illud

933 793 1037 823 spectat
1049 789 1081 816 ad
1095 789 1186 816 vitium
1201 789 1212 816 ’ἰ
1235 789 1291 816 Non
1305 790 1375 817 enim
1391 790 1439 816 fuit
1455 790 1497 817 hic
1513 798 1602 817 seruio
1621 791 1725 818 iracun-

932 835 994 868 diae,
1010 836 1057 862 sed
1073 836 1160 869 potius
1173 836 1284 868 doloris,
1300 837 1343 871 qui
1359 843 1431 864 certe
1444 841 1518 863 ortus
1540 841 1581 863 cst
1604 836 1638 863 de
1654 837 1726 863 veri-

932 881 992 908 tatis
1009 881 1114 915 injuria.
1138 881 1194 908 Non
1209 882 1278 908 enim
1292 886 1399 916 propter
1412 882 1528 916 seipsum
1545 881 1660 913 dolebat,
1679 882 1726 909 sed

931 927 991 961 quia
1004 926 1182 961 pricdicationi
1205 928 1249 954 ille
1270 927 1404 955 restiterat
1421 936 1428 954 :
1446 927 1526 954 Valde
1539 929 1615 959 enim,
1631 928 1726 962 inquit,

931 972 1039 1004 restitit,
1053 980 1106 999 non
1122 972 1197 1005 mihi,
1214 973 1261 1005 ait,
1274 973 1321 1000 sed
1334 973 1414 1000 verbis
1428 974 1520 1000 nostris
1532 973 1590 1009 (Ib.
1606 981 1630 1000 υ.
1648 974 1681 1001 15
1695 974 1705 1007 )
1717 982 1725 1001 :
1738 985 1742 992 ν

934 1024 964 1044 ut
985 1023 1011 1044 ct
1034 1026 1111 1045 suum
1137 1026 1197 1053 erga
1217 1018 1354 1045 veritatem
1368 1019 1529 1053 exprimeret
1542 1019 1684 1051 affectum,
1699 1024 1726 1046 et

931 1071 983 1090 non
999 1064 1084 1090 solum
1097 1063 1172 1090 illum
1184 1064 1227 1090 cui
1240 1064 1393 1097 scribebat,
1416 1064 1463 1091 sed
1479 1068 1552 1090 certe
1565 1063 1607 1090 his
1620 1071 1726 1098 quoque

934 1109 1079 1144 discipulos
1094 1109 1235 1137 solaretur.
1249 1109 1378 1143 Quoniam
1394 1110 1464 1137 enim
1485 1109 1548 1136 satis
1561 1117 1726 1144 consequens

931 1161 989 1182 erat
1004 1155 1177 1183 scandalizari
1191 1164 1295 1189 omnes,
1309 1156 1374 1183 nihil
1388 1156 1547 1190 patientibus
1567 1155 1725 1183 adversariis

932 1201 1050 1228 veritatis
1061 1222 1068 1234 ,
1084 1202 1182 1228 idcirco
1193 1207 1219 1229 et
1231 1202 1254 1228 ci
1269 1202 1313 1236 qui
1328 1205 1523 1236 repugnaverat
1537 1201 1592 1228 Deo
1614 1201 1725 1228 commi-

931 1252 1009 1274 natus
1023 1252 1064 1274 est
1078 1247 1228 1274 ultionem‘.
1249 1247 1303 1274 Sed
1315 1248 1399 1274 oravit
1412 1246 1539 1273 adversus
1552 1246 1666 1280 aliquos,
1682 1246 1724 1273 di-

933 1301 997 1321 cens
1012 1302 1019 1320 :
1032 1293 1062 1320 Si
1076 1298 1159 1320 tamen
1177 1293 1276 1327 justum
1300 1297 1336 1320 est
1354 1293 1423 1328 apud
1437 1292 1519 1319 Deum
1540 1292 1725 1319 retributionem

930 1339 1034 1365 reddere
1047 1339 1094 1371 his,
1111 1339 1153 1374 qui
1166 1347 1210 1366 nos
1226 1338 1346 1365 tribulam
1359 1338 1397 1373 (Ξ.
1411 1337 1501 1365 Thess.
1511 1338 1537 1365 1.
1553 1337 1582 1372 6)
1597 1346 1604 1364 :
1620 1344 1674 1364 non
1691 1337 1725 1364 il—

931 1384 970 1411 los
986 1392 1078 1419 ptcnas
1099 1385 1171 1411 luere
1193 1383 1403 1418 concupiscens,
1427 1383 1473 1410 sed
1493 1390 1541 1410 eos
1559 1382 1604 1417 qui
1626 1381 1725 1417 afflige<

930 1428 1026 1456 bantur
1038 1429 1171 1456 consulari
1192 1429 1326 1456 studens:
1342 1434 1451 1464 propter
1474 1427 1545 1463 quod
1573 1432 1600 1455 et
1624 1427 1724 1461 infert,

930 1475 964 1502 Et
976 1476 1044 1502 vobis
1057 1475 1100 1510 qui
1113 1474 1280 1508 tribulamiui,
1290 1475 1401 1509 requiem
1415 1473 1543 1501 nobiscum
1559 1473 1637 1509 (Ibid.
1652 1481 1676 1500 υ.
1685 1473 1724 1509 7).

930 1523 1061 1550 Cmteruni
1076 1530 1136 1549 cum
1161 1522 1218 1556 ipse
1244 1521 1343 1556 aliquid
1367 1520 1443 1548 triste
1472 1520 1636 1555 perpetitur,
1664 1519 1726 1548 audi

931 1577 1009 1604 quam
1025 1569 1077 1596 alta
1099 1568 1225 1603 patientia
1242 1566 1443 1603 philosophetur
1455 1587 1462 1599 ,
1477 1571 1504 1594 et
1526 1571 1634 1602 propter
1656 1566 1725 1594 mala

929 1615 1024 1642 bonam
1039 1615 1123 1642 viceni
1137 1614 1232 1641 reddat
1254 1613 1377 1641 inimicis.
1399 1613 1577 1640 Muledicimur
1591 1633 1599 1645 ,
1619 1613 1723 1647 inquit,

929 1666 953 1688 et
963 1661 1131 1688 bemzdicimus
1140 1669 1149 1687 :
1157 1660 1375 1695 persequutionem
1392 1659 1512 1694 patimur,
1523 1664 1545 1685 et
1558 1659 1706 1686 sustinemus
1714 1667 1726 1686 ε

930 1707 1142 1741 blasphemamur,
1158 1711 1181 1732 et
1199 1705 1357 1732 obsecramus
1372 1705 1420 1739 (1.
1438 1703 1497 1732 Cor.
1511 1704 1539 1731 4.
1557 1704 1611 1738 lii).
1629 1703 1657 1731 Si
1679 1711 1726 1730 au-

930 1757 982 1780 tem
996 1761 1055 1787 qua:
1069 1759 1116 1786 pro
1135 1751 1195 1778 aliis
1208 1751 1277 1778 facta
1293 1750 1338 1778 vel
1351 1750 1421 1777 dicta
1433 1755 1505 1782 sunt,
1521 1748 1665 1776 iracundia:
1680 1748 1722 1776 di-

929 1806 974 1825 cas
986 1798 1075 1831 fuisse,
1088 1802 1164 1831 potes
1177 1797 1267 1824 dicere
1280 1802 1306 1824 et
1317 1797 1439 1832 Elyinaiu
1451 1803 1556 1831 magum
1564 1803 1612 1830 per
1621 1795 1728 1822 iracnn~

929 1843 999 1871 diam
1013 1847 1175 1871 excaecatum
1189 1843 1373 1877 injurioseque
1387 1846 1539 1876 correptum
1555 1839 1564 1877 (
1578 1841 1633 1867 Act.
1650 1839 1723 1876 i5);

931 1891 1061 1918 Ananiam
1076 1898 1181 1926 quoque
1199 1895 1226 1917 et
1237 1889 1394 1924 Sapphiram
1409 1897 1456 1923 per
1467 1888 1631 1915 iracundiam
1644 1895 1659 1914 a
1673 1887 1721 1914 Pe-

929 1942 969 1964 tro
983 1937 1138 1965 interfectos
1150 1936 1315 1964 exclamabis
1331 1934 1341 1972 (
1354 1935 1411 1962 Act.
1424 1936 1442 1963 5
1457 1935 1477 1970 ).
1492 1935 1546 1961 Sed
1562 1935 1622 1969 quis
1635 1938 1676 1961 est
1688 1934 1725 1961 ita

930 1984 1027 2010 stultus
1039 1987 1065 2010 et.
1079 1991 1185 2015 vecors,
1200 1987 1228 2010 ut
1244 1982 1293 2010 hoc
1307 1982 1404 2009 audeat
1416 1981 1545 2016 suspicari
1559 1981 1571 2007 ’ἶ
1585 1981 1642 2008 Alia
1656 1989 1722 2015 quo-

929 2037 981 2064 que
1002 2029 1114 2063 plurima
1137 2028 1288 2055 invenimus
1302 2036 1363 2055 eum
1386 2027 1487 2054 dixisse
1510 2031 1588 2061 atque
1608 2026 1722 2059 fecisse,

928 2082 988 2108 quae
1002 2074 1035 2102 ad
1058 2074 1174 2109 speciem
1192 2073 1315 2100 videntur
1335 2079 1459 2100 onerosa.
1472 2072 1570 2099 Verum
1596 2071 1652 2098 huic
1667 2071 1725 2105 ipsa

928 2125 990 2148 sunt
1004 2141 1012 2153 ,
1028 2128 1087 2155 qua:
1108 2120 1240 2154 praecipue
1253 2119 1410 2146 modestiam
1424 2118 1482 2152 ejus
1504 2117 1658 2145 ostendunt.
1673 2118 1721 2144 Et-

928 2166 999 2193 enim
1015 2174 1073 2193 cum
1084 2166 1189 2193 Satana:
1203 2165 1282 2192 tradit
1296 2173 1369 2197 eum,
1383 2165 1428 2198 qui
1439 2162 1559 2191 Corinthi
1572 2162 1657 2190 fuerat
1670 2162 1724 2189 for-

928 2212 1032 2239 nicatus
1043 2212 1083 2247 (l.
1098 2211 1157 2239 Car.
1214 2211 1256 2246 5),
1269 2218 1330 2237 cum
1352 2210 1436 2236 multa
1450 2208 1502 2236 hoc
1518 2208 1600 2236 efficit
1612 2208 1724 2235 caritate

928 2260 1060 2294 plenoque
1083 2258 1181 2286 amoris
1202 2258 1309 2290 animo;
1326 2256 1406 2292 idque
1421 2264 1454 2283 ex
1472 2255 1588 2283 secunda
1612 2254 1723 2289 epistola

929 2305 1067 2332 evidenter
1095 2304 1211 2331 ostendit
1227 2312 1234 2330 :
1251 2308 1277 2330 et
1291 2310 1306 2330 e
1320 2302 1430 2337 regione
1443 2309 1503 2328 cum
1522 2299 1622 2327 Judmis
1638 2299 1724 2326 mina~

928 2357 979 2383 tur,
992 2359 1022 2378 ac
1034 2351 1107 2383 dicit,
1124 2349 1240 2376 I’crvcuit
1254 2349 1279 2375 iu
1293 2357 1334 2375 eos
1346 2348 1385 2374 ira
1396 2347 1462 2382 Dci(
1478 2347 1502 2373 i.
1517 2346 1606 2372 Thess.
1621 2345 1648 2372 2.
1662 2344 1719 2377 16):

929 2406 981 2424 non
994 2397 1083 2432 utique
1096 2396 1184 2423 furore
1200 2396 1294 2431 plenus
1309 2395 1334 2421 id
1350 2394 1466 2429 loquitur
1479 2413 1486 2425 ,
1502 2400 1581 2427 quem
1600 2392 1723 2418 audimus

928 2452 976 2478 pro
987 2444 1050 2478 ipsis
1066 2444 1220 2478 frequenter
1233 2446 1353 2468 orantem
1368 2462 1376 2474 ,
1392 2439 1439 2467 sed
1452 2439 1587 2466 deterrere
1601 2446 1647 2465 eos
1668 2442 1723 2465 stu-

926 2490 990 2518 dens
1003 2511 1010 2522 ,
1027 2498 1072 2524 per
1089 2498 1148 2524 qua:
1162 2497 1209 2516 eos
1223 2488 1345 2515 redderet
1361 2486 1494 2514 meliores.
1513 2484 1564 2512 Sed
1580 2484 1724 2516 sacerdoti,

927 2536 1014 2571 inquis
1027 2556 1034 2568 ,
1049 2535 1177 2570 irrogavit
1188 2534 1310 2568 injuriam
1325 2533 1438 2560 dicens:
1454 2531 1579 2558 Percutiet
1596 2537 1618 2557 te
1632 2530 1698 2557 Deus
1712 2550 1721 2561 ,

927 2581 1009 2616 purius
1032 2580 1147 2607 dealbate
1160 2580 1169 2615 (
1185 2580 1240 2606 Act.
1253 2579 1298 2606 ~25.
1314 2578 1331 2605 5
1347 2579 1368 2613 ).
1392 2577 1520 2604 Nevimus
1531 2576 1638 2611 quidem
1652 2574 1723 2610 quod

925 2627 958 2654 de
975 2627 1024 2654 hoc
1038 2627 1097 2654 loco
1111 2625 1192 2660 aliqui
1206 2624 1399 2652 satisfacientes
1410 2643 1416 2655 ,
1437 2623 1496 2649 loco
1517 2620 1661 2656 prophetia:
1674 2629 1720 2647 ve~

928 2674 976 2700 lint
997 2681 1057 2700 esse
1072 2671 1143 2706 quod
1160 2672 1258 2699 dictum
1274 2675 1314 2698 est
1332 2679 1339 2697 :
1359 2677 1408 2696 nec
1429 2668 1508 2702 culpo
1522 2668 1641 2694 dicentes
1656 2675 1662 2693 :
1682 2670 1720 2692 ct-

924 2720 996 2746 enim
1011 2719 1079 2745 istud
1093 2718 1191 2750 evenit,
1205 2718 1294 2751 sicquc
1304 2716 1444 2743 defunctus
1454 2719 1503 2742 est.
1519 2714 1546 2741 Si
1560 2714 1618 2748 quis
1632 2716 1720 2740 tamen

925 2765 1013 2792 acrior
1027 2764 1146 2798 insurgat
1160 2763 1282 2790 inimicus
1298 2783 1305 2794 .
1322 2770 1349 2789 et
1362 2760 1493 2788 curiosius
1507 2765 1633 2794 reparans
1644 2764 1719 2792 qua:-

924 2891 928 2898 .
957 2863 965 2880 ι
984 2866 1010 2888 ιιι
1020 2866 1100 2889 Ura'co
1111 2863 1145 2888 sic
1152 2861 1242 2894 legitur
1255 2867 1262 2886 :
1277 2859 1371 2886 Idcirco
1381 2857 1439 2885 talia
1450 2857 1517 2884 dicit.
