1969 3130
247 151 298 179 507

249 208 360 235 stionem
373 229 380 240 ,
394 209 580 243 contradicat,
597 218 628 238 ac
650 211 748 239 referat
771 222 778 239 :
800 212 893 240 Nonne
918 219 1038 246 noverat,

247 254 307 289 quia
328 261 450 282 summus
464 260 522 282 erat
534 256 659 284 sacerdos
676 257 706 284 ίὶδ
722 258 772 285 hoc
794 259 884 293 utique
897 259 1016 286 dicemus
1031 280 1038 293 ,

246 301 370 334 quoniam
396 301 521 328 erudiens
544 302 612 329 alios
631 308 693 338 erga
721 311 768 330 eos
791 304 835 339 qtti
866 305 891 331 itt
909 310 1039 338 potestate

245 352 307 374 sunt
320 347 467 375 modestius
477 349 639 381 conversari,
650 355 730 384 atque
750 358 861 378 monens
873 371 880 382 ,
904 351 960 385 ipse
974 360 1040 386 quo-

246 401 299 428 que
314 393 377 420 huic
390 394 473 421 voluit
486 394 671 429 obtemperare
683 416 691 428 ,
706 397 774 422 sicut
787 400 814 424 ct
829 396 952 424 Christus
968 398 1038 430 fecit,

245 440 289 474 qui
315 445 388 467 certe
414 448 475 467 cuin
500 440 601 468 Scribis
623 442 694 468 mille
718 441 796 468 fanda
825 449 903 476 atque
926 443 1038 470 nefanda

244 485 374 518 dixisset,
390 486 426 513 ait
440 491 528 514 tamen
548 495 554 513 :
572 487 655 522 Super
678 488 824 514 cathedram
842 487 908 515 Mosi
921 488 1039 516 sederunt

245 533 342 559 Scribat
354 537 378 559 et
395 532 521 560 Phariswi
536 542 545 561 :
567 534 652 561 omnia
664 543 722 569 ergo
733 542 790 569 qua:
802 535 888 561 dicunt
909 536 986 566 vobis,
999 538 1038 570 [u-

244 580 292 613 pite
303 586 313 613 ;
325 579 463 606 secundum
470 585 554 607 autem
564 588 641 615 opem
649 588 735 607 eorum
747 580 825 610 nolite
837 581 920 615 facere
930 581 968 617 (Μ
972 582 1036 609 att/1.

244 626 278 652 25
300 625 324 652 2.
346 627 362 653 5
378 626 397 653 ).

300 626 324 652 2.
346 627 362 653 5
391 645 397 653 .

281 671 330 704 Qui
354 626 538 706 praedicaturus
555 677 590 700 est
604 672 705 699 verbum
728 672 775 700 Dei
803 674 893 708 quibus
917 682 943 700 se
968 675 1036 709 peri-

243 717 307 743 culis
329 723 448 749 exportat.
472 717 518 744 Ira
539 726 616 753 quare
639 718 710 745 nobis
729 719 815 745 insita.
841 734 878 738 -—
901 719 936 746 Ita
959 720 1038 754 igitur

242 766 270 792 et
289 761 331 788 ltic
358 762 474 793 Paulus,
490 768 516 790 et
533 763 701 790 conservavit
725 764 858 798 pontiﬁcis
882 764 1036 799 dignitatem

241 811 269 838 et
294 807 364 842 quod
397 808 513 835 futurtttn
543 814 621 840 erat,
645 813 706 836 ante
738 809 870 843 pratdixit.
901 810 978 843 Quod
1015 811 1037 837 si

242 853 373 880 Joannem
386 862 402 880 a
415 855 550 881 consortio
564 855 716 889 separavit(
732 856 788 881 Act.
807 855 847 883 l5.
862 856 921 890 SS),
934 861 960 882 et
985 856 1036 883 hoc

243 899 334 934 utique
353 899 502 926 rectissime
525 907 573 933 pro
586 900 721 926 communi
737 901 826 927 officio
842 902 1037 935 pra-dicationis

240 944 338 972 eﬂ‘ecit.
353 944 419 971 Eum
432 944 562 979 siquidem
571 945 615 980 qui
631 945 701 972 istud
716 946 827 980 suscipit
839 945 969 980 ofﬁcium,
981 955 1036 975 tton

240 994 345 1024 oportet
359 991 465 1018 ntollem
477 998 536 1018 esse
551 991 693 1025 quemdam
713 997 793 1026 atque
812 992 957 1019 resolutum
968 1014 975 1026 ,
988 993 1035 1020 sed

242 1035 337 1063 fortem
350 1040 379 1063 et
400 1044 448 1071 per
461 1041 556 1064 cuncta
571 1037 720 1064 robustunt.
746 1037 839 1073 Neque
855 1038 925 1064 enim
941 1038 1034 1065 saltem

240 1084 371 1117 attingere
397 1084 538 1118 quisquam
560 1083 639 1111 debet
666 1084 786 1118 pra-clari
817 1084 895 1118 hujus
917 1085 1035 1112 muneris

240 1129 422 1163 functionent,
451 1131 501 1157 nisi
518 1135 624 1165 parattts
648 1132 681 1158 sit
704 1130 801 1158 millies
820 1132 934 1157 anintant
959 1138 1034 1158 suam

240 1177 347 1204 tradere
360 1177 386 1203 in
401 1182 526 1208 ntortent,
541 1182 621 1212 atque
635 1177 800 1204 discrimina.
816 1177 883 1204 Dicit
896 1178 966 1204 enim
978 1178 1034 1212 ipse

241 1223 370 1250 Dominus
382 1222 460 1250 Jesus
476 1232 481 1248 :
496 1223 526 1250 Si
540 1225 595 1257 quis
614 1224 666 1250 vult
686 1228 740 1257 post
760 1231 800 1250 me
813 1226 896 1250 venire
907 1243 915 1256 ,
931 1223 1035 1258 abneget

237 1269 417 1304 semetipsum,
446 1274 468 1295 et
490 1269 560 1295 tollat
588 1277 686 1295 crucem
703 1277 792 1302 suam,
807 1275 830 1296 et
856 1275 973 1304 sequatur
995 1277 1034 1295 me

239 1315 249 1348 (
266 1314 359 1341 Matth.
377 1315 420 1342 16.
436 1315 492 1348 24).
508 1315 558 1348 Qui
573 1323 638 1349 ergo
653 1323 705 1342 non
720 1315 766 1342 tali
785 1315 876 1342 animo
889 1318 930 1342 est
942 1335 951 1348 ,
965 1315 1033 1342 mul-

236 1365 277 1392 tos
289 1360 369 1387 etiam
385 1360 451 1387 alios
474 1367 521 1387 suo
546 1360 632 1394 perdit
661 1361 801 1395 exemplo,
817 1361 953 1396 magisque
968 1361 1033 1388 utile

235 1406 310 1434 estsi
326 1407 454 1442 quiescat,
469 1407 574 1441 sibique
586 1410 686 1434 tantunt
700 1412 786 1439 vacet,
809 1415 887 1442 quam
903 1407 925 1434 si
936 1414 1032 1441 procc-

237 1453 283 1480 dat
300 1453 326 1480 itt
343 1453 458 1480 medium
473 1458 500 1480 et
513 1460 579 1480 onus
595 1453 650 1480 suis
666 1454 766 1480 viribus
785 1454 874 1488 majus
889 1458 1006 1481 assumat
1023 1463 1029 1480 :

234 1497 274 1525 sic
287 1498 357 1525 enim
369 1506 422 1525 non
435 1499 567 1533 propriam
577 1498 725 1532 solum,scd
734 1499 814 1526 etiam
827 1499 968 1526 ntultorunt
980 1500 1031 1526 sibi

234 1543 398 1571 creditorum
423 1544 512 1579 prodit
526 1544 651 1576 salutem.
675 1544 709 1572 Et
722 1553 815 1572 revera
830 1546 965 1580 quontodo
977 1554 1029 1574 non

235 1588 379 1623 absurdum
393 1596 443 1623 est,
458 1595 487 1617 ut
511 1598 571 1618 cum
594 1591 689 1626 aliquis
711 1591 814 1620 nesciat
832 1597 916 1619 artcut
931 1592 1030 1627 ςιιιιθιιτ

234 1634 314 1662 nandi
328 1635 514 1670 pugnandique
527 1644 586 1662 cum
608 1636 744 1670 fluctibus,
760 1644 810 1664 nec
824 1637 846 1664 si
864 1637 936 1664 mille
949 1637 1030 1665 rebus

233 1680 354 1715 adigatur
369 1701 376 1713 ,
392 1681 470 1715 eligat
493 1681 525 1708 ad
540 1681 643 1710 clavunt
670 1681 764 1709 sedere
791 1691 798 1708 :
823 1687 850 1710 et
875 1682 920 1709 ille
934 1683 980 1717 qui
995 1683 1028 1709 ad

234 1727 394 1761 prtedieandi
409 1728 495 1763 pergit
505 1728 622 1755 officiunt
639 1733 739 1757 temere
753 1729 786 1757 ad
801 1729 871 1756 istud
882 1734 909 1757 et
925 1734 1030 1757 utcunt~

235 1781 288 1807 que
314 1773 462 1809 contingit,
487 1774 616 1807 accedat,
632 1779 711 1810 atque
728 1775 959 1803 innumerabilium
983 1783 1027 1802 re-

232 1826 290 1845 rum
315 1827 408 1846 curam
431 1820 533 1854 absque
554 1820 606 1847 ulla
635 1820 851 1848 consideratione
878 1821 1028 1856 suscipiat?

233 1863 292 1890 Non
307 1865 396 1899 itaque
419 1866 524 1892 navium
538 1865 754 1900 gubernatorem,
767 1866 862 1893 nonad
875 1866 974 1893 bestias
986 1866 1028 1893 di-

235 1910 379 1937 micantem
395 1932 401 1944 ,
425 1919 479 1938 non
504 1911 566 1938 ludo
588 1911 746 1946 gladiatorio
761 1911 922 1939 destinatum
939 1933 946 1945 ,
975 1921 1028 1939 non

232 1955 314 1982 aliunt
330 1956 482 1991 quempiam
498 1957 607 1984 omnino
617 1957 656 1985 sic
668 1957 701 1983 ad
715 1957 871 1985 discrimina
887 1963 914 1985 ct
927 1963 1027 1986 mortes

232 2006 353 2035 paratam
370 2006 448 2036 atque
462 2003 610 2038 expositam
623 2007 731 2038 oportet
741 2003 843 2030 habere
857 2004 986 2037 animam,
998 2010 1027 2031 ut

233 2055 295 2074 eum
309 2048 352 2082 qui
374 2048 485 2082 suscipit
502 2047 617 2075 ofﬁcium
634 2048 805 2083 przedicandi.
827 2049 893 2077 Nam
913 2054 940 2077 et
954 2051 1026 2085 peri-

229 2097 289 2121 cula
312 2094 433 2129 profecto
447 2094 557 2130 majora,
576 2100 602 2122 et
614 2095 760 2123 adversarii
779 2097 920 2130 saeviores,
935 2101 1025 2124 etnon

230 2147 312 2166 ttnuttt
327 2140 460 2175 quoddam
477 2141 571 2168 mortis
585 2149 668 2176 genus
682 2141 810 2169 ittcuntbit
825 2163 832 2174 ,
850 2150 899 2170 nec
913 2151 1024 2178 usquam

229 2193 339 2220 prorsus
354 2186 433 2212 simill
449 2186 603 2214 conditione
628 2191 744 2215 certatur
757 2188 778 2214 ¹.
795 2188 895 2215 Cadunt
910 2196 1025 2224 namque

259 2284 310 2317 ‘_ln
322 2287 402 2317 Grgceo
421 2283 518 2317 legitur.
529 2291 559 2317 Δδι
576 2285 761 2316 prop/tuismet,
783 2292 828 2310 cur
846 2285 1024 2312 excusationem

226 2314 317 2347 profert
329 2315 429 2347 dicens:
442 2314 579 2347 nesciebam
588 2314 651 2347 quod
663 2320 722 2341 esset
734 2323 841 2342 summus
852 2318 975 2342 sacerdos.

257 2346 268 2361 ⁸
283 2349 332 2374 (stu,
344 2349 366 2370 et
377 2345 419 2370 illa
430 2352 495 2371 mors
505 2345 533 2371 ob
545 2353 584 2371 res
594 2345 692 2372 iuiuinte
700 2347 814 2379 ignobiles
820 2348 909 2373 obitur.

647 155 786 183 JOANNIS
805 156 1042 186 CIIRYSOSTOMI
1061 157 1221 187 ARCHIEP.
1242 159 1506 188 CONSTANTINOP.

1833 164 1880 192 503

1096 215 1138 242 ltic
1149 216 1174 242 in
1190 216 1309 250 prtemio,
1323 217 1350 244 in
1368 218 1497 252 supplicio
1514 225 1601 247 autem
1615 221 1738 256 gebcnua
1760 225 1880 258 proponi-

1094 265 1145 292 tur,
1160 265 1186 287 et
1199 266 1296 288 aeterna
1312 263 1407 290 anima:
1419 264 1491 291 salus
1505 285 1512 297 ,
1528 270 1609 300 atque
1622 267 1748 301 perditio.
1768 268 1827 296 Non
1840 278 1880 297 so-

1093 305 1146 332 lum
1159 312 1247 334 autettt
1260 315 1320 334 cum
1331 310 1376 343 qui
1389 310 1568 344 przedicationi
1583 313 1741 348 accingitur,
1754 315 1793 342 sic
1806 323 1880 350 opor-

1093 355 1131 378 tet
1145 353 1250 386 parari,
1275 353 1321 381 sed
1334 362 1527 391 quemcumque
1540 377 1548 390 ,
1570 358 1611 385 vel
1625 359 1785 393 simpliciter
1808 361 1880 389 Chri-

1092 397 1208 425 stianum
1221 407 1226 425 :
1240 407 1301 426 nant
1314 408 1425 429 crucem
1440 402 1532 430 tollere
1546 409 1572 431 et
1585 406 1659 440 sequi
1680 406 1818 434 Christum
1829 416 1882 435 ont-

1091 444 1169 472 nibus
1183 446 1338 480 imperatur.
1361 448 1388 476 Si
1403 454 1491 477 autem
1505 452 1624 484 cunctis,
1641 453 1725 482 multo
1741 455 1827 490 magis
1839 457 1882 484 do-

1091 491 1208 518 ctoribus
1223 493 1312 528 populi
1328 499 1407 529 atque
1421 497 1582 530 pastoribus,
1598 505 1711 532 quorum
1726 508 1761 527 ex
1775 509 1882 530 numero

1091 538 1170 565 etiam
1183 538 1301 566 Joannes
1320 545 1382 568 tunc
1393 547 1451 568 erat
1467 562 1474 575 ,
1492 544 1536 577 qui
1559 544 1696 573 dicebatur
1709 552 1737 574 et
1759 547 1881 575 Marcus:

1090 583 1135 617 qui
1149 585 1274 618 quoniant
1288 593 1317 613 se
1329 587 1354 613 in
1367 587 1421 622 ipsa
1435 589 1502 616 aciei
1517 588 1602 617 fronte
1616 593 1794 624 constituens,
1810 595 1883 622 nimis

1091 629 1233 659 inviriliver
1252 637 1342 666 egerat
1357 655 1363 664 ,
1380 641 1440 661 cum
1462 636 1559 662 merito
1576 637 1672 664 Paulus
1694 638 1795 673 abjecit
1807 640 1815 674 (
1829 640 1882 667 Art,

1091 676 1178 708 5.5;
1191 677 1231 704 15.
1243 678 1287 704 57.
1303 679 1336 706 58
1352 681 1360 713 )
1376 700 1383 710 ,
1405 687 1438 708 ne
1453 681 1524 709 illius
1551 683 1624 716 quasi
1639 686 1801 719 contagione
1817 687 1883 714 vires

1090 728 1326 758 corrumperentur
1339 725 1463 753 aliortnn.
1479 727 1507 754 Si
1523 736 1587 755 vero
1604 729 1690 757 Lucas
1706 731 1793 759 refert
1813 740 1880 767 quo-

1094 774 1164 800 niam
1186 775 1274 810 aliqua
1288 776 1358 803 inter
1371 777 1442 810 ipsos
1464 777 1533 804 facta
1548 785 1588 806 est
1603 781 1752 813 contentio,
1769 781 1824 808 ttoli
1835 781 1882 809 hoc

1089 819 1214 847 delictum
1241 826 1344 856 putare.
1368 823 1424 850 Non
1439 824 1510 850 enint
1523 827 1689 854 commoveri
1709 827 1810 854 malum
1832 834 1880 861 cst,

1089 866 1135 892 sed
1153 867 1379 901 irrationabiliter,
1400 870 1526 904 ttulloque
1538 872 1610 906 justo
1624 872 1764 907 flagitante
1778 875 1882 909 negotio

1088 914 1261 940 commoveri.
1275 913 1425 948 Iracundia,
1439 916 1523 950 inquit
1537 938 1544 949 ,
1559 918 1653 953 injuste
1669 927 1720 946 non
1730 920 1883 954 justiﬁeabio

1089 961 1129 984 tur
1144 958 1153 993 (
1168 958 1252 985 Simo.
1264 960 1289 986 1.
1308 959 1355 993 28)
1372 969 1378 987 ε
1405 969 1457 988 non
1473 970 1538 997 ergo
1559 963 1682 997 eulpatur
1698 965 1815 999 simplex
1831 967 1881 993 ira-

1089 1003 1182 1030 cundia
1194 1024 1201 1035 ,
1217 1004 1262 1030 sed
1278 1005 1373 1039 injusta
1389 1015 1394 1031 :
1411 1011 1438 1033 et
1452 1014 1544 1034 rursus
1558 1029 1564 1039 ,
1581 1008 1631 1040 Qui
1649 1009 1729 1036 iratus
1744 1011 1883 1047 fueritfui-

1088 1049 1121 1075 tri
1139 1058 1184 1076 suo
1197 1051 1251 1076 sine
1261 1052 1356 1087 causa(
1373 1051 1465 1079 Matth.
1484 1054 1509 1080 5.
1523 1054 1578 1089 2'2)
1596 1063 1602 1080 :
1626 1063 1680 1082 non
1696 1063 1764 1090 ergo
1779 1056 1881 1091 simpli-

1087 1095 1155 1122 citer
1170 1096 1263 1123 iratus.
1277 1097 1451 1132 thPropheta
1467 1099 1532 1126 dicit
1552 1109 1558 1126 :
1583 1100 1747 1134 lrascimim',
1773 1108 1797 1128 et
1810 1104 1884 1131 nolite

1087 1143 1209 1177 μειγανε(
1226 1142 1332 1170 Ρεαιμῦ.
1349 1144 1382 1175 5;
1400 1144 1495 1179 Eplzes.
1508 1146 1533 1173 4.
1549 1146 1583 1173 9.6
1597 1147 1616 1181 ).
1636 1147 1713 1179 Quod
1736 1148 1759 1174 si
1776 1149 1882 1176 omnino

1086 1187 1237 1221 hujusmodi
1251 1189 1288 1215 uti
1303 1198 1355 1216 nott
1369 1196 1475 1224 oportet
1489 1191 1594 1224 affectu,
1606 1194 1684 1220 etiam
1700 1202 1762 1221 cum
1780 1199 1882 1230 tempus

1085 1235 1222 1268 exposcit.
1246 1235 1342 1263 frustra
1357 1237 1435 1264 nobis
1449 1237 1555 1265 videtur
1573 1239 1728 1273 ingenitus;
1756 1241 1804 1268 sed
1820 1248 1880 1275 pro-

1085 1278 1155 1306 fecto
1171 1288 1223 1308 non
1237 1281 1344 1314 frustra,
1360 1290 1438 1316 quem
1450 1288 1524 1310 certe
1545 1284 1672 1318 providus
1683 1285 1763 1312 nobis
1777 1292 1880 1314 creator

1085 1324 1207 1357 inseruit,
1225 1330 1255 1353 ut
1272 1326 1436 1355 dormientes
1449 1329 1551 1356 animas
1568 1351 1575 1362 ,
1600 1336 1681 1364 atque
1701 1331 1835 1359 resolutas
1848 1333 1880 1359 ab

1084 1371 1179 1399 inertia
1206 1380 1236 1399 ac
1265 1373 1368 1401 desidia
1389 1375 1541 1402 suscitaret.
1573 1376 1654 1409 Quasi
1681 1378 1754 1404 enim
1789 1378 1877 1413 gladio

1083 1419 1180 1452 aciem,
1196 1420 1230 1446 ita
1245 1420 1327 1447 menti
1342 1425 1440 1448 nostra:
1455 1423 1502 1449 ira:
1513 1430 1625 1450 acumen
1643 1424 1781 1458 imposuit,
1799 1430 1826 1452 ut
1839 1433 1879 1456 eo,

1083 1473 1142 1492 cum
1158 1471 1275 1500 oportet,
1293 1471 1409 1494 utamur.
1423 1468 1568 1503 Propterea
1580 1470 1661 1504 igitur
1673 1475 1700 1497 et
1720 1471 1819 1499 Paulus
1833 1472 1881 1499 hoc

1082 1520 1154 1547 εωρο
1175 1518 1217 1540 est
1235 1520 1299 1540 usus
1316 1514 1421 1547 affectu,
1446 1521 1472 1543 et
1492 1516 1612 1543 modeste
1630 1517 1806 1551 loquentibus
1827 1524 1881 1546 erat

1083 1558 1282 1591 ntelioriratus,
1300 1567 1360 1587 cum
1378 1564 1498 1594 tempore
1509 1563 1599 1588 omnia
1613 1561 1715 1590 faciens
1730 1570 1881 1598 opportuno

1082 1612 1130 1638 pro
1156 1605 1231 1632 luero
1262 1610 1289 1632 et
1316 1607 1457 1634 commodo
1483 1607 1654 1642 praedicandi.
1681 1609 1775 1644 Neque
1811 1611 1880 1638 enim

1081 1650 1236 1686 simpliciter
1259 1652 1352 1678 lenitas
1374 1657 1414 1679 est
1429 1652 1496 1679 bona
1509 1674 1516 1686 ,
1533 1654 1579 1680 sed
1600 1662 1661 1681 cum
1687 1660 1795 1690 tempus
1808 1655 1880 1683 efﬂa-

1080 1698 1168 1731 gitat:
1191 1698 1297 1732 quando
1324 1706 1388 1725 vero
1414 1699 1439 1725 id
1467 1707 1520 1726 non
1543 1700 1632 1731 adest.
1661 1701 1743 1728 etiam
1771 1702 1822 1728 ista
1843 1703 1879 1729 vi-

1082 1745 1147 1770 tiosa
1159 1750 1208 1776 est,
1221 1744 1302 1778 ﬁtque
1317 1745 1353 1771 ira
1369 1746 1546 1772 eonttunacia.
1568 1746 1630 1773 lla~c
1647 1755 1713 1774 vero
1725 1748 1817 1774 omnia
1828 1756 1878 1775 non

1081 1798 1130 1824 pro
1144 1790 1225 1816 Paulo
1241 1790 1408 1818 satisfaciens
1432 1799 1491 1818 sum
1505 1791 1630 1826 loquutus
1648 1801 1654 1818 2
1671 1800 1726 1819 non
1740 1794 1814 1820 enim
1831 1803 1878 1822 no-

1080 1837 1126 1863 stri
1154 1837 1197 1864 ille
1221 1837 1321 1872 indiget
1345 1839 1494 1870 sermonis;
1515 1839 1573 1866 laus
1597 1840 1667 1866 enim
1693 1840 1754 1874 ejus
1773 1849 1826 1868 non
1843 1850 1875 1868 ex

1082 1883 1245 1916 hominibus,
1260 1883 1306 1910 sed
1326 1892 1358 1911 ex
1376 1885 1429 1911 [leo
1453 1885 1512 1920 esl(
1529 1885 1603 1912 Rom.
1619 1887 1647 1912 ‘2.
1663 1886 1721 1922 29)
1736 1895 1742 1918 ;
1761 1887 1808 1914 sed
1827 1896 1878 1922 quo

1078 1929 1215 1956 auditores
1229 1930 1384 1956 erudiamus
1395 1951 1402 1962 ,
1417 1935 1445 1957 ut
1460 1931 1583 1958 omttibus
1601 1932 1634 1958 ad
1648 1933 1876 1966 opportunitatem

1079 1979 1188 2001 utantur
1211 1974 1370 2008 affectibus,
1389 1976 1458 2002 sicut
1481 1976 1536 2011 jam
1565 1981 1628 2004 ante
1651 1979 1811 2006 memoravi.
1834 1978 1876 2006 Sic

1078 2028 1193 2055 namque
1213 2022 1361 2055 poterimus
1384 2021 1502 2056 undique
1531 2023 1712 2056 spiritualium
1741 2025 1876 2052 lucrorunt

1078 2066 1242 2094 incrementa
1268 2067 1404 2102 colligere,
1433 2076 1548 2103 cumque
1575 2070 1700 2096 maximis
1726 2070 1827 2098 divitiis
1842 2072 1874 2098 ad

1078 2119 1183 2148 portum
1203 2114 1366 2141 tutissintunt
1397 2115 1535 2149 pervenire
1550 2136 1558 2148 ,
1574 2120 1602 2142 et
1628 2117 1759 2151 consequi
1784 2117 1875 2144 indefi—

1077 2161 1178 2188 cientes
1202 2168 1316 2188 coronas
1331 2182 1339 2195 ,
1363 2169 1430 2196 quas
1454 2163 1534 2188 etiam
1551 2171 1600 2189 ttos
1618 2171 1714 2190 omnes
1740 2165 1873 2199 contingat

1077 2207 1193 2240 mereri,
1218 2208 1304 2242 gratia
1329 2213 1356 2235 et
1375 2209 1557 2236 misericordia
1581 2209 1685 2236 Domini
1712 2209 1873 2238 nostriJesu

1076 2253 1185 2285 Christi,
1205 2254 1247 2280 cui
1262 2258 1304 2286 est
1324 2254 1407 2289 gloria
1426 2259 1453 2281 ct
1481 2255 1621 2289 impcriunt
1635 2276 1642 2288 ,
1669 2256 1696 2282 in
1712 2256 1808 2284 saecula
1821 2264 1871 2283 sa:-

1075 2299 1207 2326 culorunt.
1222 2299 1318 2327 Amen.

658 2458 723 2492 DE
753 2456 1013 2493 LAUDIBUS
1040 2456 1233 2493 SANCTI
1260 2456 1422 2492 PAULI

969 2531 1128 2552 APOSTOLI.

906 2604 1011 2612 .—

533 2662 640 2681 llUlllLlA
661 2663 705 2681 \‘Il.

260 2698 369 2732 Quoties
381 2698 411 2731 ti,
424 2699 469 2734 qui
484 2704 589 2734 portant
604 2701 678 2734 signa
696 2700 793 2734 regalia
804 2701 943 2736 clangente
954 2707 1017 2730 ante

223 2751 252 2772 se
264 2745 324 2772 tuba
335 2750 361 2772 et
374 2746 430 2774 acie
444 2746 557 2774 militum
573 2753 718 2781 prateunte,
731 2749 915 2783 ingrediuntur
926 2750 1015 2782 urbes,

222 2791 310 2818 omnis
334 2792 446 2826 populus
465 2793 604 2820 consuevit
631 2801 772 2822 accurrere
796 2795 829 2822 ad
855 2795 1015 2822 audiendum

222 2836 342 2871 buccina:
360 2846 467 2869 sonum,
486 2839 526 2864 τοι
542 2839 645 2873 signant
666 2841 736 2874 quod
759 2840 784 2867 in
806 2841 918 2868 sublime
933 2842 1015 2868 fertur

222 2883 374 2916 \uirndutn,
397 2884 479 2919 ipsius
498 2889 577 2911 chum
601 2886 725 2913 virtutem
750 2885 869 2914 ferentis.
883 2887 1012 2920 Quoniam

1073 2657 1152 2691 igitur
1167 2663 1194 2684 et
1209 2657 1288 2684 hodie
1303 2665 1356 2684 nott
1372 2657 1476 2690 urbem,
1491 2658 1537 2685 sed
1553 2659 1647 2686 orbent
1672 2660 1770 2689 Paulus
1784 2663 1859 2695 ingre-

1072 2703 1153 2736 ditur,
1169 2711 1362 2731 coneurrantns
1377 2711 1481 2731 omnes.
1498 2705 1604 2732 Etenim
1628 2706 1680 2734 iste
1696 2716 1749 2735 non
1763 2709 1858 2743 signant

1073 2750 1171 2777 terreni
1185 2749 1297 2785 alicujus
1319 2751 1400 2785 regis,
1421 2750 1467 2777 sed
1491 2759 1517 2777 ιιι
1531 2752 1598 2778 caelo
1612 2754 1750 2787 regnantis
1770 2754 1856 2781 Christi

1071 2803 1179 2822 crueent
1193 2801 1298 2830 portat;
1314 2797 1468 2830 prae-cedunt
1484 2806 1536 2824 non
1550 2798 1702 2832 hominunt,
1724 2800 1769 2827 sed
1785 2808 1855 2834 ange-

1069 2840 1155 2868 lorum
1165 2846 1290 2875 catcrvm,
1306 2850 1358 2869 non
1374 2842 1460 2869 solunt
1474 2843 1499 2870 in
1510 2844 1641 2872 honorent
1653 2846 1712 2880 ejus
1720 2847 1784 2881 signi
1793 2845 1853 2881 quod

1069 2887 1163 2922 fertur,
1181 2889 1226 2916 sed
1241 2890 1320 2917 etiam
1334 2890 1359 2917 in
1375 2889 1442 2924 eius,
1460 2899 1474 2916 :t
1489 2899 1541 2925 quo
1557 2891 1653 2926 fertur,
1668 2894 1803 2921 autiliuut.
