1969 3130
108 185 156 214 509

140 241 227 276 Angeli
249 240 367 268 custodes
392 240 479 266 nostri.
495 254 530 259 ——
543 239 571 266 Si
587 239 657 266 enim
678 238 812 273 propriam
837 242 898 265 tan-

108 286 241 314 tummodo
260 286 343 313 vitam
368 285 530 321 regentibus,
552 284 673 319 nihilque
698 291 746 318 pro
768 284 901 310 communi

108 334 218 360 utilitate
240 331 411 362 facientibus,
433 331 519 366 angeli
539 331 574 358 ab
586 331 705 357 omnium
726 330 839 357 Domino
854 329 900 356 de-

107 378 187 414 putati
200 383 274 410 sunt,
294 378 362 404 sicut
374 377 410 404 ait
429 384 496 403 unus
507 384 538 403 ex
549 376 640 410 justis,
655 375 764 411 Angelus
780 375 823 410 qui
837 375 901 401 eruit

106 433 144 451 me
156 425 317 459 ajuventute
338 431 393 449 mea
405 421 481 459 (Gen.
493 422 538 449 48.
556 422 601 456 16)
617 430 623 448 :
638 422 724 448 multo
743 421 827 455 magis
847 420 898 453 his,

106 471 201 506 quibus
227 471 309 497 totius
332 469 405 497 orbis
427 476 490 496 cura
513 468 654 496 commissa
677 473 727 501 est,
756 467 901 502 taliumque

106 517 235 544 donorum
250 524 331 544 onera
346 516 512 551 portantibus
525 515 637 543 virtutes
650 515 747 542 adsunt
767 521 900 549 superum.

106 563 137 590 Et
146 563 183 589 illi
197 562 306 597 quidem
317 562 360 597 qui
375 562 400 588 in
415 562 532 589 exercitu
543 560 594 587 hoc
609 560 710 588 honore
722 559 813 587 donati
827 564 899 592 sunt,

105 613 233 635 ornantur
249 611 322 635 veste
345 607 471 642 pretiOsa,
491 606 580 633 aureis
595 605 734 640 torquibus
754 605 823 632 colla
837 605 902 632 sub-

105 654 169 685 nixi,
186 654 302 681 nitentes
326 653 452 687 undique,
474 655 501 679 et
515 650 632 686 undique
650 649 828 686 refulgentes;
850 650 901 677 iste

105 708 168 728 vero
181 706 275 728 catena
289 707 337 734 pro
352 703 446 733 torque
459 697 639 725 circumdatus
653 717 660 730 ,
677 701 764 732 gestat
781 704 899 729 crucem,

105 751 131 774 et
145 746 383 781 persequutionem
399 744 513 779 undique
532 744 678 774 sustinens,
693 742 789 769 famem
804 741 901 776 ubique

106 793 270 828 perpetiens.
286 791 338 819 Sed
354 791 418 817 nihil
437 795 489 822 est,
504 789 687 820 dilectissime,
704 788 776 822 quod
791 796 825 815 ex
849 787 900 814 lut-

104 838 254 874 juscemodi
276 837 444 866 sermonibus
460 835 627 870 ingemiscas.
643 834 777 870 Siquidem
793 834 843 861 iste
854 841 900 861 or—

105 889 184 912 natus
198 885 283 911 multo
298 888 339 911 est
353 883 399 910 illo
414 882 510 909 melior
523 887 548 908 et
567 881 675 914 clarior,
696 885 776 915 atque
788 880 900 907 amicior

105 931 170 964 Deo,
186 935 297 965 propter
313 929 383 964 quod
399 934 424 956 et
437 934 546 964 portans
559 927 668 954 minime
683 927 830 954 laborabat.
846 927 902 954 lloc

105 983 144 1004 est
158 983 275 1010 namque
289 975 420 1007 mirabile,
440 974 502 1009 quia
524 981 584 1000 cum
600 973 723 1005 vinculis,
740 972 898 999 verberibus

105 1031 186 1058 atque
208 1022 365 1050 vulneribus
387 1022 465 1056 longe
487 1020 652 1055 splendidior
673 1025 731 1046 erat
750 1020 900 1047 diademate

106 1077 275 1104 purpuraque
294 1069 464 1103 fulgentibus.
486 1067 562 1100 Quod
583 1067 653 1094 enim
674 1071 747 1094 esset
767 1075 830 1094 vere
845 1067 900 1094 cla-

105 1117 168 1146 rior,
187 1120 214 1141 et
229 1115 291 1149 quia
312 1122 364 1140 non
387 1113 420 1140 ad
434 1120 529 1140 sonutn
544 1112 727 1139 tantummodo
741 1112 790 1139 ista
807 1111 901 1139 dican-

105 1166 157 1193 tur,
175 1161 260 1195 ipsius
275 1160 432 1186 vcstimenta
448 1158 606 1186 docuerunt.
620 1157 688 1185 Nam
711 1158 731 1184 si
756 1157 828 1184 tnille
842 1157 900 1184 dia-

105 1207 213 1234 demata
227 1206 390 1240 totidemque
403 1212 533 1240 purpuras
553 1204 656 1231 ardenti
672 1203 792 1231 febribus
807 1212 901 1238 super-

105 1262 200 1288 ponas,
225 1261 259 1280 ne
280 1253 412 1279 modicum
435 1251 542 1286 quidem
561 1251 675 1277 ﬂamma.-
700 1250 759 1285 ejus
777 1251 903 1277 valebunt

105 1301 289 1334 exstinguere.
304 1301 339 1325 At
353 1306 418 1325 vero
431 1298 510 1332 hujus
528 1297 702 1329 semicinctio,
717 1296 901 1331 :egrotanlium

105 1345 213 1372 admota
244 1344 416 1379 corporibus,
451 1343 560 1370 morbos
585 1350 679 1370 omnes
711 1342 846 1377 fugabant.
874 1343 901 1370 Si

104 1392 177 1419 enim
194 1391 313 1418 latrones
324 1390 444 1417 videntes
457 1389 562 1424 signum
577 1389 642 1416 illud
657 1389 782 1422 militare,
797 1397 849 1416 non
865 1389 902 1416 ir-

105 1442 199 1470 rount,
217 1437 264 1464 sed
277 1437 362 1463 aversi
379 1440 488 1471 repente
499 1435 640 1470 diffugiunt
655 1444 661 1462 :
678 1436 762 1462 multo
778 1435 861 1469 magis
875 1439 903 1462 et

104 1483 281 1519 :egritudines
310 1487 338 1510 et.
364 1482 500 1509 diemones
528 1481 629 1509 Christi
656 1481 732 1515 signo
757 1486 902 1516 apparente

104 1530 253 1565 fugiebant.
270 1529 314 1556 Sic
326 1533 414 1556 autem
427 1528 525 1555 Paulus
539 1527 641 1554 ferebat
653 1527 703 1554 hoc
718 1527 836 1561 signum,
849 1535 902 1554 non

105 1581 134 1604 ut
159 1577 236 1603 solus
257 1575 323 1602 illud
340 1579 467 1610 portaret,
491 1573 538 1602 sed
554 1579 584 1601 ut
605 1582 700 1600 otnnes
715 1581 820 1608 quoque
837 1575 902 1601 tales

104 1629 168 1649 esse
181 1623 291 1648 doceret
307 1629 337 1648 ac
355 1621 472 1648 faceret:
487 1624 595 1654 propter
613 1619 683 1654 quod
704 1620 801 1647 clamat
823 1625 903 1654 atque

104 1668 174 1695 dicit
188 1677 194 1694 :
211 1667 353 1694 lmilalores
367 1668 415 1693 mei
427 1671 514 1699 estote,
531 1667 593 1693 sicut
612 1666 706 1692 habetis
718 1667 828 1702 formam
846 1675 901 1693 nos.

106 1715 140 1742 Et
155 1722 261 1748 rursus,
279 1714 342 1747 ρυω
354 1714 451 1740 vidistis
467 1717 490 1740 et
504 1713 619 1739 audiislis
638 1713 663 1738 in
685 1721 733 1743 me,
745 1712 799 1739 lucc
812 1713 879 1748 agite
893 1721 902 1739 :

104 1766 132 1789 et
146 1769 254 1793 rursus,
276 1760 350 1787 Vobis
365 1761 486 1787 dona/um
508 1765 556 1792 est,
580 1768 630 1786 non
644 1760 725 1786 solum
748 1764 774 1786 ut
801 1760 828 1786 in
847 1767 902 1787 eum

105 1808 228 1836 credatis.
243 1808 287 1834 sed
310 1811 335 1833 ut
356 1808 430 1833 etiam
450 1814 496 1841 pro
517 1805 564 1832 illo
582 1805 714 1841 patiamini
730 1805 858 1841 (Philipp.
875 1806 902 1833 5.

105 1854 153 1881 17.
168 1858 192 1880 et
207 1853 234 1880 4.
253 1853 280 1880 9.
296 1857 319 1879 et
336 1853 360 1879 Ι.
373 1851 430 1886 29).
446 1851 550 1878 Etenim
570 1851 706 1886 praesentis
719 1851 778 1878 vita:
792 1851 904 1886 dignita-

106 1905 149 1928 tes
164 1904 228 1927 ‘tunc
242 1899 370 1926 clariores
391 1898 474 1925 videri
491 1898 588 1929 solent,
605 1898 712 1932 quando
729 1897 754 1924 in
777 1905 830 1924 uno
845 1902 904 1924 tan-

107 1951 165 1972 tum
177 1945 287 1972 homine
299 1944 466 1972 constiterint
481 1952 487 1970 :
500 1944 526 1970 in
540 1943 722 1978 spiritualibus
733 1950 797 1970 vero
810 1950 824 1970 e
838 1950 904 1970 eon-

107 1992 193 2018 trario
207 1996 271 2018 tunc
294 1991 378 2025 magis
399 1989 539 2024 splendent
554 1989 678 2021 honores,
695 1996 755 2015 cum
774 1988 825 2016 sibi
843 1989 904 2024 plu-

107 2037 171 2064 rimi
186 2043 282 2064 eorum
301 2035 491 2062 communione
517 2035 663 2066 sociantur,
686 2041 747 2061 cum
768 2041 821 2061 non
835 2042 906 2062 unus

107 2087 151 2111 est
164 2084 299 2117 particeps
312 2081 457 2116 dignitatis,
474 2080 520 2108 sed
535 2080 632 2107 multos
653 2079 733 2107 habet
744 2079 788 2114 qui
804 2080 905 2108 eisdem

109 2129 259 2156 honoribus
276 2127 454 2161 perfruantur.

147 2175 243 2202 Omnes
253 2172 391 2201 Christiani
399 2171 524 2207 signiferi.
535 2187 571 2191 —
582 2171 661 2199 Vides
671 2171 751 2206 igitur
761 2171 804 2198 hic
814 2178 906 2198 onmes

108 2228 171 2248 esse
187 2218 341 2254 signiferos,
357 2222 384 2245 et
397 2217 496 2245 Christi
511 2225 608 2244 nomen
629 2224 845 2251 untunquemque
859 2223 907 2250 ge-

108 2272 183 2294 stare
199 2267 225 2292 in
240 2268 386 2300 conspectu
397 2264 514 2299 gentium
533 2268 612 2298 atque
625 2270 729 2297 regum,
744 2262 828 2297 ipsum
843 2269 907 2289 vero

109 2312 223 2340 Paulum
240 2311 319 2338 etiam
333 2317 394 2338 cum
415 2309 465 2338 sibi
481 2309 622 2336 anathema
639 2313 723 2344 optat,
740 2314 819 2343 atque
841 2316 906 2343 sup-

110 2360 234 2394 plicium.
250 2358 302 2386 Sed
314 2365 368 2385 non
384 2357 433 2384 hoc
448 2356 574 2391 prtccepit
586 2360 613 2383 et
625 2355 741 2388 ueteris,
755 2355 824 2390 quod
835 2359 908 2383 certe

110 2405 150 2432 illi
164 2409 274 2440 portare
287 2411 341 2430 non
353 2406 485 2439 poterant.
500 2401 610 2430 Vidistis
621 2409 716 2436 nempe
731 2405 836 2436 quantm
850 2408 902 2428 no-

110 2455 167 2478 stra
176 2451 217 2477 sit
233 2454 329 2477 natura
344 2456 427 2483 capax
443 2448 558 2479 virtutis,
576 2455 655 2482 quam
671 2447 737 2474 nihil
752 2447 786 2474 sit
800 2446 907 2474 homine

111 2496 268 2531 pretiosius,
291 2499 318 2522 et
331 2494 416 2521 adhuc
431 2494 522 2528 utique
537 2493 652 2520 mortali.
665 2492 733 2526 Quid
749 2492 820 2519 enim
843 2491 908 2518 mihi

113 2543 166 2570 hoc
186 2541 284 2576 majus,
305 2541 359 2568 imo
373 2540 435 2575 quid
452 2540 550 2575 poteris
573 2539 667 2567 saltem
689 2539 792 2574 mquale
805 2546 907 2566 memo-

112 2588 195 2616 rare?
217 2587 385 2620 Quantorum
410 2594 462 2613 non
485 2587 544 2617 iste,
566 2592 666 2619 qttaaso,
693 2584 794 2611 honore
813 2584 908 2619 dignus

112 2639 156 2661 est
179 2633 347 2668 angelorum,
372 2632 418 2667 qui
441 2632 492 2659 hoc
514 2632 623 2659 verbum
640 2631 724 2665 potuit
745 2630 838 2657 effari?
858 2630 907 2664 Qui

113 2680 188 2707 cnim
204 2679 234 2706 in
246 2677 387 2713 temporali
402 2677 454 2704 hoc
468 2683 547 2713 atque
561 2676 667 2704 mortali
680 2683 793 2710 corpore
807 2675 907 2703 consti~

113 2729 188 2752 tutus
207 2729 313 2757 cuncta,
331 2724 411 2751 etiam
431 2730 545 2758 quorum
566 2730 619 2750 non
633 2726 692 2749 erat
712 2721 846 2754 dominus,
861 2728 909 2756 pro

113 2771 221 2798 Christo
235 2778 287 2798 non
299 2769 402 2797 dubitat
415 2768 524 2801 offerre,
538 2768 581 2795 hic
594 2768 616 2795 si
634 2768 797 2802 incorporea:
816 2765 911 2793 fuisset

114 2823 226 2850 natum,
243 2817 306 2852 quid
325 2816 432 2844 tandem
453 2815 551 2847 dicere,
568 2814 630 2849 quid
646 2819 735 2841 autem
755 2813 842 2840 facere
855 2811 910 2839 dis-

113 2865 242 2892 tulisset?
268 2863 335 2892 Nam
357 2868 385 2891 et
405 2862 515 2898 angelos
534 2865 675 2896 propterea
695 2860 833 2892 miramur,
857 2865 910 2886 non

115 2920 176 2947 quta
197 2911 346 2946 incorporei
367 2913 428 2937 sunt
445 2909 528 2937 creati
546 2918 552 2936 :
569 2908 699 2944 siquidem
712 2915 772 2936 cum
786 2905 907 2934 diabolus

515 183 559 211 DE
580 183 751 211 LAUDIBL’S
769 181 795 208 Ξ.
812 182 921 218 PAULll
944 180 1120 209 APOSTOLI.
1142 181 1254 209 IIOMIL.
1277 181 1332 210 \'ll.

1693 183 1746 211 610

954 238 989 264 sit
1002 238 1174 273 incorporeus
1189 243 1216 266 et
1227 239 1377 273 invisibilis,
1388 244 1528 268 esttamen
1543 241 1668 269 omnibus
1681 242 1748 270 infe-

955 283 1031 311 licior
1045 293 1052 311 :
1068 285 1128 319 quia
1141 284 1247 312 factoris
1259 285 1306 313 Dei
1320 287 1418 314 meruit
1430 287 1570 315 offensam.
1585 288 1651 316 Hinc
1664 288 1745 316 etiam

955 329 1077 357 homines
1097 330 1217 358 infelices
1240 339 1376 365 vocamus,
1399 341 1452 360 non
1477 334 1539 369 quia
1560 335 1681 362 videmus
1700 343 1748 363 eos

954 383 1035 403 carne
1062 377 1253 411 circumdatos,
1281 378 1329 405 sed
1351 386 1411 406 cum
1440 387 1493 406 non
1516 388 1557 411 ea,
1582 386 1610 408 ut
1631 386 1746 417 oportet,

954 423 1209 458 utunturzalioquin
1222 429 1250 451 et
1269 431 1350 452 carne
1364 424 1524 453 induebatur
1545 427 1654 456 Paulus.
1672 428 1747 456 Unde

955 468 1035 503 igitur
1050 469 1108 496 talis
1122 470 1242 503 emersit,
1259 475 1287 497 et
1302 470 1410 498 tantus?
1432 471 1466 498 Et
1479 479 1514 499 ex
1530 473 1639 507 proprio
1651 475 1747 502 videli-
1766 470 1768 473 ’

953 519 1008 549 cet,
1023 520 1050 542 et
1064 523 1097 542 ex
1112 517 1165 543 Deo
1180 525 1186 543 :
1203 521 1230 544 et
1243 516 1343 544 idcirco
1360 525 1394 545 ex
1419 518 1484 551 Deo,
1500 520 1563 554 quia
1581 519 1616 547 de
1628 521 1748 555 proprio.

953 560 1011 588 Non
1026 561 1096 588 enim
1118 566 1158 589 est
1178 569 1352 597 personarttm
1376 568 1502 598 acceptor
1519 564 1589 591 Deus
1605 564 1673 600 (Act.
1691 566 1747 601 l0).

954 606 982 633 Si
1004 611 1093 634 autem
1111 607 1223 640 dixeris,
1245 608 1278 634 Et
1301 608 1525 643 quemadmodum
1551 610 1624 637 illum
1650 611 1749 639 imitari

954 652 1080 687 possibile
1101 653 1163 680 est?
1188 653 1262 680 disce
1286 653 1349 689 quid
1375 654 1474 682 dixerit
1499 663 1506 682 :
1531 653 1676 682 Imitatum
1702 657 1750 683 mei

954 703 1040 730 estate,
1060 699 1124 726 sicut
1148 702 1172 726 et
1190 707 1236 734 ego
1250 699 1346 727 Christi
1361 701 1398 735 (l.
1415 699 1474 727 Cor.
1489 701 1533 728 Η.
1550 701 1589 736 1).
1605 701 1651 729 llle
1666 702 1749 737 ipsius

953 743 1052 772 Christi
1074 744 1186 772 effectus
1206 749 1247 772 est
1271 746 1397 779 imitator,
1424 749 1451 773 tu
1475 754 1541 774 vero
1564 754 1614 774 nec
1635 747 1749 782 apostoli

953 791 1096 818 conservi:
1113 792 1156 819 ille
1173 791 1276 819 Domini
1289 792 1429 820 atmulator
1451 793 1508 825 fuit,
1518 797 1545 820 tu
1557 799 1648 821 autem
1663 802 1750 829 neque

953 836 1097 864 conservi:
1113 841 1139 863 et
1159 845 1237 872 quatit
1254 837 1360 865 tandem
1380 838 1480 872 poteris
1504 838 1673 874 negligentia:
1697 844 1749 866 tua:

954 883 1077 910 umbram
1098 883 1262 911 obtendere?
1281 883 1511 916 Quemadmodum
1528 892 1593 912 vero
1607 893 1668 912 eum
1690 885 1750 912 imi-

955 933 1024 956 tatus
1046 929 1090 961 sit,
1115 929 1242 956 ostendit.
1265 929 1346 964 ldquc
1370 929 1403 957 ab
1423 929 1498 957 initio
1513 930 1653 958 considera
1668 936 1696 958 et
1714 931 1749 959 ab

955 975 1020 1010 ipsis
1047 975 1193 1010 principiis.
1219 976 1331 1010 Quando
1362 976 1432 1002 enim
1455 985 1487 1003 ex
1512 977 1564 1003 illis
1587 977 1748 1006 salutaribus

954 1022 1064 1048 emersit
1078 1022 1195 1055 fluentis,
1213 1026 1286 1049 tanto
1302 1022 1361 1056 igne
1375 1022 1469 1056 plenus
1483 1022 1578 1056 exivit,
1596 1029 1625 1049 ut
1638 1031 1687 1050 nec
1700 1031 1748 1051 ne-

954 1068 1100 1094 cessarium
1114 1068 1164 1095 sibi
1183 1072 1289 1102 putaret
1307 1068 1474 1102 magistrum.
1489 1067 1547 1095 Non
1566 1069 1636 1095 enim
1651 1076 1747 1104 exspe-

954 1115 1035 1142 ctavit
1046 1115 1164 1148 Petrum,
1177 1123 1226 1142 nec
1239 1115 1311 1142 venit
1323 1115 1356 1141 ad
1368 1115 1507 1148 Iacobum,
1520 1123 1606 1150 neque
1618 1115 1652 1142 ad
1665 1116 1747 1144 alium

954 1160 1063 1187 omnino
1082 1168 1242 1195 quemquam
1261 1169 1267 1186 :
1287 1160 1335 1188 sed
1358 1161 1466 1194 propria
1485 1161 1622 1188 alacritate
1643 1166 1746 1196 raptus,

954 1207 989 1233 ita
1006 1210 1086 1232 totam
1098 1206 1168 1233 illam
1183 1206 1208 1233 in
1220 1214 1272 1240 qua
1286 1206 1373 1233 fuerat
1387 1206 1546 1240 baptizatus,
1560 1206 1749 1240 prtcdicatione

954 1260 1001 1279 sua
1017 1252 1189 1279 inflammavit
1203 1251 1306 1284 urbem,
1324 1255 1352 1278 ut
1365 1251 1540 1278 saevissimum
1555 1256 1648 1278 contra
1662 1259 1692 1280 se
1702 1251 1750 1280 Ju-

954 1298 1072 1326 dazorum
1084 1298 1202 1333 prmlium
1215 1298 1372 1325 concitaret.
1383 1297 1419 1333 (tt)
1431 1296 1670 1333 [Violentissimum
1677 1298 1750 1326 enim

954 1349 1174 1379 perscquutorem
1198 1344 1322 1371 Christus
1346 1344 1374 1371 in
1400 1343 1617 1371 ardentissimum
1640 1348 1751 1379 repente

956 1390 1156 1426 praedicatorem
1186 1389 1394 1426 immutavcrat.]
1421 1390 1558 1425 Siquidem
1583 1390 1663 1417 etiam
1689 1397 1751 1418 cum

955 1436 1064 1463 Judmus
1074 1440 1155 1469 esset,
1171 1443 1251 1470 supra
1268 1435 1424 1470 dignitatem
1439 1442 1514 1462 suam
1529 1435 1611 1462 multa
1628 1435 1750 1468 faciebat,

955 1481 1077 1516 alligans,
1093 1481 1240 1514 abducens,
1257 1480 1367 1508 trahens
1379 1480 1404 1507 in
1421 1481 1556 1515 publicum
1573 1480 1750 1509 Christianos.

956 1527 1000 1556 Sic
1012 1529 1093 1555 etiam
1113 1527 1200 1555 Moses
1220 1536 1280 1556 cum
1303 1536 1318 1554 a
1342 1527 1415 1555 nullo
1430 1528 1455 1554 in
1468 1528 1644 1562 principatum
1661 1529 1751 1564 populi

955 1573 1094 1600 ordinatus
1110 1573 1213 1606 fuisset,
1234 1573 1399 1600 contribules
1413 1580 1475 1601 suos
1491 1577 1580 1601 tamen
1594 1581 1610 1600 a
1626 1573 1752 1601 barbaro-

956 1627 1014 1646 rum
1032 1619 1170 1654 iniquitate
1185 1618 1312 1646 defendit.

993 1665 1162 1692 Fortitudinis
1177 1673 1234 1692 νει-ιι
1244 1665 1316 1700 signa
1330 1665 1355 1692 in
1369 1665 1464 1692 Paulo.
1481 1680 1513 1684 —
1526 1664 1589 1692 Η.υο
1600 1665 1671 1692 cnim
1689 1669 1754 1692 sunt

957 1711 1035 1738 fortis
1055 1710 1193 1745 cujusdam
1213 1718 1245 1738 ac
1266 1710 1349 1737 virilis
1365 1711 1446 1737 animi
1466 1714 1540 1738 certa
1560 1710 1722 1738 documenta
1744 1719 1752 1738 :

958 1757 1008 1784 hoc
1019 1757 1123 1791 signum
1137 1757 1253 1791 propriae
1264 1756 1409 1790 liberreque
1421 1756 1571 1788 sententia,
1585 1763 1753 1791 nequaquam

958 1803 984 1829 in
1007 1803 1121 1830 aliorum
1135 1802 1325 1830 afflictionibus
1349 1807 1442 1829 tenere
1457 1802 1624 1836 patientiam,
1642 1802 1689 1829 scd
1705 1802 1754 1830 be-

957 1849 1038 1883 nigne
1057 1854 1136 1883 atque
1152 1852 1307 1875 constanter
1325 1849 1393 1875 tueri
1409 1855 1466 1880 eos,
1488 1848 1533 1882 qui
1554 1848 1753 1883 opprimuntur,

957 1894 1061 1921 etiamsi
1089 1894 1178 1920 nulloI
1205 1893 1231 1920 in
1254 1894 1305 1920 hoc
1326 1893 1465 1920 ordinetur
1488 1893 1588 1920 officio.
1607 1892 1674 1926 Quia
1689 1900 1754 1920 vero

957 1941 1028 1975 iuste
1042 1947 1109 1974 opus
1122 1939 1271 1974 arripuerat
1286 1939 1461 1974 principatus,
1479 1939 1548 1966 Deus
1567 1939 1636 1966 hanc
1646 1939 1670 1966 ei
1682 1943 1756 1973 post-

959 1995 990 2015 ea
1011 1987 1122 2014 contulit
1147 1986 1315 2021 dignitatem.
1344 1985 1459 2020 ldipsum
1477 1989 1566 2012 autem
1587 1985 1702 2019 servavit
1724 1983 1752 2011 in

958 2033 1041 2061 Paulo
1056 2042 1064 2060 ε
1077 2032 1121 2068 qui
1135 2040 1213 2067 quant
1229 2036 1302 2059 recte
1321 2030 1422 2058 faceret
1445 2031 1514 2057 ultro
1528 2029 1659 2064 arripiens
1678 2028 1751 2056 initia

959 2079 1091 2106 sermonis
1103 2083 1183 2113 atque
1195 2077 1333 2110 doctrina),
1348 2077 1418 2104 Deus
1435 2076 1557 2103 similiter
1569 2074 1686 2102 ostendit
1698 2074 1754 2101 cito

959 2126 1076 2154 doctoris
1097 2132 1158 2152 eum
1178 2124 1280 2151 honore
1296 2123 1452 2151 sublimans.
1472 2122 1499 2149 Si
1523 2122 1593 2149 cnitn
1609 2121 1755 2157 magisterii

959 2177 1038 2207 atque
1052 2171 1180 2206 primatus
1191 2168 1352 2204 adipiscendi
1362 2169 1445 2203 gratia
1459 2167 1491 2195 ad
1503 2167 1668 2202 procuranda
1682 2172 1755 2194 tanta

960 2217 1066 2252 negotia
1082 2216 1275 2250 prosiluissent,
1296 2218 1491 2248 consequenter
1506 2217 1596 2240 essent
1616 2212 1650 2239 de
1664 2212 1752 2242 ambi-

961 2265 1033 2292 tione
1053 2263 1199 2297 culpabiles
1216 2270 1222 2288 :
1243 2268 1303 2289 cum
1318 2268 1383 2287 vero
1404 2259 1520 2295 pericula
1535 2259 1641 2293 tttrique
1661 2258 1755 2293 dilige-

960 2315 1031 2342 rent,
1047 2312 1201 2342 mortesque
1222 2307 1247 2334 in
1266 2314 1295 2334 se
1317 2306 1433 2340 undique
1446 2308 1629 2340 procurarent,
1645 2308 1674 2331 ut
1687 2303 1756 2331 alios

961 2356 1129 2391 acquirerent
1144 2354 1169 2381 iu
1191 2353 1315 2384 salutem,
1332 2352 1390 2387 quis
1415 2356 1467 2378 tam
1481 2355 1572 2385 aperte
1594 2349 1685 2377 infelix
1699 2353 1752 2382 est,

960 2404 1005 2438 qui
1020 2406 1100 2429 tanta:
1112 2400 1260 2428 devotionis
1274 2399 1392 2426 studium
1406 2396 1581 2424 criminetur?
1594 2395 1669 2429 Quod
1682 2396 1756 2423 enim

960 2451 1073 2478 aliorum
1088 2452 1207 2475 amantes
1225 2446 1338 2474 salutem
1352 2446 1401 2472 ista
1416 2443 1586 2479 perfecerint,
1600 2447 1627 2469 et
1644 2446 1754 2470 senten-

962 2498 996 2525 tia
1011 2494 1156 2524 declaravit
1169 2493 1226 2526 Dei,
1243 2497 1270 2520 et
1281 2499 1374 2520 eorum
1389 2489 1512 2526 perditio,
1534 2489 1579 2524 qui
1594 2488 1664 2515 male
1676 2488 1756 2515 istum

962 2543 1153 2577 concupierunt
1170 2539 1308 2568 honorem.
1329 2538 1467 2565 lrruerunt
1485 2534 1616 2570 siquidem
1643 2539 1706 2560 tunc
1730 2537 1757 2560 et

963 2589 1007 2617 alii
1023 2589 1049 2616 in
1070 2585 1220 2621 huiusmodi
1234 2584 1422 2620 principatum,
1443 2581 1490 2609 sed
1506 2579 1592 2615 potius
1604 2578 1758 2613 interempti

963 2639 1025 2662 sunt
1042 2643 1048 2660 :
1065 2641 1125 2660 nam
1152 2632 1264 2658 alterum
1284 2629 1390 2664 quidem
1414 2629 1504 2662 lapsus
1524 2627 1557 2654 de
1577 2626 1644 2652 czclo
1658 2623 1761 2652 exussit

962 2680 1041 2715 ignis,
1067 2679 1179 2706 alterum
1202 2676 1304 2703 subitus
1319 2679 1396 2702 terra:
1417 2673 1505 2700 hiatus
1526 2670 1673 2699 absorbuit.
1697 2668 1758 2696 Non

964 2713 1035 2754 enim
1053 2730 1161 2761 propter
1175 2722 1359 2751 defensionem
1374 2720 1464 2755 populi
1481 2719 1531 2746 ista
1551 2716 1692 2749 faciebant,
1707 2713 1756 2742 sed

964 2773 999 2800 ob
1011 2772 1122 2807 gloriam
1136 2768 1282 2805 dignitatis.
1297 2767 1375 2794 lrruit
1394 2771 1420 2794 et
1432 2765 1519 2796 Ozias,
1533 2763 1581 2791 sed
1597 2763 1670 2797 lepra
1683 2768 1758 2788 com-

964 2818 1113 2846 maculante
1132 2816 1239 2851 punitus
1261 2818 1302 2842 est
1321 2813 1359 2850 (2.
1385 2811 1476 2839 Parat.
1496 2810 1540 2845 9.6)
1559 2808 1656 2837 :irruit
1679 2807 1759 2837 etiam

996 2875 1004 2890 ί
1023 2876 1102 2899 Forte.
1113 2880 1128 2897 η
1139 2872 1214 2897 nullo.

996 2907 1033 2937 (ιι)
1048 2910 1104 2935 Qua-
1116 2904 1209 2929 uncinis
1220 2902 1362 2928 clauduntur
1373 2902 1398 2925 in
1405 2900 1489 2925 Graeco
1499 2903 1547 2923 non
1558 2899 1664 2922 exstant.
