1969 3130
218 243 321 276 Simon,
349 242 395 268 sed
422 239 578 275 rcprobatus
611 244 670 268 est,
695 241 722 263 et
753 235 819 263 mori
846 235 1007 271 periclitatus

221 290 288 323 (Act.
309 288 338 323 8)
354 297 359 314 :
373 288 449 314 irruit
468 294 531 313 vero
550 285 630 312 etiam
648 284 755 314 Paulus,
777 282 824 309 sed
846 282 1010 317 apostolatus

218 335 302 369 gloria
322 338 466 361 coronatus
478 337 528 359 est.
549 331 606 358 Non
619 331 688 357 enim
709 330 735 356 in
758 328 945 361 sacerdotium,
961 335 1010 356 nec

218 380 360 412 honorem,
371 379 417 407 sed
429 379 455 406 in
468 377 644 405 ministerium
659 376 734 402 irruit
745 382 776 402 ac
789 374 911 406 labores;
927 375 1011 401 maxi-

218 433 316 461 meque
328 426 354 452 itt
369 425 421 452 hoc
434 425 492 452 zelo
503 423 674 451 etalacritatc
685 421 838 457 properavit
852 430 859 448 :
871 426 1010 455 propterea

218 471 387 506 medicatur,
403 474 542 504 propterea
555 467 682 495 'continUo
697 467 784 494 clarus
798 465 922 493 efficitur.
935 466 1011 493 Sicut

218 517 289 544 enim
305 516 348 551 qni
364 516 486 550 princeps
506 513 585 541 fuerit
598 513 745 544 ordinatus,
767 512 817 538 nisi
832 511 909 546 digne
922 513 1008 546 impo-

219 563 299 589 situm
321 561 370 588 sibi
384 560 552 587 administret
573 558 700 590 officium,
715 561 833 584 meretur
855 558 935 584 etiam
951 565 1008 584 ma-

217 607 274 641 jora
296 606 425 641 supplicia
440 614 446 631 :
460 605 499 632 sic
515 604 582 631 alter
599 603 648 630 etsi
670 611 722 630 non
738 602 875 630 ordinetur
890 602 1008 636 quidem,

219 652 346 687 BnScipiat
362 657 460 683 tamen,
481 655 508 677 et
529 650 598 677 sicut
612 653 717 684 oportet
741 647 859 682 impleat,
884 655 936 674 non
951 647 1010 674 dico

219 698 406 730 sacerdotium,
419 696 466 724 sed
477 695 678 722 sollicitudinem
694 702 837 728 curamque
853 693 1008 726 multorum,

220 743 291 771 omni
307 743 426 778 profecto
439 747 479 770 est
491 742 594 769 honore
607 741 789 776 dignissimus.
803 740 946 774 Propterea
960 740 1009 774 igi-

219 795 262 817 tur
275 798 308 816 nc
322 797 402 816 ttnum
417 788 522 823 quidem
534 788 604 814 diem
617 787 643 814 in
659 787 714 814 otio
729 793 822 821 passus
831 789 874 813 est
887 786 1011 820 etquiete

219 835 332 862 transire
346 835 388 862 hic
402 835 427 861 in
441 833 602 869 pratdicandi
614 832 710 860 ardore
721 833 779 866 ipso
789 832 849 866 igne
864 831 1010 859 vehemen-

225 881 294 912 tior;
315 880 362 907 scd
390 880 468 907 simul
489 885 517 906 ut
536 879 672 906 Salutifcro
692 886 723 905 cx
747 877 821 905 fonte
839 877 1009 910 conscendit,

219 926 413 960 plurimatnque
428 925 455 952 in
475 932 505 951 se
516 924 649 950 flammam
664 923 721 958 ipse
738 922 884 955 succendit,
897 930 949 949 non
965 929 1011 957 pe-

219 971 304 999 ricula
320 971 416 1002 timuit,
430 977 483 997 non
496 969 634 997 irrisiones
647 969 753 996 erubuit
765 973 792 996 et
806 967 947 1003 opprobria
961 967 1010 994 Ju-

219 1017 348 1047 dteorum.
363 1023 450 1051 neque
467 1022 618 1042 sermonem
632 1022 709 1041 suum
723 1013 756 1041 ab
772 1013 824 1041 illis
839 1013 928 1048 respui
943 1013 1012 1040 indi-

219 1067 332 1098 guautcr
357 1062 417 1088 tulit
432 1070 439 1088 :
454 1069 507 1088 non
533 1059 607 1088 aliud
636 1060 780 1095 quidquam
802 1059 898 1087 horum
923 1058 1011 1086 simile

219 1109 353 1144 cogitarit.
378 1107 424 1134 sed
437 1107 504 1134 alios
516 1106 650 1141 accipiens
663 1106 764 1139 oculos,
778 1106 868 1140 utique
882 1105 1010 1137 caritatis,

219 1157 351 1190 aliamque
365 1159 492 1186 mentem.
508 1154 592 1181 multo
604 1161 663 1181 cum
678 1153 778 1188 impetit
791 1153 876 1180 instar
887 1152 1012 1180 torrentis

220 1202 325 1236 irrupit,
339 1201 428 1228 omnia
442 1201 540 1235 pariter
555 1200 709 1227 Judasorum
723 1200 831 1226 trahens
851 1204 930 1234 atque
944 1206 1010 1226 cnn-

220 1247 339 1278 volvens,
353 1252 380 1274 et
402 1254 435 1273 ex
455 1246 599 1280 Scripturis
622 1246 707 1280 ipsum
722 1253 782 1272 esse
803 1245 938 1272 Christum
953 1245 1011 1272 cvi-

220 1293 315 1320 denter
327 1292 483 1320 ostendens.
502 1291 536 1319 Et
549 1296 622 1318 certe
643 1291 762 1318 nondum
776 1291 802 1318 in
817 1299 850 1318 eo
862 1296 914 1318 tam
929 1291 1012 1318 multa

219 1339 312 1374 gratiae
340 1345 449 1364 munera
472 1337 657 1370 corttscabant,
688 1337 804 1364 nondum
830 1342 901 1364 tanta
927 1336 1012 1364 fuerat

220 1383 336 1419 Spiritus
355 1383 550 1410 illttminatione
573 1383 697 1415 donatus,
723 1382 770 1410 sed
794 1387 881 1410 tamen
907 1382 1012 1410 initam.

220 1435 292 1458 mata
307 1431 433 1457 continuo
445 1430 578 1462 voluntas,
593 1429 803 1463 mortificataque
818 1429 904 1455 anima
917 1433 1012 1456 cuncta

222 1475 346 1509 faciebat,
359 1480 386 1503 et
398 1475 472 1510 quasi
487 1482 592 1509 semper
601 1475 767 1502 satisfaceret
783 1475 837 1501 Deo
847 1474 881 1501 de
895 1479 1014 1508 tempore

221 1522 275 1557 iam
289 1526 407 1557 peracto,
423 1521 462 1549 sic
483 1519 594 1556 gerebat
610 1520 710 1553 omnia,
728 1520 766 1547 sic
781 1520 852 1546 lucra
867 1520 1013 1554 spiritualia

223 1567 340 1602 undique
360 1567 510 1602 colligebat,
533 1566 560 1593 in
581 1566 678 1597 locum,
703 1566 747 1600 qui
772 1569 843 1592 esset
866 1565 929 1593 belli
953 1572 1013 1601 pars

223 1613 349 1644 maxima,
365 1616 393 1639 et
408 1612 527 1639 laborant
543 1610 776 1646 periculorumque
791 1611 878 1645 pletta,
903 1610 1014 1638 fidenter

223 1658 353 1685 insiliens.

261 1703 407 1730 chdiettlia
421 1702 498 1728 Pauli
513 1701 711 1728 commendatur.
723 1716 759 1721 ——
771 1701 826 1728 lloc
837 1709 901 1728 vero
915 1700 1015 1736 majore

223 1758 329 1785 anque
343 1749 518 1776 adntiratiOnc
532 1749 640 1783 dignum
654 1753 705 1781 est,
720 1748 790 1784 quod
803 1756 863 1775 cum
879 1753 930 1775 tant
945 1752 1016 1775 esset

224 1797 326 1829 audax,
349 1804 381 1823 ac
402 1797 473 1823 velut
495 1795 527 1822 ad
552 1803 667 1830 pugnant
689 1803 795 1829 semper
815 1796 965 1826 accinctus,
990 1799 1017 1821 ct

224 1844 311 1879 ignem
327 1843 469 1878 quemdam
486 1842 610 1870 bellicum
626 1843 746 1876 spirans,
762 1841 797 1868 ita
819 1849 911 1868 rursus
930 1841 1017 1875 placa-

224 1890 303 1918 bilem
318 1896 349 1916 ac
367 1888 509 1915 ﬂexibilem
523 1895 553 1915 se
569 1887 704 1922 prmbebat
720 1887 869 1921 magi~tris,
896 1890 923 1913 ut
937 1894 1016 1912 num-

223 1944 304 1972 quam
319 1943 366 1962 cos
382 1934 423 1962 vel
445 1934 473 1962 in
488 1938 561 1961 tanto
585 1934 629 1960 illo
651 1934 750 1968 impetu
769 1932 912 1959 alacritatis
931 1931 1016 1958 oll'en-

227 1983 311 2010 Jcret.
327 1981 416 2016 itaque
430 1981 541 2008 ferventi
557 1985 618 2007 tunc
628 2001 635 2013 ,
651 1980 692 2007 vel
706 1979 791 2014 potius
806 1978 902 2006 furenti
918 1986 1017 2013 prtcco-

227 2031 321 2064 peruut
331 2048 338 2059 ,
356 2031 384 2054 ut
398 2027 449 2053 iret
461 2026 573 2054 Tarsum
594 2031 673 2060 atque
684 2025 849 2057 Caesaream,
864 2031 913 2051 nec
928 2028 1017 2050 tamen

226 2073 321 2101 renuit.
343 2073 473 2100 Dixerunt
487 2072 549 2107 quia
563 2079 624 2099 eum
646 2079 693 2105 per
705 2076 809 2097 murum
825 2070 921 2104 deponi
937 2077 1016 2103 opor-

225 2124 308 2152 teret,
331 2123 358 2146 ct
379 2125 472 2153 passus
496 2122 536 2145 est
555 2126 562 2145 :
583 2117 714 2144 dederunt
731 2116 870 2143 consilium
893 2120 920 2142 ut
939 2119 1019 2149 caput

225 2168 328 2194 raderet
339 2185 346 2197 ,
364 2173 417 2192 non
433 2164 530 2191 restitit
547 2174 553 2191 :
569 2168 711 2190 suaserunt
730 2172 763 2190 ne
786 2163 811 2189 in
832 2163 963 2189 theatrum
978 2162 1018 2188 in-

223 2213 378 2248 grederetur
388 2233 394 2244 ,
409 2217 436 2239 et
450 2212 540 2239 cessit.
558 2211 593 2237 Ita
607 2219 635 2237 se
651 2210 712 2237 huic
728 2210 765 2236 rei
780 2215 863 2236 totum
877 2209 1016 2235 dedicave-

224 2264 280 2292 rat,
294 2263 323 2285 ut
337 2258 426 2284 omnia
440 2265 488 2292 pro
502 2256 618 2284 fidelium
635 2255 791 2282 utilitatibus
810 2254 924 2282 libenter
945 2255 1017 2281 acci-

224 2309 316 2340 peret,
332 2311 381 2339 pro
396 2303 514 2338 ipsorum
533 2302 707 2329 tediiicatione
721 2308 812 2336 pacem
822 2322 828 2332 ,
845 2307 1016 2333 consensum,

224 2350 468 2384 dispensationem,
492 2348 662 2376 concordiatn
682 2347 833 2382 diligendo,
849 2351 876 2374 et
893 2346 1017 2374 eumdem

227 2403 257 2422 se
268 2403 300 2422 ac
313 2403 418 2429 semper
428 2395 557 2428 zequalem
573 2394 751 2429 praedicationi
766 2394 862 2428 ubique
874 2392 1016 2420 serrando.

226 2443 292 2469 Cum
306 2442 383 2476 igitur
395 2443 482 2471 audis.
500 2441 571 2476 quod
585 2442 686 2468 sororis
699 2441 781 2468 filium
797 2441 900 2468 miserit
912 2440 946 2467 ad
960 2440 1019 2468 Tri-

226 2489 338 2521 bunum,
352 2488 442 2515 volens
456 2488 490 2515 dc
505 2488 630 2523 periculis
648 2488 765 2520 liberari,
780 2492 807 2514 et
820 2487 891 2522 quod
904 2487 1019 2522 appellet

224 2534 369 2566 Caesarem,
384 2535 509 2569 quodque
523 2534 635 2562 Romam
651 2535 691 2562 ire
705 2533 827 2566 festinet,
851 2541 1017 2569 nequaquam

226 2586 302 2615 putes
316 2571 426 2606 verbum
441 2587 501 2607 esse
519 2580 676 2607 formidinis.
691 2580 741 2614 Qui
759 2580 830 2607 enim
850 2579 972 2614 gemebat
992 2579 1017 2606 in

226 2627 276 2654 hac
291 2634 321 2654 se
339 2627 426 2654 adltuc
446 2634 505 2654 esse
527 2627 580 2654 vita
591 2648 598 2659 ,
614 2635 702 2653 annon
722 2627 809 2661 potius
831 2626 945 2660 eligebat
959 2632 1019 2652 esse

225 2679 285 2699 cum
301 2673 430 2700 Christo?
445 2673 488 2708 qui
503 2678 529 2700 et
545 2674 638 2700 catlutn
655 2678 764 2707 propter
787 2673 871 2706 ipsum
886 2672 1018 2706 despicie-

228 2719 272 2746 bat
287 2724 313 2746 ct
323 2720 442 2754 angelos,
457 2727 509 2754 quo
523 2719 629 2746 tandem
645 2723 721 2752 pacto
735 2718 792 2746 lta~c
808 2719 947 2753 praesentia
959 2717 1019 2744 dili-

226 2765 326 2799 gebat?
343 2766 422 2800 Cujus
442 2765 522 2801 igitur
543 2765 581 2793 rei
603 2765 686 2800 gratia
709 2765 757 2792 ista
774 2765 908 2792 faciebat?
922 2764 1018 2792 Proeul

228 2811 310 2839 dubio
321 2818 349 2839 ιιι
362 2813 460 2839 diutius
475 2811 655 2846 praedicationi
669 2811 813 2844 insisteret,
827 2819 940 2847 cumque
951 2811 1019 2838 nmi-

227 2858 262 2884 tis
279 2858 339 2885 ltinc
351 2858 522 2886 credentibus
536 2863 616 2892 atque
630 2857 753 2885 omnibus
771 2858 906 2885 coronatis
921 2858 971 2885 iret
985 2857 1018 2884 ad

226 2903 372 2930 Christum.
393 2903 459 2931 Nam
475 2904 592 2939 profecto
614 2903 765 2937 metuebat,
786 2911 820 2931 ne
838 2911 938 2939 panper
957 2903 1018 2930 hinc

615 181 641 208 ς.
659 181 799 209 JOANNIS
812 178 998 206 CHRYSOST.
1021 177 1180 205 ARClilEP.
1202 178 1469 208 CONSTANTINOP.

1801 173 1853 200 5F!

1064 239 1142 270 atque
1158 234 1234 270 inops
1249 234 1390 261 multorum
1403 233 1495 261 salutis
1516 233 1681 260 abscederet.
1703 233 1737 260 Et
1756 232 1854 260 idcirco

1064 280 1171 307 dicebat
1189 288 1195 306 ε
1215 279 1368 306 Permanere
1387 284 1469 306 mitem
1493 279 1519 305 in
1537 286 1613 305 carne
1634 278 1803 305 necessarium
1820 283 1854 304 est

1064 331 1167 361 propter
1179 334 1221 352 vos
1232 325 1362 361 (Philipp.
1374 326 1399 352 1.
1408 326 1466 359 94).
1481 325 1623 360 Propterea
1636 332 1702 360 ergo
1713 332 1773 352 cum
1785 325 1856 352 vidc-

1063 376 1104 399 ret
1115 371 1251 398 meliorem
1263 378 1312 405 pro
1322 378 1352 398 se
1364 371 1389 397 in
1400 370 1500 405 judicio
1514 371 1674 405 processisse
1683 370 1855 401 sententiam,

1063 416 1174 452 ipsoque
1186 416 1290 444 dicente
1304 416 1385 443 Festo
1395 437 1402 448 ,
1417 416 1518 443 Αὑτοιυί
1531 421 1629 450 poterat
1642 416 1718 442 homo
1731 417 1792 448 iste,
1808 416 1856 442 nisi

1063 463 1214 498 appellasset
1237 462 1362 489 Ctl’surent
1383 463 1392 496 (
1406 463 1462 489 Act.
1478 462 1523 490 96.
1537 463 1589 498 52)
1606 472 1612 490 :
1628 463 1733 490 vinctus
1756 467 1856 495 tamen,

1064 516 1176 544 cumqtte
1191 508 1310 543 plurimis
1324 508 1428 540 vinctis,
1444 509 1487 543 qui
1501 507 1574 535 mille
1587 509 1703 535 facinora
1715 509 1858 536 commise-

1064 559 1140 588 rant,
1159 555 1270 587 ductus,
1287 560 1340 582 non
1355 555 1461 582 erubuit
1474 562 1534 582 cum
1558 555 1610 582 illis
1632 555 1724 590 ligari,
1739 556 1859 590 quinimo

1063 601 1180 628 omnium
1189 601 1268 628 simul
1280 601 1460 636 navigantium
1474 608 1564 628 curam
1577 601 1696 636 gerebat,
1705 602 1745 629 sui
1759 602 1858 637 quippe

1063 655 1184 680 securus,
1202 655 1285 682 seque
1299 652 1383 674 tutttm
1396 647 1462 674 satis
1476 655 1536 675 esse
1548 648 1721 675 certissimus.
1735 648 1858 683 Cumque

1064 695 1168 721 vinctus
1183 703 1229 729 per
1245 699 1298 721 tam
1321 699 1423 721 vastum
1439 694 1547 729 pelagus
1561 695 1704 721 duceretur
1715 714 1723 727 ,
1741 695 1776 721 ita
1792 702 1858 729 gau-

1063 740 1142 768 debat
1157 745 1256 772 tamen,
1272 746 1405 775 tamquam
1420 741 1447 767 in
1459 740 1601 766 maximum
1616 740 1760 767 duceretur
1775 740 1858 774 impc—

1063 787 1142 814 rium.
1157 786 1262 814 Etenim
1276 794 1329 814 tton
1343 794 1452 821 parvum
1465 786 1503 813 illi
1523 786 1660 820 prteminm
1676 787 1750 813 urbis
1765 786 1858 814 Romae

1064 833 1203 860 conversio
1219 832 1428 868 proponebatur.
1446 832 1542 860 Verum
1558 839 1591 859 ne
1606 832 1666 859 illos
1679 832 1800 867 quidem,
1814 833 1858 867 qui

1064 879 1165 912 pariter
1183 878 1357 913 navigabant,
1371 878 1509 912 despectui
1524 876 1662 905 habendos
1677 879 1780 912 putarit
1792 885 1800 903 :
1813 877 1858 904 sed

1063 924 1116 951 illis
1136 932 1242 959 quoque
1256 924 1375 951 veritatis
1397 924 1528 951 suavitate
1542 923 1693 951 modulatus
1712 929 1772 955 est,
1789 923 1860 950 indi-

1064 977 1129 997 cans
1142 970 1192 997 sibi
1208 969 1312 997 divinos
1325 970 1481 1005 apparuisse
1493 970 1592 1001 'vultus,
1613 975 1641 997 et
1659 977 1701 1003 ea,
1725 978 1788 1005 qtt:e
1802 969 1860 997 fne-

1062 1021 1123 1043 rant
1142 1016 1192 1043 sibi
1214 1017 1283 1043 dicta
1296 1036 1304 1048 ,
1327 1024 1540 1044 commemorans
1556 1025 1563 1043 :
1578 1017 1604 1043 id
1617 1022 1679 1049 est,
1694 1015 1754 1043 Tibi
1769 1017 1861 1044 donaui

1062 1062 1175 1090 homines
1196 1063 1258 1089 istos
1271 1062 1343 1097 (Act.
1354 1062 1399 1089 27.
1411 1061 1475 1098 ‘24).
1497 1062 1553 1089 Hoc
1568 1070 1631 1089 vero
1646 1062 1781 1094 faciebat,
1809 1070 1860 1089 non

1063 1109 1181 1144 seipsnm
1196 1113 1352 1143 arroganter
1367 1109 1496 1136 extollens
1506 1130 1513 1141 ,
1535 1108 1581 1136 sed
1602 1109 1661 1135 illos
1676 1109 1727 1135 sibi
1744 1109 1778 1136 ad
1801 1109 1862 1143 per;

1063 1155 1216 1182 suasionem
1237 1155 1298 1182 lidci
1321 1162 1427 1189 parans.
1450 1154 1592 1188 Propterea
1613 1159 1639 1181 et
1654 1154 1726 1181 Deus
1741 1154 1862 1189 permisit

1065 1201 1174 1236 pelagus
1188 1202 1362 1233 commoveri,
1378 1205 1406 1228 ut
1428 1209 1476 1236 per
1496 1201 1521 1228 id
1536 1201 1605 1235 quod
1619 1201 1728 1227 auditus
1744 1208 1798 1228 non
1811 1204 1861 1233 est,

1064 1251 1091 1274 ct
1115 1254 1164 1282 per
1186 1246 1212 1274 id
1234 1247 1304 1281 quod
1326 1247 1431 1274 auditus
1446 1251 1497 1279 est,
1521 1247 1666 1281 spiritualis
1688 1246 1764 1273 Pauli
1779 1246 1862 1282 gratia

1064 1293 1237 1327 panderetur.
1249 1292 1315 1320 Nam
1327 1297 1354 1320 ct
1368 1300 1428 1320 cum
1441 1292 1557 1320 dedisset
1570 1292 1721 1324 consilium,
1737 1293 1863 1327 navigan-

1065 1339 1127 1366 dum
1143 1346 1195 1366 non
1210 1346 1281 1370 esse,
1296 1343 1464 1373 contemptus
1476 1342 1518 1365 est
1528 1358 1534 1369 ,
1546 1343 1708 1373 ventumque
1723 1343 1767 1365 est
1780 1335 1863 1372 usque

1064 1385 1096 1412 ad
1112 1389 1232 1412 extrema
1256 1385 1408 1412 discrimina
1426 1383 1531 1420 (ηεαδ.
1547 1383 1644 1410 \‘erum
1660 1391 1694 1411 ne
1707 1389 1863 1418 contemptu

1065 1430 1172 1466 quidem
1198 1438 1291 1457 eorum
1318 1430 1402 1457 factus
1427 1434 1468 1457 est
1493 1429 1650 1461 onerosior;
1679 1429 1728 1456 sed
1761 1432 1862 1462 rursu’s,

1064 1477 1139 1512 quasi
1164 1481 1239 1511 pater
1263 1476 1324 1504 filiis
1348 1476 1506 1511 providebat
1527 1477 1675 1512 agebatque
1697 1476 1789 1503 omnia
1803 1497 1809 1509 ,
1833 1484 1863 1503 ne

1065 1523 1204 1558 quisquam
1219 1523 1330 1558 periret.

1098 1568 1187 1596 Roma:
1195 1573 1314 1603 quantm
1321 1569 1467 1596 modestiam
1474 1569 1622 1596 exhibuerit.
1633 1567 1800 1603 Comparatio
1810 1573 1863 1594 συξη

1066 1614 1131 1641 duce
1144 1614 1277 1641 exercitus.
1296 1616 1333 1633 —'-
1352 1614 1494 1648 Postquam
1512 1621 1576 1640 vero
1593 1613 1706 1640 Romam
1731 1614 1864 1648 ingressus

1066 1664 1125 1692 est,
1142 1659 1178 1687 ibi
1192 1667 1297 1694 quoque
1308 1664 1405 1694 quanta
1419 1666 1479 1686 cum
1495 1659 1625 1686 modestia
1639 1659 1783 1685 annuntiat
1796 1658 1864 1684 \‘cri-

1068 1711 1159 1738 tatcm,
1173 1711 1271 1741 quanta
1283 1706 1363 1734 etiam
1376 1714 1436 1733 cutn
1448 1705 1571 1732 libertate
1583 1705 1699 1732 obstruit
1710 1712 1757 1731 ora
1773 1705 1865 1739 impio-

1068 1755 1142 1781 rum!
1159 1753 1256 1780 Verum
1271 1761 1320 1780 nec
1334 1753 1368 1780 ibi
1381 1758 1452 1780 stare
1466 1757 1617 1784 contentus,
1634 1752 1715 1779 etiatn
1731 1751 1757 1778 in
1773 1751 1866 1785 [lispa-

1069 1799 1139 1826 niam
1162 1799 1304 1834 percurrit.
1326 1798 1394 1825 Cum
1418 1802 1507 1826 autetn
1527 1798 1625 1832 saepius
1650 1797 1724 1823 varia
1751 1796 1865 1831 pericula

1068 1845 1231 1877 sustineret,
1246 1843 1396 1872 confidebat
1414 1844 1497 1878 magis
1517 1848 1597 1878 atque
1617 1842 1698 1870 fietutt
1716 1842 1864 1870 audacior:

1069 1899 1118 1918 ncc
1133 1891 1189 1925 ipse
1206 1890 1291 1918 snlnm
1303 1910 1312 1923 ,
1328 1890 1374 1917 sed
1391 1890 1470 1916 etiam
1491 1889 1612 1924 discipuli
1627 1893 1740 1923 propter
1760 1889 1845 1923 ipsum
1856 1908 1863 1920 ,

1069 1939 1112 1972 qni
1126 1938 1181 1972 cth
1196 1938 1285 1972 utique
1299 1936 1470 1964 firmabantur
1482 1936 1616 1970 exemplo.
1631 1935 1864 1969 Quemadmodum

1069 1983 1139 2010 cnint
1154 1983 1175 2009 si
1186 1990 1247 2009 eum
1259 1982 1437 2008 remissiorcm
1450 1981 1653 2016 scgnioremque
1666 1980 1808 2012 vidissent,
1818 1980 1867 2014 ipsi

1069 2029 1148 2056 etiam
1165 2029 1276 2055 fortasse
1290 2028 1401 2055 fuissent
1416 2035 1531 2054 maerore
1545 2026 1642 2061 dejecti
1657 2035 1664 2052 :
1681 2027 1718 2053 ita
1733 2026 1780 2061 qui
1794 2026 1866 2053 illum

1070 2075 1206 2101 fortiorem
1222 2075 1318 2100 factum
1334 2081 1394 2100 esse
1405 2073 1563 2105 cernebant,
1578 2077 1605 2099 et
1617 2073 1689 2099 inter
1701 2072 1812 2107 injurias
1826 2077 1866 2098 at-

1069 2127 1121 2154 que
1136 2120 1226 2155 plagas
1245 2120 1401 2146 constantia:
1415 2126 1487 2153 saepe
1501 2118 1599 2145 virtute
1613 2123 1782 2145 crescentem
1794 2128 1804 2149 ,-
1818 2117 1866 2152 ipsi

1070 2174 1174 2201 quoque
1188 2174 1247 2192 eum
1260 2165 1361 2200 majore
1373 2164 1466 2192 fiducia
1479 2163 1659 2199 prmdicabant
1672 2173 1679 2189 :
1694 2163 1776 2199 idque
1786 2164 1868 2199 signi-

1070 2213 1153 2239 ficans
1166 2213 1200 2238 ait
1214 2233 1221 2243 ,
1238 2211 1279 2238 ltu
1292 2216 1318 2238 ut
1335 2212 1419 2246 plures
1431 2219 1445 2237 ε
1457 2210 1580 2245 fratribus
1591 2209 1749 2244 con/idenm
1762 2210 1868 2236 vinculis

1071 2259 1142 2286 turis.
1153 2257 1322 2284 abundantius
1333 2257 1451 2283 auderent
1462 2256 1516 2283 sine
1526 2256 1615 2282 timore
1627 2256 1730 2282 verbum
1741 2254 1791 2282 Dei
1801 2250 1868 2289 loqui

1073 2305 1082 2340 (
1097 2303 1192 2339 Phi/ip.
1209 2306 1232 2330 t.
1253 2302 1314 2337 11).
1342 2303 1369 2330 Si
1385 2303 1456 2330 cnint
1469 2302 1522 2330 dux
1537 2302 1640 2330 militia:
1655 2302 1737 2329 fuerit
1750 2302 1824 2329 fortis
1835 2308 1868 2329 ac

1071 2351 1211 2384 robustus,
1226 2358 1278 2377 non
1298 2350 1378 2376 modo
1397 2349 1503 2377 ctedens
1522 2353 1600 2384 atque
1616 2354 1808 2383 prosternens,
1823 2355 1866 2375 ro-

1071 2404 1128 2423 rum
1142 2397 1223 2423 etiam
1238 2395 1348 2423 vulnere
1364 2396 1419 2430 ipse
1435 2402 1586 2430 percussus,
1600 2394 1723 2421 subditos
1737 2397 1800 2421 suos
1811 2393 1866 2420 clli-

1073 2443 1108 2469 cit
1123 2442 1262 2474 fortiores,
1279 2443 1413 2477 magis‘qnc
1427 2442 1478 2469 itoc
1498 2445 1607 2476 prmstat
1622 2441 1779 2468 vulneratus
1792 2441 1846 2475 ipse
1858 2461 1865 2471 ,

1072 2495 1151 2522 quant
1167 2487 1320 2514 vulnerans.
1345 2488 1410 2514 Cum
1432 2487 1503 2514 enim
1522 2487 1539 2513 ii
1558 2487 1602 2521 qui
1618 2487 1669 2513 sub
1685 2487 1731 2513 tali
1752 2489 1867 2521 pugnant

1071 2535 1209 2568 magistro,
1227 2534 1341 2561 viderint
1355 2533 1454 2561 inﬂicta
1469 2534 1577 2560 vulnera
1587 2554 1594 2565 ,
1611 2534 1741 2560 fluentem
1761 2532 1867 2567 sangui-

1071 2588 1132 2606 nem
1142 2601 1150 2612 ,
1165 2585 1191 2607 ct
1206 2588 1239 2607 ne
1252 2580 1291 2607 sic
1305 2580 1412 2614 quidem
1430 2580 1502 2606 iiltttn
1519 2579 1641 2606 itostibus
1660 2578 1804 2613 aliquando
1820 2585 1867 2604 ως

1072 2626 1177 2652 dentem
1191 2646 1197 2656 ,
1214 2625 1261 2653 sed
1275 2630 1389 2652 stantem
1403 2626 1505 2652 fortiter
1517 2645 1526 2658 ,
1541 2625 1684 2660 hastasque
1698 2625 1843 2652 vibrantem
1859 2644 1865 2654 ,

1072 2677 1099 2698 et
1109 2671 1207 2698 crebris
1217 2671 1349 2706 certisque
1362 2671 1456 2699 ictibus
1467 2671 1493 2698 in
1504 2671 1673 2698 adversarios
1683 2675 1864 2705 prorucntem,

1073 2726 1122 2745 nec
1137 2718 1245 2745 omnino
1260 2719 1402 2753 quidquam
1417 2723 1568 2753 parcentem
1580 2718 1677 2751 dolori,
1692 2718 1793 2752 majore
1805 2718 1866 2744 abs-

1072 2771 1124 2799 que
1135 2764 1216 2791 dubio
1230 2769 1304 2791 tanto
1317 2764 1379 2791 duci
1392 2765 1529 2791 alacritate
1541 2763 1701 2791 sultduntttr.
1716 2763 1770 2790 Hoc
1781 2763 1866 2798 itaque

1073 2810 1169 2838 factum
1183 2814 1209 2836 et
1221 2810 1311 2837 Paulo.
1327 2809 1454 2837 Videntes
1467 2809 1536 2836 enim
1551 2809 1623 2836 illum
1635 2809 1745 2844 ligatum
1756 2809 1865 2837 catenis,

1073 2861 1100 2883 et
1123 2856 1204 2883 nihilo
1226 2857 1312 2883 minus
1335 2857 1362 2883 in
1387 2863 1494 2883 carcere
1517 2856 1706 2890 praedicantem
1720 2877 1726 2887 ,
1749 2855 1867 2882 vidcttlt's

1074 2903 1153 2930 etiam
1165 2903 1348 2936 verberatum,
1358 2908 1385 2930 et
1399 2907 1487 2930 tamen
1501 2902 1673 2930 verberantes
1683 2903 1754 2938 ipsos
1764 2907 1867 2929 sermo-
