1969 3130
135 154 180 180 ,λιό
539 148 590 177 ἯΕ
604 150 634 178 S.
651 148 802 177 MELETIO
819 149 1051 177 ANTIOCIIENO.
1065 165 1099 170 —
1115 150 1270 179 MONITUM

137 219 160 237 ie
171 213 325 243 capientem,
337 209 464 244 majorem
475 208 593 244 prt'tcto
606 208 727 236 fiduciam
737 206 904 244 colligebant.

132 256 159 283 Et
171 254 266 282 idcirco
281 261 335 281 non
347 253 414 281 dixit
427 253 582 288 simpliciter
595 253 753 288 Conﬁdenlea
761 261 771 286 ;
784 252 831 281 sed
841 273 849 281 .
865 251 907 279 Ita

132 306 153 326 ut
164 300 329 326 abundantius
342 300 462 327 auderem
475 300 528 326 sine
540 300 629 326 timore
642 299 741 326 verbum
753 298 802 326 Dei
815 298 883 327 loqui
896 306 905 325 :

129 345 217 381 magis,
233 346 319 380 inquit
329 366 336 378 ,
350 346 430 373 modo
444 353 521 381 quam
530 353 596 372 'cum
610 352 695 373 essem
709 345 775 372 liber
787 352 802 372 a
816 344 908 371 vincu-

128 390 157 418 lis
167 411 175 424 ,
190 391 283 418 fratres
298 390 476 425 prmdicabant
489 390 652 418 fiducialiter.
675 390 833 417 Tuncenim
845 397 906 417 cer-

132 437 218 464 tiorem
234 435 396 463 alacritatem
412 442 438 463 ct
457 436 514 470 ipse
525 436 665 470 capiebat,
680 443 711 462 ac
725 435 906 462 vehementius

127 483 151 509 in
161 481 324 508 adversarios
334 481 477 513 ferebatur,
485 486 513 508 et
522 482 683 508 inrrementa
695 480 905 516 persequutionis

126 526 227 561 majoris
241 527 277 554 illi
290 526 388 554 ﬁebant
397 526 651 554 causa-constantia
667 525 786 554 Inclusus
799 531 840 553 est
848 525 908 561 qui-

126 573 180 600 dem
195 573 220 599 in
234 580 342 600 carcere
351 577 528 608 ,-tantumque
542 573 567 600 in
582 580 615 600 eo
628 572 732 599 virtutis
745 571 861 605 refulsit,
878 577 906 599 ut

124 618 197 644 etiam
212 617 382 645 fundamenta
398 621 570 652 quaterentur
588 622 616 645 ct
633 617 700 644 ostia
717 616 905 652 penderentur.

124 663 259 691 Custodem
269 671 374 698 quoque
388 668 450 691 tunc
461 664 549 699 ipsum
558 664 672 692 carceris
682 664 716 691 ad
726 663 805 691 fidem
817 668 904 690 trans-

126 709 178 736 tulit
190 709 255 744 (Act.
273 710 328 744 16),
339 709 422 744 judici
437 717 504 744 pene
519 710 657 744 persuasit,
674 710 710 738 ita
722 714 751 737 ut.
764 710 822 745 ipse
833 709 906 737 dice-

125 761 180 783 ret:
196 755 228 782 In
241 756 341 783 modico
353 764 392 783 me
404 757 494 784 suades
508 756 679 784 Christianae:
693 757 749 792 ﬁeri
764 757 775 792 (
788 758 844 785 Aet.
857 757 904 785 26.

123 801 175 837 28).
189 801 297 829 Rursus
309 808 369 829 cum
376 801 542 836 dapidaretur
551 821 558 834 ,
582 802 686 837 plenam
698 802 790 838 populi
810 803 906 831 civita-

125 852 173 873 tem
187 845 247 873 tidci
262 846 323 874 luce
335 846 477 874 donavit‘:
490 851 517 874 et
534 847 664 875 vocabant
675 855 736 876 eum
749 849 822 883 quasi
833 848 905 883 judi-

123 892 200 918 eaturi
219 891 306 920 Judari
319 912 327 924 ,
341 896 405 920 tunc
425 893 505 920 etiam
523 893 699 922 Athenienses
708 893 777 922 tacti
795 899 906 922 suntex

123 937 276 965 adversariis
297 938 395 966 subditi
405 959 413 972 ,
427 943 454 966 et
466 946 500 967 ex
509 939 642 974 judicibus
657 943 766 974 repente
774 939 905 976 discipuli.

121 982 190 1011 Sicut
203 983 273 1010 enim
296 984 365 1019 ignis
379 984 406 1011 in
425 984 543 1012 diversas
556 985 712 1020 plerumque
724 986 848 1013 materias
862 985 906 1014 in-

121 1029 207 1056 cidens
222 1034 336 1064 augetur
351 1030 435 1065 magis
447 1050 454 1063 ,
468 1035 496 1058 et
513 1038 545 1058 ex
564 1031 683 1066 subjecta
696 1031 747 1059 sibi
760 1031 906 1059 substantia

122 1074 282 1102 incrementa
295 1075 404 1103 sortitur
416 1083 424 1102 :
438 1076 477 1103 sic
491 1076 570 1104 etiam
582 1076 671 1112 lingua
686 1076 762 1104 Pauli
774 1097 781 1109 ,
796 1076 906 1112 quibus-

118 1127 227 1155 cumque
233 1120 329 1148 fuisset
336 1120 453 1154 admota,
463 1121 496 1149 ad
506 1122 622 1156 seipsum
632 1129 678 1150 eos
685 1121 812 1150 continuo
820 1125 907 1150 trans-

121 1166 224 1193 ferebat.
249 1166 449 1201 lmpugnatores
470 1175 576 1202 quoque
598 1167 656 1202 ejus
678 1167 801 1196 celeriter
824 1168 906 1203 ipsius

118 1211 196 1239 verbo
207 1212 278 1246 capti
295 1211 422 1246 pabulum
441 1212 575 1247 quoddam
588 1213 716 1248 spirituali
730 1213 792 1242 huic
805 1213 905 1242 efﬁcie-

118 1258 210 1284 bantur
220 1257 274 1292 igni
285 1278 294 1291 ,
310 1265 411 1293 perque
429 1258 500 1293 ipsos
509 1259 599 1293 magis
613 1259 748 1294 Evangelii
761 1259 830 1287 fama
844 1267 905 1287 cre-

118 1304 213 1336 scebat,
227 1303 328 1331 idcirco
340 1304 445 1332 dicebat
459 1305 602 1340 :Alligatua
613 1312 679 1339 eum,
687 1305 734 1332 sed
745 1306 845 1333 uerbum
857 1305 906 1333 Dei

119 1357 164 1375 non
177 1353 211 1376 ut
225 1349 361 1384 alligatum
372 1349 382 1386 (
394 1349 423 1377 2.
435 1349 502 1377 Tim.
516 1350 543 1377 2.
557 1350 606 1386 9).
618 1350 757 1386 Fugabant
771 1358 833 1379 eum
852 1350 905 1379 fre-

119 1399 224 1430 quenter
238 1395 350 1428 inimici,
370 1399 399 1423 et
414 1399 541 1431 quantum
554 1396 661 1431 quidem
674 1396 709 1424 ad
722 1403 778 1424 rem
791 1400 904 1431 spectat,

118 1441 342 1475 persequebantur
357 1449 363 1467 :
378 1445 505 1476 quantum
517 1449 581 1469 vero
595 1441 629 1469 ad
642 1447 769 1470 eventum
783 1441 833 1476 rei,
846 1442 905 1470 aliis

118 1486 251 1514 mittebant
263 1487 419 1522 magistrum
432 1487 477 1523 qui
488 1494 520 1515 eo
528 1488 655 1515 carebant
668 1497 675 1514 ε
688 1488 811 1523 quodque
822 1487 905 1516 facie-

118 1531 176 1560 bant
192 1532 270 1559 amici
290 1537 372 1567 atque
390 1532 551 1567 concordes,
565 1532 617 1560 hoc
632 1533 704 1561 velut
722 1533 811 1561 studio
828 1540 905 1561 exse-

117 1578 264 1612 quebantur
286 1578 405 1611 inimici,
423 1586 566 1614 numquam
587 1579 705 1607 sitientes
725 1587 787 1607 eum
806 1579 833 1607 in
853 1587 906 1607 una

118 1622 293 1651 habitaculum
305 1624 414 1659 regione
432 1624 565 1652 collocare
574 1644 583 1658 ,
595 1624 643 1653 sed
657 1625 906 1660 persequutionibus

120 1667 273 1704 insidiisque
288 1669 418 1704 pellentes
427 1690 435 1703 ,
448 1676 496 1704 per
510 1674 618 1697 cunctas
630 1669 739 1698 omnino
756 1670 906 1706 provincias

145 1737 149 1749 '
170 1740 217 1767 Gn,
229 1737 379 1771 lupidantem
387 1737 505 1763 civitatem
512 1737 637 1770 ingressus
649 1737 790 1764 immutari}.

1693 155 1743 182 δη

961 206 1093 235 medicum
1102 208 1342 242 circumducebant,
1355 215 1383 237 ut
1390 217 1482 238 omnes
1491 210 1612 239 videlicet
1619 210 1743 238 salutaria

960 251 1018 286 ejus
1037 252 1134 287 linguae
1155 254 1273 281 remedia
1294 255 1430 282 sentirent.
1453 255 1555 284 Rursus
1569 255 1749 292 alligaverunt'

958 305 1019 326 eum
1032 319 1039 331 .
1053 298 1099 326 sed
1117 299 1204 326 aerius
1217 299 1243 326 in
1257 299 1435 328 defensionem
1449 301 1509 329 ﬁdei
1521 301 1664 337 discipulos
1676 309 1742 329 con-

959 343 1089 375 citarunt;
1102 343 1254 379 persequuti
1263 349 1334 377 sunt,
1346 349 1372 372 et
1385 352 1437 372 non
1447 345 1603 374 ltabeutibus
1614 347 1742 374 miserunt

959 387 1129 423 magistrum;
1160 388 1193 416 ad
1208 389 1292 423 majus
1303 389 1432 424 judicium
1447 396 1655 425 provocaverunt
1665 412 1673 425 ,
1697 392 1744 420 sed

959 432 1065 461 uberius
1079 433 1163 461 Judaei
1176 434 1331 462 beneficium
1345 436 1514 464 contulerunt
1523 437 1543 469 ¹,
1555 441 1663 472 propter
1673 442 1744 472 quod

958 484 985 506 et
997 479 1080 507 Judaei
1100 480 1224 508 dicebant
1237 480 1271 508 de
1284 482 1412 516 apostolis
1427 481 1547 511 dolentes
1561 491 1567 509 :
1583 483 1651 515 Quid
1665 484 1756 518 facie—3

958 533 1014 552 mut
1033 525 1088 552 istis
1101 525 1241 553 hominibus
1253 526 1262 561 (
1275 526 1330 553 Act.
1346 527 1373 554 ι.
1388 527 1422 554 16
1432 527 1461 563 )‘l
1481 527 1531 555 Per
1544 536 1602 562 qua:
1614 528 1685 555 enim
1698 536 1745 556 eos

958 571 1108 606 opprimere
1123 571 1260 605 volumus,
1276 579 1322 607 per
1334 580 1365 600 ea
1385 572 1439 607 ipsa
1455 573 1634 607 provehimus.
1652 573 1745 601 Tradi-

958 615 1054 643 derunt
1077 616 1180 644 custodi
1201 617 1327 650 carceris,
1349 622 1377 644 ut
1397 625 1458 645 eum
1479 618 1620 652 diligenter
1642 618 1745 653 ligaret,

958 662 1005 689 sed
1018 662 1074 697 ipse
1088 670 1102 689 a
1113 663 1198 690 Paulo
1211 664 1309 691 arctius
1321 664 1442 699 alligatus
1455 669 1506 692 est.
1520 664 1589 691 Cum
1602 664 1654 692 reis
1667 669 1746 700 atque

957 707 1053 735 vinctis
1071 715 1131 735 eum
1152 709 1300 742 miserunt,
1315 717 1349 737 ne
1370 709 1524 744 aufugeret;
1546 714 1574 736 at
1587 709 1631 737 ille
1645 710 1747 739 vinctos

957 753 1106 782 Christiana
1121 754 1241 782 doctrina
1258 755 1360 783 imbuit.
1385 755 1570 790 Imposuerunt
1589 763 1649 783 eum
1665 756 1724 783 navi
1736 776 1745 789 ,

957 803 987 826 ut
998 799 1077 834 plane
1088 799 1169 827 etiam
1181 800 1300 828 nolentes
1313 800 1387 828 ocius
1401 800 1451 828 iter
1460 800 1519 835 ejus
1529 800 1647 828 facerent
1659 801 1744 835 expli-

957 844 1032 878 cari,
1050 844 1227 880 accidensque
1244 844 1409 881 naufragium
1428 844 1528 873 factum
1548 852 1608 872 cum
1619 845 1748 880 Apostolo

957 889 1140 925 navigantibus
1156 897 1235 918 causa
1249 890 1385 918 doctrinas.
1409 890 1577 918 Minabantur
1595 890 1668 918 mille
1681 898 1745 925 sup—

957 934 1034 970 plicia
1046 955 1054 968 ,
1068 939 1097 962 ut
1115 935 1203 970 ignem
1224 935 1417 970 praedicationis
1437 935 1637 970 exstinguerent
1647 955 1655 968 ,
1669 935 1713 971 qui
1729 943 1745 963 e

957 981 1091 1008 contrario
1109 981 1192 1016 magis
1209 980 1271 1009 inde
1283 981 1430 1010 crescebat.
1454 981 1489 1009 Et
1505 982 1573 1009 sicut
1587 982 1620 1010 de
1635 982 1747 1009 Domino

957 1027 1096 1060 dixerunt,
1112 1027 1263 1055 Occiduntur
1276 1035 1348 1061 eum,
1364 1036 1395 1055 ne
1405 1028 1506 1055 ueniant
1519 1027 1628 1055 Romani
1637 1049 1645 1060 .
1657 1033 1681 1055 et
1696 1029 1746 1055 tol-

957 1073 1010 1100 lant
1023 1073 1105 1100 tocum
1117 1078 1229 1100 nostraet
1242 1078 1317 1109 atque
1328 1078 1424 1109 gentem
1438 1073 1529 1109 (Joan.
1542 1074 1586 1101 ll.
1603 1072 1658 1109 48),
1674 1074 1746 1101 acci-

958 1119 1050 1155 ditque
1064 1120 1225 1148 contrarium
1241 1129 1248 1147 :
1262 1127 1322 1147 nam
1341 1119 1402 1155 quia
1423 1119 1578 1148 occiderunt
1591 1127 1651 1148 eum
1661 1141 1669 1152 ,
1684 1128 1745 1156 pro-

957 1170 1047 1200 pterea
1058 1165 1169 1192 Romani
1182 1169 1209 1193 et
1219 1169 1324 1200 gentem
1331 1172 1427 1193 eorum
1436 1170 1464 1193 et
1474 1165 1608 1193 civitatem
1618 1165 1745 1193 tulerunt:

957 1215 985 1238 et
996 1218 1056 1246 qua:
1074 1211 1233 1246 putabantur
1248 1211 1434 1246 impedimenta
1449 1210 1653 1246 prandicationis,
1667 1210 1744 1238 fortia

956 1255 1138 1283 efficiebantur
1150 1255 1247 1283 auxilia
1259 1265 1266 1283 :
1278 1256 1316 1283 sic
1325 1255 1404 1283 etiam
1414 1256 1574 1290 praedicante
1583 1255 1676 1289 Paulo,
1686 1264 1746 1291 qua:

956 1300 1100 1328 adversarii
1120 1300 1154 1328 ad
1176 1300 1381 1336 opprimendum
1403 1301 1516 1329 intulere
1536 1301 1666 1334 verbum,
1686 1300 1744 1328 hzec

957 1346 1020 1374 illud
1036 1346 1075 1374 ad
1093 1346 1253 1374 inell'abilem
1275 1346 1415 1382 quamdam
1434 1345 1599 1375 altitudinem
1619 1346 1744 1374 subleva-

957 1397 1027 1419 runt.
1042 1391 1130 1427 Super
1138 1392 1185 1419 liis
1196 1399 1260 1420 vero
1273 1392 1400 1420 omnibus
1417 1392 1516 1427 gratias
1531 1392 1601 1419 bono
1615 1396 1746 1419 tantarum

957 1445 1045 1465 rerum
1059 1438 1160 1466 auctori
1172 1445 1282 1473 agamus
1296 1438 1360 1472 Deo,
1372 1438 1552 1474 gloriﬁcamus
1565 1437 1688 1471 Paulum,
1700 1445 1747 1473 per

956 1492 1035 1520 quem
1050 1485 1099 1513 ista
1111 1485 1243 1520 completa
1254 1489 1317 1512 sunt
1330 1493 1337 1512 :
1351 1491 1461 1512 oremus
1473 1484 1564 1517 etiam,
1578 1488 1606 1511 ut
1618 1483 1668 1519 ipsi
1682 1491 1748 1519 quo-

956 1539 1008 1566 quc
1022 1531 1124 1559 eisdem
1138 1530 1305 1566 perfruamur
1318 1531 1396 1559 bonis
1405 1551 1413 1564 ,
1429 1530 1512 1566 gratia
1524 1533 1552 1558 et
1565 1529 1747 1559 misericordia

957 1577 1061 1604 Domini
1083 1577 1167 1605 nostri
1189 1576 1252 1604 Jesu
1270 1576 1384 1610 Christi,
1406 1583 1453 1612 per
1471 1583 1551 1611 quem
1571 1580 1599 1604 et
1619 1583 1680 1604 cum
1693 1583 1748 1611 quo

956 1624 1041 1659 gloria
1055 1623 1126 1651 Patri
1139 1644 1146 1656 ,
1158 1631 1222 1651 cum
1235 1623 1335 1659 Spiritu
1347 1627 1440 1651 sancto
1452 1643 1461 1657 ,
1477 1622 1504 1650 in
1518 1621 1615 1650 saecula
1634 1621 1747 1650 saeculo-

956 1678 1026 1698 rum.
1040 1671 1137 1698 Amen.

986 1739 998 1755 ι
1014 1741 1064 1768 δι’..
1075 1740 1099 1764 et
1109 1736 1197 1769 majori
1208 1737 1319 1770 profuere
1328 1736 1424 1763 civitati.
1437 1738 1538 1768 Propter
1548 1736 1622 1769 quod,
1635 1739 1684 1762 etc.

117 1893 1732 1915 ΕΜ

554 1995 602 2026 AD
619 1996 807 2028 HOMILIAM
828 1996 867 2026 ΙΝ
890 1996 1065 2027 SANCTUM
1087 1997 1295 2028 MELETIUM.

120 2079 229 2108 omnino
241 2081 350 2110 videtur
365 2083 436 2111 banc
457 2083 595 2113 homiliam
609 2085 815 2121 pronuntiatam
841 2085 926 2115 fuisse
945 2086 986 2114 vel
1016 2094 1089 2115 anno
1110 2087 1181 2121 586,
1203 2092 1266 2124 post
1287 2095 1407 2117 mensem
1427 2087 1549 2122 Maium,
1572 2088 1615 2116 vel
1633 2088 1743 2116 ineunte

116 2146 184 2167 uino
197 2140 261 2169 587,

147 2209 184 2238 De
198 2209 228 2237 S.
245 2210 357 2239 Neletio
369 2212 494 2247 quaedam
504 2213 625 2243 diximus
635 2214 665 2242 in
683 2214 744 2243 Vita
760 2215 789 2244 S.
807 2215 949 2244 Athanasii
965 2216 1000 2244 ad
1024 2224 1125 2244 annum
1142 2217 1205 2245 36L
1221 2216 1246 2245 ls
1275 2225 1373 2253 nempe
1393 2217 1427 2245 ab
1455 2216 1578 2249 Arianis,
1604 2216 1651 2251 qui
1679 2215 1737 2243 suis

115 2267 234 2300 partibus
244 2267 325 2305 {5|8]
338 2269 476 2298 addictum
490 2272 634 2307 putabant,
648 2273 792 2302 ordinatus
810 2274 838 2301 in
853 2274 1013 2310 episcopum
1037 2275 1249 2308 Antiochenum,
1269 2275 1317 2302 τοῦ
1331 2275 1476 2311 ὀμοουσίου
1493 2273 1622 2303 defensor
1637 2273 1740 2301 acerri-

115 2333 174 2352 ntus
192 2331 252 2354 erat
263 2335 273 2361 ;
286 2334 342 2362 quo
353 2333 503 2364 comperto,
519 2329 614 2358 Ariani
628 2338 711 2367 penes
721 2339 792 2367 quos
811 2337 870 2360 tum
891 2340 1000 2360 summa
1010 2337 1079 2366 erat,
1093 2333 1233 2361 hominem
1248 2333 1276 2361 in
1290 2333 1419 2361 exsilium
1438 2332 1576 2368 deportari
1592 2336 1738 2360 curarunt.

117 2383 151 2411 De
160 2384 277 2414 dissidio
290 2391 380 2416 autem
392 2387 451 2423 ejus
467 2393 588 2425 tempore
602 2389 685 2418 etiam
713 2390 783 2418 inter
801 2391 960 2419 Catholicos
985 2391 1112 2424 suborto,
1132 2392 1194 2420 vide
1206 2399 1268 2428 quae
1282 2391 1402 2420 diximus
1419 2391 1446 2420 in
1466 2391 1568 2420 Monito
1583 2390 1616 2419 ad
1645 2389 1740 2418 Homi-

116 2443 176 2470 liam
188 2444 222 2472 de
235 2445 425 2474 Anathemate.
446 2446 581 2475 Caeterum
597 2448 624 2476 in
638 2449 689 2477 hac
710 2449 822 2477 homilia
837 2454 865 2477 et
880 2449 1030 2485 imaginum
1047 2449 1138 2478 cultus
1150 2454 1178 2478 et
1202 2449 1364 2478 intercessio
1377 2449 1543 2478 Sanctorum
1561 2453 1654 2488 aperte
1667 2455 1740 2484 [περ

117 2501 233 2530 dicatur.

151 2556 248 2587 Incerti
262 2559 514 2596 interpretationem
530 2562 623 2591 multis
636 2562 663 2591 in
675 2562 743 2592 locis
760 2563 934 2592 emendatam
947 2571 963 2592 e
980 2563 1090 2598 regione
1102 2563 1188 2591 Graeci
1208 2567 1297 2592 textus
1311 2563 1421 2591 damus.
