1969 3130
222 140 276 167 ⁸13

607 138 636 166 8.
656 137 792 169 103Nle
811 136 1001 167 CHRYSOS'N

1068 137 1227 168 ARCHIEP.
1246 139 1512 174 εοδβτιικτικοιν.

1802 146 1850 174 516

666 247 914 290 HOMILIA
941 247 1370 291 ENCOMIASTICA

220 341 255 363 ﬂ
279 341 304 362 Ι.
328 340 454 362 ΡΔΤᾺΞΜ
476 338 622 361 11051⁵111⁸(
645 336 821 361 ιηιετιυιι,
844 337 1001 361 ΔΕΩΙΠΒΡΙΕ

1054 337 1118 358 Ρωι
1140 337 1257 362 ΙΔῦΙΕ
1272 339 1464 367 ΔΝΤΙΟΩΞΠΞ,
1486 342 1526 363 ΕΤ
1547 343 1588 364 νε
1605 343 1721 367 ίτυωο
1749 345 1851 368 ιοιωι

844 387 898 413 QUI
918 387 1147 410 conventum
1166 379 1223 420 te).

257 526 284 554 1.
307 525 418 554 Sacrum
443 523 512 551 hunc
531 529 638 558 gregem
653 521 739 549 oculis
759 521 875 556 undique
896 521 1010 549 circuat-

221 573 336 608 spiciens
345 593 353 606 ,
376 576 402 599 et
421 571 571 598 universam
584 569 718 597 civitatem
732 567 824 596 videns
839 567 881 595 bie
895 576 1011 603 prasen-

223 623 295 651 tem,
319 617 409 645 nescio
423 623 501 651 quem
522 615 593 650 prius
614 614 719 641 beatum
741 612 928 648 pronuntiem,
949 620 1010 641 san-

221 669 328 691 ctumne
341 662 482 694 Meletium,
495 661 565 696 qttod
580 660 620 687 vel
631 665 689 695 post
702 663 813 687 ntortem
826 663 899 686 tanto
909 658 1010 687 honore

202 700 204 703 V
222 708 333 741 fruatur,
348 715 382 735 an
395 712 509 735 vestram
517 707 664 738 caritatem,
673 705 744 740 quod
758 709 856 732 tantam
867 705 894 732 in
906 709 1010 733 vestros

213 760 342 793 pastores
364 753 572 782 benevolentiam
588 752 666 780 etiam
681 757 740 786 post
759 751 898 779 decessum
917 756 1009 780 osten-

212 801 301 830 alutis.
327 799 424 828 Beatus
435 799 507 826 enim
527 799 589 828 ille.
611 797 680 833 quod
701 802 802 824 tantum
827 796 866 824 sui
891 804 1008 825 amonem

207 849 294 876 wabis
306 848 429 875 omnibus
442 845 715 882 potuerit-relinquere
728 852 735 870 :
751 843 820 871 beati
834 850 881 871 vos
889 850 1007 878 quoque,

206 894 292 930 .vqnod
304 915 312 927 ,
331 901 392 921 cum
405 893 523 920 caritatis
542 891 690 926 depositum
705 888 860 924 ameperilis
870 909 877 921 ,
899 895 958 917 eam
970 888 1006 921 ei,

206 940 264 975 (qui
279 938 399 974 deposuit
413 959 419 969 .
442 938 569 972 integrant
592 936 643 963 huc
657 942 741 970 urique
756 939 882 969 perpetuo
894 941 1007 962 conser-

219 985 350 1012 vareritis.
366 984 478 1018 Quintus
490 983 560 1010 enim
578 989 663 1009 anuus
676 981 730 1015 jatn
746 979 893 1015 praeteriit,
910 986 943 1006 ea
951 986 1007 1014 quo

201 1031 263 1057 “ille
285 1030 406 1065 migravit
424 1029 456 1055 ad
477 1027 566 1055 .lesum
578 1048 586 1059 ,
602 1034 680 1062 quem
694 1025 861 1052 desiderabat
874 1045 882 1057 ,
896 1031 929 1052 ne
941 1031 1005 1059 per-

218 1075 323 1104 indeac
335 1075 357 1102 si
373 1074 428 1102 heri
446 1079 473 1101 et
486 1073 582 1100 nudius
596 1072 691 1099 tertius
705 1079 765 1098 eum
779 1070 912 1098 vidissetis
921 1090 928 1102 ,
952 1074 1006 1097 tam

164 1146 167 1149 ί
200 1121 431 1150 :fcrventi-amore
452 1119 484 1146 ad
507 1126 568 1147 eum
582 1118 662 1145 bodie
675 1116 834 1144 accessistis.
862 1116 1006 1150 Propterea

218 1167 310 1195 beatus
322 1165 374 1193 tille
395 1169 437 1192 est
456 1164 526 1200 quod
543 1163 609 1191 tales
628 1161 748 1198 genuerit
770 1162 859 1189 filios:
876 1161 944 1188 benti
959 1167 1006 1188 vos

202 1231 205 1233 -
217 1219 331 1248 quoque,
345 1210 414 1245 quod
431 1211 505 1237 vobis
515 1209 638 1244 obtigerit
648 1213 676 1236 ιη
689 1208 768 1235 talem
779 1212 879 1242 patrem
894 1206 1006 1234 babere-

202 1259 259 1286 -'tis.
276 1257 385 1293 Egregia
400 1261 441 1284 est
454 1255 528 1282 radix
542 1259 571 1283 et
583 1253 754 1284 admirabilis.
769 1252 815 1280 sed
826 1252 926 1279 fructus
939 1259 1006 1286 quo~

215 1308 416 1340 que-mttauut
436 1302 536 1337 indigni
556 1301 607 1328 bac
621 1300 719 1328 radice.
744 1299 848 1327 Etenim
866 1298 1005 1334 quomodo

201 1350 290 1378 'radix
304 1350 432 1385 quapiam
450 1347 612 1375 admirabilis
624 1367 631 1379 ,
645 1354 705 1382 quae
719 1346 782 1373 latet
798 1345 824 1372 in
841 1345 900 1372 sinu
913 1350 1002 1376 tera-te,

213 1395 462 1432 ipsa~quidemcnon
475 1397 599 1428 apparet,
618 1399 666 1427 per
679 1391 779 1419 fructus
800 1395 888 1418 autem
900 1390 1003 1418 virtutis

199 1450 269 1470 ιιιιω
278 1442 364 1470 robur
375 1441 508 1469 ostendit:
522 1441 556 1467 ita
572 1440 652 1467 etiam
668 1439 761 1466 beatus
775 1438 896 1466 Meletius
911 1438 937 1464 in
954 1438 1003 1466 bac

210 1497 298 1525 capsa
311 1489 435 1516 conditus
447 1509 455 1520 ,
478 1489 534 1522 ipsc
553 1486 658 1521 quidem
683 1493 736 1512 non
754 1485 872 1512 cernitur
889 1491 903 1510 a
927 1483 1003 1510 nobis

200 1535 296 1563 «oculis
309 1534 447 1569 corporis;
471 1540 518 1567 per
533 1539 579 1559 vos
589 1539 652 1558 vero
665 1552 672 1564 ,
687 1530 732 1566 qui
747 1530 812 1557 estis
824 1530 933 1561 fructus,
947 1536 1002 1556 sum

200 1580 304 1616 agt-alite
317 1581 325 1596 ⁸
342 1579 415 1607 vires
423 1578 550 1606 ostendit.
578 1577 652 1605 Licet
674 1583 722 1603 nos
741 1575 880 1608 sileamus,
904 1573 1002 1601 sufﬂcit

205 1626 269 1654 dies
282 1625 364 1653 festus
375 1645 394 1658 ,λ
405 1629 433 1652 et
441 1624 537 1652 .tfcrvor
558 1623 639 1650 vestri
653 1621 752 1654 studii,
775 1619 809 1648 ad
826 1621 887 1648 tuba
905 1619 1002 1647 clarius

202 1671 427 1707 :proclamandum
452 1669 536 1697 sancti
556 1668 653 1696 Meletii
669 1668 694 1695 in
714 1675 761 1694 vos
775 1673 910 1698 amorem,
934 1670 1000 1692 tam-

202 1725 290 1754 quam
311 1717 339 1745 in
353 1716 431 1746 filios.
449 1715 502 1743 δίο
515 1715 587 1744 enim
599 1718 702 1743 vestras
714 1718 817 1741 mentes
831 1710 952 1738 accendit
965 1711 998 1739 ad

207 1763 253 1791 sui
267 1770 384 1790 amorem
394 1782 402 1793 .
416 1761 500 1789 ut-vel
513 1761 545 1787 ad
559 1759 644 1787 solum
660 1766 756 1786 nomen
776 1758 941 1786 incalescatis
951 1777 958 1790 ,
973 1761 1001 1784 et

146 1818 150 1821 ’
203 1809 361 1837 ιριςίιθπιὴιί
374 1807 407 1835 ad
419 1808 501 1844 ipsam
515 1805 728 1841 appellationem.

248 1854 341 1882 Melelit'
354 1862 443 1881 nomen
461 1853 522 1887 ﬁliis
535 1852 588 1879 suis
608 1851 702 1878 dobant
724 1850 887 1882 Antiocheni;
905 1850 998 1884 ipsius-

204 1908 259 1937 gite
266 1899 399 1935 imaginem
412 1897 656 1933 ubiquerpiugdant.
667 1911 703 1916 —
717 1896 860 1930 Propterea
871 1903 921 1930 ego
933 1902 999 1930 quo-

209 1953 262 1981 que
275 1953 345 1972 nunc
359 1952 417 1976 .tton
440 1949 555 1975 temere,
577 1942 624 1970 sed
643 1941 730 1970 studio
750 1946 778 1969 et
799 1941 887 1968 dedita
906 1948 997 1975 opera,

212 2000 308 2020 nomen
324 1991 388 2019 illud
402 1991 427 2017 in
437 1991 508 2018 meis
518 1989 628 2017 assidue
641 1989 729 2017 verbis
742 1993 871 2020 annecto,
894 1992 922 2014 et
935 1994 997 2022 per-

211 2038 272 2064 imle
286 2044 317 2064 ac
328 2036 458 2072 quispiam
469 2056 477 2068 ,
497 2037 681 2070 quivcoronam
697 2034 761 2061 texit
778 2041 900 2063 auream.
925 2040 997 2060 tuar-

209 2083 308 2117 garitas
320 2082 415 2109 deinde
436 2081 574 2113 iacerem,
584 2087 753 2113 getan
768 2078 913 2114 frequentia
928 2086 997 2113 pra:-

210 2129 306 2155 clarius
325 2128 405 2155 efficit
425 2127 569 2154 diadema:
587 2127 620 2153 ita
642 2133 693 2160 ego
714 2133 818 2160 quoque
840 2126 917 2151 beato
940 2126 998 2158 ejus

210 2174 289 2209 capiti
302 2181 426 2200 coronam
439 2177 543 2200 .texens
556 2172 736 2199 encomiorum
749 2191 756 2203 ,
780 2171 858 2198 veluti
872 2170 998 2205 margari-

209 2224 297 2248 tarum
311 2218 482 2254 quarumdam
498 2217 672 2252 frequentiam
684 2237 691 2250 ,
705 2223 776 2251 sa-pc
791 2217 928 2250 repetitam
940 2215 997 2249 ejus

207 2265 412 2301 appellationem
433 2263 545 2291 orationi
559 2267 665 2294 me.
689 2269 800 2297 sperans
823 2262 897 2294 fore.
918 2267 946 2288 ut
959 2263 998 2289 sic

206 2319 269 2343 can
289 2310 474 2346 iumdiprem
495 2309 602 2342 reddam
617 2313 643 2337 ct
664 2308 880 2343 splendidiorem.
906 2307 997 2335 Solent

206 2358 281 2387 enim
292 2362 414 2390 amantes
423 2364 530 2387 eorum,
539 2363 605 2390 qttos
614 2360 713 2386 amant,
725 2355 767 2382 vel
779 2354 846 2383 nuda
856 2354 996 2389 complecti

207 2403 318 2431 nomina
331 2423 338 2434 ,
350 2409 378 2430 et
391 2402 552 2429 incalescere
571 2400 602 2428 ad
619 2400 688 2436 ipsas
699 2400 890 2435 appellationes
904 2409 910 2426 :
926 2399 996 2441 quod

209 2450 285 2477 vobis
299 2456 403 2484 quoque
423 2448 449 2475 in
464 2447 515 2475 hoc
528 2447 664 2474 beateusu
778 2446 842 2474 Nam
860 2454 921 2473 cum
934 2453 996 2474 eum

207 2503 223 2522 a
237 2494 368 2530 principio
378 2494 405 2521 in
413 2494 549 2521 civitatem
561 2493 707 2529 ingressum
721 2493 902 2528 excepissctis,
914 2499 995 2520 unus-

206 2540 321 2575 quisque
341 2539 424 2566 ﬁlium
448 2546 526 2566 suum
549 2539 606 2574 ejus
629 2539 736 2569 nomine
758 2538 924 2573 appellabat,
951 2546 997 2573 per

207 2585 412 2621 appellationem
419 2584 574 2612 existimans
582 2584 761 2620 unusquisque
771 2585 796 2611 in
806 2584 912 2612 domum
921 2591 996 2611 suam

208 2636 329 2659 sanetum
357 2629 543 2661 introducere.
571 2629 711 2663 missisque
740 2629 875 2663 patribus,
899 2629 956 2656 avis
970 2634 997 2656 et

208 2677 313 2712 proavis
324 2681 422 2703 matres
437 2675 504 2702 beati
516 2675 611 2702 Meletii
622 2682 717 2702 nomen
731 2674 997 2710 imponebautliberis

207 2729 273 2757 quos
287 2727 453 2756 pepererant.
472 2720 597 2747 Naturam
609 2720 680 2746 enim
698 2720 816 2748 vincebat
829 2728 903 2747 amor
919 2720 997 2756 pieta-

239 2779 248 2810 ξ
267 2778 333 2810 alia
341 2778 428 2810 codex,
438 2777 540 2810 virtutis.
554 2784 605 2810 pro,
618 2776 711 2809 gratia.

236 2808 276 2866 ᾖ)
293 2813 316 2834 tn
329 2809 389 2834 hanc
397 2804 517 2834 homiliam
525 2804 773 2834 contuliihuSOudices
780 2811 836 2840 Reg.
849 2805 917 2837 mea.
924 2805 994 2837 ωιο.

236 2853 237 2856 η
270 2860 276 2866 .
289 2844 314 2866 et
326 2840 427 2865 mihert.
441 2840 494 2865 ΜΟ.

206 2839 276 2869 ιβιδ.
289 2844 314 2866 et
326 2840 427 2865 roibert.
441 2840 494 2865 ΜΟ.

997 450 1194 478 saw——

1066 523 1100 551 tis
1110 544 1119 557 ,
1131 528 1159 551 et
1173 523 1298 560 deinceps
1311 526 1356 561 qui
1370 526 1556 561 nascebantur,
1573 537 1626 558 non
1643 531 1756 559 naturali
1768 533 1849 561 solum

1064 569 1265 604 benevolentia,
1288 572 1335 600 sed
1350 573 1430 600 etiam
1449 574 1544 602 εσθαι]
1558 584 1619 611 erga
1640 576 1710 605 illam
1734 579 1849 614 appella-

1063 616 1181 650 tionem,
1197 622 1274 645 erant
1286 618 1340 646 cari
1364 620 1525 654 parentibus.
1554 622 1641 649 losum
1662 624 1734 651 enim
1757 633 1849 653 nomen

1063 667 1090 690 et
1101 669 1286 692 ornamentum
1294 666 1471 700 cognationis,
1488 672 1515 694 et
1527 667 1623 695 zdium
1639 670 1748 698 tutelam
1757 691 1766 702 .
1780 676 1807 699 et
1818 674 1848 699 ita

1062 710 1164 737 vocatis
1176 711 1289 739 salutent
1300 714 1432 741 etameris
1443 714 1565 742 solatium
1579 723 1638 744 esse
1650 718 1847 751 existimabant,

1061 761 1087 784 et
1100 757 1210 791 perinde
1221 765 1253 785 ee
1266 758 1289 786 si
1301 759 1424 794 quidam,
1443 760 1566 789 sedeam
1588 763 1614 790 in
1632 764 1752 792 tenebris
1764 787 1771 796 ,
1791 773 1848 793 enin

1062 810 1112 830 una
1138 803 1238 839 lampas
1260 811 1402 840 conspecta
1429 806 1526 840 fuerit,
1552 809 1650 837 multas
1673 811 1848 840 accendente:

1062 849 1203 884 lucernas,
1230 853 1411 888 unusquisque
1433 854 1511 881 infert
1532 855 1557 882 in
1582 855 1689 884 domum
1702 865 1780 884 suam
1793 868 1800 885 :
1815 859 1847 886 ita

1060 897 1139 924 etiam
1151 904 1212 924 eum
1227 897 1270 925 illa
1289 899 1431 933 appellatio
1448 905 1582 936 tamquam
1605 902 1693 930 lumen
1715 903 1846 931 incidisset

1061 943 1086 969 in
1108 943 1242 970 civitatem
1255 963 1263 976 ,
1285 945 1394 979 quilibet
1421 945 1447 973 in
1467 946 1575 974 domum
1595 955 1669 976 suam
1690 950 1760 977 beati
1782 951 1845 978 illiut

1060 996 1156 1016 nomen
1173 989 1334 1022 introduxit,
1350 992 1430 1019 veluti
1441 993 1583 1027 quemdam
1598 993 1752 1022 thesaurum
1767 996 1846 1023 bono-

1059 1041 1118 1060 rum
1132 1034 1360 1063 innumerabilium
1372 1037 1493 1071 perillius
1503 1038 1616 1066 afferens
1625 1041 1829 1074 appellationem

1056 1083 1167 1114 eratque
1181 1087 1246 1107 vere
1260 1081 1321 1108 illud
1336 1089 1437 1117 magna:
1448 1083 1552 1117 pietatis
1563 1084 1693 1112 doctrina.
1706 1085 1773 1112 Nam
1787 1095 1846 1114 cum

1057 1124 1164 1152 assidue
1186 1132 1346 1160 cogerentur
1365 1128 1517 1156 meminisse
1537 1129 1608 1157 illius
1620 1131 1809 1165 appellationis
1821 1139 1846 1160 et

1056 1174 1178 1198 sanctum
1198 1172 1283 1199 virum
1301 1173 1390 1201 animo
1403 1175 1543 1209 complecti
1555 1197 1562 1206 ,
1587 1175 1720 1204 habebant
1734 1178 1788 1205 hoc
1801 1187 1846 1205 no-

1057 1223 1118 1244 men
1132 1221 1264 1252 tamquam
1280 1226 1351 1245 arma
1365 1219 1485 1254 qumdmn
1494 1241 1504 1254 ,
1516 1221 1613 1256 quibus
1622 1222 1763 1257 fugabatur
1772 1232 1845 1259 qua:-

1057 1263 1097 1289 vis
1116 1271 1130 1289 a
1153 1264 1256 1291 ratione
1283 1265 1368 1293 aliena
1397 1266 1501 1294 affectio
1524 1273 1551 1295 et
1575 1269 1718 1304 cogitatio,
1745 1269 1845 1306 fuitque

1056 1309 1082 1336 id
1097 1309 1164 1336 adeo
1177 1309 1315 1344 frequens,
1341 1316 1369 1338 ut
1383 1313 1480 1348 ubique
1493 1313 1519 1340 iu
1540 1313 1635 1344 biviis.
1660 1315 1685 1342 in
1707 1315 1787 1348 foro,
1816 1318 1842 1344 in

1055 1354 1126 1388 agris
1140 1358 1168 1382 et
1183 1355 1208 1382 in
1226 1356 1274 1382 viis
1294 1359 1344 1384 ltoe
1358 1365 1455 1385 nomen
1481 1359 1595 1394 undique
1619 1361 1842 1390 circumsonaret.

1054 1400 1112 1428 Non
1136 1409 1197 1437 erga
1220 1409 1316 1430 nomen
1339 1408 1427 1431 autem
1445 1405 1530 1432 solum
1552 1407 1620 1434 adeo
1641 1407 1728 1436 affecti
1752 1410 1844 1441 eratis,

1055 1446 1100 1473 sed
1122 1454 1183 1482 erga
1210 1448 1292 1484 ipsum
1317 1448 1396 1477 etiam
1427 1449 1537 1486 ﬁguram
1554 1453 1683 1488 corporis.
1706 1454 1845 1488 Quomodo

1054 1493 1124 1520 enim
1139 1493 1236 1522 fecistis
1250 1494 1277 1522 in
1293 1496 1452 1528 nominibus.
1467 1498 1517 1525 hoc
1530 1500 1608 1526 etiam
1624 1499 1724 1528 fecistis
1737 1502 1764 1528 in
1777 1502 1844 1529 illius

1054 1539 1168 1574 imagine
1180 1549 1186 1567 :
1201 1541 1299 1569 ctenim
1312 1542 1339 1569 in
1360 1543 1426 1577 palis
1438 1544 1606 1578 annnlerum,
1619 1551 1646 1572 et
1660 1546 1686 1573 in
1699 1546 1804 1581 sigillis.
1817 1553 1844 1576 et

1054 1584 1079 1612 in
1102 1585 1207 1620 pliinlis,
1228 1592 1255 1614 et
1274 1588 1300 1615 in
1325 1587 1501 1617 thalamorum
1526 1590 1679 1624 parietibus,
1706 1593 1844 1629 etubiqua

1052 1638 1155 1659 sacram
1176 1632 1248 1660 illam
1272 1634 1346 1660 multi
1360 1640 1551 1669 expresserunt
1571 1636 1724 1672 imaginem.
1749 1643 1843 1666 utnon

1052 1679 1138 1706 solum
1160 1679 1282 1706 audirent
1303 1685 1421 1708 sanctam
1447 1681 1518 1708 illam
1540 1683 1767 1717 appellationem.
1796 1685 1843 1712 sed

1052 1725 1131 1752 etiam
1153 1726 1249 1760 ultique
1273 1726 1393 1754 viderent
1414 1727 1523 1763 ﬁgurant
1543 1729 1673 1763 corporis,
1687 1734 1716 1758 et
1725 1730 1786 1765 ejus
1797 1738 1843 1758 ea-

1052 1771 1102 1799 silii
1116 1772 1246 1806 duplicetn
1261 1774 1469 1801 consolationem
1484 1775 1644 1810 acciperent.

1087 1817 1204 1845 Meletiua
1225 1818 1252 1845 in
1274 1819 1389 1846 milium
1403 1820 1537 1855 pulsus.—
1547 1820 1652 1849 Etenim
1666 1822 1785 1857 primum
1800 1823 1841 1850 in-

1050 1871 1168 1898 gressus,
1183 1864 1271 1891 statim
1285 1864 1412 1900 expulsus
1424 1870 1465 1892 est
1478 1874 1494 1893 e
1507 1866 1624 1899 civitate,
1640 1867 1757 1895 inimicis
1770 1869 1841 1895 veri-

1051 1910 1112 1936 tatis
1125 1918 1185 1937 eum
1199 1911 1402 1945 expellentibus.
1416 1910 1487 1939 Deus
1498 1919 1560 1940 vero
1570 1912 1595 1940 id
1606 1914 1749 1946 concessit,
1764 1915 1840 1941 simul

1050 1961 1077 1982 et
1107 1957 1176 1983 illius
1200 1956 1323 1984 virtutem
1351 1961 1378 1984 et
1400 1963 1515 1985 vestram
1538 1958 1722 1986 fortitudinem
1749 1960 1841 1987 volens

1049 2002 1200 2029 ostenderet
1216 2002 1282 2030 Cum
1294 2003 1364 2030 enim
1378 2002 1523 2038 ingressus,
1535 2004 1602 2031 sicut
1615 2004 1702 2032 Moses
1717 2005 1744 2032 in
1760 2005 1841 2042 Egy-

1050 2052 1123 2082 ptum
1147 2048 1284 2076 liberasset
1304 2049 1437 2077 civitatem
1458 2050 1492 2077 ab
1513 2058 1604 2078 errore
1616 2050 1739 2084 haeresis,
1756 2053 1840 2086 putri-

1050 2095 1150 2129 busque
1166 2095 1292 2123 membris
1301 2096 1576 2125 etimmedicabilibus
1588 2106 1602 2125 a
1619 2099 1720 2135 reliquo
1727 2107 1842 2134 corpore

1050 2143 1200 2176 amputatis,
1227 2143 1355 2178 integram
1379 2144 1538 2172 restituisset
1551 2145 1691 2174 sanitatem
1715 2147 1841 2174 Ecclesia

1051 2188 1221 2219 multitudini.
1235 2188 1333 2216 inimici
1347 2189 1467 2217 veritatis
1487 2197 1539 2217 non
1558 2190 1673 2218 ferentes
1693 2192 1840 2219 correctio-

1050 2241 1121 2266 nem,
1151 2234 1282 2261 concitato
1307 2234 1488 2270 lmperatore,
1514 2236 1676 2271 expulerunt
1702 2245 1764 2264 eum
1793 2238 1842 2265 liae

1049 2278 1163 2310 civitate.
1188 2284 1374 2314 exspectantes
1394 2280 1461 2313 fore.
1484 2284 1514 2308 ut
1536 2281 1586 2309 bne
1606 2282 1709 2310 ratione
1728 2283 1841 2310 veritate

1049 2330 1139 2354 essent
1148 2326 1309 2359 superiores,
1325 2330 1352 2355 et
1364 2334 1422 2355 eam
1435 2334 1524 2357 rerum
1539 2327 1754 2357 emendatiOuent
1767 2336 1830 2357 ever

1050 2376 1146 2400 lcrcnt.
1169 2370 1265 2400 Evenit
1284 2376 1372 2400 autem
1386 2377 1479 2401 contra
1494 2380 1574 2408 quam
1588 2373 1795 2408 exspectabant;
1811 2381 1842 2402 ae

1049 2424 1109 2444 cum
1131 2417 1246 2444 studium
1270 2423 1396 2452 vestrum,
1412 2423 1466 2446 tum
1485 2419 1543 2454 ejus
1556 2419 1582 2446 in
1596 2419 1718 2447 docendo
1731 2421 1840 2448 scientia

1050 2464 1134 2499 magis
1155 2463 1272 2492 effulsit:
1290 2464 1359 2492 illius
1380 2464 1498 2501 quidem,
1515 2465 1585 2500 qttod
1605 2466 1713 2500 triginta
1735 2466 1839 2499 diebus,

1050 2517 1099 2538 nec
1120 2510 1152 2537 iis
1172 2510 1278 2544 quidem
1292 2510 1412 2547 integris,
1433 2515 1535 2540 tantum
1549 2518 1598 2539 vos
1609 2511 1696 2547 potuit
1711 2512 1739 2540 in
1753 2512 1841 2540 studio

1049 2556 1111 2586 ﬁdei
1129 2557 1250 2590 fundare.
1274 2562 1304 2585 ut
1327 2563 1418 2593 postea
1433 2558 1840 2595 irruanliheupititiliusinnn-

1049 2602 1220 2631 merabilibus
1243 2603 1389 2632 illabefaeta
1412 2609 1439 2633 et
1460 2605 1617 2633 inconcussa
1643 2608 1774 2634 manserit
1796 2606 1839 2634 illa

1049 2648 1193 2676 doctrina:
1218 2647 1306 2676 fervor
1328 2654 1415 2677 autem
1439 2654 1529 2678 vester
1549 2658 1579 2678 se
1600 2656 1692 2686 aperte
1713 2652 1836 2682 ostendit,

1049 2694 1119 2730 quod
1133 2694 1250 2730 triginta,
1263 2699 1290 2722 et
1302 2702 1352 2723 nec
1365 2695 1397 2722 iis
1411 2695 1517 2731 quidem
1531 2695 1652 2731 integris,
1664 2696 1759 2724 diebus
1770 2697 1836 2731 jaeta

1049 2741 1083 2769 ab
1102 2741 1149 2769 illo
1163 2741 1263 2769 semina
1280 2745 1332 2768 tam
1355 2745 1480 2769 accurate
1501 2742 1667 2777 suscepistis,
1683 2747 1713 2769 ut
1725 2741 1759 2769 ad
1779 2750 1834 2773 pro-

1050 2785 1158 2814 fundum
1179 2786 1276 2814 mentis
1296 2785 1399 2814 radices
1413 2783 1625 2819 transmiseritisI
1647 2791 1675 2814 et
1689 2787 1752 2814 nulli
1764 2786 1829 2814 dein-

1048 2840 1112 2868 ceps
1126 2833 1203 2861 lllatm
1216 2833 1250 2860 dc
1262 2837 1359 2861 uetere
1371 2832 1504 2860 cesseritis
1519 2832 1669 2859 tentationi.
