  <div class='ocr_page' id='page_1' title='image "/cluster/home/n/w/nwhite01/storage/ocr_20150623/49-50/njp.32101077772620/522.png"; bbox 0 0 1969 3130; ppageno 0'>
   <div class='ocr_carea' id='block_1_1' title="bbox 152 176 203 205">
    <p class='ocr_par' dir='ltr' id='par_1_1' title="bbox 152 176 203 205">
     <span class='ocr_line' id='line_1_1' title="bbox 152 176 203 205; baseline -0.02 0"><span class='ocrx_word' id='word_1_1' title='bbox 152 176 203 205; x_wconf 71' lang='grc' dir='ltr'><strong><em>ΞΠ</em></strong></span> 
     </span>
    </p>
   </div>
   <div class='ocr_carea' id='block_1_2' title="bbox 184 229 943 266">
    <p class='ocr_par' dir='ltr' id='par_1_2' title="bbox 184 229 943 266">
     <span class='ocr_line' id='line_1_2' title="bbox 184 229 943 266; baseline -0.008 -5"><span class='ocrx_word' id='word_1_2' title='bbox 184 234 211 262; x_wconf 74' lang='lat'><strong>2.</strong></span> <span class='ocrx_word' id='word_1_3' title='bbox 233 231 352 260; x_wconf 67' lang='lat' dir='ltr'><strong>Heluius</strong></span> <span class='ocrx_word' id='word_1_4' title='bbox 364 231 424 259; x_wconf 73' lang='lat' dir='ltr'><strong>urbe</strong></span> <span class='ocrx_word' id='word_1_5' title='bbox 436 231 521 266; x_wconf 68' lang='lat' dir='ltr'><strong>pulsus</strong></span> <span class='ocrx_word' id='word_1_6' title='bbox 540 230 599 266; x_wconf 79' lang='lat' dir='ltr'><strong>tegit</strong></span> <span class='ocrx_word' id='word_1_7' title='bbox 613 229 820 265; x_wconf 71' lang='lat' dir='ltr'><strong>oaputprmidis,</strong></span> <span class='ocrx_word' id='word_1_8' title='bbox 836 229 943 263; x_wconf 76' lang='lat' dir='ltr'><strong>uelapi-</strong></span> 
     </span>
    </p>
   </div>
   <div class='ocr_carea' id='block_1_3' title="bbox 151 273 941 312">
    <p class='ocr_par' dir='ltr' id='par_1_3' title="bbox 151 273 941 312">
     <span class='ocr_line' id='line_1_3' title="bbox 151 273 941 312; baseline -0.009 -6"><span class='ocrx_word' id='word_1_9' title='bbox 151 280 224 306; x_wconf 77' lang='lat' dir='ltr'><strong>dibu</strong></span> <span class='ocrx_word' id='word_1_10' title='bbox 234 279 366 306; x_wconf 72' lang='lat' dir='ltr'><strong>obruatur.</strong></span> <span class='ocrx_word' id='word_1_11' title='bbox 377 276 512 312; x_wconf 82' lang='lat' dir='ltr'><strong>—-0per:c</strong></span> <span class='ocrx_word' id='word_1_12' title='bbox 527 276 640 311; x_wconf 86' lang='lat' dir='ltr'><strong>pretium</strong></span> <span class='ocrx_word' id='word_1_13' title='bbox 653 279 694 303; x_wconf 85' lang='lat' dir='ltr'><strong>est</strong></span> <span class='ocrx_word' id='word_1_14' title='bbox 707 280 794 303; x_wconf 88' lang='lat' dir='ltr'><strong>autetn</strong></span> <span class='ocrx_word' id='word_1_15' title='bbox 809 282 860 302; x_wconf 93' lang='lat' dir='ltr'><strong>non</strong></span> <span class='ocrx_word' id='word_1_16' title='bbox 877 273 941 300; x_wconf 91' lang='lat' dir='ltr'><strong>illud</strong></span> 
     </span>
    </p>
   </div>
   <div class='ocr_carea' id='block_1_4' title="bbox 151 319 940 358">
    <p class='ocr_par' dir='ltr' id='par_1_4' title="bbox 151 319 940 358">
     <span class='ocr_line' id='line_1_4' title="bbox 151 319 940 358; baseline -0.008 -7"><span class='ocrx_word' id='word_1_17' title='bbox 151 324 365 358; x_wconf 71' lang='lat' dir='ltr'><strong>prmtermittere,</strong></span> <span class='ocrx_word' id='word_1_18' title='bbox 384 322 454 358; x_wconf 90' lang='lat' dir='ltr'><strong>quod</strong></span> <span class='ocrx_word' id='word_1_19' title='bbox 477 322 574 349; x_wconf 77' lang='lat' dir='ltr'><strong>accidit</strong></span> <span class='ocrx_word' id='word_1_20' title='bbox 596 321 628 348; x_wconf 58' lang='lat' dir='ltr'><strong>in»</strong></span> <span class='ocrx_word' id='word_1_21' title='bbox 645 321 703 355; x_wconf 84' lang='lat' dir='ltr'><strong>ejus</strong></span> <span class='ocrx_word' id='word_1_22' title='bbox 727 319 940 355; x_wconf 85' lang='lat' dir='ltr'><strong>persequutione.</strong></span> 
     </span>
    </p>
   </div>
   <div class='ocr_carea' id='block_1_5' title="bbox 149 365 942 403">
    <p class='ocr_par' dir='ltr' id='par_1_5' title="bbox 149 365 942 403">
     <span class='ocr_line' id='line_1_5' title="bbox 149 365 942 403; baseline -0.008 -6"><span class='ocrx_word' id='word_1_23' title='bbox 149 369 215 396; x_wconf 81' lang='lat' dir='ltr'><strong>Nam</strong></span> <span class='ocrx_word' id='word_1_24' title='bbox 239 376 300 396; x_wconf 92' lang='lat' dir='ltr'><strong>cum</strong></span> <span class='ocrx_word' id='word_1_25' title='bbox 319 375 421 403; x_wconf 69' lang='lat' dir='ltr'><strong>prteses</strong></span> <span class='ocrx_word' id='word_1_26' title='bbox 440 367 554 395; x_wconf 79' lang='lat' dir='ltr'><strong>civitatis</strong></span> <span class='ocrx_word' id='word_1_27' title='bbox 577 374 656 394; x_wconf 86' lang='lat' dir='ltr'><strong>curru</strong></span> <span class='ocrx_word' id='word_1_28' title='bbox 678 370 769 393; x_wconf 87' lang='lat' dir='ltr'><strong>vectus</strong></span> <span class='ocrx_word' id='word_1_29' title='bbox 790 365 875 393; x_wconf 82' lang='lat' dir='ltr'><strong>exiret</strong></span> <span class='ocrx_word' id='word_1_30' title='bbox 895 371 942 399; x_wconf 85' lang='lat' dir='ltr'><strong>per</strong></span> 
     </span>
    </p>
   </div>
   <div class='ocr_carea' id='block_1_6' title="bbox 150 410 941 446">
    <p class='ocr_par' dir='ltr' id='par_1_6' title="bbox 150 410 941 446">
     <span class='ocr_line' id='line_1_6' title="bbox 150 410 941 446; baseline -0.006 -4"><span class='ocrx_word' id='word_1_31' title='bbox 150 414 267 442; x_wconf 79' lang='lat' dir='ltr'><strong>taedium</strong></span> <span class='ocrx_word' id='word_1_32' title='bbox 280 413 378 446; x_wconf 89' lang='lat' dir='ltr'><strong>forum,</strong></span> <span class='ocrx_word' id='word_1_33' title='bbox 395 412 504 441; x_wconf 87' lang='lat' dir='ltr'><strong>sedente</strong></span> <span class='ocrx_word' id='word_1_34' title='bbox 517 412 551 439; x_wconf 86' lang='lat' dir='ltr'><strong>ad</strong></span> <span class='ocrx_word' id='word_1_35' title='bbox 565 411 634 439; x_wconf 81' lang='lat' dir='ltr'><strong>latus</strong></span> <span class='ocrx_word' id='word_1_36' title='bbox 651 416 745 439; x_wconf 83' lang='lat' dir='ltr'><strong>sancto</strong></span> <span class='ocrx_word' id='word_1_37' title='bbox 758 411 826 443; x_wconf 88' lang='lat' dir='ltr'><strong>viro,</strong></span> <span class='ocrx_word' id='word_1_38' title='bbox 841 410 941 445; x_wconf 89' lang='lat' dir='ltr'><strong>lapides</strong></span> 
     </span>
    </p>
   </div>
   <div class='ocr_carea' id='block_1_7' title="bbox 150 455 938 493">
    <p class='ocr_par' dir='ltr' id='par_1_7' title="bbox 150 455 938 493">
     <span class='ocr_line' id='line_1_7' title="bbox 150 455 938 493; baseline -0.005 -7"><span class='ocrx_word' id='word_1_39' title='bbox 150 459 212 486; x_wconf 84' lang='lat' dir='ltr'><strong>nive</strong></span> <span class='ocrx_word' id='word_1_40' title='bbox 225 458 376 486; x_wconf 82' lang='lat' dir='ltr'><strong>crebriores</strong></span> <span class='ocrx_word' id='word_1_41' title='bbox 386 458 502 493; x_wconf 82' lang='lat' dir='ltr'><strong>undique</strong></span> <span class='ocrx_word' id='word_1_42' title='bbox 515 457 541 484; x_wconf 93' lang='lat' dir='ltr'><strong>in</strong></span> <span class='ocrx_word' id='word_1_43' title='bbox 555 461 634 492; x_wconf 89' lang='lat' dir='ltr'><strong>caput</strong></span> <span class='ocrx_word' id='word_1_44' title='bbox 642 455 764 490; x_wconf 62' lang='lat' dir='ltr'><strong>praesidis</strong></span> <span class='ocrx_word' id='word_1_45' title='bbox 776 455 938 487; x_wconf 86' lang='lat' dir='ltr'><strong>ferebantur.</strong></span> 
     </span>
    </p>
   </div>
   <div class='ocr_carea' id='block_1_8' title="bbox 148 501 940 538">
    <p class='ocr_par' dir='ltr' id='par_1_8' title="bbox 148 501 940 538">
     <span class='ocr_line' id='line_1_8' title="bbox 148 501 940 538; baseline -0.003 -9"><span class='ocrx_word' id='word_1_46' title='bbox 148 504 256 532; x_wconf 67' lang='lat' dir='ltr'><strong>cititate</strong></span> <span class='ocrx_word' id='word_1_47' title='bbox 277 504 348 531; x_wconf 86' lang='lat' dir='ltr'><strong>illam</strong></span> <span class='ocrx_word' id='word_1_48' title='bbox 370 511 423 531; x_wconf 94' lang='lat' dir='ltr'><strong>non</strong></span> <span class='ocrx_word' id='word_1_49' title='bbox 443 503 544 531; x_wconf 81' lang='lat' dir='ltr'><strong>ferente</strong></span> <span class='ocrx_word' id='word_1_50' title='bbox 562 502 769 538; x_wconf 75' lang='lat' dir='ltr'><strong>separationem.</strong></span> <span class='ocrx_word' id='word_1_51' title='bbox 790 501 836 529; x_wconf 90' lang='lat' dir='ltr'><strong>sed</strong></span> <span class='ocrx_word' id='word_1_52' title='bbox 854 501 940 536; x_wconf 91' lang='lat' dir='ltr'><strong>potius</strong></span> 
     </span>
    </p>
   </div>
   <div class='ocr_carea' id='block_1_9' title="bbox 148 547 940 585">
    <p class='ocr_par' dir='ltr' id='par_1_9' title="bbox 148 547 940 585">
     <span class='ocr_line' id='line_1_9' title="bbox 148 547 940 585; baseline -0.003 -10"><span class='ocrx_word' id='word_1_53' title='bbox 148 551 202 577; x_wconf 82' lang='lat' dir='ltr'><strong>vita</strong></span> <span class='ocrx_word' id='word_1_54' title='bbox 226 549 351 585; x_wconf 69' lang='lat' dir='ltr'><strong>praesenti</strong></span> <span class='ocrx_word' id='word_1_55' title='bbox 374 548 472 584; x_wconf 74' lang='lat' dir='ltr'><strong>privari</strong></span> <span class='ocrx_word' id='word_1_56' title='bbox 493 548 608 580; x_wconf 84' lang='lat' dir='ltr'><strong>volente.</strong></span> <span class='ocrx_word' id='word_1_57' title='bbox 622 555 701 583; x_wconf 87' lang='lat' dir='ltr'><strong>quam</strong></span> <span class='ocrx_word' id='word_1_58' title='bbox 716 547 806 574; x_wconf 89' lang='lat' dir='ltr'><strong>videre</strong></span> <span class='ocrx_word' id='word_1_59' title='bbox 820 551 940 574; x_wconf 85' lang='lat' dir='ltr'><strong>sanctum</strong></span> 
     </span>
    </p>
   </div>
   <div class='ocr_carea' id='block_1_10' title="bbox 135 592 941 629">
    <p class='ocr_par' dir='ltr' id='par_1_10' title="bbox 135 592 941 629">
     <span class='ocr_line' id='line_1_10' title="bbox 135 592 941 629; baseline -0.004 -8"><span class='ocrx_word' id='word_1_60' title='bbox 135 595 225 621; x_wconf 91' lang='lat' dir='ltr'><strong>-illum</strong></span> <span class='ocrx_word' id='word_1_61' title='bbox 242 594 329 622; x_wconf 81' lang='lat' dir='ltr'><strong>avelli.</strong></span> <span class='ocrx_word' id='word_1_62' title='bbox 340 594 409 628; x_wconf 86' lang='lat' dir='ltr'><strong>Quid</strong></span> <span class='ocrx_word' id='word_1_63' title='bbox 419 601 483 629; x_wconf 66' lang='lat' dir='ltr'><strong>ergo</strong></span> <span class='ocrx_word' id='word_1_64' title='bbox 494 598 556 621; x_wconf 87' lang='lat' dir='ltr'><strong>tunc</strong></span> <span class='ocrx_word' id='word_1_65' title='bbox 567 593 628 620; x_wconf 88' lang='lat' dir='ltr'><strong>fecit</strong></span> <span class='ocrx_word' id='word_1_66' title='bbox 643 593 687 620; x_wconf 89' lang='lat' dir='ltr'><strong>ille</strong></span> <span class='ocrx_word' id='word_1_67' title='bbox 700 592 810 620; x_wconf 85' lang='lat' dir='ltr'><strong>beatus?</strong></span> <span class='ocrx_word' id='word_1_68' title='bbox 825 592 888 619; x_wconf 90' lang='lat' dir='ltr'><strong>Cum</strong></span> <span class='ocrx_word' id='word_1_69' title='bbox 902 592 941 618; x_wconf 93' lang='lat' dir='ltr'><strong>vi-</strong></span> 
     </span>
    </p>
   </div>
   <div class='ocr_carea' id='block_1_11' title="bbox 147 638 940 675">
    <p class='ocr_par' dir='ltr' id='par_1_11' title="bbox 147 638 940 675">
     <span class='ocr_line' id='line_1_11' title="bbox 147 638 940 675; baseline -0.003 -8"><span class='ocrx_word' id='word_1_70' title='bbox 147 640 235 667; x_wconf 84' lang='lat' dir='ltr'><strong>disset</strong></span> <span class='ocrx_word' id='word_1_71' title='bbox 256 640 344 675; x_wconf 86' lang='lat' dir='ltr'><strong>jactus</strong></span> <span class='ocrx_word' id='word_1_72' title='bbox 365 639 492 674; x_wconf 66' lang='lat' dir='ltr'><strong>lapidum,</strong></span> <span class='ocrx_word' id='word_1_73' title='bbox 511 639 658 674; x_wconf 63' lang='lat' dir='ltr'><strong>corrmplexis</strong></span> <span class='ocrx_word' id='word_1_74' title='bbox 676 639 732 666; x_wconf 92' lang='lat' dir='ltr'><strong>suis</strong></span> <span class='ocrx_word' id='word_1_75' title='bbox 744 638 862 666; x_wconf 72' lang='lat' dir='ltr'><strong>vestibus</strong></span> <span class='ocrx_word' id='word_1_76' title='bbox 874 645 940 665; x_wconf 83' lang='lat' dir='ltr'><strong>con-</strong></span> 
     </span>
    </p>
   </div>
   <div class='ocr_carea' id='block_1_12' title="bbox 148 684 939 721">
    <p class='ocr_par' dir='ltr' id='par_1_12' title="bbox 148 684 939 721">
     <span class='ocr_line' id='line_1_12' title="bbox 148 684 939 721; baseline -0.001 -9"><span class='ocrx_word' id='word_1_77' title='bbox 148 687 215 713; x_wconf 78' lang='lat' dir='ltr'><strong>texit</strong></span> <span class='ocrx_word' id='word_1_78' title='bbox 226 690 306 721; x_wconf 88' lang='lat' dir='ltr'><strong>caput</strong></span> <span class='ocrx_word' id='word_1_79' title='bbox 321 685 459 720; x_wconf 69' lang='lat' dir='ltr'><strong>prtesidis:</strong></span> <span class='ocrx_word' id='word_1_80' title='bbox 475 685 554 713; x_wconf 84' lang='lat' dir='ltr'><strong>simul</strong></span> <span class='ocrx_word' id='word_1_81' title='bbox 576 690 604 713; x_wconf 90' lang='lat' dir='ltr'><strong>et</strong></span> <span class='ocrx_word' id='word_1_82' title='bbox 625 685 746 713; x_wconf 85' lang='lat' dir='ltr'><strong>inimicos</strong></span> <span class='ocrx_word' id='word_1_83' title='bbox 768 684 867 720; x_wconf 92' lang='lat' dir='ltr'><strong>pudore</strong></span> <span class='ocrx_word' id='word_1_84' title='bbox 880 684 939 711; x_wconf 80' lang='lat' dir='ltr'><strong>alti-</strong></span> 
     </span>
    </p>
   </div>
   <div class='ocr_carea' id='block_1_13' title="bbox 147 730 940 766">
    <p class='ocr_par' dir='ltr' id='par_1_13' title="bbox 147 730 940 766">
     <span class='ocr_line' id='line_1_13' title="bbox 147 730 940 766; baseline -0.001 -8"><span class='ocrx_word' id='word_1_85' title='bbox 147 732 224 759; x_wconf 83' lang='lat' dir='ltr'><strong>ciens</strong></span> <span class='ocrx_word' id='word_1_86' title='bbox 245 732 281 759; x_wconf 75' lang='lat' dir='ltr'><strong>ob</strong></span> <span class='ocrx_word' id='word_1_87' title='bbox 300 731 428 766; x_wconf 73' lang='lat' dir='ltr'><strong>insignem</strong></span> <span class='ocrx_word' id='word_1_88' title='bbox 452 730 693 763; x_wconf 89' lang='lat' dir='ltr'><strong>mansuetudinem,</strong></span> <span class='ocrx_word' id='word_1_89' title='bbox 714 734 742 758; x_wconf 89' lang='lat' dir='ltr'><strong>et</strong></span> <span class='ocrx_word' id='word_1_90' title='bbox 762 737 825 758; x_wconf 89' lang='lat' dir='ltr'><strong>suos</strong></span> <span class='ocrx_word' id='word_1_91' title='bbox 841 730 940 757; x_wconf 85' lang='lat' dir='ltr'><strong>docens</strong></span> 
     </span>
    </p>
   </div>
   <div class='ocr_carea' id='block_1_14' title="bbox 147 775 938 813">
    <p class='ocr_par' dir='ltr' id='par_1_14' title="bbox 147 775 938 813">
     <span class='ocr_line' id='line_1_14' title="bbox 147 775 938 813; baseline -0.004 -8"><span class='ocrx_word' id='word_1_92' title='bbox 147 777 304 813; x_wconf 80' lang='lat' dir='ltr'><strong>discipulos.</strong></span> <span class='ocrx_word' id='word_1_93' title='bbox 314 782 439 812; x_wconf 85' lang='lat' dir='ltr'><strong>quantam</strong></span> <span class='ocrx_word' id='word_1_94' title='bbox 453 776 594 804; x_wconf 83' lang='lat' dir='ltr'><strong>ostendere</strong></span> <span class='ocrx_word' id='word_1_95' title='bbox 605 780 727 811; x_wconf 80' lang='lat' dir='ltr'><strong>oporteat</strong></span> <span class='ocrx_word' id='word_1_96' title='bbox 741 775 893 810; x_wconf 84' lang='lat' dir='ltr'><strong>patientiam</strong></span> <span class='ocrx_word' id='word_1_97' title='bbox 912 775 938 802; x_wconf 93' lang='lat' dir='ltr'><strong>in</strong></span> 
     </span>
    </p>
   </div>
   <div class='ocr_carea' id='block_1_15' title="bbox 148 821 938 858">
    <p class='ocr_par' dir='ltr' id='par_1_15' title="bbox 148 821 938 858">
     <span class='ocr_line' id='line_1_15' title="bbox 148 821 938 858; baseline -0.003 -8"><span class='ocrx_word' id='word_1_98' title='bbox 148 831 208 856; x_wconf 86' lang='lat' dir='ltr'><strong>eos,</strong></span> <span class='ocrx_word' id='word_1_99' title='bbox 228 823 273 858; x_wconf 89' lang='lat' dir='ltr'><strong>qui</strong></span> <span class='ocrx_word' id='word_1_100' title='bbox 297 823 391 858; x_wconf 86' lang='lat' dir='ltr'><strong>injuria</strong></span> <span class='ocrx_word' id='word_1_101' title='bbox 412 822 546 854; x_wconf 77' lang='lat' dir='ltr'><strong>afﬁciunt;</strong></span> <span class='ocrx_word' id='word_1_102' title='bbox 569 826 596 850; x_wconf 91' lang='lat' dir='ltr'><strong>et</strong></span> <span class='ocrx_word' id='word_1_103' title='bbox 614 821 684 857; x_wconf 89' lang='lat' dir='ltr'><strong>quod</strong></span> <span class='ocrx_word' id='word_1_104' title='bbox 700 829 752 849; x_wconf 91' lang='lat' dir='ltr'><strong>non</strong></span> <span class='ocrx_word' id='word_1_105' title='bbox 773 821 858 849; x_wconf 91' lang='lat' dir='ltr'><strong>solum</strong></span> <span class='ocrx_word' id='word_1_106' title='bbox 874 821 938 848; x_wconf 87' lang='lat' dir='ltr'><strong>nihil</strong></span> 
     </span>
    </p>
   </div>
   <div class='ocr_carea' id='block_1_16' title="bbox 148 866 939 903">
    <p class='ocr_par' dir='ltr' id='par_1_16' title="bbox 148 866 939 903">
     <span class='ocr_line' id='line_1_16' title="bbox 148 866 939 903; baseline -0.005 -6"><span class='ocrx_word' id='word_1_107' title='bbox 148 873 271 903; x_wconf 73' lang='lat' dir='ltr'><strong>opoateat</strong></span> <span class='ocrx_word' id='word_1_108' title='bbox 290 868 335 896; x_wconf 69' lang='lat' dir='ltr'><strong>eis</strong></span> <span class='ocrx_word' id='word_1_109' title='bbox 353 868 414 895; x_wconf 87' lang='lat' dir='ltr'><strong>mali</strong></span> <span class='ocrx_word' id='word_1_110' title='bbox 429 868 526 901; x_wconf 86' lang='lat' dir='ltr'><strong>facere,</strong></span> <span class='ocrx_word' id='word_1_111' title='bbox 540 867 586 895; x_wconf 85' lang='lat' dir='ltr'><strong>sed</strong></span> <span class='ocrx_word' id='word_1_112' title='bbox 600 867 702 895; x_wconf 91' lang='lat' dir='ltr'><strong>etiamsi</strong></span> <span class='ocrx_word' id='word_1_113' title='bbox 715 867 750 894; x_wconf 91' lang='lat' dir='ltr'><strong>ab</strong></span> <span class='ocrx_word' id='word_1_114' title='bbox 762 866 820 894; x_wconf 90' lang='lat' dir='ltr'><strong>aliis</strong></span> <span class='ocrx_word' id='word_1_115' title='bbox 837 866 876 894; x_wconf 88' lang='lat' dir='ltr'><strong>eis</strong></span> <span class='ocrx_word' id='word_1_116' title='bbox 888 866 939 893; x_wconf 93' lang='lat' dir='ltr'><strong>im-</strong></span> 
     </span>
    </p>
   </div>
   <div class='ocr_carea' id='block_1_17' title="bbox 149 912 938 949">
    <p class='ocr_par' dir='ltr' id='par_1_17' title="bbox 149 912 938 949">
     <span class='ocr_line' id='line_1_17' title="bbox 149 912 938 949; baseline -0.005 -7"><span class='ocrx_word' id='word_1_117' title='bbox 149 914 418 949; x_wconf 73' lang='lat' dir='ltr'><strong>mineabpericulum.</strong></span> <span class='ocrx_word' id='word_1_118' title='bbox 436 914 460 941; x_wconf 87' lang='lat' dir='ltr'><strong>id</strong></span> <span class='ocrx_word' id='word_1_119' title='bbox 474 921 581 949; x_wconf 90' lang='lat' dir='ltr'><strong>quoque</strong></span> <span class='ocrx_word' id='word_1_120' title='bbox 591 913 663 940; x_wconf 90' lang='lat' dir='ltr'><strong>omni</strong></span> <span class='ocrx_word' id='word_1_121' title='bbox 674 913 762 940; x_wconf 88' lang='lat' dir='ltr'><strong>studio</strong></span> <span class='ocrx_word' id='word_1_122' title='bbox 775 912 938 947; x_wconf 81' lang='lat' dir='ltr'><strong>propulsare.</strong></span> 
     </span>
    </p>
   </div>
   <div class='ocr_carea' id='block_1_18' title="bbox 147 957 938 994">
    <p class='ocr_par' dir='ltr' id='par_1_18' title="bbox 147 957 938 994">
     <span class='ocr_line' id='line_1_18' title="bbox 147 957 938 994; baseline -0.003 -8"><span class='ocrx_word' id='word_1_123' title='bbox 147 960 215 993; x_wconf 81' lang='lat' dir='ltr'><strong>Quis</strong></span> <span class='ocrx_word' id='word_1_124' title='bbox 229 964 293 987; x_wconf 87' lang='lat' dir='ltr'><strong>tunc</strong></span> <span class='ocrx_word' id='word_1_125' title='bbox 305 967 357 986; x_wconf 91' lang='lat' dir='ltr'><strong>non</strong></span> <span class='ocrx_word' id='word_1_126' title='bbox 381 959 430 986; x_wconf 89' lang='lat' dir='ltr'><strong>fuit</strong></span> <span class='ocrx_word' id='word_1_127' title='bbox 451 958 658 994; x_wconf 86' lang='lat' dir='ltr'><strong>obstupefactus,</strong></span> <span class='ocrx_word' id='word_1_128' title='bbox 671 958 764 985; x_wconf 91' lang='lat' dir='ltr'><strong>videns</strong></span> <span class='ocrx_word' id='word_1_129' title='bbox 774 962 802 985; x_wconf 90' lang='lat' dir='ltr'><strong>et</strong></span> <span class='ocrx_word' id='word_1_130' title='bbox 818 957 938 985; x_wconf 89' lang='lat' dir='ltr'><strong>insanum</strong></span> 
     </span>
    </p>
   </div>
   <div class='ocr_carea' id='block_1_19' title="bbox 147 1003 939 1039">
    <p class='ocr_par' dir='ltr' id='par_1_19' title="bbox 147 1003 939 1039">
     <span class='ocr_line' id='line_1_19' title="bbox 147 1003 939 1039; baseline -0.003 -7"><span class='ocrx_word' id='word_1_131' title='bbox 147 1013 270 1032; x_wconf 77' lang='lat' dir='ltr'><strong>amorem</strong></span> <span class='ocrx_word' id='word_1_132' title='bbox 289 1005 412 1037; x_wconf 74' lang='lat' dir='ltr'><strong>civitatis.</strong></span> <span class='ocrx_word' id='word_1_133' title='bbox 431 1009 459 1032; x_wconf 88' lang='lat' dir='ltr'><strong>et</strong></span> <span class='ocrx_word' id='word_1_134' title='bbox 481 1012 612 1033; x_wconf 87' lang='lat' dir='ltr'><strong>summam</strong></span> <span class='ocrx_word' id='word_1_135' title='bbox 635 1003 827 1039; x_wconf 85' lang='lat' dir='ltr'><strong>philosophiam</strong></span> <span class='ocrx_word' id='word_1_136' title='bbox 846 1003 939 1031; x_wconf 89' lang='lat' dir='ltr'><strong>lenita-</strong></span> 
     </span>
    </p>
   </div>
   <div class='ocr_carea' id='block_1_20' title="bbox 149 1049 941 1085">
    <p class='ocr_par' dir='ltr' id='par_1_20' title="bbox 149 1049 941 1085">
     <span class='ocr_line' id='line_1_20' title="bbox 149 1049 941 1085; baseline -0.001 -8"><span class='ocrx_word' id='word_1_137' title='bbox 149 1056 258 1085; x_wconf 80' lang='lat' dir='ltr'><strong>temque</strong></span> <span class='ocrx_word' id='word_1_138' title='bbox 280 1055 307 1077; x_wconf 90' lang='lat' dir='ltr'><strong>et</strong></span> <span class='ocrx_word' id='word_1_139' title='bbox 330 1050 558 1078; x_wconf 88' lang='lat' dir='ltr'><strong>mansuetudinem</strong></span> <span class='ocrx_word' id='word_1_140' title='bbox 571 1050 706 1078; x_wconf 81' lang='lat' dir='ltr'><strong>doctoris?</strong></span> <span class='ocrx_word' id='word_1_141' title='bbox 720 1053 795 1077; x_wconf 85' lang='lat' dir='ltr'><strong>erant</strong></span> <span class='ocrx_word' id='word_1_142' title='bbox 809 1049 879 1077; x_wconf 90' lang='lat' dir='ltr'><strong>enim</strong></span> <span class='ocrx_word' id='word_1_143' title='bbox 892 1049 941 1077; x_wconf 93' lang='lat' dir='ltr'><strong>ad-</strong></span> 
     </span>
    </p>
   </div>
   <div class='ocr_carea' id='block_1_21' title="bbox 148 1095 938 1131">
    <p class='ocr_par' dir='ltr' id='par_1_21' title="bbox 148 1095 938 1131">
     <span class='ocr_line' id='line_1_21' title="bbox 148 1095 938 1131; baseline -0.001 -7"><span class='ocrx_word' id='word_1_144' title='bbox 148 1096 282 1124; x_wconf 82' lang='lat' dir='ltr'><strong>mirabilia</strong></span> <span class='ocrx_word' id='word_1_145' title='bbox 295 1104 338 1129; x_wconf 89' lang='lat' dir='ltr'><strong>ca.</strong></span> <span class='ocrx_word' id='word_1_146' title='bbox 351 1104 411 1131; x_wconf 74' lang='lat' dir='ltr'><strong>qua:</strong></span> <span class='ocrx_word' id='word_1_147' title='bbox 422 1102 481 1124; x_wconf 90' lang='lat' dir='ltr'><strong>tunc</strong></span> <span class='ocrx_word' id='word_1_148' title='bbox 494 1096 657 1124; x_wconf 87' lang='lat' dir='ltr'><strong>acciderunt.</strong></span> <span class='ocrx_word' id='word_1_149' title='bbox 671 1095 765 1123; x_wconf 84' lang='lat' dir='ltr'><strong>Pastor</strong></span> <span class='ocrx_word' id='word_1_150' title='bbox 773 1095 938 1130; x_wconf 83' lang='lat' dir='ltr'><strong>abigebatur,</strong></span> 
     </span>
    </p>
   </div>
   <div class='ocr_carea' id='block_1_22' title="bbox 147 1139 938 1177">
    <p class='ocr_par' dir='ltr' id='par_1_22' title="bbox 147 1139 938 1177">
     <span class='ocr_line' id='line_1_22' title="bbox 147 1139 938 1177; baseline -0.001 -9"><span class='ocrx_word' id='word_1_151' title='bbox 147 1147 177 1169; x_wconf 75' lang='lat' dir='ltr'><strong>ut</strong></span> <span class='ocrx_word' id='word_1_152' title='bbox 187 1149 256 1169; x_wconf 79' lang='lat' dir='ltr'><strong>oves</strong></span> <span class='ocrx_word' id='word_1_153' title='bbox 268 1150 320 1169; x_wconf 93' lang='lat' dir='ltr'><strong>non</strong></span> <span class='ocrx_word' id='word_1_154' title='bbox 334 1141 564 1177; x_wconf 84' lang='lat' dir='ltr'><strong>dispergebantur;</strong></span> <span class='ocrx_word' id='word_1_155' title='bbox 575 1141 735 1176; x_wconf 88' lang='lat' dir='ltr'><strong>gubernator</strong></span> <span class='ocrx_word' id='word_1_156' title='bbox 746 1139 938 1175; x_wconf 72' lang='lat' dir='ltr'><strong>expellcbatur,</strong></span> 
     </span>
    </p>
   </div>
   <div class='ocr_carea' id='block_1_23' title="bbox 146 1185 939 1222">
    <p class='ocr_par' dir='ltr' id='par_1_23' title="bbox 146 1185 939 1222">
     <span class='ocr_line' id='line_1_23' title="bbox 146 1185 939 1222; baseline -0.004 -7"><span class='ocrx_word' id='word_1_157' title='bbox 146 1193 175 1215; x_wconf 88' lang='lat' dir='ltr'><strong>et</strong></span> <span class='ocrx_word' id='word_1_158' title='bbox 196 1187 296 1222; x_wconf 78' lang='lat' dir='ltr'><strong>scapha</strong></span> <span class='ocrx_word' id='word_1_159' title='bbox 320 1194 371 1214; x_wconf 89' lang='lat' dir='ltr'><strong>non</strong></span> <span class='ocrx_word' id='word_1_160' title='bbox 392 1187 576 1222; x_wconf 77' lang='lat' dir='ltr'><strong>mergebatur;</strong></span> <span class='ocrx_word' id='word_1_161' title='bbox 600 1186 716 1221; x_wconf 73' lang='lat' dir='ltr'><strong>agricola</strong></span> <span class='ocrx_word' id='word_1_162' title='bbox 738 1185 892 1221; x_wconf 59' lang='lat' dir='ltr'><strong>fugabatnr,</strong></span> <span class='ocrx_word' id='word_1_163' title='bbox 911 1189 939 1213; x_wconf 90' lang='lat' dir='ltr'><strong>et</strong></span> 
     </span>
    </p>
   </div>
   <div class='ocr_carea' id='block_1_24' title="bbox 147 1231 939 1267">
    <p class='ocr_par' dir='ltr' id='par_1_24' title="bbox 147 1231 939 1267">
     <span class='ocr_line' id='line_1_24' title="bbox 147 1231 939 1267; baseline 0.001 -9"><span class='ocrx_word' id='word_1_164' title='bbox 147 1232 211 1259; x_wconf 78' lang='lat' dir='ltr'><strong>vitis</strong></span> <span class='ocrx_word' id='word_1_165' title='bbox 224 1233 285 1267; x_wconf 90' lang='lat' dir='ltr'><strong>plus</strong></span> <span class='ocrx_word' id='word_1_166' title='bbox 303 1231 402 1259; x_wconf 87' lang='lat' dir='ltr'><strong>fructus</strong></span> <span class='ocrx_word' id='word_1_167' title='bbox 416 1231 528 1259; x_wconf 83' lang='lat' dir='ltr'><strong>ferebat.</strong></span> <span class='ocrx_word' id='word_1_168' title='bbox 545 1231 675 1266; x_wconf 83' lang='lat' dir='ltr'><strong>Quoniam</strong></span> <span class='ocrx_word' id='word_1_169' title='bbox 688 1231 758 1258; x_wconf 88' lang='lat' dir='ltr'><strong>enim</strong></span> <span class='ocrx_word' id='word_1_170' title='bbox 773 1231 879 1258; x_wconf 87' lang='lat' dir='ltr'><strong>vinculo</strong></span> <span class='ocrx_word' id='word_1_171' title='bbox 892 1238 939 1259; x_wconf 83' lang='lat' dir='ltr'><strong>ca-</strong></span> 
     </span>
    </p>
   </div>
   <div class='ocr_carea' id='block_1_25' title="bbox 145 1276 939 1312">
    <p class='ocr_par' dir='ltr' id='par_1_25' title="bbox 145 1276 939 1312">
     <span class='ocr_line' id='line_1_25' title="bbox 145 1276 939 1312; baseline -0.004 -6"><span class='ocrx_word' id='word_1_172' title='bbox 145 1279 235 1306; x_wconf 71' lang='lat' dir='ltr'><strong>ritatis</strong></span> <span class='ocrx_word' id='word_1_173' title='bbox 255 1278 338 1306; x_wconf 89' lang='lat' dir='ltr'><strong>eratis</strong></span> <span class='ocrx_word' id='word_1_174' title='bbox 359 1279 428 1306; x_wconf 80' lang='lat' dir='ltr'><strong>inter</strong></span> <span class='ocrx_word' id='word_1_175' title='bbox 441 1285 489 1306; x_wconf 90' lang='lat' dir='ltr'><strong>vos</strong></span> <span class='ocrx_word' id='word_1_176' title='bbox 511 1277 623 1305; x_wconf 90' lang='lat' dir='ltr'><strong>invicem</strong></span> <span class='ocrx_word' id='word_1_177' title='bbox 636 1277 763 1312; x_wconf 80' lang='lat' dir='ltr'><strong>colligati.</strong></span> <span class='ocrx_word' id='word_1_178' title='bbox 790 1284 845 1304; x_wconf 91' lang='lat' dir='ltr'><strong>non</strong></span> <span class='ocrx_word' id='word_1_179' title='bbox 859 1276 939 1304; x_wconf 62' lang='lat' dir='ltr'><strong>illatae</strong></span> 
     </span>
    </p>
   </div>
   <div class='ocr_carea' id='block_1_26' title="bbox 147 1321 939 1358">
    <p class='ocr_par' dir='ltr' id='par_1_26' title="bbox 147 1321 939 1358">
     <span class='ocr_line' id='line_1_26' title="bbox 147 1321 939 1358; baseline -0.003 -8"><span class='ocrx_word' id='word_1_180' title='bbox 147 1324 320 1356; x_wconf 87' lang='lat' dir='ltr'><strong>tcntationcs,</strong></span> <span class='ocrx_word' id='word_1_181' title='bbox 335 1331 388 1350; x_wconf 91' lang='lat' dir='ltr'><strong>non</strong></span> <span class='ocrx_word' id='word_1_182' title='bbox 407 1323 587 1358; x_wconf 82' lang='lat' dir='ltr'><strong>impendentia</strong></span> <span class='ocrx_word' id='word_1_183' title='bbox 607 1322 733 1357; x_wconf 86' lang='lat' dir='ltr'><strong>pericula,</strong></span> <span class='ocrx_word' id='word_1_184' title='bbox 747 1330 800 1349; x_wconf 92' lang='lat' dir='ltr'><strong>non</strong></span> <span class='ocrx_word' id='word_1_185' title='bbox 815 1321 865 1348; x_wconf 74' lang='lat' dir='ltr'><strong>vim</strong></span> <span class='ocrx_word' id='word_1_186' title='bbox 879 1321 939 1349; x_wconf 86' lang='lat' dir='ltr'><strong>lou-</strong></span> 
     </span>
    </p>
   </div>
   <div class='ocr_carea' id='block_1_27' title="bbox 145 1367 938 1404">
    <p class='ocr_par' dir='ltr' id='par_1_27' title="bbox 145 1367 938 1404">
     <span class='ocr_line' id='line_1_27' title="bbox 145 1367 938 1404; baseline -0.004 -6"><span class='ocrx_word' id='word_1_187' title='bbox 145 1371 251 1404; x_wconf 75' lang='lat' dir='ltr'><strong>gitudo,</strong></span> <span class='ocrx_word' id='word_1_188' title='bbox 269 1378 320 1397; x_wconf 93' lang='lat' dir='ltr'><strong>non</strong></span> <span class='ocrx_word' id='word_1_189' title='bbox 344 1369 504 1397; x_wconf 84' lang='lat' dir='ltr'><strong>diuturnitas</strong></span> <span class='ocrx_word' id='word_1_190' title='bbox 527 1369 672 1404; x_wconf 40' lang='lat' dir='ltr'><strong>temporis».</strong></span> <span class='ocrx_word' id='word_1_191' title='bbox 688 1376 775 1404; x_wconf 87' lang='lat' dir='ltr'><strong>neque</strong></span> <span class='ocrx_word' id='word_1_192' title='bbox 795 1367 938 1403; x_wconf 83' lang='lat' dir='ltr'><strong>quidquam</strong></span> 
     </span>
    </p>
   </div>
   <div class='ocr_carea' id='block_1_28' title="bbox 146 1414 938 1451">
    <p class='ocr_par' dir='ltr' id='par_1_28' title="bbox 146 1414 938 1451">
     <span class='ocr_line' id='line_1_28' title="bbox 146 1414 938 1451; baseline -0.001 -8"><span class='ocrx_word' id='word_1_193' title='bbox 146 1417 219 1444; x_wconf 75' lang='lat' dir='ltr'><strong>aliud</strong></span> <span class='ocrx_word' id='word_1_194' title='bbox 235 1424 283 1444; x_wconf 82' lang='lat' dir='ltr'><strong>vos</strong></span> <span class='ocrx_word' id='word_1_195' title='bbox 307 1416 390 1451; x_wconf 89' lang='lat' dir='ltr'><strong>potuit</strong></span> <span class='ocrx_word' id='word_1_196' title='bbox 410 1416 586 1451; x_wconf 81' lang='lat' dir='ltr'><strong>disjungcrea</strong></span> <span class='ocrx_word' id='word_1_197' title='bbox 610 1415 678 1442; x_wconf 90' lang='lat' dir='ltr'><strong>beati</strong></span> <span class='ocrx_word' id='word_1_198' title='bbox 701 1415 817 1451; x_wconf 86' lang='lat' dir='ltr'><strong>pastoris</strong></span> <span class='ocrx_word' id='word_1_199' title='bbox 839 1414 938 1443; x_wconf 70' lang='grc' dir='ltr'><strong>Μειωί</strong></span> 
     </span>
    </p>
   </div>
   <div class='ocr_carea' id='block_1_29' title="bbox 144 1460 963 1503">
    <p class='ocr_par' dir='ltr' id='par_1_29' title="bbox 144 1460 963 1503">
     <span class='ocr_line' id='line_1_29' title="bbox 144 1460 963 1503; baseline 0 -15"><span class='ocrx_word' id='word_1_200' title='bbox 144 1462 351 1494; x_wconf 87' lang='lat' dir='ltr'><strong>consuetudine,</strong></span> <span class='ocrx_word' id='word_1_201' title='bbox 363 1461 410 1489; x_wconf 91' lang='lat' dir='ltr'><strong>scd</strong></span> <span class='ocrx_word' id='word_1_202' title='bbox 419 1461 607 1496; x_wconf 81' lang='lat' dir='ltr'><strong>expellchatur</strong></span> <span class='ocrx_word' id='word_1_203' title='bbox 620 1461 738 1496; x_wconf 87' lang='lat' dir='ltr'><strong>quidem.</strong></span> <span class='ocrx_word' id='word_1_204' title='bbox 754 1465 783 1488; x_wconf 92' lang='lat' dir='ltr'><strong>ut</strong></span> <span class='ocrx_word' id='word_1_205' title='bbox 794 1465 867 1489; x_wconf 80' lang='lat' dir='ltr'><strong>esset</strong></span> <span class='ocrx_word' id='word_1_206' title='bbox 877 1460 963 1503; x_wconf 59' lang='grc' dir='ltr'><strong>μισ-χ’</strong></span> 
     </span>
    </p>
   </div>
   <div class='ocr_carea' id='block_1_30' title="bbox 144 1506 938 1542">
    <p class='ocr_par' dir='ltr' id='par_1_30' title="bbox 144 1506 938 1542">
     <span class='ocr_line' id='line_1_30' title="bbox 144 1506 938 1542; baseline 0 -8"><span class='ocrx_word' id='word_1_207' title='bbox 144 1508 189 1535; x_wconf 90' lang='lat' dir='ltr'><strong>cul</strong></span> <span class='ocrx_word' id='word_1_208' title='bbox 203 1516 219 1535; x_wconf 90' lang='lat' dir='ltr'><strong>a</strong></span> <span class='ocrx_word' id='word_1_209' title='bbox 246 1507 308 1535; x_wconf 84' lang='lat' dir='ltr'><strong>ﬁliis</strong></span> <span class='ocrx_word' id='word_1_210' title='bbox 323 1508 519 1535; x_wconf 78' lang='lat' dir='ltr'><strong>:-contrarium</strong></span> <span class='ocrx_word' id='word_1_211' title='bbox 543 1512 630 1535; x_wconf 88' lang='lat' dir='ltr'><strong>autem</strong></span> <span class='ocrx_word' id='word_1_212' title='bbox 651 1507 757 1535; x_wconf 86' lang='lat' dir='ltr'><strong>accidit.</strong></span> <span class='ocrx_word' id='word_1_213' title='bbox 770 1506 852 1542; x_wconf 82' lang='lat' dir='ltr'><strong>Magis</strong></span> <span class='ocrx_word' id='word_1_214' title='bbox 866 1507 938 1535; x_wconf 79' lang='lat' dir='ltr'><strong>enim</strong></span> 
     </span>
    </p>
   </div>
   <div class='ocr_carea' id='block_1_31' title="bbox 145 1552 938 1587">
    <p class='ocr_par' dir='ltr' id='par_1_31' title="bbox 145 1552 938 1587">
     <span class='ocr_line' id='line_1_31' title="bbox 145 1552 938 1587; baseline 0.001 -9"><span class='ocrx_word' id='word_1_215' title='bbox 145 1553 223 1580; x_wconf 69' lang='lat' dir='ltr'><strong>vobis</strong></span> <span class='ocrx_word' id='word_1_216' title='bbox 242 1552 472 1587; x_wconf 80' lang='lat' dir='ltr'><strong>constringebatur</strong></span> <span class='ocrx_word' id='word_1_217' title='bbox 495 1553 608 1580; x_wconf 87' lang='lat' dir='ltr'><strong>vinculis</strong></span> <span class='ocrx_word' id='word_1_218' title='bbox 630 1552 759 1586; x_wconf 79' lang='lat' dir='ltr'><strong>caritatis.</strong></span> <span class='ocrx_word' id='word_1_219' title='bbox 781 1556 809 1580; x_wconf 90' lang='lat' dir='ltr'><strong>et</strong></span> <span class='ocrx_word' id='word_1_220' title='bbox 829 1556 938 1587; x_wconf 85' lang='lat' dir='ltr'><strong>accepta</strong></span> 
     </span>
    </p>
   </div>
   <div class='ocr_carea' id='block_1_32' title="bbox 145 1597 936 1633">
    <p class='ocr_par' dir='ltr' id='par_1_32' title="bbox 145 1597 936 1633">
     <span class='ocr_line' id='line_1_32' title="bbox 145 1597 936 1633; baseline 0.001 -9"><span class='ocrx_word' id='word_1_221' title='bbox 145 1606 241 1625; x_wconf 74' lang='lat' dir='ltr'><strong>secum</strong></span> <span class='ocrx_word' id='word_1_222' title='bbox 261 1600 383 1626; x_wconf 83' lang='lat' dir='ltr'><strong>universa</strong></span> <span class='ocrx_word' id='word_1_223' title='bbox 402 1599 508 1626; x_wconf 77' lang='lat' dir='ltr'><strong>civitate</strong></span> <span class='ocrx_word' id='word_1_224' title='bbox 529 1599 555 1625; x_wconf 91' lang='lat' dir='ltr'><strong>in</strong></span> <span class='ocrx_word' id='word_1_225' title='bbox 571 1599 722 1626; x_wconf 81' lang='lat' dir='ltr'><strong>Armeniam</strong></span> <span class='ocrx_word' id='word_1_226' title='bbox 738 1597 872 1633; x_wconf 83' lang='lat' dir='ltr'><strong>profectus</strong></span> <span class='ocrx_word' id='word_1_227' title='bbox 884 1602 936 1626; x_wconf 85' lang='lat' dir='ltr'><strong>est.</strong></span> 
     </span>
    </p>
   </div>
   <div class='ocr_carea' id='block_1_33' title="bbox 146 1644 938 1680">
    <p class='ocr_par' dir='ltr' id='par_1_33' title="bbox 146 1644 938 1680">
     <span class='ocr_line' id='line_1_33' title="bbox 146 1644 938 1680; baseline 0 -9"><span class='ocrx_word' id='word_1_228' title='bbox 146 1644 178 1671; x_wconf 81' lang='lat' dir='ltr'><strong>Et</strong></span> <span class='ocrx_word' id='word_1_229' title='bbox 191 1649 250 1671; x_wconf 84' lang='lat' dir='ltr'><strong>erat</strong></span> <span class='ocrx_word' id='word_1_230' title='bbox 268 1644 375 1679; x_wconf 87' lang='lat' dir='ltr'><strong>quidem</strong></span> <span class='ocrx_word' id='word_1_231' title='bbox 396 1651 493 1680; x_wconf 92' lang='lat' dir='ltr'><strong>corpus</strong></span> <span class='ocrx_word' id='word_1_232' title='bbox 508 1645 622 1679; x_wconf 89' lang='lat' dir='ltr'><strong>positum</strong></span> <span class='ocrx_word' id='word_1_233' title='bbox 637 1645 661 1672; x_wconf 93' lang='lat' dir='ltr'><strong>in</strong></span> <span class='ocrx_word' id='word_1_234' title='bbox 677 1645 771 1679; x_wconf 86' lang='lat' dir='ltr'><strong>patria,</strong></span> <span class='ocrx_word' id='word_1_235' title='bbox 787 1652 862 1672; x_wconf 89' lang='lat' dir='ltr'><strong>mens</strong></span> <span class='ocrx_word' id='word_1_236' title='bbox 874 1652 938 1672; x_wconf 87' lang='lat' dir='ltr'><strong>vero</strong></span> 
     </span>
    </p>
   </div>
   <div class='ocr_carea' id='block_1_34' title="bbox 144 1689 937 1725">
    <p class='ocr_par' dir='ltr' id='par_1_34' title="bbox 144 1689 937 1725">
     <span class='ocr_line' id='line_1_34' title="bbox 144 1689 937 1725; baseline -0.001 -8"><span class='ocrx_word' id='word_1_237' title='bbox 144 1695 172 1717; x_wconf 86' lang='lat' dir='ltr'><strong>et</strong></span> <span class='ocrx_word' id='word_1_238' title='bbox 185 1690 323 1725; x_wconf 72' lang='lat' dir='ltr'><strong>cogitatio,</strong></span> <span class='ocrx_word' id='word_1_239' title='bbox 348 1689 429 1717; x_wconf 88' lang='lat' dir='ltr'><strong>veluti</strong></span> <span class='ocrx_word' id='word_1_240' title='bbox 453 1697 468 1717; x_wconf 88' lang='lat' dir='ltr'><strong>a</strong></span> <span class='ocrx_word' id='word_1_241' title='bbox 492 1689 649 1725; x_wconf 87' lang='lat' dir='ltr'><strong>quibusdam</strong></span> <span class='ocrx_word' id='word_1_242' title='bbox 674 1689 778 1724; x_wconf 87' lang='lat' dir='ltr'><strong>pennis.</strong></span> <span class='ocrx_word' id='word_1_243' title='bbox 805 1690 831 1717; x_wconf 90' lang='lat' dir='ltr'><strong>in</strong></span> <span class='ocrx_word' id='word_1_244' title='bbox 854 1689 937 1716; x_wconf 88' lang='lat' dir='ltr'><strong>altum</strong></span> 
     </span>
    </p>
   </div>
   <div class='ocr_carea' id='block_1_35' title="bbox 143 1734 937 1770">
    <p class='ocr_par' dir='ltr' id='par_1_35' title="bbox 143 1734 937 1770">
     <span class='ocr_line' id='line_1_35' title="bbox 143 1734 937 1770; baseline 0 -8"><span class='ocrx_word' id='word_1_245' title='bbox 143 1735 215 1762; x_wconf 72' lang='lat' dir='ltr'><strong>elata</strong></span> <span class='ocrx_word' id='word_1_246' title='bbox 236 1742 252 1761; x_wconf 67' lang='grc' dir='ltr'><strong><em>λ</em></strong></span> <span class='ocrx_word' id='word_1_247' title='bbox 273 1735 357 1770; x_wconf 85' lang='lat' dir='ltr'><strong>gratia</strong></span> <span class='ocrx_word' id='word_1_248' title='bbox 377 1734 501 1770; x_wconf 89' lang='lat' dir='ltr'><strong>Spiritus,</strong></span> <span class='ocrx_word' id='word_1_249' title='bbox 514 1735 629 1769; x_wconf 78' lang='lat' dir='ltr'><strong>etapud.</strong></span> <span class='ocrx_word' id='word_1_250' title='bbox 636 1742 683 1762; x_wconf 85' lang='lat' dir='ltr'><strong>vos</strong></span> <span class='ocrx_word' id='word_1_251' title='bbox 696 1739 826 1770; x_wconf 80' lang='lat' dir='ltr'><strong>perpetuo</strong></span> <span class='ocrx_word' id='word_1_252' title='bbox 837 1735 937 1770; x_wconf 81' lang='lat' dir='ltr'><strong>degens</strong></span> 
     </span>
    </p>
   </div>
   <div class='ocr_carea' id='block_1_36' title="bbox 144 1780 935 1815">
    <p class='ocr_par' dir='ltr' id='par_1_36' title="bbox 144 1780 935 1815">
     <span class='ocr_line' id='line_1_36' title="bbox 144 1780 935 1815; baseline 0.004 -10"><span class='ocrx_word' id='word_1_253' title='bbox 144 1780 302 1807; x_wconf 71' lang='lat' dir='ltr'><strong>universum</strong></span> <span class='ocrx_word' id='word_1_254' title='bbox 328 1780 398 1807; x_wconf 87' lang='lat' dir='ltr'><strong>hunc</strong></span> <span class='ocrx_word' id='word_1_255' title='bbox 410 1781 534 1815; x_wconf 83' lang='lat' dir='ltr'><strong>populum</strong></span> <span class='ocrx_word' id='word_1_256' title='bbox 558 1780 761 1808; x_wconf 82' lang='lat' dir='ltr'><strong>circumferebat</strong></span> <span class='ocrx_word' id='word_1_257' title='bbox 781 1781 808 1807; x_wconf 91' lang='lat' dir='ltr'><strong>in</strong></span> <span class='ocrx_word' id='word_1_258' title='bbox 825 1780 935 1808; x_wconf 74' lang='lat' dir='ltr'><strong>visceri-</strong></span> 
     </span>
    </p>
   </div>
   <div class='ocr_carea' id='block_1_37' title="bbox 144 1817 935 1861">
    <p class='ocr_par' dir='ltr' id='par_1_37' title="bbox 144 1817 935 1861">
     <span class='ocr_line' id='line_1_37' title="bbox 144 1817 935 1861; baseline 0.004 -11"><span class='ocrx_word' id='word_1_259' title='bbox 144 1825 205 1851; x_wconf 81' lang='lat' dir='ltr'><strong>b&#39;us.</strong></span> <span class='ocrx_word' id='word_1_260' title='bbox 227 1825 304 1859; x_wconf 85' lang='lat' dir='ltr'><strong>Quod</strong></span> <span class='ocrx_word' id='word_1_261' title='bbox 328 1825 413 1860; x_wconf 89' lang='lat' dir='ltr'><strong>ipsum</strong></span> <span class='ocrx_word' id='word_1_262' title='bbox 435 1817 540 1861; x_wconf 71' lang='lat' dir='ltr'><strong>quoque</strong></span> <span class='ocrx_word' id='word_1_263' title='bbox 561 1826 634 1853; x_wconf 87' lang='lat' dir='ltr'><strong>vobis</strong></span> <span class='ocrx_word' id='word_1_264' title='bbox 656 1833 713 1854; x_wconf 79' lang='lat' dir='ltr'><strong>usu.</strong></span> <span class='ocrx_word' id='word_1_265' title='bbox 726 1825 857 1853; x_wconf 86' lang='lat' dir='ltr'><strong>veniebat.</strong></span> <span class='ocrx_word' id='word_1_266' title='bbox 869 1825 935 1853; x_wconf 84' lang='lat' dir='ltr'><strong>Nam</strong></span> 
     </span>
    </p>
   </div>
   <div class='ocr_carea' id='block_1_38' title="bbox 143 1871 935 1907">
    <p class='ocr_par' dir='ltr' id='par_1_38' title="bbox 143 1871 935 1907">
     <span class='ocr_line' id='line_1_38' title="bbox 143 1871 935 1907; baseline 0.004 -11"><span class='ocrx_word' id='word_1_267' title='bbox 143 1878 206 1897; x_wconf 78' lang='lat' dir='ltr'><strong>eum</strong></span> <span class='ocrx_word' id='word_1_268' title='bbox 221 1871 266 1898; x_wconf 86' lang='lat' dir='ltr'><strong>hic</strong></span> <span class='ocrx_word' id='word_1_269' title='bbox 285 1871 425 1904; x_wconf 79' lang='lat' dir='ltr'><strong>sederetis,</strong></span> <span class='ocrx_word' id='word_1_270' title='bbox 450 1876 477 1899; x_wconf 92' lang='lat' dir='ltr'><strong>et</strong></span> <span class='ocrx_word' id='word_1_271' title='bbox 491 1872 556 1899; x_wconf 89' lang='lat' dir='ltr'><strong>urbe</strong></span> <span class='ocrx_word' id='word_1_272' title='bbox 569 1871 863 1903; x_wconf 78' lang='lat' dir='ltr'><strong>ctreumscriberemini.</strong></span> <span class='ocrx_word' id='word_1_273' title='bbox 880 1872 935 1907; x_wconf 89' lang='lat' dir='ltr'><strong>spi-</strong></span> 
     </span>
    </p>
   </div>
   <div class='ocr_carea' id='block_1_39' title="bbox 142 1916 936 1952">
    <p class='ocr_par' dir='ltr' id='par_1_39' title="bbox 142 1916 936 1952">
     <span class='ocr_line' id='line_1_39' title="bbox 142 1916 936 1952; baseline 0.004 -10"><span class='ocrx_word' id='word_1_274' title='bbox 142 1916 197 1942; x_wconf 84' lang='lat' dir='ltr'><strong>ritu</strong></span> <span class='ocrx_word' id='word_1_275' title='bbox 210 1916 329 1944; x_wconf 88' lang='lat' dir='ltr'><strong>caritatis</strong></span> <span class='ocrx_word' id='word_1_276' title='bbox 341 1917 367 1944; x_wconf 89' lang='lat' dir='ltr'><strong>in</strong></span> <span class='ocrx_word' id='word_1_277' title='bbox 383 1917 535 1944; x_wconf 67' lang='lat' dir='ltr'><strong>Armeniam</strong></span> <span class='ocrx_word' id='word_1_278' title='bbox 545 1917 663 1952; x_wconf 80' lang='lat' dir='ltr'><strong>quotidie</strong></span> <span class='ocrx_word' id='word_1_279' title='bbox 677 1917 822 1952; x_wconf 85' lang='lat' dir='ltr'><strong>evolantes,</strong></span> <span class='ocrx_word' id='word_1_280' title='bbox 836 1922 863 1945; x_wconf 89' lang='lat' dir='ltr'><strong>et</strong></span> <span class='ocrx_word' id='word_1_281' title='bbox 874 1925 936 1945; x_wconf 86' lang='lat' dir='ltr'><strong>san-</strong></span> 
     </span>
    </p>
   </div>
   <div class='ocr_carea' id='block_1_40' title="bbox 142 1962 935 1999">
    <p class='ocr_par' dir='ltr' id='par_1_40' title="bbox 142 1962 935 1999">
     <span class='ocr_line' id='line_1_40' title="bbox 142 1962 935 1999; baseline 0.005 -12"><span class='ocrx_word' id='word_1_282' title='bbox 142 1966 216 1988; x_wconf 82' lang='lat' dir='ltr'><strong>ctum</strong></span> <span class='ocrx_word' id='word_1_283' title='bbox 229 1962 331 1989; x_wconf 83' lang='lat' dir='ltr'><strong>vultum</strong></span> <span class='ocrx_word' id='word_1_284' title='bbox 344 1962 490 1993; x_wconf 78' lang='lat' dir='ltr'><strong>intuentes.</strong></span> <span class='ocrx_word' id='word_1_285' title='bbox 501 1968 528 1990; x_wconf 90' lang='lat' dir='ltr'><strong>et</strong></span> <span class='ocrx_word' id='word_1_286' title='bbox 540 1963 758 1998; x_wconf 64' lang='lat' dir='ltr'><strong>iucundissimam</strong></span> <span class='ocrx_word' id='word_1_287' title='bbox 778 1964 935 1999; x_wconf 86' lang='lat' dir='ltr'><strong>beatamque</strong></span> 
     </span>
    </p>
   </div>
   <div class='ocr_carea' id='block_1_41' title="bbox 142 2007 935 2044">
    <p class='ocr_par' dir='ltr' id='par_1_41' title="bbox 142 2007 935 2044">
     <span class='ocr_line' id='line_1_41' title="bbox 142 2007 935 2044; baseline 0.006 -12"><span class='ocrx_word' id='word_1_288' title='bbox 142 2014 239 2034; x_wconf 79' lang='lat' dir='ltr'><strong>vocem</strong></span> <span class='ocrx_word' id='word_1_289' title='bbox 252 2007 400 2040; x_wconf 86' lang='lat' dir='ltr'><strong>audientes,</strong></span> <span class='ocrx_word' id='word_1_290' title='bbox 414 2008 453 2035; x_wconf 87' lang='lat' dir='ltr'><strong>sic</strong></span> <span class='ocrx_word' id='word_1_291' title='bbox 467 2009 681 2036; x_wconf 80' lang='lat' dir='ltr'><strong>revertebamiui.</strong></span> <span class='ocrx_word' id='word_1_292' title='bbox 695 2009 728 2036; x_wconf 89' lang='lat' dir='ltr'><strong>Et</strong></span> <span class='ocrx_word' id='word_1_293' title='bbox 742 2014 850 2044; x_wconf 83' lang='lat' dir='ltr'><strong>propter</strong></span> <span class='ocrx_word' id='word_1_294' title='bbox 867 2011 935 2038; x_wconf 88' lang='lat' dir='ltr'><strong>hanc</strong></span> 
     </span>
    </p>
   </div>
   <div class='ocr_carea' id='block_1_42' title="bbox 141 2054 933 2089">
    <p class='ocr_par' dir='ltr' id='par_1_42' title="bbox 141 2054 933 2089">
     <span class='ocr_line' id='line_1_42' title="bbox 141 2054 933 2089; baseline 0.006 -11"><span class='ocrx_word' id='word_1_295' title='bbox 141 2059 254 2079; x_wconf 77' lang='lat' dir='ltr'><strong>causam</strong></span> <span class='ocrx_word' id='word_1_296' title='bbox 269 2054 399 2080; x_wconf 81' lang='lat' dir='ltr'><strong>concessit</strong></span> <span class='ocrx_word' id='word_1_297' title='bbox 415 2054 484 2081; x_wconf 86' lang='lat' dir='ltr'><strong>Deus</strong></span> <span class='ocrx_word' id='word_1_298' title='bbox 495 2061 555 2081; x_wconf 90' lang='lat' dir='ltr'><strong>eum</strong></span> <span class='ocrx_word' id='word_1_299' title='bbox 569 2055 657 2081; x_wconf 80' lang='lat' dir='ltr'><strong>statim</strong></span> <span class='ocrx_word' id='word_1_300' title='bbox 674 2055 770 2089; x_wconf 81' lang='lat' dir='ltr'><strong>expelli</strong></span> <span class='ocrx_word' id='word_1_301' title='bbox 789 2063 804 2082; x_wconf 93' lang='lat' dir='ltr'><strong>c</strong></span> <span class='ocrx_word' id='word_1_302' title='bbox 816 2056 933 2088; x_wconf 88' lang='lat' dir='ltr'><strong>civitate,</strong></span> 
     </span>
    </p>
   </div>
   <div class='ocr_carea' id='block_1_43' title="bbox 142 2098 933 2133">
    <p class='ocr_par' dir='ltr' id='par_1_43' title="bbox 142 2098 933 2133">
     <span class='ocr_line' id='line_1_43' title="bbox 142 2098 933 2133; baseline 0.008 -10"><span class='ocrx_word' id='word_1_303' title='bbox 142 2106 219 2132; x_wconf 74' lang='lat' dir='ltr'><strong>qun,</strong></span> <span class='ocrx_word' id='word_1_304' title='bbox 244 2098 312 2126; x_wconf 87' lang='lat' dir='ltr'><strong>sicut</strong></span> <span class='ocrx_word' id='word_1_305' title='bbox 334 2099 404 2133; x_wconf 85' lang='lat' dir='ltr'><strong>dixi,</strong></span> <span class='ocrx_word' id='word_1_306' title='bbox 426 2100 577 2127; x_wconf 85' lang='lat' dir='ltr'><strong>ostenderet</strong></span> <span class='ocrx_word' id='word_1_307' title='bbox 597 2100 665 2127; x_wconf 83' lang='lat' dir='ltr'><strong>Deus</strong></span> <span class='ocrx_word' id='word_1_308' title='bbox 681 2104 795 2128; x_wconf 84' lang='lat' dir='ltr'><strong>vestram</strong></span> <span class='ocrx_word' id='word_1_309' title='bbox 809 2101 868 2129; x_wconf 85' lang='lat' dir='ltr'><strong>fidei</strong></span> <span class='ocrx_word' id='word_1_310' title='bbox 887 2102 933 2130; x_wconf 90' lang='lat' dir='ltr'><strong>fir-</strong></span> 
     </span>
    </p>
   </div>
   <div class='ocr_carea' id='block_1_44' title="bbox 142 2138 935 2183">
    <p class='ocr_par' dir='ltr' id='par_1_44' title="bbox 142 2138 935 2183">
     <span class='ocr_line' id='line_1_44' title="bbox 142 2138 935 2183; baseline 0.006 -12"><span class='ocrx_word' id='word_1_311' title='bbox 142 2138 266 2172; x_wconf 77' lang='lat' dir='ltr'><strong>mitatem</strong></span> <span class='ocrx_word' id='word_1_312' title='bbox 281 2145 394 2173; x_wconf 88' lang='lat' dir='ltr'><strong>inimicis</strong></span> <span class='ocrx_word' id='word_1_313' title='bbox 405 2166 414 2178; x_wconf 89' lang='lat'><strong>,</strong></span> <span class='ocrx_word' id='word_1_314' title='bbox 432 2146 477 2181; x_wconf 90' lang='lat' dir='ltr'><strong>qui</strong></span> <span class='ocrx_word' id='word_1_315' title='bbox 490 2153 537 2174; x_wconf 87' lang='lat' dir='ltr'><strong>vos</strong></span> <span class='ocrx_word' id='word_1_316' title='bbox 557 2152 584 2174; x_wconf 89' lang='lat' dir='ltr'><strong>et</strong></span> <span class='ocrx_word' id='word_1_317' title='bbox 601 2147 670 2174; x_wconf 86' lang='lat' dir='ltr'><strong>illius</strong></span> <span class='ocrx_word' id='word_1_318' title='bbox 683 2146 708 2174; x_wconf 90' lang='lat' dir='ltr'><strong>in</strong></span> <span class='ocrx_word' id='word_1_319' title='bbox 721 2147 841 2175; x_wconf 81' lang='lat' dir='ltr'><strong>docendo</strong></span> <span class='ocrx_word' id='word_1_320' title='bbox 864 2149 935 2183; x_wconf 89' lang='lat' dir='ltr'><strong>peri-</strong></span> 
     </span>
    </p>
   </div>
   <div class='ocr_carea' id='block_1_45' title="bbox 143 2190 420 2225">
    <p class='ocr_par' dir='ltr' id='par_1_45' title="bbox 143 2190 420 2225">
     <span class='ocr_line' id='line_1_45' title="bbox 143 2190 420 2225; baseline 0.007 -8"><span class='ocrx_word' id='word_1_321' title='bbox 143 2190 207 2217; x_wconf 87' lang='lat' dir='ltr'><strong>tiam</strong></span> <span class='ocrx_word' id='word_1_322' title='bbox 221 2192 420 2225; x_wconf 75' lang='lat' dir='ltr'><strong>oppugnabant.</strong></span> 
     </span>
    </p>
   </div>
   <div class='ocr_carea' id='block_1_46' title="bbox 180 2235 932 2275">
    <p class='ocr_par' dir='ltr' id='par_1_46' title="bbox 180 2235 932 2275">
     <span class='ocr_line' id='line_1_46' title="bbox 180 2235 932 2275; baseline 0.007 -13"><span class='ocrx_word' id='word_1_323' title='bbox 180 2235 277 2263; x_wconf 79' lang='lat' dir='ltr'><strong>Mcletii</strong></span> <span class='ocrx_word' id='word_1_324' title='bbox 287 2238 382 2264; x_wconf 74' lang='lat' dir='ltr'><strong>rrdims</strong></span> <span class='ocrx_word' id='word_1_325' title='bbox 400 2238 431 2264; x_wconf 86' lang='lat' dir='ltr'><strong>ab</strong></span> <span class='ocrx_word' id='word_1_326' title='bbox 445 2238 542 2265; x_wconf 72' lang='grc' dir='ltr'><strong>(ιπεὶιίο.</strong></span> <span class='ocrx_word' id='word_1_327' title='bbox 551 2238 659 2266; x_wconf 87' lang='lat' dir='ltr'><strong>—ll|ud</strong></span> <span class='ocrx_word' id='word_1_328' title='bbox 673 2243 761 2267; x_wconf 89' lang='lat' dir='ltr'><strong>autem</strong></span> <span class='ocrx_word' id='word_1_329' title='bbox 773 2239 834 2267; x_wconf 94' lang='lat' dir='ltr'><strong>binc</strong></span> <span class='ocrx_word' id='word_1_330' title='bbox 847 2240 932 2275; x_wconf 82' lang='lat' dir='ltr'><strong>palam</strong></span> 
     </span>
    </p>
   </div>
   <div class='ocr_carea' id='block_1_47' title="bbox 140 2281 932 2320">
    <p class='ocr_par' dir='ltr' id='par_1_47' title="bbox 140 2281 932 2320">
     <span class='ocr_line' id='line_1_47' title="bbox 140 2281 932 2320; baseline 0.008 -13"><span class='ocrx_word' id='word_1_331' title='bbox 140 2286 195 2308; x_wconf 81' lang='lat' dir='ltr'><strong>est.</strong></span> <span class='ocrx_word' id='word_1_332' title='bbox 212 2281 277 2308; x_wconf 76' lang='lat' dir='ltr'><strong>Nam</strong></span> <span class='ocrx_word' id='word_1_333' title='bbox 292 2288 351 2316; x_wconf 88' lang='lat' dir='ltr'><strong>post</strong></span> <span class='ocrx_word' id='word_1_334' title='bbox 367 2283 477 2318; x_wconf 90' lang='lat' dir='ltr'><strong>primam</strong></span> <span class='ocrx_word' id='word_1_335' title='bbox 493 2292 614 2312; x_wconf 81' lang='lat' dir='ltr'><strong>reversus</strong></span> <span class='ocrx_word' id='word_1_336' title='bbox 627 2286 867 2320; x_wconf 87' lang='lat' dir='ltr'><strong>persequutionem,</strong></span> <span class='ocrx_word' id='word_1_337' title='bbox 879 2293 932 2313; x_wconf 88' lang='lat' dir='ltr'><strong>non</strong></span> 
     </span>
    </p>
   </div>
   <div class='ocr_carea' id='block_1_48' title="bbox 140 2327 931 2363">
    <p class='ocr_par' dir='ltr' id='par_1_48' title="bbox 140 2327 931 2363">
     <span class='ocr_line' id='line_1_48' title="bbox 140 2327 931 2363; baseline 0.009 -12"><span class='ocrx_word' id='word_1_338' title='bbox 140 2327 249 2361; x_wconf 78' lang='lat' dir='ltr'><strong>triginta</strong></span> <span class='ocrx_word' id='word_1_339' title='bbox 259 2328 344 2354; x_wconf 89' lang='lat' dir='ltr'><strong>solum</strong></span> <span class='ocrx_word' id='word_1_340' title='bbox 355 2328 420 2360; x_wconf 76' lang='lat' dir='ltr'><strong>dies,</strong></span> <span class='ocrx_word' id='word_1_341' title='bbox 433 2329 480 2356; x_wconf 90' lang='lat' dir='ltr'><strong>sed</strong></span> <span class='ocrx_word' id='word_1_342' title='bbox 490 2329 569 2357; x_wconf 88' lang='lat' dir='ltr'><strong>etiam</strong></span> <span class='ocrx_word' id='word_1_343' title='bbox 585 2337 699 2363; x_wconf 81' lang='lat' dir='ltr'><strong>menses,</strong></span> <span class='ocrx_word' id='word_1_344' title='bbox 710 2336 736 2357; x_wconf 91' lang='lat' dir='ltr'><strong>et</strong></span> <span class='ocrx_word' id='word_1_345' title='bbox 744 2338 841 2358; x_wconf 91' lang='lat' dir='ltr'><strong>annum</strong></span> <span class='ocrx_word' id='word_1_346' title='bbox 850 2339 931 2358; x_wconf 94' lang='lat' dir='ltr'><strong>unum</strong></span> 
     </span>
    </p>
   </div>
   <div class='ocr_carea' id='block_1_49' title="bbox 139 2371 933 2408">
    <p class='ocr_par' dir='ltr' id='par_1_49' title="bbox 139 2371 933 2408">
     <span class='ocr_line' id='line_1_49' title="bbox 139 2371 933 2408; baseline 0.005 -8"><span class='ocrx_word' id='word_1_347' title='bbox 139 2378 168 2400; x_wconf 86' lang='lat' dir='ltr'><strong>et</strong></span> <span class='ocrx_word' id='word_1_348' title='bbox 183 2371 250 2399; x_wconf 75' lang='lat' dir='ltr'><strong>duhs</strong></span> <span class='ocrx_word' id='word_1_349' title='bbox 265 2378 292 2400; x_wconf 89' lang='lat' dir='ltr'><strong>el.</strong></span> <span class='ocrx_word' id='word_1_350' title='bbox 316 2374 404 2408; x_wconf 87' lang='lat' dir='ltr'><strong>plures</strong></span> <span class='ocrx_word' id='word_1_351' title='bbox 426 2374 470 2402; x_wconf 88' lang='lat' dir='ltr'><strong>hic</strong></span> <span class='ocrx_word' id='word_1_352' title='bbox 490 2379 531 2402; x_wconf 71' lang='lat' dir='ltr'><strong>est</strong></span> <span class='ocrx_word' id='word_1_353' title='bbox 551 2380 670 2403; x_wconf 87' lang='lat' dir='ltr'><strong>versatus</strong></span> <span class='ocrx_word' id='word_1_354' title='bbox 694 2375 760 2403; x_wconf 91' lang='lat' dir='ltr'><strong>Cum</strong></span> <span class='ocrx_word' id='word_1_355' title='bbox 776 2376 846 2403; x_wconf 93' lang='lat' dir='ltr'><strong>enim</strong></span> <span class='ocrx_word' id='word_1_356' title='bbox 869 2376 933 2404; x_wconf 84' lang='lat' dir='ltr'><strong>satis</strong></span> 
     </span>
    </p>
   </div>
   <div class='ocr_carea' id='block_1_50' title="bbox 140 2418 931 2455">
    <p class='ocr_par' dir='ltr' id='par_1_50' title="bbox 140 2418 931 2455">
     <span class='ocr_line' id='line_1_50' title="bbox 140 2418 931 2455; baseline 0.008 -11"><span class='ocrx_word' id='word_1_357' title='bbox 140 2425 267 2452; x_wconf 85' lang='lat' dir='ltr'><strong>magnum</strong></span> <span class='ocrx_word' id='word_1_358' title='bbox 291 2418 431 2447; x_wconf 86' lang='lat' dir='ltr'><strong>dedissetis</strong></span> <span class='ocrx_word' id='word_1_359' title='bbox 445 2425 628 2455; x_wconf 71' lang='lat' dir='ltr'><strong>argumentum</strong></span> <span class='ocrx_word' id='word_1_360' title='bbox 641 2427 738 2449; x_wconf 72' lang='lat' dir='ltr'><strong>vestrm</strong></span> <span class='ocrx_word' id='word_1_361' title='bbox 760 2422 831 2450; x_wconf 90' lang='lat' dir='ltr'><strong>circa</strong></span> <span class='ocrx_word' id='word_1_362' title='bbox 853 2422 931 2450; x_wconf 85' lang='lat' dir='ltr'><strong>tidem</strong></span> 
     </span>
    </p>
   </div>
   <div class='ocr_carea' id='block_1_51' title="bbox 140 2463 932 2502">
    <p class='ocr_par' dir='ltr' id='par_1_51' title="bbox 140 2463 932 2502">
     <span class='ocr_line' id='line_1_51' title="bbox 140 2463 932 2502; baseline 0.009 -13"><span class='ocrx_word' id='word_1_363' title='bbox 140 2463 295 2495; x_wconf 86' lang='lat' dir='ltr'><strong>ﬁrmitatis,</strong></span> <span class='ocrx_word' id='word_1_364' title='bbox 311 2463 383 2492; x_wconf 89' lang='lat' dir='ltr'><strong>dedit</strong></span> <span class='ocrx_word' id='word_1_365' title='bbox 399 2465 474 2493; x_wconf 86' lang='lat' dir='ltr'><strong>vobis</strong></span> <span class='ocrx_word' id='word_1_366' title='bbox 489 2470 645 2499; x_wconf 89' lang='lat' dir='ltr'><strong>potestatem</strong></span> <span class='ocrx_word' id='word_1_367' title='bbox 655 2466 773 2502; x_wconf 89' lang='lat' dir='ltr'><strong>jucunde</strong></span> <span class='ocrx_word' id='word_1_368' title='bbox 791 2472 819 2495; x_wconf 88' lang='lat' dir='ltr'><strong>et</strong></span> <span class='ocrx_word' id='word_1_369' title='bbox 838 2475 932 2496; x_wconf 84' lang='lat' dir='ltr'><strong>secure</strong></span> 
     </span>
    </p>
   </div>
   <div class='ocr_carea' id='block_1_52' title="bbox 140 2507 932 2547">
    <p class='ocr_par' dir='ltr' id='par_1_52' title="bbox 140 2507 932 2547">
     <span class='ocr_line' id='line_1_52' title="bbox 140 2507 932 2547; baseline 0.008 -13"><span class='ocrx_word' id='word_1_370' title='bbox 140 2507 246 2535; x_wconf 80' lang='lat' dir='ltr'><strong>fruendi</strong></span> <span class='ocrx_word' id='word_1_371' title='bbox 263 2514 347 2543; x_wconf 86' lang='lat' dir='ltr'><strong>patre.</strong></span> <span class='ocrx_word' id='word_1_372' title='bbox 364 2510 426 2537; x_wconf 87' lang='lat' dir='ltr'><strong>Erat</strong></span> <span class='ocrx_word' id='word_1_373' title='bbox 441 2511 512 2538; x_wconf 89' lang='lat' dir='ltr'><strong>enim</strong></span> <span class='ocrx_word' id='word_1_374' title='bbox 529 2511 648 2539; x_wconf 81' lang='lat' dir='ltr'><strong>maxima</strong></span> <span class='ocrx_word' id='word_1_375' title='bbox 659 2512 794 2547; x_wconf 72' lang='lat' dir='ltr'><strong>voluptas,</strong></span> <span class='ocrx_word' id='word_1_376' title='bbox 809 2513 854 2541; x_wconf 93' lang='lat' dir='ltr'><strong>illo</strong></span> <span class='ocrx_word' id='word_1_377' title='bbox 868 2521 932 2540; x_wconf 87' lang='lat' dir='ltr'><strong>san-</strong></span> 
     </span>
    </p>
   </div>
   <div class='ocr_carea' id='block_1_53' title="bbox 138 2553 930 2595">
    <p class='ocr_par' dir='ltr' id='par_1_53' title="bbox 138 2553 930 2595">
     <span class='ocr_line' id='line_1_53' title="bbox 138 2553 930 2595; baseline 0.006 -15"><span class='ocrx_word' id='word_1_378' title='bbox 138 2558 184 2580; x_wconf 82' lang='lat' dir='ltr'><strong>cto</strong></span> <span class='ocrx_word' id='word_1_379' title='bbox 197 2553 248 2581; x_wconf 89' lang='lat' dir='ltr'><strong>frui</strong></span> <span class='ocrx_word' id='word_1_380' title='bbox 262 2555 345 2582; x_wconf 86' lang='lat' dir='ltr'><strong>vultu.</strong></span> <span class='ocrx_word' id='word_1_381' title='bbox 361 2555 420 2583; x_wconf 85' lang='lat' dir='ltr'><strong>Non</strong></span> <span class='ocrx_word' id='word_1_382' title='bbox 443 2556 513 2583; x_wconf 90' lang='lat' dir='ltr'><strong>enim</strong></span> <span class='ocrx_word' id='word_1_383' title='bbox 527 2556 611 2583; x_wconf 88' lang='lat' dir='ltr'><strong>solum</strong></span> <span class='ocrx_word' id='word_1_384' title='bbox 631 2557 732 2586; x_wconf 83' lang='lat' dir='ltr'><strong>docens</strong></span> <span class='ocrx_word' id='word_1_385' title='bbox 744 2558 787 2586; x_wconf 85' lang='lat' dir='ltr'><strong>vel</strong></span> <span class='ocrx_word' id='word_1_386' title='bbox 803 2558 930 2595; x_wconf 86' lang='lat' dir='ltr'><strong>loquens.</strong></span> 
     </span>
    </p>
   </div>
   <div class='ocr_carea' id='block_1_54' title="bbox 139 2599 930 2635">
    <p class='ocr_par' dir='ltr' id='par_1_54' title="bbox 139 2599 930 2635">
     <span class='ocr_line' id='line_1_54' title="bbox 139 2599 930 2635; baseline 0.008 -10"><span class='ocrx_word' id='word_1_387' title='bbox 139 2599 187 2626; x_wconf 84' lang='lat' dir='ltr'><strong>sed</strong></span> <span class='ocrx_word' id='word_1_388' title='bbox 197 2600 279 2627; x_wconf 86' lang='lat' dir='ltr'><strong>etiam</strong></span> <span class='ocrx_word' id='word_1_389' title='bbox 289 2601 312 2627; x_wconf 90' lang='lat' dir='ltr'><strong>si</strong></span> <span class='ocrx_word' id='word_1_390' title='bbox 332 2605 433 2628; x_wconf 89' lang='lat' dir='ltr'><strong>tantum</strong></span> <span class='ocrx_word' id='word_1_391' title='bbox 448 2602 583 2630; x_wconf 86' lang='lat' dir='ltr'><strong>videretur</strong></span> <span class='ocrx_word' id='word_1_392' title='bbox 594 2623 601 2635; x_wconf 84' lang='lat'><strong>,</strong></span> <span class='ocrx_word' id='word_1_393' title='bbox 616 2603 680 2630; x_wconf 88' lang='lat' dir='ltr'><strong>satis</strong></span> <span class='ocrx_word' id='word_1_394' title='bbox 691 2608 749 2631; x_wconf 87' lang='lat' dir='ltr'><strong>erat</strong></span> <span class='ocrx_word' id='word_1_395' title='bbox 761 2603 793 2631; x_wconf 92' lang='lat' dir='ltr'><strong>ad</strong></span> <span class='ocrx_word' id='word_1_396' title='bbox 809 2603 930 2631; x_wconf 90' lang='lat' dir='ltr'><strong>introdu-</strong></span> 
     </span>
    </p>
   </div>
   <div class='ocr_carea' id='block_1_55' title="bbox 137 2644 930 2684">
    <p class='ocr_par' dir='ltr' id='par_1_55' title="bbox 137 2644 930 2684">
     <span class='ocr_line' id='line_1_55' title="bbox 137 2644 930 2684; baseline 0.009 -14"><span class='ocrx_word' id='word_1_397' title='bbox 137 2644 253 2672; x_wconf 84' lang='lat' dir='ltr'><strong>ccndatn</strong></span> <span class='ocrx_word' id='word_1_398' title='bbox 275 2652 382 2674; x_wconf 89' lang='lat' dir='ltr'><strong>omnem</strong></span> <span class='ocrx_word' id='word_1_399' title='bbox 404 2647 510 2674; x_wconf 87' lang='lat' dir='ltr'><strong>virtutis</strong></span> <span class='ocrx_word' id='word_1_400' title='bbox 532 2647 680 2676; x_wconf 89' lang='lat' dir='ltr'><strong>doctrinam</strong></span> <span class='ocrx_word' id='word_1_401' title='bbox 706 2649 732 2676; x_wconf 92' lang='lat' dir='ltr'><strong>in</strong></span> <span class='ocrx_word' id='word_1_402' title='bbox 756 2657 864 2682; x_wconf 85' lang='lat' dir='ltr'><strong>eorum,</strong></span> <span class='ocrx_word' id='word_1_403' title='bbox 885 2650 930 2684; x_wconf 90' lang='lat' dir='ltr'><strong>qui</strong></span> 
     </span>
    </p>
   </div>
   <div class='ocr_carea' id='block_1_56' title="bbox 126 2690 930 2727">
    <p class='ocr_par' dir='ltr' id='par_1_56' title="bbox 126 2690 930 2727">
     <span class='ocr_line' id='line_1_56' title="bbox 126 2690 930 2727; baseline 0.01 -12"><span class='ocrx_word' id='word_1_404' title='bbox 126 2690 266 2718; x_wconf 89' lang='lat' dir='ltr'><strong>.videbant</strong></span> <span class='ocrx_word' id='word_1_405' title='bbox 277 2711 285 2721; x_wconf 91' lang='lat'><strong>,</strong></span> <span class='ocrx_word' id='word_1_406' title='bbox 297 2691 424 2719; x_wconf 86' lang='lat' dir='ltr'><strong>animam.</strong></span> <span class='ocrx_word' id='word_1_407' title='bbox 445 2693 557 2727; x_wconf 84' lang='lat' dir='ltr'><strong>Quando</strong></span> <span class='ocrx_word' id='word_1_408' title='bbox 569 2694 640 2721; x_wconf 80' lang='lat' dir='ltr'><strong>enim</strong></span> <span class='ocrx_word' id='word_1_409' title='bbox 653 2695 689 2722; x_wconf 87' lang='lat' dir='ltr'><strong>ad</strong></span> <span class='ocrx_word' id='word_1_410' title='bbox 700 2702 747 2723; x_wconf 88' lang='lat' dir='ltr'><strong>vos</strong></span> <span class='ocrx_word' id='word_1_411' title='bbox 767 2695 889 2723; x_wconf 85' lang='lat' dir='ltr'><strong>veniebat</strong></span> <span class='ocrx_word' id='word_1_412' title='bbox 903 2700 930 2723; x_wconf 87' lang='lat' dir='ltr'><strong>ct</strong></span> 
     </span>
    </p>
   </div>
   <div class='ocr_carea' id='block_1_57' title="bbox 138 2738 928 2775">
    <p class='ocr_par' dir='ltr' id='par_1_57' title="bbox 138 2738 928 2775">
     <span class='ocr_line' id='line_1_57' title="bbox 138 2738 928 2775; baseline 0.009 -13"><span class='ocrx_word' id='word_1_413' title='bbox 138 2745 263 2763; x_wconf 66' lang='lat' dir='ltr'><strong>univorsa</strong></span> <span class='ocrx_word' id='word_1_414' title='bbox 282 2738 376 2765; x_wconf 88' lang='lat' dir='ltr'><strong>civitas</strong></span> <span class='ocrx_word' id='word_1_415' title='bbox 390 2738 414 2766; x_wconf 90' lang='lat' dir='ltr'><strong>ei</strong></span> <span class='ocrx_word' id='word_1_416' title='bbox 438 2739 546 2768; x_wconf 86' lang='lat' dir='ltr'><strong>obviam</strong></span> <span class='ocrx_word' id='word_1_417' title='bbox 559 2745 742 2775; x_wconf 72' lang='lat' dir='ltr'><strong>processerat,</strong></span> <span class='ocrx_word' id='word_1_418' title='bbox 765 2741 808 2768; x_wconf 88' lang='lat' dir='ltr'><strong>alii</strong></span> <span class='ocrx_word' id='word_1_419' title='bbox 821 2741 928 2775; x_wconf 89' lang='lat' dir='ltr'><strong>quidem</strong></span> 
     </span>
    </p>
   </div>
   <div class='ocr_carea' id='block_1_58' title="bbox 138 2783 930 2821">
    <p class='ocr_par' dir='ltr' id='par_1_58' title="bbox 138 2783 930 2821">
     <span class='ocr_line' id='line_1_58' title="bbox 138 2783 930 2821; baseline 0.008 -13"><span class='ocrx_word' id='word_1_420' title='bbox 138 2790 222 2817; x_wconf 76' lang='lat' dir='ltr'><strong>prope</strong></span> <span class='ocrx_word' id='word_1_421' title='bbox 232 2783 409 2817; x_wconf 82' lang='lat' dir='ltr'><strong>accedebant,</strong></span> <span class='ocrx_word' id='word_1_422' title='bbox 429 2790 455 2813; x_wconf 90' lang='lat' dir='ltr'><strong>et</strong></span> <span class='ocrx_word' id='word_1_423' title='bbox 475 2786 556 2821; x_wconf 85' lang='lat' dir='ltr'><strong>pedes</strong></span> <span class='ocrx_word' id='word_1_424' title='bbox 572 2786 766 2821; x_wconf 85' lang='lat' dir='ltr'><strong>prchensabant</strong></span> <span class='ocrx_word' id='word_1_425' title='bbox 777 2807 784 2819; x_wconf 88' lang='lat'><strong>,</strong></span> <span class='ocrx_word' id='word_1_426' title='bbox 799 2791 827 2814; x_wconf 90' lang='lat' dir='ltr'><strong>et</strong></span> <span class='ocrx_word' id='word_1_427' title='bbox 836 2794 930 2814; x_wconf 88' lang='lat' dir='ltr'><strong>manus</strong></span> 
     </span>
    </p>
   </div>
   <div class='ocr_carea' id='block_1_59' title="bbox 137 2829 930 2867">
    <p class='ocr_par' dir='ltr' id='par_1_59' title="bbox 137 2829 930 2867">
     <span class='ocr_line' id='line_1_59' title="bbox 137 2829 930 2867; baseline 0.004 -11"><span class='ocrx_word' id='word_1_428' title='bbox 137 2829 344 2862; x_wconf 68' lang='lat' dir='ltr'><strong>oscillabantur.</strong></span> <span class='ocrx_word' id='word_1_429' title='bbox 360 2835 386 2858; x_wconf 90' lang='lat' dir='ltr'><strong>et</strong></span> <span class='ocrx_word' id='word_1_430' title='bbox 398 2838 489 2858; x_wconf 91' lang='lat' dir='ltr'><strong>vocem</strong></span> <span class='ocrx_word' id='word_1_431' title='bbox 507 2831 663 2864; x_wconf 75' lang='lat' dir='ltr'><strong>audiebant;</strong></span> <span class='ocrx_word' id='word_1_432' title='bbox 680 2832 723 2859; x_wconf 88' lang='lat' dir='ltr'><strong>alii</strong></span> <span class='ocrx_word' id='word_1_433' title='bbox 738 2836 826 2859; x_wconf 88' lang='lat' dir='ltr'><strong>autem</strong></span> <span class='ocrx_word' id='word_1_434' title='bbox 838 2832 930 2867; x_wconf 90' lang='lat' dir='ltr'><strong>prohi-</strong></span> 
     </span>
    </p>
   </div>
   <div class='ocr_carea' id='block_1_60' title="bbox 137 2875 926 2914">
    <p class='ocr_par' dir='ltr' id='par_1_60' title="bbox 137 2875 926 2914">
     <span class='ocr_line' id='line_1_60' title="bbox 137 2875 926 2914; baseline 0.001 -11"><span class='ocrx_word' id='word_1_435' title='bbox 137 2875 188 2903; x_wconf 82' lang='lat' dir='ltr'><strong>biti</strong></span> <span class='ocrx_word' id='word_1_436' title='bbox 209 2875 390 2910; x_wconf 81' lang='lat' dir='ltr'><strong>multitudine,</strong></span> <span class='ocrx_word' id='word_1_437' title='bbox 418 2876 502 2912; x_wconf 85' lang='lat' dir='ltr'><strong>ipsum</strong></span> <span class='ocrx_word' id='word_1_438' title='bbox 524 2878 616 2912; x_wconf 79' lang='lat' dir='ltr'><strong>procul</strong></span> <span class='ocrx_word' id='word_1_439' title='bbox 637 2877 773 2910; x_wconf 82' lang='lat' dir='ltr'><strong>videntes,</strong></span> <span class='ocrx_word' id='word_1_440' title='bbox 793 2882 926 2914; x_wconf 87' lang='lat' dir='ltr'><strong>tamquam</strong></span> 
     </span>
    </p>
   </div>
   <div class='ocr_carea' id='block_1_61' title="bbox 715 171 1219 204">
    <p class='ocr_par' dir='ltr' id='par_1_61' title="bbox 715 171 1219 204">
     <span class='ocr_line' id='line_1_61' title="bbox 715 171 1219 204; baseline -0.002 -3"><span class='ocrx_word' id='word_1_441' title='bbox 715 173 758 201; x_wconf 83' lang='lat' dir='ltr'><strong>DE</strong></span> <span class='ocrx_word' id='word_1_442' title='bbox 775 174 804 202; x_wconf 91' lang='lat' dir='ltr'><strong>S.</strong></span> <span class='ocrx_word' id='word_1_443' title='bbox 824 172 977 204; x_wconf 76' lang='lat' dir='ltr'><strong>HELETIO</strong></span> <span class='ocrx_word' id='word_1_444' title='bbox 995 171 1219 202; x_wconf 71' lang='lat' dir='ltr'><strong>ANTIOCIIENO.</strong></span> 
     </span>
    </p>
   </div>
   <div class='ocr_carea' id='block_1_62' title="bbox 1723 175 1775 204">
    <p class='ocr_par' dir='ltr' id='par_1_62' title="bbox 1723 175 1775 204">
     <span class='ocr_line' id='line_1_62' title="bbox 1723 175 1775 204; baseline 0 -1"><span class='ocrx_word' id='word_1_445' title='bbox 1723 175 1775 204; x_wconf 73' lang='lat'><strong>5|3</strong></span> 
     </span>
    </p>
   </div>
   <div class='ocr_carea' id='block_1_63' title="bbox 993 228 1775 267">
    <p class='ocr_par' dir='ltr' id='par_1_63' title="bbox 993 228 1775 267">
     <span class='ocr_line' id='line_1_63' title="bbox 993 228 1775 267; baseline 0.006 -12"><span class='ocrx_word' id='word_1_446' title='bbox 993 229 1036 264; x_wconf 88' lang='lat' dir='ltr'><strong>qui</strong></span> <span class='ocrx_word' id='word_1_447' title='bbox 1056 228 1230 257; x_wconf 84' lang='lat' dir='ltr'><strong>sufficientem</strong></span> <span class='ocrx_word' id='word_1_448' title='bbox 1255 228 1508 259; x_wconf 67' lang='lat' dir='ltr'><strong>hencdictioncmcx</strong></span> <span class='ocrx_word' id='word_1_449' title='bbox 1529 235 1637 266; x_wconf 84' lang='lat' dir='ltr'><strong>aspectu</strong></span> <span class='ocrx_word' id='word_1_450' title='bbox 1656 233 1775 267; x_wconf 86' lang='lat' dir='ltr'><strong>accepis-</strong></span> 
     </span>
    </p>
   </div>
   <div class='ocr_carea' id='block_1_64' title="bbox 992 274 1776 313">
    <p class='ocr_par' dir='ltr' id='par_1_64' title="bbox 992 274 1776 313">
     <span class='ocr_line' id='line_1_64' title="bbox 992 274 1776 313; baseline 0.005 -12"><span class='ocrx_word' id='word_1_451' title='bbox 992 279 1066 307; x_wconf 84' lang='lat' dir='ltr'><strong>sent,</strong></span> <span class='ocrx_word' id='word_1_452' title='bbox 1082 279 1109 302; x_wconf 90' lang='lat' dir='ltr'><strong>et</strong></span> <span class='ocrx_word' id='word_1_453' title='bbox 1122 282 1173 302; x_wconf 93' lang='lat' dir='ltr'><strong>non</strong></span> <span class='ocrx_word' id='word_1_454' title='bbox 1184 275 1271 302; x_wconf 91' lang='lat' dir='ltr'><strong>minus</strong></span> <span class='ocrx_word' id='word_1_455' title='bbox 1283 274 1449 306; x_wconf 86' lang='lat' dir='ltr'><strong>habuissent.</strong></span> <span class='ocrx_word' id='word_1_456' title='bbox 1460 284 1538 311; x_wconf 85' lang='lat' dir='ltr'><strong>quam</strong></span> <span class='ocrx_word' id='word_1_457' title='bbox 1552 277 1596 312; x_wconf 90' lang='lat' dir='ltr'><strong>qui</strong></span> <span class='ocrx_word' id='word_1_458' title='bbox 1616 285 1702 313; x_wconf 73' lang='lat' dir='ltr'><strong>prope</strong></span> <span class='ocrx_word' id='word_1_459' title='bbox 1711 278 1776 305; x_wconf 70' lang='lat' dir='ltr'><strong>fuis-</strong></span> 
     </span>
    </p>
   </div>
   <div class='ocr_carea' id='block_1_65' title="bbox 991 320 1775 358">
    <p class='ocr_par' dir='ltr' id='par_1_65' title="bbox 991 320 1775 358">
     <span class='ocr_line' id='line_1_65' title="bbox 991 320 1775 358; baseline 0.005 -11"><span class='ocrx_word' id='word_1_460' title='bbox 991 324 1066 352; x_wconf 87' lang='lat' dir='ltr'><strong>sent.</strong></span> <span class='ocrx_word' id='word_1_461' title='bbox 1077 320 1193 348; x_wconf 88' lang='lat' dir='ltr'><strong>contenti</strong></span> <span class='ocrx_word' id='word_1_462' title='bbox 1208 320 1366 348; x_wconf 85' lang='lat' dir='ltr'><strong>recedebant</strong></span> <span class='ocrx_word' id='word_1_463' title='bbox 1378 329 1384 348; x_wconf 94' lang='lat'>:</span> <span class='ocrx_word' id='word_1_464' title='bbox 1396 326 1423 348; x_wconf 83' lang='lat' dir='ltr'><strong>et</strong></span> <span class='ocrx_word' id='word_1_465' title='bbox 1432 322 1501 356; x_wconf 89' lang='lat' dir='ltr'><strong>quod</strong></span> <span class='ocrx_word' id='word_1_466' title='bbox 1513 322 1590 349; x_wconf 84' lang='lat' dir='ltr'><strong>fiebat</strong></span> <span class='ocrx_word' id='word_1_467' title='bbox 1600 323 1626 350; x_wconf 78' lang='lat' dir='ltr'><strong>it.</strong></span> <span class='ocrx_word' id='word_1_468' title='bbox 1638 324 1775 358; x_wconf 71' lang='lat' dir='ltr'><strong>apostolis,</strong></span> 
     </span>
    </p>
   </div>
   <div class='ocr_carea' id='block_1_66' title="bbox 993 365 1774 404">
    <p class='ocr_par' dir='ltr' id='par_1_66' title="bbox 993 365 1774 404">
     <span class='ocr_line' id='line_1_66' title="bbox 993 365 1774 404; baseline 0.006 -12"><span class='ocrx_word' id='word_1_469' title='bbox 993 365 1044 393; x_wconf 88' lang='lat' dir='ltr'><strong>hoc</strong></span> <span class='ocrx_word' id='word_1_470' title='bbox 1057 366 1082 392; x_wconf 92' lang='lat' dir='ltr'><strong>in</strong></span> <span class='ocrx_word' id='word_1_471' title='bbox 1093 373 1125 393; x_wconf 91' lang='lat' dir='ltr'><strong>eo</strong></span> <span class='ocrx_word' id='word_1_472' title='bbox 1132 373 1237 401; x_wconf 85' lang='lat' dir='ltr'><strong>quoque</strong></span> <span class='ocrx_word' id='word_1_473' title='bbox 1246 366 1423 399; x_wconf 82' lang='lat' dir='ltr'><strong>contingebat.</strong></span> <span class='ocrx_word' id='word_1_474' title='bbox 1434 367 1508 394; x_wconf 85' lang='lat' dir='ltr'><strong>Sicut</strong></span> <span class='ocrx_word' id='word_1_475' title='bbox 1518 368 1591 395; x_wconf 90' lang='lat' dir='ltr'><strong>enim</strong></span> <span class='ocrx_word' id='word_1_476' title='bbox 1600 369 1625 396; x_wconf 87' lang='lat' dir='ltr'><strong>in</strong></span> <span class='ocrx_word' id='word_1_477' title='bbox 1637 369 1774 404; x_wconf 80' lang='lat' dir='ltr'><strong>apostolis.</strong></span> 
     </span>
    </p>
   </div>
   <div class='ocr_carea' id='block_1_67' title="bbox 991 411 1775 449">
    <p class='ocr_par' dir='ltr' id='par_1_67' title="bbox 991 411 1775 449">
     <span class='ocr_line' id='line_1_67' title="bbox 991 411 1775 449; baseline 0.008 -12"><span class='ocrx_word' id='word_1_478' title='bbox 991 411 1036 446; x_wconf 91' lang='lat' dir='ltr'><strong>qui</strong></span> <span class='ocrx_word' id='word_1_479' title='bbox 1052 411 1174 447; x_wconf 77' lang='lat' dir='ltr'><strong>progredi</strong></span> <span class='ocrx_word' id='word_1_480' title='bbox 1191 416 1219 439; x_wconf 92' lang='lat' dir='ltr'><strong>et</strong></span> <span class='ocrx_word' id='word_1_481' title='bbox 1237 412 1345 447; x_wconf 90' lang='lat' dir='ltr'><strong>propius</strong></span> <span class='ocrx_word' id='word_1_482' title='bbox 1365 412 1493 440; x_wconf 72' lang='lat' dir='ltr'><strong>accedere</strong></span> <span class='ocrx_word' id='word_1_483' title='bbox 1507 421 1559 441; x_wconf 84' lang='lat' dir='ltr'><strong>non</strong></span> <span class='ocrx_word' id='word_1_484' title='bbox 1581 419 1720 449; x_wconf 83' lang='lat' dir='ltr'><strong>poterant.</strong></span> <span class='ocrx_word' id='word_1_485' title='bbox 1734 416 1775 444; x_wconf 89' lang='lat' dir='ltr'><strong>vel</strong></span> 
     </span>
    </p>
   </div>
   <div class='ocr_carea' id='block_1_68' title="bbox 991 457 1776 495">
    <p class='ocr_par' dir='ltr' id='par_1_68' title="bbox 991 457 1776 495">
     <span class='ocr_line' id='line_1_68' title="bbox 991 457 1776 495; baseline 0.006 -12"><span class='ocrx_word' id='word_1_486' title='bbox 991 464 1051 484; x_wconf 90' lang='lat' dir='ltr'><strong>cum</strong></span> <span class='ocrx_word' id='word_1_487' title='bbox 1066 457 1158 484; x_wconf 90' lang='lat' dir='ltr'><strong>umbra</strong></span> <span class='ocrx_word' id='word_1_488' title='bbox 1173 465 1264 485; x_wconf 90' lang='lat' dir='ltr'><strong>eorum</strong></span> <span class='ocrx_word' id='word_1_489' title='bbox 1275 458 1463 486; x_wconf 86' lang='lat' dir='ltr'><strong>extenderetur</strong></span> <span class='ocrx_word' id='word_1_490' title='bbox 1481 463 1509 486; x_wconf 89' lang='lat' dir='ltr'><strong>et</strong></span> <span class='ocrx_word' id='word_1_491' title='bbox 1533 463 1651 495; x_wconf 78' lang='lat' dir='ltr'><strong>tangeret</strong></span> <span class='ocrx_word' id='word_1_492' title='bbox 1673 468 1720 488; x_wconf 89' lang='lat' dir='ltr'><strong>eos</strong></span> <span class='ocrx_word' id='word_1_493' title='bbox 1732 462 1776 495; x_wconf 89' lang='lat' dir='ltr'><strong>qui</strong></span> 
     </span>
    </p>
   </div>
   <div class='ocr_carea' id='block_1_69' title="bbox 992 502 1776 539">
    <p class='ocr_par' dir='ltr' id='par_1_69' title="bbox 992 502 1776 539">
     <span class='ocr_line' id='line_1_69' title="bbox 992 502 1776 539; baseline 0.004 -9"><span class='ocrx_word' id='word_1_494' title='bbox 992 502 1084 537; x_wconf 87' lang='lat' dir='ltr'><strong>procul</strong></span> <span class='ocrx_word' id='word_1_495' title='bbox 1098 508 1188 535; x_wconf 86' lang='lat' dir='ltr'><strong>erant,</strong></span> <span class='ocrx_word' id='word_1_496' title='bbox 1209 503 1330 530; x_wconf 88' lang='lat' dir='ltr'><strong>eamdem</strong></span> <span class='ocrx_word' id='word_1_497' title='bbox 1348 503 1518 531; x_wconf 79' lang='lat' dir='ltr'><strong>attrahobant</strong></span> <span class='ocrx_word' id='word_1_498' title='bbox 1537 505 1661 539; x_wconf 70' lang='lat' dir='ltr'><strong>gratiam.</strong></span> <span class='ocrx_word' id='word_1_499' title='bbox 1682 511 1708 533; x_wconf 92' lang='lat' dir='ltr'><strong>et</strong></span> <span class='ocrx_word' id='word_1_500' title='bbox 1719 507 1776 533; x_wconf 90' lang='lat' dir='ltr'><strong>sani</strong></span> 
     </span>
    </p>
   </div>
   <div class='ocr_carea' id='block_1_70' title="bbox 992 548 1776 586">
    <p class='ocr_par' dir='ltr' id='par_1_70' title="bbox 992 548 1776 586">
     <span class='ocr_line' id='line_1_70' title="bbox 992 548 1776 586; baseline 0.004 -11"><span class='ocrx_word' id='word_1_501' title='bbox 992 548 1114 575; x_wconf 88' lang='lat' dir='ltr'><strong>similiter</strong></span> <span class='ocrx_word' id='word_1_502' title='bbox 1138 548 1297 576; x_wconf 84' lang='lat' dir='ltr'><strong>recedebant</strong></span> <span class='ocrx_word' id='word_1_503' title='bbox 1308 549 1317 584; x_wconf 95' lang='lat'>(</span> <span class='ocrx_word' id='word_1_504' title='bbox 1327 549 1383 576; x_wconf 81' lang='lat' dir='ltr'><strong>Act.</strong></span> <span class='ocrx_word' id='word_1_505' title='bbox 1398 549 1492 584; x_wconf 58' lang='lat'><strong>5-15)</strong></span> <span class='ocrx_word' id='word_1_506' title='bbox 1503 549 1556 577; x_wconf 42' lang='lat' dir='ltr'><strong>:rita</strong></span> <span class='ocrx_word' id='word_1_507' title='bbox 1570 557 1641 577; x_wconf 92' lang='lat' dir='ltr'><strong>nunc</strong></span> <span class='ocrx_word' id='word_1_508' title='bbox 1653 558 1758 586; x_wconf 89' lang='lat' dir='ltr'><strong>quoque</strong></span> <span class='ocrx_word' id='word_1_509' title='bbox 1768 572 1776 584; x_wconf 88' lang='lat'><strong>.</strong></span> 
     </span>
    </p>
   </div>
   <div class='ocr_carea' id='block_1_71' title="bbox 991 594 1777 632">
    <p class='ocr_par' dir='ltr' id='par_1_71' title="bbox 991 594 1777 632">
     <span class='ocr_line' id='line_1_71' title="bbox 991 594 1777 632; baseline 0.006 -12"><span class='ocrx_word' id='word_1_510' title='bbox 991 594 1035 629; x_wconf 89' lang='lat' dir='ltr'><strong>qui</strong></span> <span class='ocrx_word' id='word_1_511' title='bbox 1059 602 1109 621; x_wconf 89' lang='lat' dir='ltr'><strong>non</strong></span> <span class='ocrx_word' id='word_1_512' title='bbox 1127 599 1249 629; x_wconf 81' lang='lat' dir='ltr'><strong>poterant</strong></span> <span class='ocrx_word' id='word_1_513' title='bbox 1268 595 1396 623; x_wconf 80' lang='lat' dir='ltr'><strong>accedere</strong></span> <span class='ocrx_word' id='word_1_514' title='bbox 1405 599 1559 630; x_wconf 49' lang='lat' dir='ltr'><strong>Jamque»:</strong></span> <span class='ocrx_word' id='word_1_515' title='bbox 1572 596 1685 631; x_wconf 83' lang='lat' dir='ltr'><strong>aliquam</strong></span> <span class='ocrx_word' id='word_1_516' title='bbox 1701 598 1777 632; x_wconf 86' lang='lat' dir='ltr'><strong>spiri-</strong></span> 
     </span>
    </p>
   </div>
   <div class='ocr_carea' id='block_1_72' title="bbox 992 639 1777 675">
    <p class='ocr_par' dir='ltr' id='par_1_72' title="bbox 992 639 1777 675">
     <span class='ocr_line' id='line_1_72' title="bbox 992 639 1777 675; baseline 0.005 -9"><span class='ocrx_word' id='word_1_517' title='bbox 992 639 1089 667; x_wconf 91' lang='lat' dir='ltr'><strong>tualem</strong></span> <span class='ocrx_word' id='word_1_518' title='bbox 1111 639 1221 674; x_wconf 82' lang='lat' dir='ltr'><strong>gloriam</strong></span> <span class='ocrx_word' id='word_1_519' title='bbox 1231 648 1245 667; x_wconf 91' lang='lat' dir='ltr'><strong>a</strong></span> <span class='ocrx_word' id='word_1_520' title='bbox 1269 645 1361 668; x_wconf 87' lang='lat' dir='ltr'><strong>sancto</strong></span> <span class='ocrx_word' id='word_1_521' title='bbox 1375 640 1428 668; x_wconf 80' lang='lat' dir='ltr'><strong>illo</strong></span> <span class='ocrx_word' id='word_1_522' title='bbox 1443 641 1529 675; x_wconf 78' lang='lat' dir='ltr'><strong>capite</strong></span> <span class='ocrx_word' id='word_1_523' title='bbox 1550 641 1673 669; x_wconf 84' lang='lat' dir='ltr'><strong>emissam</strong></span> <span class='ocrx_word' id='word_1_524' title='bbox 1683 663 1690 675; x_wconf 95' lang='lat'><strong>,</strong></span> <span class='ocrx_word' id='word_1_525' title='bbox 1704 647 1730 670; x_wconf 90' lang='lat' dir='ltr'><strong>ct</strong></span> <span class='ocrx_word' id='word_1_526' title='bbox 1744 642 1777 670; x_wconf 90' lang='lat' dir='ltr'><strong>ad</strong></span> 
     </span>
    </p>
   </div>
   <div class='ocr_carea' id='block_1_73' title="bbox 991 685 1776 721">
    <p class='ocr_par' dir='ltr' id='par_1_73' title="bbox 991 685 1776 721">
     <span class='ocr_line' id='line_1_73' title="bbox 991 685 1776 721; baseline 0.004 -9"><span class='ocrx_word' id='word_1_527' title='bbox 991 692 1053 716; x_wconf 88' lang='lat' dir='ltr'><strong>eos,</strong></span> <span class='ocrx_word' id='word_1_528' title='bbox 1069 685 1112 720; x_wconf 88' lang='lat' dir='ltr'><strong>qui</strong></span> <span class='ocrx_word' id='word_1_529' title='bbox 1124 686 1276 720; x_wconf 82' lang='lat' dir='ltr'><strong>longissime</strong></span> <span class='ocrx_word' id='word_1_530' title='bbox 1286 686 1412 719; x_wconf 81' lang='lat' dir='ltr'><strong>aberant,</strong></span> <span class='ocrx_word' id='word_1_531' title='bbox 1423 686 1611 721; x_wconf 88' lang='lat' dir='ltr'><strong>pervadentem</strong></span> <span class='ocrx_word' id='word_1_532' title='bbox 1621 688 1776 720; x_wconf 89' lang='lat' dir='ltr'><strong>sentientes,</strong></span> 
     </span>
    </p>
   </div>
   <div class='ocr_carea' id='block_1_74' title="bbox 991 729 1779 767">
    <p class='ocr_par' dir='ltr' id='par_1_74' title="bbox 991 729 1779 767">
     <span class='ocr_line' id='line_1_74' title="bbox 991 729 1779 767; baseline 0.005 -11"><span class='ocrx_word' id='word_1_533' title='bbox 991 730 1071 757; x_wconf 90' lang='lat' dir='ltr'><strong>etiam</strong></span> <span class='ocrx_word' id='word_1_534' title='bbox 1085 729 1120 757; x_wconf 90' lang='lat' dir='ltr'><strong>ab</strong></span> <span class='ocrx_word' id='word_1_535' title='bbox 1131 737 1180 762; x_wconf 88' lang='lat' dir='ltr'><strong>eo,</strong></span> <span class='ocrx_word' id='word_1_536' title='bbox 1195 730 1267 757; x_wconf 87' lang='lat' dir='ltr'><strong>omni</strong></span> <span class='ocrx_word' id='word_1_537' title='bbox 1281 730 1464 759; x_wconf 84' lang='lat' dir='ltr'><strong>benedictione</strong></span> <span class='ocrx_word' id='word_1_538' title='bbox 1477 738 1510 759; x_wconf 84' lang='lat' dir='ltr'><strong>ex</strong></span> <span class='ocrx_word' id='word_1_539' title='bbox 1532 731 1590 759; x_wconf 87' lang='lat' dir='ltr'><strong>solo</strong></span> <span class='ocrx_word' id='word_1_540' title='bbox 1603 736 1710 767; x_wconf 89' lang='lat' dir='ltr'><strong>aspectu</strong></span> <span class='ocrx_word' id='word_1_541' title='bbox 1732 740 1779 761; x_wconf 76' lang='lat' dir='ltr'><strong>re-</strong></span> 
     </span>
    </p>
   </div>
   <div class='ocr_carea' id='block_1_75' title="bbox 991 774 1380 809">
    <p class='ocr_par' dir='ltr' id='par_1_75' title="bbox 991 774 1380 809">
     <span class='ocr_line' id='line_1_75' title="bbox 991 774 1380 809; baseline 0.003 -8"><span class='ocrx_word' id='word_1_542' title='bbox 991 774 1054 809; x_wconf 88' lang='lat' dir='ltr'><strong>pleti</strong></span> <span class='ocrx_word' id='word_1_543' title='bbox 1065 795 1074 808; x_wconf 95' lang='lat'><strong>,</strong></span> <span class='ocrx_word' id='word_1_544' title='bbox 1091 782 1186 802; x_wconf 90' lang='lat' dir='ltr'><strong>omnes</strong></span> <span class='ocrx_word' id='word_1_545' title='bbox 1198 775 1380 803; x_wconf 84' lang='lat' dir='ltr'><strong>discedebant.</strong></span> 
     </span>
    </p>
   </div>
   <div class='ocr_carea' id='block_1_76' title="bbox 1025 821 1778 850">
    <p class='ocr_par' dir='ltr' id='par_1_76' title="bbox 1025 821 1778 850">
     <span class='ocr_line' id='line_1_76' title="bbox 1025 821 1778 850; baseline 0.003 -2"><span class='ocrx_word' id='word_1_546' title='bbox 1025 821 1052 849; x_wconf 77' lang='lat'><strong>3.</strong></span> <span class='ocrx_word' id='word_1_547' title='bbox 1073 821 1138 849; x_wconf 88' lang='lat' dir='ltr'><strong>Cum</strong></span> <span class='ocrx_word' id='word_1_548' title='bbox 1153 826 1240 849; x_wconf 88' lang='lat' dir='ltr'><strong>autem</strong></span> <span class='ocrx_word' id='word_1_549' title='bbox 1255 821 1341 849; x_wconf 88' lang='lat' dir='ltr'><strong>visum</strong></span> <span class='ocrx_word' id='word_1_550' title='bbox 1363 825 1435 849; x_wconf 86' lang='lat' dir='ltr'><strong>esset</strong></span> <span class='ocrx_word' id='word_1_551' title='bbox 1447 822 1581 850; x_wconf 91' lang='lat' dir='ltr'><strong>communi</strong></span> <span class='ocrx_word' id='word_1_552' title='bbox 1605 822 1659 850; x_wconf 88' lang='lat' dir='ltr'><strong>Deo</strong></span> <span class='ocrx_word' id='word_1_553' title='bbox 1673 822 1778 850; x_wconf 69' lang='lat' dir='ltr'><strong>univer-</strong></span> 
     </span>
    </p>
   </div>
   <div class='ocr_carea' id='block_1_77' title="bbox 990 867 1777 902">
    <p class='ocr_par' dir='ltr' id='par_1_77' title="bbox 990 867 1777 902">
     <span class='ocr_line' id='line_1_77' title="bbox 990 867 1777 902; baseline 0.003 -9"><span class='ocrx_word' id='word_1_554' title='bbox 990 873 1080 894; x_wconf 89' lang='lat' dir='ltr'><strong>sorum</strong></span> <span class='ocrx_word' id='word_1_555' title='bbox 1093 874 1155 894; x_wconf 82' lang='lat' dir='ltr'><strong>eum</strong></span> <span class='ocrx_word' id='word_1_556' title='bbox 1168 874 1266 894; x_wconf 66' lang='lat' dir='ltr'><strong>uocare</strong></span> <span class='ocrx_word' id='word_1_557' title='bbox 1277 875 1310 894; x_wconf 85' lang='lat' dir='ltr'><strong>ex</strong></span> <span class='ocrx_word' id='word_1_558' title='bbox 1320 867 1373 894; x_wconf 84' lang='lat' dir='ltr'><strong>vita</strong></span> <span class='ocrx_word' id='word_1_559' title='bbox 1388 867 1514 902; x_wconf 64' lang='lat' dir='ltr'><strong>presenti</strong></span> <span class='ocrx_word' id='word_1_560' title='bbox 1523 872 1551 895; x_wconf 91' lang='lat' dir='ltr'><strong>et</strong></span> <span class='ocrx_word' id='word_1_561' title='bbox 1565 867 1591 895; x_wconf 90' lang='lat' dir='ltr'><strong>in</strong></span> <span class='ocrx_word' id='word_1_562' title='bbox 1605 867 1716 895; x_wconf 89' lang='lat' dir='ltr'><strong>chorum</strong></span> <span class='ocrx_word' id='word_1_563' title='bbox 1731 875 1777 895; x_wconf 88' lang='lat' dir='ltr'><strong>an-</strong></span> 
     </span>
    </p>
   </div>
   <div class='ocr_carea' id='block_1_78' title="bbox 990 912 1778 948">
    <p class='ocr_par' dir='ltr' id='par_1_78' title="bbox 990 912 1778 948">
     <span class='ocr_line' id='line_1_78' title="bbox 990 912 1778 948; baseline 0.001 -8"><span class='ocrx_word' id='word_1_564' title='bbox 990 913 1110 948; x_wconf 75' lang='lat' dir='ltr'><strong>gelorum</strong></span> <span class='ocrx_word' id='word_1_565' title='bbox 1135 912 1246 946; x_wconf 81' lang='lat' dir='ltr'><strong>referre,</strong></span> <span class='ocrx_word' id='word_1_566' title='bbox 1261 920 1294 940; x_wconf 87' lang='lat' dir='ltr'><strong>ne</strong></span> <span class='ocrx_word' id='word_1_567' title='bbox 1309 912 1361 940; x_wconf 89' lang='lat' dir='ltr'><strong>hoc</strong></span> <span class='ocrx_word' id='word_1_568' title='bbox 1372 912 1479 948; x_wconf 90' lang='lat' dir='ltr'><strong>quidem</strong></span> <span class='ocrx_word' id='word_1_569' title='bbox 1493 912 1588 940; x_wconf 87' lang='lat' dir='ltr'><strong>factum</strong></span> <span class='ocrx_word' id='word_1_570' title='bbox 1601 917 1642 940; x_wconf 89' lang='lat' dir='ltr'><strong>est</strong></span> <span class='ocrx_word' id='word_1_571' title='bbox 1657 918 1757 941; x_wconf 89' lang='lat' dir='ltr'><strong>temere</strong></span> <span class='ocrx_word' id='word_1_572' title='bbox 1768 933 1778 946; x_wconf 85' lang='lat'><strong>,</strong></span> 
     </span>
    </p>
   </div>
   <div class='ocr_carea' id='block_1_79' title="bbox 990 959 1779 994">
    <p class='ocr_par' dir='ltr' id='par_1_79' title="bbox 990 959 1779 994">
     <span class='ocr_line' id='line_1_79' title="bbox 990 959 1779 994; baseline 0.001 -8"><span class='ocrx_word' id='word_1_573' title='bbox 990 959 1039 987; x_wconf 87' lang='lat' dir='ltr'><strong>sed</strong></span> <span class='ocrx_word' id='word_1_574' title='bbox 1059 960 1144 994; x_wconf 90' lang='lat' dir='ltr'><strong>ipsum</strong></span> <span class='ocrx_word' id='word_1_575' title='bbox 1161 959 1269 994; x_wconf 90' lang='lat' dir='ltr'><strong>quidem</strong></span> <span class='ocrx_word' id='word_1_576' title='bbox 1289 963 1385 987; x_wconf 90' lang='lat' dir='ltr'><strong>vocant</strong></span> <span class='ocrx_word' id='word_1_577' title='bbox 1411 959 1494 986; x_wconf 70' lang='lat' dir='ltr'><strong>literae</strong></span> <span class='ocrx_word' id='word_1_578' title='bbox 1521 959 1700 994; x_wconf 86' lang='lat' dir='ltr'><strong>Imperatoris,</strong></span> <span class='ocrx_word' id='word_1_579' title='bbox 1714 967 1779 987; x_wconf 86' lang='lat' dir='ltr'><strong>cum</strong></span> 
     </span>
    </p>
   </div>
   <div class='ocr_carea' id='block_1_80' title="bbox 991 1005 1779 1041">
    <p class='ocr_par' dir='ltr' id='par_1_80' title="bbox 991 1005 1779 1041">
     <span class='ocr_line' id='line_1_80' title="bbox 991 1005 1779 1041; baseline -0.001 -8"><span class='ocrx_word' id='word_1_580' title='bbox 991 1006 1060 1034; x_wconf 79' lang='lat' dir='ltr'><strong>Deus</strong></span> <span class='ocrx_word' id='word_1_581' title='bbox 1075 1006 1202 1034; x_wconf 88' lang='lat' dir='ltr'><strong>movisset</strong></span> <span class='ocrx_word' id='word_1_582' title='bbox 1214 1006 1414 1041; x_wconf 86' lang='lat' dir='ltr'><strong>imperatorem.</strong></span> <span class='ocrx_word' id='word_1_583' title='bbox 1431 1005 1534 1033; x_wconf 82' lang='lat' dir='ltr'><strong>Vocant</strong></span> <span class='ocrx_word' id='word_1_584' title='bbox 1547 1013 1612 1032; x_wconf 88' lang='lat' dir='ltr'><strong>vero</strong></span> <span class='ocrx_word' id='word_1_585' title='bbox 1624 1006 1709 1040; x_wconf 89' lang='lat' dir='ltr'><strong>ipsum</strong></span> <span class='ocrx_word' id='word_1_586' title='bbox 1723 1013 1779 1033; x_wconf 87' lang='lat' dir='ltr'><strong>non</strong></span> 
     </span>
    </p>
   </div>
   <div class='ocr_carea' id='block_1_81' title="bbox 990 1050 1780 1086">
    <p class='ocr_par' dir='ltr' id='par_1_81' title="bbox 990 1050 1780 1086">
     <span class='ocr_line' id='line_1_81' title="bbox 990 1050 1780 1086; baseline -0.001 -8"><span class='ocrx_word' id='word_1_587' title='bbox 990 1053 1016 1079; x_wconf 87' lang='lat' dir='ltr'><strong>in</strong></span> <span class='ocrx_word' id='word_1_588' title='bbox 1031 1052 1205 1086; x_wconf 89' lang='lat' dir='ltr'><strong>propinquum</strong></span> <span class='ocrx_word' id='word_1_589' title='bbox 1220 1051 1318 1084; x_wconf 88' lang='lat' dir='ltr'><strong>locum,</strong></span> <span class='ocrx_word' id='word_1_590' title='bbox 1331 1051 1378 1079; x_wconf 90' lang='lat' dir='ltr'><strong>sed</strong></span> <span class='ocrx_word' id='word_1_591' title='bbox 1394 1051 1420 1078; x_wconf 90' lang='lat' dir='ltr'><strong>in</strong></span> <span class='ocrx_word' id='word_1_592' title='bbox 1435 1050 1518 1084; x_wconf 86' lang='lat' dir='ltr'><strong>ipsam</strong></span> <span class='ocrx_word' id='word_1_593' title='bbox 1532 1050 1670 1078; x_wconf 87' lang='lat' dir='ltr'><strong>Thraciam</strong></span> <span class='ocrx_word' id='word_1_594' title='bbox 1685 1059 1692 1077; x_wconf 92' lang='lat'>:</span> <span class='ocrx_word' id='word_1_595' title='bbox 1709 1055 1738 1078; x_wconf 91' lang='lat' dir='ltr'><strong>ut</strong></span> <span class='ocrx_word' id='word_1_596' title='bbox 1751 1055 1780 1078; x_wconf 87' lang='lat' dir='ltr'><strong>et</strong></span> 
     </span>
    </p>
   </div>
   <div class='ocr_carea' id='block_1_82' title="bbox 990 1095 1780 1132">
    <p class='ocr_par' dir='ltr' id='par_1_82' title="bbox 990 1095 1780 1132">
     <span class='ocr_line' id='line_1_82' title="bbox 990 1095 1780 1132; baseline -0.001 -7"><span class='ocrx_word' id='word_1_597' title='bbox 990 1097 1102 1130; x_wconf 63' lang='lat' dir='ltr'><strong>Galalzt‘,</strong></span> <span class='ocrx_word' id='word_1_598' title='bbox 1127 1101 1154 1124; x_wconf 93' lang='lat' dir='ltr'><strong>et</strong></span> <span class='ocrx_word' id='word_1_599' title='bbox 1164 1097 1282 1132; x_wconf 80' lang='lat' dir='ltr'><strong>Bithyni,</strong></span> <span class='ocrx_word' id='word_1_600' title='bbox 1304 1101 1332 1124; x_wconf 91' lang='lat' dir='ltr'><strong>et</strong></span> <span class='ocrx_word' id='word_1_601' title='bbox 1352 1096 1466 1129; x_wconf 83' lang='lat' dir='ltr'><strong>Cilices,</strong></span> <span class='ocrx_word' id='word_1_602' title='bbox 1487 1101 1515 1124; x_wconf 88' lang='lat' dir='ltr'><strong>et</strong></span> <span class='ocrx_word' id='word_1_603' title='bbox 1537 1095 1725 1131; x_wconf 82' lang='lat' dir='ltr'><strong>Cappadoces.</strong></span> <span class='ocrx_word' id='word_1_604' title='bbox 1751 1100 1780 1124; x_wconf 85' lang='lat' dir='ltr'><strong>et</strong></span> 
     </span>
    </p>
   </div>
   <div class='ocr_carea' id='block_1_83' title="bbox 989 1141 1777 1177">
    <p class='ocr_par' dir='ltr' id='par_1_83' title="bbox 989 1141 1777 1177">
     <span class='ocr_line' id='line_1_83' title="bbox 989 1141 1777 1177; baseline 0 -7"><span class='ocrx_word' id='word_1_605' title='bbox 989 1150 1094 1174; x_wconf 88' lang='lat' dir='ltr'><strong>omnes,</strong></span> <span class='ocrx_word' id='word_1_606' title='bbox 1110 1143 1155 1177; x_wconf 91' lang='lat' dir='ltr'><strong>qui</strong></span> <span class='ocrx_word' id='word_1_607' title='bbox 1177 1142 1297 1170; x_wconf 76' lang='lat' dir='ltr'><strong>Thracia:</strong></span> <span class='ocrx_word' id='word_1_608' title='bbox 1322 1142 1422 1170; x_wconf 86' lang='lat' dir='ltr'><strong>vicinas</strong></span> <span class='ocrx_word' id='word_1_609' title='bbox 1443 1141 1566 1177; x_wconf 77' lang='lat' dir='ltr'><strong>regiones</strong></span> <span class='ocrx_word' id='word_1_610' title='bbox 1579 1141 1712 1173; x_wconf 88' lang='lat' dir='ltr'><strong>habitant,</strong></span> <span class='ocrx_word' id='word_1_611' title='bbox 1727 1149 1777 1170; x_wconf 89' lang='lat' dir='ltr'><strong>no-</strong></span> 
     </span>
    </p>
   </div>
   <div class='ocr_carea' id='block_1_84' title="bbox 990 1188 1779 1224">
    <p class='ocr_par' dir='ltr' id='par_1_84' title="bbox 990 1188 1779 1224">
     <span class='ocr_line' id='line_1_84' title="bbox 990 1188 1779 1224; baseline -0.003 -8"><span class='ocrx_word' id='word_1_612' title='bbox 990 1193 1045 1216; x_wconf 84' lang='lat' dir='ltr'><strong>stra</strong></span> <span class='ocrx_word' id='word_1_613' title='bbox 1061 1189 1129 1216; x_wconf 84' lang='lat' dir='ltr'><strong>bona</strong></span> <span class='ocrx_word' id='word_1_614' title='bbox 1149 1193 1341 1224; x_wconf 84' lang='lat' dir='ltr'><strong>cognoscerent</strong></span> <span class='ocrx_word' id='word_1_615' title='bbox 1355 1195 1362 1215; x_wconf 92' lang='lat'><strong>:</strong></span> <span class='ocrx_word' id='word_1_616' title='bbox 1377 1193 1406 1216; x_wconf 88' lang='lat' dir='ltr'><strong>ut</strong></span> <span class='ocrx_word' id='word_1_617' title='bbox 1419 1188 1464 1223; x_wconf 89' lang='lat' dir='ltr'><strong>qui</strong></span> <span class='ocrx_word' id='word_1_618' title='bbox 1487 1192 1565 1216; x_wconf 86' lang='lat' dir='ltr'><strong>erant</strong></span> <span class='ocrx_word' id='word_1_619' title='bbox 1585 1188 1680 1223; x_wconf 88' lang='lat' dir='ltr'><strong>ubique</strong></span> <span class='ocrx_word' id='word_1_620' title='bbox 1695 1194 1779 1216; x_wconf 86' lang='lat' dir='ltr'><strong>terra-</strong></span> 
     </span>
    </p>
   </div>
   <div class='ocr_carea' id='block_1_85' title="bbox 991 1233 1779 1269">
    <p class='ocr_par' dir='ltr' id='par_1_85' title="bbox 991 1233 1779 1269">
     <span class='ocr_line' id='line_1_85' title="bbox 991 1233 1779 1269; baseline -0.001 -8"><span class='ocrx_word' id='word_1_621' title='bbox 991 1242 1050 1261; x_wconf 90' lang='lat' dir='ltr'><strong>rum</strong></span> <span class='ocrx_word' id='word_1_622' title='bbox 1062 1234 1191 1268; x_wconf 88' lang='lat' dir='ltr'><strong>episcopi,</strong></span> <span class='ocrx_word' id='word_1_623' title='bbox 1205 1238 1339 1269; x_wconf 89' lang='lat' dir='ltr'><strong>tamquam</strong></span> <span class='ocrx_word' id='word_1_624' title='bbox 1361 1233 1387 1261; x_wconf 89' lang='lat' dir='ltr'><strong>in</strong></span> <span class='ocrx_word' id='word_1_625' title='bbox 1400 1234 1572 1269; x_wconf 85' lang='lat' dir='ltr'><strong>archetypum</strong></span> <span class='ocrx_word' id='word_1_626' title='bbox 1586 1234 1721 1268; x_wconf 78' lang='lat' dir='ltr'><strong>exemplar</strong></span> <span class='ocrx_word' id='word_1_627' title='bbox 1730 1254 1738 1265; x_wconf 91' lang='lat'><strong>,</strong></span> <span class='ocrx_word' id='word_1_628' title='bbox 1752 1234 1779 1261; x_wconf 94' lang='lat' dir='ltr'><strong>in</strong></span> 
     </span>
    </p>
   </div>
   <div class='ocr_carea' id='block_1_86' title="bbox 992 1279 1781 1314">
    <p class='ocr_par' dir='ltr' id='par_1_86' title="bbox 992 1279 1781 1314">
     <span class='ocr_line' id='line_1_86' title="bbox 992 1279 1781 1314; baseline -0.001 -8"><span class='ocrx_word' id='word_1_629' title='bbox 992 1279 1064 1306; x_wconf 90' lang='lat' dir='ltr'><strong>illius</strong></span> <span class='ocrx_word' id='word_1_630' title='bbox 1078 1279 1245 1307; x_wconf 86' lang='lat' dir='ltr'><strong>sanctitatem</strong></span> <span class='ocrx_word' id='word_1_631' title='bbox 1260 1280 1402 1312; x_wconf 84' lang='lat' dir='ltr'><strong>intuentes.</strong></span> <span class='ocrx_word' id='word_1_632' title='bbox 1411 1284 1439 1307; x_wconf 88' lang='lat' dir='ltr'><strong>et</strong></span> <span class='ocrx_word' id='word_1_633' title='bbox 1447 1283 1568 1314; x_wconf 88' lang='lat' dir='ltr'><strong>apertum</strong></span> <span class='ocrx_word' id='word_1_634' title='bbox 1582 1279 1732 1313; x_wconf 78' lang='lat' dir='ltr'><strong>exemplum</strong></span> <span class='ocrx_word' id='word_1_635' title='bbox 1744 1279 1781 1306; x_wconf 79' lang='lat' dir='ltr'><strong>ab</strong></span> 
     </span>
    </p>
   </div>
   <div class='ocr_carea' id='block_1_87' title="bbox 990 1324 1780 1360">
    <p class='ocr_par' dir='ltr' id='par_1_87' title="bbox 990 1324 1780 1360">
     <span class='ocr_line' id='line_1_87' title="bbox 990 1324 1780 1360; baseline 0.001 -8"><span class='ocrx_word' id='word_1_636' title='bbox 990 1333 1024 1353; x_wconf 91' lang='lat' dir='ltr'><strong>co</strong></span> <span class='ocrx_word' id='word_1_637' title='bbox 1033 1325 1204 1360; x_wconf 87' lang='lat' dir='ltr'><strong>accipientes,</strong></span> <span class='ocrx_word' id='word_1_638' title='bbox 1213 1325 1254 1353; x_wconf 88' lang='lat' dir='ltr'><strong>sui</strong></span> <span class='ocrx_word' id='word_1_639' title='bbox 1263 1325 1289 1352; x_wconf 92' lang='lat' dir='ltr'><strong>in</strong></span> <span class='ocrx_word' id='word_1_640' title='bbox 1302 1325 1353 1353; x_wconf 92' lang='lat' dir='ltr'><strong>hoc</strong></span> <span class='ocrx_word' id='word_1_641' title='bbox 1359 1332 1470 1353; x_wconf 85' lang='lat' dir='ltr'><strong>munere</strong></span> <span class='ocrx_word' id='word_1_642' title='bbox 1476 1324 1556 1352; x_wconf 86' lang='lat' dir='ltr'><strong>officii</strong></span> <span class='ocrx_word' id='word_1_643' title='bbox 1568 1325 1741 1353; x_wconf 86' lang='lat' dir='ltr'><strong>certissimam</strong></span> <span class='ocrx_word' id='word_1_644' title='bbox 1751 1329 1780 1353; x_wconf 86' lang='lat' dir='ltr'><strong>et</strong></span> 
     </span>
    </p>
   </div>
   <div class='ocr_carea' id='block_1_88' title="bbox 991 1369 1779 1405">
    <p class='ocr_par' dir='ltr' id='par_1_88' title="bbox 991 1369 1779 1405">
     <span class='ocr_line' id='line_1_88' title="bbox 991 1369 1779 1405; baseline -0.003 -7"><span class='ocrx_word' id='word_1_645' title='bbox 991 1370 1165 1398; x_wconf 75' lang='lat' dir='ltr'><strong>clarissimam</strong></span> <span class='ocrx_word' id='word_1_646' title='bbox 1180 1370 1309 1398; x_wconf 86' lang='lat' dir='ltr'><strong>baberent</strong></span> <span class='ocrx_word' id='word_1_647' title='bbox 1329 1369 1684 1405; x_wconf 79' lang='lat' dir='ltr'><strong>regulam,quemadmodum</strong></span> <span class='ocrx_word' id='word_1_648' title='bbox 1697 1377 1779 1404; x_wconf 79' lang='lat' dir='ltr'><strong>opor-</strong></span> 
     </span>
    </p>
   </div>
   <div class='ocr_carea' id='block_1_89' title="bbox 991 1415 1780 1451">
    <p class='ocr_par' dir='ltr' id='par_1_89' title="bbox 991 1415 1780 1451">
     <span class='ocr_line' id='line_1_89' title="bbox 991 1415 1780 1451; baseline -0.003 -8"><span class='ocrx_word' id='word_1_649' title='bbox 991 1420 1045 1444; x_wconf 84' lang='lat' dir='ltr'><strong>teat</strong></span> <span class='ocrx_word' id='word_1_650' title='bbox 1058 1415 1244 1443; x_wconf 87' lang='lat' dir='ltr'><strong>administrare</strong></span> <span class='ocrx_word' id='word_1_651' title='bbox 1259 1416 1290 1444; x_wconf 85' lang='lat' dir='ltr'><strong>&#39;et</strong></span> <span class='ocrx_word' id='word_1_652' title='bbox 1309 1423 1402 1451; x_wconf 83' lang='lat' dir='ltr'><strong>regere</strong></span> <span class='ocrx_word' id='word_1_653' title='bbox 1422 1415 1565 1442; x_wconf 83' lang='lat' dir='ltr'><strong>Ecclesias.</strong></span> <span class='ocrx_word' id='word_1_654' title='bbox 1584 1415 1649 1442; x_wconf 83' lang='lat' dir='ltr'><strong>Nam</strong></span> <span class='ocrx_word' id='word_1_655' title='bbox 1673 1420 1780 1450; x_wconf 67' lang='lat' dir='ltr'><strong>propter</strong></span> 
     </span>
    </p>
   </div>
   <div class='ocr_carea' id='block_1_90' title="bbox 991 1460 1779 1496">
    <p class='ocr_par' dir='ltr' id='par_1_90' title="bbox 991 1460 1779 1496">
     <span class='ocr_line' id='line_1_90' title="bbox 991 1460 1779 1496; baseline 0 -8"><span class='ocrx_word' id='word_1_656' title='bbox 991 1461 1064 1488; x_wconf 80' lang='lat' dir='ltr'><strong>urbis</strong></span> <span class='ocrx_word' id='word_1_657' title='bbox 1086 1461 1304 1496; x_wconf 81' lang='lat' dir='ltr'><strong>magnitudinem,</strong></span> <span class='ocrx_word' id='word_1_658' title='bbox 1319 1466 1346 1488; x_wconf 88' lang='lat' dir='ltr'><strong>et</strong></span> <span class='ocrx_word' id='word_1_659' title='bbox 1367 1460 1437 1495; x_wconf 85' lang='lat' dir='ltr'><strong>quod</strong></span> <span class='ocrx_word' id='word_1_660' title='bbox 1457 1460 1510 1488; x_wconf 93' lang='lat' dir='ltr'><strong>illic</strong></span> <span class='ocrx_word' id='word_1_661' title='bbox 1537 1460 1666 1488; x_wconf 79' lang='lat' dir='ltr'><strong>resideret</strong></span> <span class='ocrx_word' id='word_1_662' title='bbox 1693 1461 1779 1495; x_wconf 74' lang='lat' dir='ltr'><strong>Impe-</strong></span> 
     </span>
    </p>
   </div>
   <div class='ocr_carea' id='block_1_91' title="bbox 991 1506 1779 1539">
    <p class='ocr_par' dir='ltr' id='par_1_91' title="bbox 991 1506 1779 1539">
     <span class='ocr_line' id='line_1_91' title="bbox 991 1506 1779 1539; baseline 0.001 -6"><span class='ocrx_word' id='word_1_663' title='bbox 991 1512 1074 1539; x_wconf 56' lang='lat' dir='ltr'><strong>ratort</strong></span> <span class='ocrx_word' id='word_1_664' title='bbox 1095 1506 1171 1534; x_wconf 91' lang='lat' dir='ltr'><strong>multi</strong></span> <span class='ocrx_word' id='word_1_665' title='bbox 1196 1514 1228 1534; x_wconf 88' lang='lat' dir='ltr'><strong>ex</strong></span> <span class='ocrx_word' id='word_1_666' title='bbox 1252 1506 1341 1534; x_wconf 90' lang='lat' dir='ltr'><strong>multis</strong></span> <span class='ocrx_word' id='word_1_667' title='bbox 1361 1506 1428 1534; x_wconf 89' lang='lat' dir='ltr'><strong>locis</strong></span> <span class='ocrx_word' id='word_1_668' title='bbox 1451 1506 1523 1533; x_wconf 90' lang='lat' dir='ltr'><strong>orbis</strong></span> <span class='ocrx_word' id='word_1_669' title='bbox 1548 1511 1625 1533; x_wconf 69' lang='lat' dir='ltr'><strong>terra:</strong></span> <span class='ocrx_word' id='word_1_670' title='bbox 1641 1506 1703 1534; x_wconf 87' lang='lat' dir='ltr'><strong>illuc</strong></span> <span class='ocrx_word' id='word_1_671' title='bbox 1718 1511 1779 1534; x_wconf 89' lang='lat' dir='ltr'><strong>tunc</strong></span> 
     </span>
    </p>
   </div>
   <div class='ocr_carea' id='block_1_92' title="bbox 990 1550 1778 1587">
    <p class='ocr_par' dir='ltr' id='par_1_92' title="bbox 990 1550 1778 1587">
     <span class='ocr_line' id='line_1_92' title="bbox 990 1550 1778 1587; baseline 0 -8"><span class='ocrx_word' id='word_1_672' title='bbox 990 1552 1160 1579; x_wconf 84' lang='lat' dir='ltr'><strong>confluebant</strong></span> <span class='ocrx_word' id='word_1_673' title='bbox 1182 1561 1189 1579; x_wconf 87' lang='lat'><strong>:</strong></span> <span class='ocrx_word' id='word_1_674' title='bbox 1211 1551 1328 1587; x_wconf 88' lang='lat' dir='ltr'><strong>episcopi</strong></span> <span class='ocrx_word' id='word_1_675' title='bbox 1359 1557 1446 1579; x_wconf 89' lang='lat' dir='ltr'><strong>autem</strong></span> <span class='ocrx_word' id='word_1_676' title='bbox 1486 1550 1680 1584; x_wconf 82' lang='lat' dir='ltr'><strong>Ecclesiarum,</strong></span> <span class='ocrx_word' id='word_1_677' title='bbox 1708 1552 1778 1587; x_wconf 87' lang='lat' dir='ltr'><strong>quod</strong></span> 
     </span>
    </p>
   </div>
   <div class='ocr_carea' id='block_1_93' title="bbox 991 1598 1781 1633">
    <p class='ocr_par' dir='ltr' id='par_1_93' title="bbox 991 1598 1781 1633">
     <span class='ocr_line' id='line_1_93' title="bbox 991 1598 1781 1633; baseline -0.001 -6"><span class='ocrx_word' id='word_1_678' title='bbox 991 1599 1116 1627; x_wconf 63' lang='lat' dir='ltr'><strong>Ecclesia:</strong></span> <span class='ocrx_word' id='word_1_679' title='bbox 1142 1606 1158 1626; x_wconf 92' lang='lat' dir='ltr'><strong>a</strong></span> <span class='ocrx_word' id='word_1_680' title='bbox 1185 1598 1264 1633; x_wconf 81' lang='lat' dir='ltr'><strong>longo</strong></span> <span class='ocrx_word' id='word_1_681' title='bbox 1280 1598 1351 1626; x_wconf 89' lang='lat' dir='ltr'><strong>bello</strong></span> <span class='ocrx_word' id='word_1_682' title='bbox 1375 1602 1403 1625; x_wconf 89' lang='lat' dir='ltr'><strong>et</strong></span> <span class='ocrx_word' id='word_1_683' title='bbox 1435 1602 1592 1632; x_wconf 88' lang='lat' dir='ltr'><strong>tempestate</strong></span> <span class='ocrx_word' id='word_1_684' title='bbox 1619 1598 1781 1632; x_wconf 83' lang='lat' dir='ltr'><strong>respirantes</strong></span> 
     </span>
    </p>
   </div>
   <div class='ocr_carea' id='block_1_94' title="bbox 991 1643 1780 1680">
    <p class='ocr_par' dir='ltr' id='par_1_94' title="bbox 991 1643 1780 1680">
     <span class='ocr_line' id='line_1_94' title="bbox 991 1643 1780 1680; baseline 0.001 -10"><span class='ocrx_word' id='word_1_685' title='bbox 991 1644 1147 1680; x_wconf 90' lang='lat' dir='ltr'><strong>principium</strong></span> <span class='ocrx_word' id='word_1_686' title='bbox 1163 1643 1233 1679; x_wconf 85' lang='lat' dir='ltr'><strong>pacis</strong></span> <span class='ocrx_word' id='word_1_687' title='bbox 1248 1647 1275 1670; x_wconf 90' lang='lat' dir='ltr'><strong>et</strong></span> <span class='ocrx_word' id='word_1_688' title='bbox 1293 1643 1486 1678; x_wconf 81' lang='lat' dir='ltr'><strong>tranquillitatis</strong></span> <span class='ocrx_word' id='word_1_689' title='bbox 1501 1643 1651 1677; x_wconf 82' lang='lat' dir='ltr'><strong>acciperent</strong></span> <span class='ocrx_word' id='word_1_690' title='bbox 1664 1663 1672 1676; x_wconf 83' lang='grc'><em>,</em></span> <span class='ocrx_word' id='word_1_691' title='bbox 1696 1643 1780 1671; x_wconf 79' lang='lat' dir='ltr'><strong>literis</strong></span> 
     </span>
    </p>
   </div>
   <div class='ocr_carea' id='block_1_95' title="bbox 992 1688 1779 1725">
    <p class='ocr_par' dir='ltr' id='par_1_95' title="bbox 992 1688 1779 1725">
     <span class='ocr_line' id='line_1_95' title="bbox 992 1688 1779 1725; baseline -0.003 -7"><span class='ocrx_word' id='word_1_692' title='bbox 992 1690 1161 1725; x_wconf 87' lang='lat' dir='ltr'><strong>Imperatoris</strong></span> <span class='ocrx_word' id='word_1_693' title='bbox 1177 1696 1270 1717; x_wconf 90' lang='lat' dir='ltr'><strong>omnes</strong></span> <span class='ocrx_word' id='word_1_694' title='bbox 1294 1689 1358 1716; x_wconf 91' lang='lat' dir='ltr'><strong>illuc</strong></span> <span class='ocrx_word' id='word_1_695' title='bbox 1381 1688 1552 1716; x_wconf 85' lang='lat' dir='ltr'><strong>vocabantur.</strong></span> <span class='ocrx_word' id='word_1_696' title='bbox 1569 1688 1643 1716; x_wconf 88' lang='lat' dir='ltr'><strong>Tunc</strong></span> <span class='ocrx_word' id='word_1_697' title='bbox 1657 1696 1721 1724; x_wconf 76' lang='lat' dir='ltr'><strong>ergo</strong></span> <span class='ocrx_word' id='word_1_698' title='bbox 1736 1689 1779 1717; x_wconf 80' lang='lat' dir='ltr'><strong>hic</strong></span> 
     </span>
    </p>
   </div>
   <div class='ocr_carea' id='block_1_96' title="bbox 989 1734 1781 1772">
    <p class='ocr_par' dir='ltr' id='par_1_96' title="bbox 989 1734 1781 1772">
     <span class='ocr_line' id='line_1_96' title="bbox 989 1734 1781 1772; baseline -0.001 -9"><span class='ocrx_word' id='word_1_699' title='bbox 989 1744 1094 1772; x_wconf 89' lang='lat' dir='ltr'><strong>quoque</strong></span> <span class='ocrx_word' id='word_1_700' title='bbox 1125 1740 1234 1763; x_wconf 88' lang='lat' dir='ltr'><strong>sanctus</strong></span> <span class='ocrx_word' id='word_1_701' title='bbox 1263 1734 1326 1762; x_wconf 91' lang='lat' dir='ltr'><strong>illuc</strong></span> <span class='ocrx_word' id='word_1_702' title='bbox 1346 1734 1457 1762; x_wconf 86' lang='lat' dir='ltr'><strong>accedit.</strong></span> <span class='ocrx_word' id='word_1_703' title='bbox 1484 1734 1523 1761; x_wconf 80' lang='lat' dir='ltr'><strong>Ac</strong></span> <span class='ocrx_word' id='word_1_704' title='bbox 1544 1734 1612 1761; x_wconf 89' lang='lat' dir='ltr'><strong>sicut</strong></span> <span class='ocrx_word' id='word_1_705' title='bbox 1639 1734 1665 1762; x_wconf 87' lang='lat' dir='ltr'><strong>in</strong></span> <span class='ocrx_word' id='word_1_706' title='bbox 1696 1734 1781 1762; x_wconf 83' lang='lat' dir='ltr'><strong>tribus</strong></span> 
     </span>
    </p>
   </div>
   <div class='ocr_carea' id='block_1_97' title="bbox 991 1779 1779 1817">
    <p class='ocr_par' dir='ltr' id='par_1_97' title="bbox 991 1779 1779 1817">
     <span class='ocr_line' id='line_1_97' title="bbox 991 1779 1779 1817; baseline 0 -9"><span class='ocrx_word' id='word_1_707' title='bbox 991 1782 1079 1817; x_wconf 89' lang='lat' dir='ltr'><strong>pueris</strong></span> <span class='ocrx_word' id='word_1_708' title='bbox 1093 1781 1199 1813; x_wconf 90' lang='lat' dir='ltr'><strong>accidit,</strong></span> <span class='ocrx_word' id='word_1_709' title='bbox 1212 1779 1318 1815; x_wconf 86' lang='lat' dir='ltr'><strong>quando</strong></span> <span class='ocrx_word' id='word_1_710' title='bbox 1330 1785 1406 1807; x_wconf 85' lang='lat' dir='ltr'><strong>erant</strong></span> <span class='ocrx_word' id='word_1_711' title='bbox 1419 1779 1551 1814; x_wconf 76' lang='lat' dir='ltr'><strong>pneconio</strong></span> <span class='ocrx_word' id='word_1_712' title='bbox 1571 1779 1740 1807; x_wconf 87' lang='lat' dir='ltr'><strong>renuntiandi</strong></span> <span class='ocrx_word' id='word_1_713' title='bbox 1751 1784 1779 1808; x_wconf 85' lang='lat' dir='ltr'><strong>et</strong></span> 
     </span>
    </p>
   </div>
   <div class='ocr_carea' id='block_1_98' title="bbox 989 1823 1778 1861">
    <p class='ocr_par' dir='ltr' id='par_1_98' title="bbox 989 1823 1778 1861">
     <span class='ocr_line' id='line_1_98' title="bbox 989 1823 1778 1861; baseline -0.004 -6"><span class='ocrx_word' id='word_1_714' title='bbox 989 1827 1152 1859; x_wconf 86' lang='lat' dir='ltr'><strong>coronandi,</strong></span> <span class='ocrx_word' id='word_1_715' title='bbox 1166 1826 1296 1853; x_wconf 81' lang='lat' dir='ltr'><strong>exstincta</strong></span> <span class='ocrx_word' id='word_1_716' title='bbox 1315 1826 1340 1852; x_wconf 88' lang='lat' dir='ltr'><strong>vi</strong></span> <span class='ocrx_word' id='word_1_717' title='bbox 1358 1825 1439 1860; x_wconf 77' lang='lat' dir='ltr'><strong>ignis,</strong></span> <span class='ocrx_word' id='word_1_718' title='bbox 1456 1823 1524 1852; x_wconf 88' lang='lat' dir='ltr'><strong>fastu</strong></span> <span class='ocrx_word' id='word_1_719' title='bbox 1546 1825 1649 1861; x_wconf 90' lang='lat' dir='ltr'><strong>tyranni</strong></span> <span class='ocrx_word' id='word_1_720' title='bbox 1671 1825 1778 1853; x_wconf 91' lang='lat' dir='ltr'><strong>concul-</strong></span> 
     </span>
    </p>
   </div>
   <div class='ocr_carea' id='block_1_99' title="bbox 989 1871 1780 1907">
    <p class='ocr_par' dir='ltr' id='par_1_99' title="bbox 989 1871 1780 1907">
     <span class='ocr_line' id='line_1_99' title="bbox 989 1871 1780 1907; baseline 0 -7"><span class='ocrx_word' id='word_1_721' title='bbox 989 1877 1066 1906; x_wconf 85' lang='lat' dir='ltr'><strong>cato,</strong></span> <span class='ocrx_word' id='word_1_722' title='bbox 1081 1873 1217 1900; x_wconf 89' lang='lat' dir='ltr'><strong>confutato</strong></span> <span class='ocrx_word' id='word_1_723' title='bbox 1229 1871 1301 1899; x_wconf 89' lang='lat' dir='ltr'><strong>omni</strong></span> <span class='ocrx_word' id='word_1_724' title='bbox 1315 1879 1414 1907; x_wconf 85' lang='lat' dir='ltr'><strong>genere</strong></span> <span class='ocrx_word' id='word_1_725' title='bbox 1432 1871 1587 1906; x_wconf 83' lang='lat' dir='ltr'><strong>impietatis,</strong></span> <span class='ocrx_word' id='word_1_726' title='bbox 1605 1879 1637 1899; x_wconf 80' lang='lat' dir='ltr'><strong>ex</strong></span> <span class='ocrx_word' id='word_1_727' title='bbox 1654 1872 1780 1900; x_wconf 64' lang='lat' dir='ltr'><strong>universae</strong></span> 
     </span>
    </p>
   </div>
   <div class='ocr_carea' id='block_1_100' title="bbox 989 1917 1778 1953">
    <p class='ocr_par' dir='ltr' id='par_1_100' title="bbox 989 1917 1778 1953">
     <span class='ocr_line' id='line_1_100' title="bbox 989 1917 1778 1953; baseline 0.001 -7"><span class='ocrx_word' id='word_1_728' title='bbox 989 1918 1055 1946; x_wconf 86' lang='lat' dir='ltr'><strong>orbe</strong></span> <span class='ocrx_word' id='word_1_729' title='bbox 1068 1923 1146 1946; x_wconf 75' lang='lat' dir='ltr'><strong>terra:</strong></span> <span class='ocrx_word' id='word_1_730' title='bbox 1159 1922 1235 1945; x_wconf 87' lang='lat' dir='ltr'><strong>erant</strong></span> <span class='ocrx_word' id='word_1_731' title='bbox 1247 1917 1286 1946; x_wconf 86' lang='lat' dir='ltr'><strong>eis</strong></span> <span class='ocrx_word' id='word_1_732' title='bbox 1298 1917 1448 1952; x_wconf 84' lang='lat' dir='ltr'><strong>congregati</strong></span> <span class='ocrx_word' id='word_1_733' title='bbox 1459 1921 1624 1952; x_wconf 85' lang='lat' dir='ltr'><strong>spectatores</strong></span> <span class='ocrx_word' id='word_1_734' title='bbox 1639 1926 1646 1945; x_wconf 92' lang='lat'><strong>:</strong></span> <span class='ocrx_word' id='word_1_735' title='bbox 1660 1926 1720 1946; x_wconf 90' lang='lat' dir='ltr'><strong>nam</strong></span> <span class='ocrx_word' id='word_1_736' title='bbox 1731 1919 1778 1953; x_wconf 87' lang='lat' dir='ltr'><strong>qui</strong></span> 
     </span>
    </p>
   </div>
   <div class='ocr_carea' id='block_1_101' title="bbox 989 1963 1778 2000">
    <p class='ocr_par' dir='ltr' id='par_1_101' title="bbox 989 1963 1778 2000">
     <span class='ocr_line' id='line_1_101' title="bbox 989 1963 1778 2000; baseline -0.001 -8"><span class='ocrx_word' id='word_1_737' title='bbox 989 1965 1086 2000; x_wconf 91' lang='lat' dir='ltr'><strong>ubique</strong></span> <span class='ocrx_word' id='word_1_738' title='bbox 1100 1971 1230 1992; x_wconf 81' lang='lat' dir='ltr'><strong>terrarum</strong></span> <span class='ocrx_word' id='word_1_739' title='bbox 1245 1968 1322 1992; x_wconf 88' lang='lat' dir='ltr'><strong>erant</strong></span> <span class='ocrx_word' id='word_1_740' title='bbox 1340 1968 1453 1998; x_wconf 67' lang='lat' dir='ltr'><strong>satrapa:</strong></span> <span class='ocrx_word' id='word_1_741' title='bbox 1464 1984 1472 1995; x_wconf 90' lang='lat'><strong>,</strong></span> <span class='ocrx_word' id='word_1_742' title='bbox 1494 1963 1626 1998; x_wconf 88' lang='lat' dir='ltr'><strong>principes</strong></span> <span class='ocrx_word' id='word_1_743' title='bbox 1648 1969 1675 1991; x_wconf 90' lang='lat' dir='ltr'><strong>et</strong></span> <span class='ocrx_word' id='word_1_744' title='bbox 1690 1969 1778 1999; x_wconf 84' lang='lat' dir='ltr'><strong>topar-</strong></span> 
     </span>
    </p>
   </div>
   <div class='ocr_carea' id='block_1_102' title="bbox 988 2010 1778 2046">
    <p class='ocr_par' dir='ltr' id='par_1_102' title="bbox 988 2010 1778 2046">
     <span class='ocr_line' id='line_1_102' title="bbox 988 2010 1778 2046; baseline 0.001 -7"><span class='ocrx_word' id='word_1_745' title='bbox 988 2012 1056 2044; x_wconf 77' lang='lat' dir='ltr'><strong>chzc,</strong></span> <span class='ocrx_word' id='word_1_746' title='bbox 1073 2016 1181 2046; x_wconf 86' lang='lat' dir='ltr'><strong>propter</strong></span> <span class='ocrx_word' id='word_1_747' title='bbox 1191 2011 1269 2038; x_wconf 88' lang='lat' dir='ltr'><strong>aliam</strong></span> <span class='ocrx_word' id='word_1_748' title='bbox 1284 2018 1389 2038; x_wconf 90' lang='lat' dir='ltr'><strong>causam</strong></span> <span class='ocrx_word' id='word_1_749' title='bbox 1405 2010 1501 2042; x_wconf 88' lang='lat' dir='ltr'><strong>vocati,</strong></span> <span class='ocrx_word' id='word_1_750' title='bbox 1520 2010 1578 2037; x_wconf 91' lang='lat' dir='ltr'><strong>illos</strong></span> <span class='ocrx_word' id='word_1_751' title='bbox 1590 2016 1778 2045; x_wconf 79' lang='lat' dir='ltr'><strong>spectaverunt</strong></span> 
     </span>
    </p>
   </div>
   <div class='ocr_carea' id='block_1_103' title="bbox 986 2056 1782 2091">
    <p class='ocr_par' dir='ltr' id='par_1_103' title="bbox 986 2056 1782 2091">
     <span class='ocr_line' id='line_1_103' title="bbox 986 2056 1782 2091; baseline 0.003 -7"><span class='ocrx_word' id='word_1_752' title='bbox 986 2057 1116 2089; x_wconf 67' lang='lat' dir='ltr'><strong>athletas;</strong></span> <span class='ocrx_word' id='word_1_753' title='bbox 1139 2057 1219 2084; x_wconf 84' lang='lat' dir='ltr'><strong>etiam</strong></span> <span class='ocrx_word' id='word_1_754' title='bbox 1247 2061 1310 2083; x_wconf 86' lang='lat' dir='ltr'><strong>tunc</strong></span> <span class='ocrx_word' id='word_1_755' title='bbox 1332 2056 1445 2089; x_wconf 87' lang='lat' dir='ltr'><strong>accidit,</strong></span> <span class='ocrx_word' id='word_1_756' title='bbox 1461 2061 1489 2083; x_wconf 87' lang='lat' dir='ltr'><strong>ut</strong></span> <span class='ocrx_word' id='word_1_757' title='bbox 1515 2056 1669 2091; x_wconf 65' lang='lat' dir='ltr'><strong>praeclarum</strong></span> <span class='ocrx_word' id='word_1_758' title='bbox 1700 2057 1782 2086; x_wconf 71' lang='lat' dir='ltr'><strong>fieret</strong></span> 
     </span>
    </p>
   </div>
   <div class='ocr_carea' id='block_1_104' title="bbox 987 2102 1774 2138">
    <p class='ocr_par' dir='ltr' id='par_1_104' title="bbox 987 2102 1774 2138">
     <span class='ocr_line' id='line_1_104' title="bbox 987 2102 1774 2138; baseline 0 -7"><span class='ocrx_word' id='word_1_759' title='bbox 987 2104 1064 2131; x_wconf 87' lang='lat' dir='ltr'><strong>beato</strong></span> <span class='ocrx_word' id='word_1_760' title='bbox 1079 2103 1183 2131; x_wconf 82' lang='lat' dir='ltr'><strong>Mclctio</strong></span> <span class='ocrx_word' id='word_1_761' title='bbox 1199 2102 1330 2130; x_wconf 86' lang='lat' dir='ltr'><strong>theatrum</strong></span> <span class='ocrx_word' id='word_1_762' title='bbox 1340 2123 1348 2134; x_wconf 90' lang='lat'><strong>.</strong></span> <span class='ocrx_word' id='word_1_763' title='bbox 1360 2110 1419 2130; x_wconf 93' lang='lat' dir='ltr'><strong>cum</strong></span> <span class='ocrx_word' id='word_1_764' title='bbox 1444 2107 1551 2138; x_wconf 87' lang='lat' dir='ltr'><strong>propter</strong></span> <span class='ocrx_word' id='word_1_765' title='bbox 1564 2103 1641 2130; x_wconf 84' lang='lat' dir='ltr'><strong>aliam</strong></span> <span class='ocrx_word' id='word_1_766' title='bbox 1664 2110 1774 2131; x_wconf 84' lang='lat' dir='ltr'><strong>causam</strong></span> 
     </span>
    </p>
   </div>
   <div class='ocr_carea' id='block_1_105' title="bbox 987 2149 1778 2184">
    <p class='ocr_par' dir='ltr' id='par_1_105' title="bbox 987 2149 1778 2184">
     <span class='ocr_line' id='line_1_105' title="bbox 987 2149 1778 2184; baseline 0.001 -8"><span class='ocrx_word' id='word_1_767' title='bbox 987 2150 1071 2177; x_wconf 84' lang='lat' dir='ltr'><strong>vocati</strong></span> <span class='ocrx_word' id='word_1_768' title='bbox 1087 2150 1204 2184; x_wconf 86' lang='lat' dir='ltr'><strong>episcopi</strong></span> <span class='ocrx_word' id='word_1_769' title='bbox 1215 2150 1286 2184; x_wconf 78' lang='lat' dir='ltr'><strong>‘,qui</strong></span> <span class='ocrx_word' id='word_1_770' title='bbox 1298 2149 1393 2184; x_wconf 87' lang='lat' dir='ltr'><strong>ubiqtte</strong></span> <span class='ocrx_word' id='word_1_771' title='bbox 1408 2154 1538 2176; x_wconf 88' lang='lat' dir='ltr'><strong>terrarum</strong></span> <span class='ocrx_word' id='word_1_772' title='bbox 1554 2149 1778 2181; x_wconf 72' lang='lat' dir='ltr'><strong>administrabant</strong></span> 
     </span>
    </p>
   </div>
   <div class='ocr_carea' id='block_1_106' title="bbox 987 2195 1774 2227">
    <p class='ocr_par' dir='ltr' id='par_1_106' title="bbox 987 2195 1774 2227">
     <span class='ocr_line' id='line_1_106' title="bbox 987 2195 1774 2227; baseline 0.003 -4"><span class='ocrx_word' id='word_1_773' title='bbox 987 2196 1118 2224; x_wconf 64' lang='lat' dir='ltr'><strong>Et-elosias</strong></span> <span class='ocrx_word' id='word_1_774' title='bbox 1129 2216 1136 2227; x_wconf 86' lang='lat'><strong>.</strong></span> <span class='ocrx_word' id='word_1_775' title='bbox 1150 2200 1336 2226; x_wconf 83' lang='lat' dir='ltr'><strong>accesserunt,</strong></span> <span class='ocrx_word' id='word_1_776' title='bbox 1352 2199 1379 2222; x_wconf 89' lang='lat' dir='ltr'><strong>et</strong></span> <span class='ocrx_word' id='word_1_777' title='bbox 1393 2199 1514 2222; x_wconf 78' lang='lat' dir='ltr'><strong>sanctum</strong></span> <span class='ocrx_word' id='word_1_778' title='bbox 1533 2195 1690 2227; x_wconf 86' lang='lat' dir='ltr'><strong>illltm_sunt</strong></span> <span class='ocrx_word' id='word_1_779' title='bbox 1707 2203 1774 2226; x_wconf 84' lang='lat' dir='ltr'><strong>cou-</strong></span> 
     </span>
    </p>
   </div>
   <div class='ocr_carea' id='block_1_107' title="bbox 987 2241 1776 2279">
    <p class='ocr_par' dir='ltr' id='par_1_107' title="bbox 987 2241 1776 2279">
     <span class='ocr_line' id='line_1_107' title="bbox 987 2241 1776 2279; baseline -0.003 -9"><span class='ocrx_word' id='word_1_780' title='bbox 987 2243 1115 2279; x_wconf 85' lang='lat' dir='ltr'><strong>templati.</strong></span> <span class='ocrx_word' id='word_1_781' title='bbox 1133 2243 1274 2277; x_wconf 88' lang='lat' dir='ltr'><strong>Postquam</strong></span> <span class='ocrx_word' id='word_1_782' title='bbox 1297 2247 1384 2268; x_wconf 87' lang='lat' dir='ltr'><strong>autem</strong></span> <span class='ocrx_word' id='word_1_783' title='bbox 1397 2249 1457 2267; x_wconf 79' lang='lat' dir='ltr'><strong>cum</strong></span> <span class='ocrx_word' id='word_1_784' title='bbox 1475 2241 1673 2275; x_wconf 57' lang='lat' dir='ltr'><strong>adspexisscntv,</strong></span> <span class='ocrx_word' id='word_1_785' title='bbox 1689 2247 1715 2269; x_wconf 92' lang='lat' dir='ltr'><strong>ct</strong></span> <span class='ocrx_word' id='word_1_786' title='bbox 1729 2249 1776 2271; x_wconf 61' lang='lat' dir='ltr'><strong>ac-</strong></span> 
     </span>
    </p>
   </div>
   <div class='ocr_carea' id='block_1_108' title="bbox 986 2287 1788 2323">
    <p class='ocr_par' dir='ltr' id='par_1_108' title="bbox 986 2287 1788 2323">
     <span class='ocr_line' id='line_1_108' title="bbox 986 2287 1788 2323; baseline -0.001 -7"><span class='ocrx_word' id='word_1_787' title='bbox 986 2295 1078 2316; x_wconf 88' lang='lat' dir='ltr'><strong>curate</strong></span> <span class='ocrx_word' id='word_1_788' title='bbox 1104 2289 1161 2322; x_wconf 80' lang='lat' dir='ltr'><strong>ejus</strong></span> <span class='ocrx_word' id='word_1_789' title='bbox 1180 2288 1334 2315; x_wconf 87' lang='lat' dir='ltr'><strong>didicissent</strong></span> <span class='ocrx_word' id='word_1_790' title='bbox 1358 2287 1499 2321; x_wconf 87' lang='lat' dir='ltr'><strong>pietatem.</strong></span> <span class='ocrx_word' id='word_1_791' title='bbox 1517 2287 1672 2320; x_wconf 82' lang='lat' dir='ltr'><strong>sapientiam</strong></span> <span class='ocrx_word' id='word_1_792' title='bbox 1695 2287 1788 2323; x_wconf 64' lang='lat' dir='ltr'><strong>alque&#39;</strong></span> 
     </span>
    </p>
   </div>
   <div class='ocr_carea' id='block_1_109' title="bbox 985 2333 1775 2370">
    <p class='ocr_par' dir='ltr' id='par_1_109' title="bbox 985 2333 1775 2370">
     <span class='ocr_line' id='line_1_109' title="bbox 985 2333 1775 2370; baseline -0.003 -7"><span class='ocrx_word' id='word_1_793' title='bbox 985 2337 1071 2365; x_wconf 77' lang='lat' dir='ltr'><strong>zelum</strong></span> <span class='ocrx_word' id='word_1_794' title='bbox 1089 2335 1148 2362; x_wconf 85' lang='lat' dir='ltr'><strong>lidei</strong></span> <span class='ocrx_word' id='word_1_795' title='bbox 1160 2355 1167 2367; x_wconf 83' lang='lat'><strong>,</strong></span> <span class='ocrx_word' id='word_1_796' title='bbox 1184 2334 1268 2369; x_wconf 90' lang='lat' dir='ltr'><strong>utqui</strong></span> <span class='ocrx_word' id='word_1_797' title='bbox 1285 2333 1427 2370; x_wconf 75' lang='lat' dir='ltr'><strong>perfectam</strong></span> <span class='ocrx_word' id='word_1_798' title='bbox 1442 2338 1469 2360; x_wconf 86' lang='lat' dir='ltr'><strong>et</strong></span> <span class='ocrx_word' id='word_1_799' title='bbox 1484 2333 1631 2363; x_wconf 79' lang='lat' dir='ltr'><strong>absolutam</strong></span> <span class='ocrx_word' id='word_1_800' title='bbox 1648 2334 1673 2360; x_wconf 86' lang='lat' dir='ltr'><strong>in</strong></span> <span class='ocrx_word' id='word_1_801' title='bbox 1686 2341 1715 2361; x_wconf 87' lang='lat' dir='ltr'><strong>se</strong></span> <span class='ocrx_word' id='word_1_802' title='bbox 1727 2333 1775 2361; x_wconf 85' lang='lat' dir='ltr'><strong>ba-</strong></span> 
     </span>
    </p>
   </div>
   <div class='ocr_carea' id='block_1_110' title="bbox 986 2378 1793 2415">
    <p class='ocr_par' dir='ltr' id='par_1_110' title="bbox 986 2378 1793 2415">
     <span class='ocr_line' id='line_1_110' title="bbox 986 2378 1793 2415; baseline -0.001 -6"><span class='ocrx_word' id='word_1_803' title='bbox 986 2382 1060 2409; x_wconf 78' lang='lat' dir='ltr'><strong>beret</strong></span> <span class='ocrx_word' id='word_1_804' title='bbox 1072 2388 1176 2408; x_wconf 86' lang='lat' dir='ltr'><strong>omnem</strong></span> <span class='ocrx_word' id='word_1_805' title='bbox 1192 2380 1331 2411; x_wconf 77' lang='lat' dir='ltr'><strong>virtutem,</strong></span> <span class='ocrx_word' id='word_1_806' title='bbox 1345 2386 1404 2414; x_wconf 63' lang='lat' dir='ltr'><strong>quin</strong></span> <span class='ocrx_word' id='word_1_807' title='bbox 1423 2378 1695 2412; x_wconf 61' lang='lat' dir='ltr'><strong>decetsacerdotcm,</strong></span> <span class='ocrx_word' id='word_1_808' title='bbox 1712 2383 1774 2408; x_wconf 91' lang='lat' dir='ltr'><strong>tunc</strong></span> <span class='ocrx_word' id='word_1_809' title='bbox 1788 2381 1793 2415; x_wconf 63' lang='grc' dir='ltr'>ἶ</span> 
     </span>
    </p>
   </div>
   <div class='ocr_carea' id='block_1_111' title="bbox 985 2426 1350 2455">
    <p class='ocr_par' dir='ltr' id='par_1_111' title="bbox 985 2426 1350 2455">
     <span class='ocr_line' id='line_1_111' title="bbox 985 2426 1350 2455; baseline -0.011 0"><span class='ocrx_word' id='word_1_810' title='bbox 985 2436 1045 2455; x_wconf 91' lang='lat' dir='ltr'><strong>eum</strong></span> <span class='ocrx_word' id='word_1_811' title='bbox 1063 2428 1095 2454; x_wconf 89' lang='lat' dir='ltr'><strong>ad</strong></span> <span class='ocrx_word' id='word_1_812' title='bbox 1111 2435 1140 2454; x_wconf 86' lang='lat' dir='ltr'><strong>se</strong></span> <span class='ocrx_word' id='word_1_813' title='bbox 1154 2427 1257 2455; x_wconf 83' lang='lat' dir='ltr'><strong>vocavit</strong></span> <span class='ocrx_word' id='word_1_814' title='bbox 1271 2426 1350 2452; x_wconf 89' lang='lat' dir='ltr'><strong>Deus.</strong></span> 
     </span>
    </p>
   </div>
   <div class='ocr_carea' id='block_1_112' title="bbox 1021 2470 1771 2508">
    <p class='ocr_par' dir='ltr' id='par_1_112' title="bbox 1021 2470 1771 2508">
     <span class='ocr_line' id='line_1_112' title="bbox 1021 2470 1771 2508; baseline -0.003 -7"><span class='ocrx_word' id='word_1_815' title='bbox 1021 2474 1072 2502; x_wconf 84' lang='lat' dir='ltr'><strong>Cur</strong></span> <span class='ocrx_word' id='word_1_816' title='bbox 1086 2478 1155 2500; x_wconf 64' lang='lat' dir='ltr'><strong>extra</strong></span> <span class='ocrx_word' id='word_1_817' title='bbox 1166 2472 1275 2508; x_wconf 81' lang='lat' dir='ltr'><strong>patriam</strong></span> <span class='ocrx_word' id='word_1_818' title='bbox 1289 2471 1395 2498; x_wconf 76' lang='lat' dir='ltr'><strong>moritur</strong></span> <span class='ocrx_word' id='word_1_819' title='bbox 1407 2470 1531 2501; x_wconf 63' lang='lat' dir='ltr'><strong>Matutino.</strong></span> <span class='ocrx_word' id='word_1_820' title='bbox 1546 2485 1582 2496; x_wconf 94' lang='lat'><strong>—-.</strong></span> <span class='ocrx_word' id='word_1_821' title='bbox 1599 2470 1661 2497; x_wconf 87' lang='lat' dir='ltr'><strong>Ideo</strong></span> <span class='ocrx_word' id='word_1_822' title='bbox 1682 2477 1771 2500; x_wconf 90' lang='lat' dir='ltr'><strong>autem</strong></span> 
     </span>
    </p>
   </div>
   <div class='ocr_carea' id='block_1_113' title="bbox 985 2517 1773 2552">
    <p class='ocr_par' dir='ltr' id='par_1_113' title="bbox 985 2517 1773 2552">
     <span class='ocr_line' id='line_1_113' title="bbox 985 2517 1773 2552; baseline -0.003 -4"><span class='ocrx_word' id='word_1_823' title='bbox 985 2521 1024 2548; x_wconf 80' lang='lat' dir='ltr'><strong>sic</strong></span> <span class='ocrx_word' id='word_1_824' title='bbox 1038 2519 1144 2552; x_wconf 89' lang='lat' dir='ltr'><strong>accidit,</strong></span> <span class='ocrx_word' id='word_1_825' title='bbox 1158 2525 1186 2546; x_wconf 89' lang='lat' dir='ltr'><strong>ut</strong></span> <span class='ocrx_word' id='word_1_826' title='bbox 1197 2518 1282 2546; x_wconf 87' lang='lat' dir='ltr'><strong>levius</strong></span> <span class='ocrx_word' id='word_1_827' title='bbox 1294 2517 1375 2545; x_wconf 80' lang='lat' dir='ltr'><strong>ferret</strong></span> <span class='ocrx_word' id='word_1_828' title='bbox 1394 2522 1482 2544; x_wconf 85' lang='lat' dir='ltr'><strong>nostra</strong></span> <span class='ocrx_word' id='word_1_829' title='bbox 1499 2517 1601 2544; x_wconf 76' lang='lat' dir='ltr'><strong>civitas.</strong></span> <span class='ocrx_word' id='word_1_830' title='bbox 1614 2517 1678 2545; x_wconf 89' lang='lat' dir='ltr'><strong>Nam</strong></span> <span class='ocrx_word' id='word_1_831' title='bbox 1693 2519 1715 2546; x_wconf 91' lang='lat' dir='ltr'><strong>si</strong></span> <span class='ocrx_word' id='word_1_832' title='bbox 1730 2519 1773 2547; x_wconf 91' lang='lat' dir='ltr'><strong>hic</strong></span> 
     </span>
    </p>
   </div>
   <div class='ocr_carea' id='block_1_114' title="bbox 984 2563 1772 2598">
    <p class='ocr_par' dir='ltr' id='par_1_114' title="bbox 984 2563 1772 2598">
     <span class='ocr_line' id='line_1_114' title="bbox 984 2563 1772 2598; baseline -0.003 -4"><span class='ocrx_word' id='word_1_833' title='bbox 984 2567 1117 2594; x_wconf 88' lang='lat' dir='ltr'><strong>emisisset</strong></span> <span class='ocrx_word' id='word_1_834' title='bbox 1131 2565 1244 2592; x_wconf 88' lang='lat' dir='ltr'><strong>:mimam</strong></span> <span class='ocrx_word' id='word_1_835' title='bbox 1255 2585 1263 2597; x_wconf 88' lang='lat'><strong>,</strong></span> <span class='ocrx_word' id='word_1_836' title='bbox 1286 2563 1474 2594; x_wconf 75' lang='lat' dir='ltr'><strong>futurum.erat</strong></span> <span class='ocrx_word' id='word_1_837' title='bbox 1488 2563 1654 2591; x_wconf 69' lang='lat' dir='ltr'><strong>intolerabile</strong></span> <span class='ocrx_word' id='word_1_838' title='bbox 1670 2565 1772 2598; x_wconf 84' lang='lat' dir='ltr'><strong>pondus</strong></span> 
     </span>
    </p>
   </div>
   <div class='ocr_carea' id='block_1_115' title="bbox 984 2605 1771 2644">
    <p class='ocr_par' dir='ltr' id='par_1_115' title="bbox 984 2605 1771 2644">
     <span class='ocr_line' id='line_1_115' title="bbox 984 2605 1771 2644; baseline -0.003 -6"><span class='ocrx_word' id='word_1_839' title='bbox 984 2611 1153 2639; x_wconf 85' lang='lat' dir='ltr'><strong>calamitatis.</strong></span> <span class='ocrx_word' id='word_1_840' title='bbox 1177 2609 1242 2644; x_wconf 87' lang='lat' dir='ltr'><strong>Quis</strong></span> <span class='ocrx_word' id='word_1_841' title='bbox 1265 2609 1336 2636; x_wconf 88' lang='lat' dir='ltr'><strong>cnitn</strong></span> <span class='ocrx_word' id='word_1_842' title='bbox 1360 2605 1530 2636; x_wconf 80' lang='lat' dir='ltr'><strong>snsliuuisset</strong></span> <span class='ocrx_word' id='word_1_843' title='bbox 1552 2608 1642 2636; x_wconf 83' lang='lat' dir='ltr'><strong>videre</strong></span> <span class='ocrx_word' id='word_1_844' title='bbox 1666 2609 1771 2636; x_wconf 85' lang='lat' dir='ltr'><strong>beatum</strong></span> 
     </span>
    </p>
   </div>
   <div class='ocr_carea' id='block_1_116' title="bbox 985 2654 1772 2689">
    <p class='ocr_par' dir='ltr' id='par_1_116' title="bbox 985 2654 1772 2689">
     <span class='ocr_line' id='line_1_116' title="bbox 985 2654 1772 2689; baseline -0.004 -4"><span class='ocrx_word' id='word_1_845' title='bbox 985 2658 1058 2685; x_wconf 88' lang='lat' dir='ltr'><strong>illmn</strong></span> <span class='ocrx_word' id='word_1_846' title='bbox 1085 2661 1233 2684; x_wconf 84' lang='lat' dir='ltr'><strong>extremum</strong></span> <span class='ocrx_word' id='word_1_847' title='bbox 1254 2656 1418 2683; x_wconf 89' lang='lat' dir='ltr'><strong>emittentem</strong></span> <span class='ocrx_word' id='word_1_848' title='bbox 1446 2654 1588 2689; x_wconf 84' lang='lat' dir='ltr'><strong>spiritum?</strong></span> <span class='ocrx_word' id='word_1_849' title='bbox 1610 2655 1668 2688; x_wconf 82' lang='lat' dir='ltr'><strong>quis</strong></span> <span class='ocrx_word' id='word_1_850' title='bbox 1692 2655 1772 2682; x_wconf 89' lang='lat' dir='ltr'><strong>susti-</strong></span> 
     </span>
    </p>
   </div>
   <div class='ocr_carea' id='block_1_117' title="bbox 985 2699 1769 2734">
    <p class='ocr_par' dir='ltr' id='par_1_117' title="bbox 985 2699 1769 2734">
     <span class='ocr_line' id='line_1_117' title="bbox 985 2699 1769 2734; baseline -0.005 -3"><span class='ocrx_word' id='word_1_851' title='bbox 985 2705 1086 2731; x_wconf 82' lang='lat' dir='ltr'><strong>nuisset</strong></span> <span class='ocrx_word' id='word_1_852' title='bbox 1104 2703 1193 2729; x_wconf 85' lang='lat' dir='ltr'><strong>videre</strong></span> <span class='ocrx_word' id='word_1_853' title='bbox 1217 2702 1259 2729; x_wconf 89' lang='lat' dir='ltr'><strong>illa</strong></span> <span class='ocrx_word' id='word_1_854' title='bbox 1273 2700 1413 2734; x_wconf 81' lang='lat' dir='ltr'><strong>supercilia</strong></span> <span class='ocrx_word' id='word_1_855' title='bbox 1433 2700 1570 2727; x_wconf 90' lang='lat' dir='ltr'><strong>oculorum</strong></span> <span class='ocrx_word' id='word_1_856' title='bbox 1585 2699 1712 2734; x_wconf 83' lang='lat' dir='ltr'><strong>deprimi,</strong></span> <span class='ocrx_word' id='word_1_857' title='bbox 1725 2708 1769 2727; x_wconf 87' lang='lat' dir='ltr'><strong>os-</strong></span> 
     </span>
    </p>
   </div>
   <div class='ocr_carea' id='block_1_118' title="bbox 983 2744 1771 2785">
    <p class='ocr_par' dir='ltr' id='par_1_118' title="bbox 983 2744 1771 2785">
     <span class='ocr_line' id='line_1_118' title="bbox 983 2744 1771 2785; baseline -0.005 -9"><span class='ocrx_word' id='word_1_858' title='bbox 983 2758 1035 2785; x_wconf 88' lang='lat' dir='ltr'><strong>que</strong></span> <span class='ocrx_word' id='word_1_859' title='bbox 1054 2749 1138 2776; x_wconf 87' lang='lat' dir='ltr'><strong>elandi</strong></span> <span class='ocrx_word' id='word_1_860' title='bbox 1149 2769 1156 2781; x_wconf 89' lang='lat'><strong>,</strong></span> <span class='ocrx_word' id='word_1_861' title='bbox 1172 2752 1200 2776; x_wconf 88' lang='lat' dir='ltr'><strong>et</strong></span> <span class='ocrx_word' id='word_1_862' title='bbox 1217 2746 1339 2774; x_wconf 86' lang='lat' dir='ltr'><strong>mandata</strong></span> <span class='ocrx_word' id='word_1_863' title='bbox 1363 2745 1442 2773; x_wconf 87' lang='lat' dir='ltr'><strong>edere</strong></span> <span class='ocrx_word' id='word_1_864' title='bbox 1465 2744 1698 2780; x_wconf 59' lang='lat' dir='ltr'><strong>novissimam-tis</strong></span> <span class='ocrx_word' id='word_1_865' title='bbox 1721 2745 1771 2773; x_wconf 88' lang='lat' dir='ltr'><strong>hoc</strong></span> 
     </span>
    </p>
   </div>
   <div class='ocr_carea' id='block_1_119' title="bbox 1016 2810 1771 2846">
    <p class='ocr_par' dir='ltr' id='par_1_119' title="bbox 1016 2810 1771 2846">
     <span class='ocr_line' id='line_1_119' title="bbox 1016 2810 1771 2846; baseline -0.015 -5"><span class='ocrx_word' id='word_1_866' title='bbox 1016 2818 1024 2833; x_wconf 85' lang='grc'>¹</span> <span class='ocrx_word' id='word_1_867' title='bbox 1043 2821 1067 2841; x_wconf 88' lang='lat' dir='ltr'><strong>lu</strong></span> <span class='ocrx_word' id='word_1_868' title='bbox 1079 2817 1131 2841; x_wconf 78' lang='lat' dir='ltr'><strong>bch</strong></span> <span class='ocrx_word' id='word_1_869' title='bbox 1142 2815 1214 2840; x_wconf 77' lang='lat' dir='ltr'><strong>verba</strong></span> <span class='ocrx_word' id='word_1_870' title='bbox 1227 2812 1423 2846; x_wconf 73' lang='lat' dir='ltr'><strong>Imjusmndincta</strong></span> <span class='ocrx_word' id='word_1_871' title='bbox 1435 2811 1527 2846; x_wconf 68' lang='lat' dir='ltr'><strong>legitur,</strong></span> <span class='ocrx_word' id='word_1_872' title='bbox 1536 2811 1559 2833; x_wconf 91' lang='lat' dir='ltr'><strong>in</strong></span> <span class='ocrx_word' id='word_1_873' title='bbox 1571 2810 1670 2837; x_wconf 82' lang='lat' dir='ltr'><strong>duobus</strong></span> <span class='ocrx_word' id='word_1_874' title='bbox 1681 2811 1771 2844; x_wconf 61' lang='lat' dir='ltr'><strong>(inlini.</strong></span> 
     </span>
    </p>
   </div>
   <div class='ocr_carea' id='block_1_120' title="bbox 985 2844 1770 2879">
    <p class='ocr_par' dir='ltr' id='par_1_120' title="bbox 985 2844 1770 2879">
     <span class='ocr_line' id='line_1_120' title="bbox 985 2844 1770 2879; baseline -0.009 -7"><span class='ocrx_word' id='word_1_875' title='bbox 985 2851 1037 2876; x_wconf 70' lang='lat' dir='ltr'><strong>bus,</strong></span> <span class='ocrx_word' id='word_1_876' title='bbox 1051 2854 1107 2878; x_wconf 79' lang='lat' dir='ltr'><strong>()mr</strong></span> <span class='ocrx_word' id='word_1_877' title='bbox 1115 2851 1193 2879; x_wconf 76' lang='lat' dir='ltr'><strong>autem</strong></span> <span class='ocrx_word' id='word_1_878' title='bbox 1205 2844 1299 2871; x_wconf 71' lang='lat' dir='ltr'><strong>rslnlm</strong></span> <span class='ocrx_word' id='word_1_879' title='bbox 1310 2850 1383 2879; x_wconf 62' lang='lat' dir='ltr'><strong>causa</strong></span> <span class='ocrx_word' id='word_1_880' title='bbox 1392 2844 1404 2868; x_wconf 68' lang='grc' dir='ltr'><strong>ζ’</strong></span> <span class='ocrx_word' id='word_1_881' title='bbox 1413 2844 1502 2868; x_wconf 67' lang='grc' dir='ltr'>διίῐιιιιιι</span> <span class='ocrx_word' id='word_1_882' title='bbox 1514 2846 1607 2879; x_wconf 57' lang='lat' dir='ltr'><strong>renum]</strong></span> <span class='ocrx_word' id='word_1_883' title='bbox 1618 2846 1640 2866; x_wconf 73' lang='lat' dir='ltr'><strong>et</strong></span> <span class='ocrx_word' id='word_1_884' title='bbox 1654 2848 1770 2878; x_wconf 52' lang='lat' dir='ltr'><strong>quantum</strong></span> 
     </span>
    </p>
   </div>
   <div class='ocr_carea' id='block_1_121' title="bbox 985 2877 1545 2912">
    <p class='ocr_par' dir='ltr' id='par_1_121' title="bbox 985 2877 1545 2912">
     <span class='ocr_line' id='line_1_121' title="bbox 985 2877 1545 2912; baseline -0.013 -8"><span class='ocrx_word' id='word_1_885' title='bbox 985 2877 1088 2912; x_wconf 61' lang='lat' dir='ltr'><strong>quinti-1</strong></span> <span class='ocrx_word' id='word_1_886' title='bbox 1097 2879 1152 2904; x_wconf 65' lang='lat' dir='ltr'><strong>ixrot</strong></span> <span class='ocrx_word' id='word_1_887' title='bbox 1162 2877 1170 2902; x_wconf 70' lang='grc' dir='ltr'><strong>ἱ</strong></span> <span class='ocrx_word' id='word_1_888' title='bbox 1185 2881 1222 2903; x_wconf 69' lang='lat' dir='ltr'><strong>aa,</strong></span> <span class='ocrx_word' id='word_1_889' title='bbox 1229 2877 1369 2910; x_wconf 69' lang='lat' dir='ltr'><strong>Iit-rgon&#39;um</strong></span> <span class='ocrx_word' id='word_1_890' title='bbox 1382 2877 1545 2902; x_wconf 63' lang='lat' dir='ltr'><strong>font‘t‘ttt’rtmt,</strong></span> 
     </span>
    </p>
   </div>
  </div>
