1969 3130
221 155 274 183 5M

224 212 374 241 suspiciens
397 220 450 240 non
471 212 615 242 defecisset
636 214 818 250 magnitudine
838 214 1018 242 calamitatis?

219 256 259 284 Ne
282 260 334 286 hoc
355 266 418 294 ergo
435 259 585 293 accideret,
605 260 718 295 providit
734 260 819 294 Deus,
835 266 864 288 ut
883 261 909 289 ln
928 261 1014 289 aliena

221 306 330 339 regione
347 305 462 333 animam
479 305 631 338 exhalaret,
651 311 681 334 ut
700 311 834 341 tempore,
847 307 917 342 quod
931 308 1011 335 inter-

220 351 314 384 cessit,
333 351 401 379 hanc
413 353 554 380 maximam
568 354 742 388 praemeditati
756 353 1012 386 calamilatem,cum

218 396 369 424 videremus
395 398 497 433 ingredi
522 406 639 434 corpus,
666 407 716 427 nec
735 401 825 427 animo
852 404 1008 427 consterna-

218 448 319 473 rcmur,
336 449 398 469 cum
424 450 501 470 meus
522 443 577 478 jam
597 448 668 470 esset
694 444 774 471 luctui
802 444 948 472 assuefaeta
961 453 969 472 :
983 448 1011 472 ut

216 487 297 514 etiam
311 487 431 522 contigit.
443 487 509 515 Cum
525 489 596 516 enim
621 489 800 516 venerandum
820 489 883 517 illud
906 497 1005 524 corpus

216 533 322 567 excepit
335 533 428 561 civitas
439 554 447 566 ,
461 533 527 561 luxit
540 533 646 570 quidem
670 539 698 561 et
719 533 795 562 valde
808 534 920 568 ejulavit
933 543 940 560 :
956 535 1004 563 sed

219 578 319 605 luctum
345 579 398 606 cito
424 580 567 615 repressit,
589 585 643 607 tam
666 585 776 615 propter
801 587 908 607 causam
928 588 1007 616 quam

221 623 347 655 diximus.
362 632 440 659 quam
456 630 533 660 propt
551 633 565 652 r
577 633 647 658 eam,
658 633 719 660 quae
732 629 773 653 est
787 624 909 652 dicenda.

250 668 319 696 Laus
332 669 451 697 Flaviani
470 671 591 706 episcopi.
604 671 786 705 -—Beniguus
808 671 879 697 enim
903 676 930 698 et
951 671 1008 700 ele-

215 722 291 742 meus
307 715 387 750 Deus,
401 716 526 744 misertus
537 717 621 744 ωειλ-ί
635 716 745 748 doloris,
760 717 840 743 alium
853 717 906 744 cito
928 717 1004 744 nobis

213 761 286 790 dedit
302 769 435 798 pastorem
445 785 452 797 ,
470 765 514 799 qui
527 764 640 792 virtutes
654 764 723 791 illius
738 768 860 791 accurate
879 763 999 791 referret.

211 807 262 840 Qui
275 815 335 836 cum
351 809 441 836 sedem
454 810 627 841 ascendisset,
645 810 736 837 humili
759 814 786 836 et
807 809 910 844 lugubri
927 814 1001 838 veste

211 862 260 882 nos
274 856 364 883 statim
375 856 468 890 cxuit,
481 861 508 884 et
522 855 642 883 dolorem
659 856 784 883 exstinxit
794 875 802 889 ,
818 855 887 882 beati
912 859 1001 883 autem

210 900 307 929 Meletii
324 902 408 937 magis
422 903 577 930 memoriam
600 903 747 930 renovavit.
760 901 796 929 Et
806 901 884 929 dolor
896 901 1002 937 quidem

210 947 393 980 ﬂaccescebat,
411 955 487 975 amor
501 955 565 975 vero
591 947 785 976 accendebatur
805 946 1000 981 vehementius,

208 996 237 1019 et
250 992 361 1020 omnino
374 993 475 1020 sublata
496 993 546 1020 fuit
571 993 652 1020 animi
675 992 824 1028 mgritudo:
840 1000 1000 1028 quamquam

208 1038 236 1064 in
248 1038 393 1066 amissione
403 1047 507 1071 eorum.
518 1039 562 1074 qui
576 1039 706 1067 carissimi
721 1043 794 1072 sunt,
809 1046 861 1065 non
876 1039 912 1066 ita
930 1038 999 1066 solet

208 1084 397 1112 evenirezsed
426 1085 533 1121 quando
557 1086 616 1121 quis
638 1085 721 1113 ﬂlium
747 1085 931 1116 carissimum,
957 1084 998 1112 vel

208 1129 288 1158 etiam
302 1129 487 1159 honorabilem
512 1133 635 1160 maritum
658 1132 777 1159 amiserit
797 1131 900 1164 mulier,
913 1130 999 1158 donec

205 1174 265 1210 ejus
290 1176 436 1204 ferventem
460 1183 602 1206 conservat
625 1178 790 1210 memoriam,
815 1177 999 1205 vehementior

206 1220 295 1248 luctus
321 1222 440 1250 animum
468 1229 600 1258 occupat;
626 1223 733 1259 quando
759 1229 824 1250 vero
851 1221 997 1250 succedens

205 1271 309 1301 tempus
324 1267 422 1296 luctum
435 1269 578 1301 sedaverit,
593 1269 671 1296 simul
695 1276 756 1296 cum
771 1267 937 1295 vehementia
949 1267 998 1296 do-

206 1312 270 1340 loris
284 1315 414 1343 exstincta
428 1320 469 1343 est
483 1315 562 1343 etiim
572 1335 579 1347 ,
595 1324 654 1350 qua:
667 1316 781 1350 vigebat,
796 1315 922 1342 memoria
939 1323 946 1342 :
968 1315 993 1342 in

203 1357 255 1386 hoc
267 1363 356 1387 autem
379 1360 459 1389 beato
466 1362 524 1389 viro
535 1363 699 1390 contrarium
712 1361 808 1389 accidit
819 1369 826 1387 :
838 1368 898 1388 nam
913 1361 995 1388 animi

201 1405 308 1439 quidem
322 1406 449 1441 agritudo
463 1408 546 1443 ejecta
562 1409 672 1435 omnino
696 1407 752 1440 luit,
769 1406 918 1435 recordatio
930 1415 995 1434 vero

204 1456 257 1476 non
271 1450 349 1477 simul
363 1451 429 1478 abiit
445 1459 504 1479 cum
522 1453 630 1486 dolore,
645 1452 691 1480 sed
704 1456 781 1480 aucta
791 1458 833 1479 est
850 1452 993 1479 vehemen-

202 1495 264 1521 tius.
278 1495 371 1524 Testes
381 1502 470 1525 autem
484 1499 550 1527 estis
563 1506 620 1533 vos,
630 1499 674 1534 qui
686 1504 745 1534 post
757 1502 859 1526 tantum
872 1502 988 1533 tempus,

583 157 613 186 8.
631 157 770 186 JOANNIS
787 157 1021 187 CHRYSOSTOMI
1040 159 1197 189 ARCHIEP.
1218 162 1482 194 CONST.\NT|NOP.

1800 170 1850 198 520

1069 225 1122 245 non
1135 226 1213 247 secus
1224 227 1255 248 ae
1267 228 1332 256 apes
1342 221 1446 256 favum,
1460 223 1658 253 cireumvolatis
1667 233 1765 260 corpus
1785 226 1852 256 bimi

1067 262 1165 292 Meletii
1179 273 1185 292 :
1199 273 1279 293 causa
1294 274 1358 294 vero
1368 274 1433 301 erat,
1447 276 1499 296 non
1512 277 1527 296 a
1543 275 1637 299 natura
1650 277 1726 299 ortus
1738 272 1765 299 in
1781 272 1852 301 illum

1065 316 1151 343 amor,
1176 311 1224 339 sed
1244 313 1308 340 recti
1329 313 1420 348 judicii
1443 315 1618 343 ratiocinatio.
1644 317 1706 345 ideo
1729 325 1785 346 uel
1808 318 1854 346 fuit

1065 361 1151 384 morte
1162 358 1292 385 exstincta
1307 361 1393 387 sancti
1406 360 1502 389 Meletii
1517 363 1655 396 memoria,
1667 369 1790 398 tempore
1802 373 1854 393 non

1063 403 1209 435 emarcuit;
1225 404 1271 431 sed
1283 410 1394 440 augetur
1404 410 1430 434 et
1443 407 1528 442 majus
1539 409 1636 444 accipit
1646 410 1851 445 incrementum,

1063 455 1115 474 non
1128 448 1153 476 in
1168 449 1199 476 iis
1212 450 1308 481 solum,
1322 451 1367 486 qui
1383 452 1504 480 viderunt
1515 474 1523 487 ,
1537 454 1584 482 sed
1606 455 1686 483 etiam
1701 457 1728 484 in
1741 457 1774 484 iis
1786 478 1794 489 ,
1808 458 1853 493 qui

1061 501 1115 520 non
1130 494 1260 523 viderunt.
1278 496 1325 524 Est
1337 498 1408 526 enim
1424 498 1588 535 hocququ
1599 502 1769 536 admirabiie,
1782 505 1854 539 quod

1060 540 1106 574 qui
1120 539 1228 569 fuerant
1242 542 1311 570 illius
1333 545 1394 572 vita
1418 549 1538 581 tempore
1557 547 1688 582 ﬁrmior-ea,
1704 549 1722 576 ii
1746 558 1852 586 quoque

1058 586 1242 615 accenduntur
1253 589 1287 615 ad
1309 589 1380 617 idem
1395 590 1567 620 desiderium.
1582 595 1669 629 Mque
1681 602 1731 623 vos
1743 596 1853 631 quidem

1059 638 1140 659 senes
1161 633 1187 660 ln
1211 633 1262 662 hoe
1275 636 1408 670 superatis
1420 644 1477 670 eos,
1492 639 1538 673 qui
1550 646 1604 666 non
1622 640 1764 674 viderunt,
1780 641 1852 676 quod

1057 684 1119 705 eum
1133 685 1167 706 eo
1188 680 1286 707 versati
1301 682 1365 709 estis
1376 703 1384 715 ,
1405 687 1432 710 et
1445 683 1558 711 fructum
1574 687 1731 720 percepistis
1750 693 1850 715 sancta:

1057 723 1116 758 ejus
1126 726 1343 760 consuetudinis;
1357 728 1402 763 qui
1426 734 1514 757 autem
1534 738 1588 758 non
1608 731 1751 765 viderunt,
1767 733 1795 760 in
1817 742 1852 761 eo

1057 777 1106 797 vm
1118 778 1255 806 superant,
1270 773 1340 808 quod
1354 782 1414 801 cum
1436 776 1521 803 virum
1545 785 1598 804 non
1613 778 1802 813 adspexeriut,
1819 780 1847 807 in

1056 816 1142 851 ipsum
1153 825 1205 845 non
1221 819 1309 847 minus
1320 819 1483 848 desiderium
1499 823 1656 851 ostendant.

1090 863 1240 892 [intercessio
1254 865 1416 894 Sanctorum.
1428 868 1585 898 —0remus
1598 870 1686 906 itaque
1699 879 1795 899 omnes
1809 873 1850 900 si-

1053 910 1109 938 mul
1119 915 1172 938 tam
1186 912 1353 947 magistratus
1363 921 1441 948 quam
1453 914 1556 949 prirnti,
1569 921 1621 943 tam
1632 917 1759 945 mulieres
1768 926 1851 953 quam

1053 957 1112 990 viri,
1127 962 1181 985 tam
1195 965 1273 986 senes
1283 966 1362 994 quam
1373 960 1486 994 juvenes
1497 981 1504 992 ,
1517 965 1569 988 tam
1582 962 1652 989 servi
1666 970 1747 998 quam
1761 964 1849 996 liberi,

1052 1003 1158 1031 beatum
1173 1004 1258 1039 ipsum
1272 1004 1404 1033 Meletium
1419 1006 1512 1034 harum
1527 1014 1637 1042 precum
1657 1010 1761 1036 socium
1778 1011 1851 1037 acci-

1056 1050 1168 1084 pientes.
1183 1050 1231 1077 Est
1250 1052 1321 1078 enim
1335 1051 1359 1078 ei
1375 1059 1445 1078 nunc
1464 1052 1549 1086 major
1563 1053 1657 1082 ﬁducia
1671 1075 1678 1086 ,
1692 1059 1720 1082 et
1731 1062 1810 1082 amor
1823 1056 1850 1083 in

1053 1101 1102 1122 nos
1117 1094 1272 1128 ferventior,
1286 1101 1315 1123 ut
1328 1097 1385 1124 lucc
1395 1097 1471 1124 nobis
1485 1103 1612 1133 augeatur
1623 1101 1723 1127 earilas
1734 1121 1742 1133 ,
1758 1105 1786 1128 et
1800 1109 1849 1129 nos

1050 1148 1146 1169 omnes
1173 1142 1199 1169 id
1228 1149 1422 1178 consequamur
1438 1163 1446 1176 ,
1476 1150 1504 1171 ut
1529 1145 1664 1180 quomodo
1691 1146 1734 1174 hic
1766 1155 1850 1182 prope

1050 1194 1138 1215 aream
1164 1189 1241 1216 istam
1263 1189 1400 1217 adstamus
1419 1189 1456 1226 (α)
1470 1211 1477 1222 ,
1499 1191 1534 1217 ita
1557 1190 1610 1219 illic
1637 1199 1744 1227 quoque
1767 1200 1850 1228 prOpc

1049 1232 1156 1260 beatum
1171 1238 1199 1261 et
1213 1238 1340 1261 mternum
1355 1234 1413 1269 ejus
1433 1235 1629 1264 tabernaculum
1644 1243 1703 1264 esse
1713 1258 1721 1269 .
1736 1242 1765 1264 et
1779 1238 1847 1266 bona

1049 1284 1147 1306 aeterna
1162 1280 1238 1307 nobis
1259 1281 1373 1315 reposita
1387 1283 1511 1316 consequi
1528 1283 1659 1316 possimus
1672 1291 1679 1309 :
1695 1290 1756 1318 qua:
1769 1283 1847 1312 detur

1048 1326 1125 1353 nobis
1138 1326 1261 1354 omnibus
1281 1326 1401 1354 obtinuere
1413 1347 1420 1359 ,
1436 1328 1520 1362 gratia
1539 1334 1566 1355 et
1578 1328 1719 1356 clementia
1741 1328 1848 1357 Domini

1047 1372 1130 1399 nostri
1143 1372 1205 1400 Jesu
1218 1372 1319 1400 Christi
1331 1381 1338 1403 ;
1354 1380 1401 1408 per
1413 1381 1491 1408 quem
1505 1379 1532 1401 et
1553 1374 1658 1409 quicum
1673 1374 1746 1403 Patri
1760 1376 1844 1411 gloria

1046 1422 1074 1445 et
1089 1419 1235 1454 imperium,
1249 1419 1326 1446 simul
1336 1427 1397 1446 cum
1411 1425 1504 1447 saneto
1513 1419 1625 1455 Spiritu,
1639 1421 1666 1449 in
1679 1421 1778 1450 secula
1792 1430 1842 1450 sa:-

1049 1465 1180 1492 culorum.
1196 1465 1291 1492 Amen.

1076 1509 1112 1541 (α)
1128 1509 1251 1541 capsulam
1262 1510 1422 1542 Reliqua-um
1438 1511 1492 1543 ejus
1507 1511 1630 1543 tum

926 1673 1106 1706 MONITUM

243 1729 319 1759 Hanc
335 1732 496 1761 concionem
509 1733 629 1761 habitam
643 1741 704 1762 esse
720 1735 838 1770 septima
850 1735 895 1763 die
906 1734 1030 1763 Januarii
1047 1736 1112 1764 anni
1125 1734 1178 1763 587
1193 1735 1354 1772 Epiphania!
1367 1737 1467 1765 festum
1482 1738 1654 1773 lnsequente,
1672 1745 1731 1773 quo
1743 1738 1835 1765 horni-

205 1786 271 1816 liam
288 1788 325 1817 De
339 1789 474 1825 baptismo
494 1790 596 1819 Christi
619 1792 755 1826 recitavit,
778 1792 867 1827 ipsum
885 1793 1027 1822 concionis
1043 1794 1126 1830 hujus
1151 1794 1261 1822 initium
1289 1799 1381 1830 aperte
1397 1794 1592 1823 demonstrat:
1613 1795 1691 1828 Quod
1711 1796 1837 1822 hesterno

206 1847 248 1874 die
260 1847 483 1882 pertimescebam,
503 1847 603 1883 inquit,
612 1849 707 1881 evenit,
721 1854 746 1877 et
769 1850 804 1876 ad
821 1850 943 1885 a/fcctum
954 1850 1013 1885 jam
1035 1853 1193 1886 perductum
1208 1856 1266 1883 est:
1292 1860 1382 1887 nempe
1397 1852 1441 1880 ubi
1465 1852 1561 1888 festum
1586 1853 1729 1888 praeteriit,
1754 1854 1835 1892 simul

205 1906 287 1932 etiam
304 1906 448 1933 multitudo
462 1913 480 1932 ι
494 1905 570 1933 nobis
582 1905 722 1939 abscessit,
736 1907 872 1943 minorque
881 1907 957 1935 nobis
974 1915 1056 1936 catus
1071 1914 1110 1936 est
1124 1908 1223 1943 factus.
1238 1909 1302 1939 Hec
1315 1918 1400 1946 porro
1414 1910 1512 1939 confer
1525 1918 1587 1939 cum
1610 1911 1689 1939 initio
1713 1911 1836 1940 homilic

205 1962 280 1991 Illius
290 1961 329 1990 De
339 1963 477 1998 baptismo
486 1963 600 1995 Christi,
614 1963 660 1991 ubi
675 1964 715 1992 sic
730 1965 837 1993 orditur
848 1965 1059 2002 Chrysostomus
1072 1975 1079 1994 :
1097 1968 1194 1995 Omnes
1208 1977 1252 1996 vos
1263 1969 1289 1996 in
1300 1970 1395 1997 [mitia
1408 1970 1495 2003 hodie,
1519 1978 1566 2005 ego
1581 1978 1642 1998 vero
1665 1970 1694 1997 in
1719 1978 1831 2000 maror:

205 2030 264 2048 sum
276 2021 358 2050 solut.
372 2021 444 2049 Nam
463 2030 521 2050 cum
536 2023 564 2049 in
578 2022 626 2049 hoc
645 2023 784 2058 (pirituale
808 2025 917 2061 pelagus
929 2027 1019 2054 oculos
1032 2035 1102 2055 meos
1120 2034 1251 2063 converto,
1263 2034 1288 2056 et
1304 2030 1445 2057 immensas
1460 2029 1585 2058 Ecclesiw
1596 2031 1706 2059 dititias
1722 2032 1837 2068 comple-

205 2086 272 2113 ctor,
286 2089 317 2108 ac
328 2079 422 2107 deinde
437 2080 568 2114 perpendo
585 2079 653 2114 fore,
665 2085 694 2106 ut
706 2088 767 2107 cum
779 2081 894 2116 primum
921 2082 1074 2110 solamnitas
1091 2084 1144 2111 ista
1160 2086 1328 2119 praterierit,
1346 2087 1492 2114 multitudo
1508 2096 1599 2116 rursus
1614 2089 1668 2116 ista
1685 2091 1789 2118 resiliat
1803 2099 1836 2118 ac

204 2139 332 2172 discedat,
352 2141 456 2167 crucior
469 2145 493 2167 et
506 2141 590 2167 animi
609 2140 700 2168 dolore
727 2150 811 2177 angor
826 2150 836 2169 :
854 2142 924 2178 quod
937 2151 997 2170 cum
1011 2149 1066 2172 tam
1080 2145 1177 2172 multos
1189 2146 1284 2173 liberos
1300 2148 1427 2182 pepererit
1442 2147 1571 2181 Ecclesia,
1585 2157 1637 2177 non
1663 2150 1721 2177 illis
1742 2151 1836 2178 itidem

204 2199 233 2226 in
244 2198 355 2234 singulis
366 2199 494 2232 collectis,
513 2199 559 2226 sed
576 2200 604 2226 in
622 2200 690 2235 {esto
708 2200 874 2228 solummodo
888 2201 943 2236 frui
954 2203 1048 2237 possit.
1071 2202 1140 2232 lline
1164 2204 1225 2233 luce
1241 2205 1343 2233 clarius
1353 2207 1563 2234 commonstrari
1582 2208 1701 2242 videtur,
1719 2209 1789 2236 hanc
1801 2209 1836 2237 de

206 2254 236 2283 S.
255 2254 376 2283 Lueiano
389 2256 537 2292 panegyrin
555 2257 684 2285 habuisse
699 2257 927 2293 Chrysostomum
944 2261 1089 2296 postridie,
1117 2269 1203 2298 quam
1215 2263 1249 2290 de
1268 2263 1404 2299 baptismo
1421 2263 1524 2292 Christi
1541 2264 1570 2292 in
1597 2264 1752 2301 Epiphania
1766 2273 1833 2293 con-

683 2452 931 2497 HOMILIA
956 2456 1327 2499 PANEGYBICA

761 2583 794 2605 us
814 2583 841 2605 s.
859 2583 1035 2606 atansum:
1058 2583 1218 2606 ιιιεμκυιί
1235 2573 1296 2615 (α).

1040 2690 1163 2712 monstrat
1181 2686 1327 2713 diuitiarum
1348 2693 1475 2715 naturam.
1490 2702 1526 2710 -—
1539 2689 1618 2724 mod
1638 2691 1767 2720 hesterno
1786 2693 1825 2721 die

1057 2740 1202 2782 ξιξ-φέρῃς
1213 2741 1422 2782 llos-el.
1473 2749 1528 2774 mg.
1539 2744 1596 2780 ηεξ.
1608 2747 1724 2782 Sequitur
1734 2747 1825 2782 ttqmilta

1086 2774 1172 2802 spiritu
1188 2775 1212 2797 s.
1231 2777 1258 2797 et
1278 2776 1362 2798 oritura
1381 2775 1486 2803 Αηίιιδυς,
1503 2782 1559 2807 qua:
1579 2776 1601 2800 in
1619 2774 1682 2802 wit.
1696 2778 1776 2804 Morel.
1792 2782 1825 2804 est

235 2675 264 2707 ί.
282 2681 317 2705 in
335 2679 477 2706 socordiam
495 2687 662 2714 quarumnam
677 2679 823 2712 inuehitur;
835 2681 933 2715 ﬂuxam
945 2682 990 2709 dc-

229 2734 267 2766 (o)
282 2735 369 2760 astuta
379 2741 433 2760 eum
443 2734 567 2760 oodicibua
574 2737 631 2766 Bos.
637 2734 713 2766 sua,
718 2738 749 2766 et
755 2734 887 2762 Colbertln.
898 2737 953 2765 970.
965 2739 989 2763 in

198 2764 379 2803 qabjmremo
391 2766 493 2792 habetur
505 2769 559 2798 pol.
569 2764 695 2791 umisiliatn
707 2765 739 2790 de
761 2768 878 2798 nmium
887 2764 982 2798 chriso.
