1969 3130
102 208 147 237 5η

102 261 318 302 pertimescebam,
331 259 419 288 evenit
433 263 459 287 et
470 257 504 286 ad
516 257 639 285 ell'ectum
650 256 705 291 jam
719 254 875 292 perductum

101 300 150 341 est;
165 316 257 343 nempe
269 307 315 335 ubi
330 306 426 334 festum
441 304 585 341 praeteriit,
601 303 680 331 simul
696 303 775 330 etiam
789 300 879 328 multi~

101 356 155 384 tudo
165 354 237 382 nobis
246 352 386 385 abscessit,
398 351 536 386 minorque
548 349 624 377 nobis
634 353 719 377 coetus
731 353 770 375 est
785 346 879 374 factus.

101 401 149 429 lloc
159 399 276 434 equidem
291 404 400 433 prorsus
411 400 568 424 eventurum
581 394 695 422 sciebam
705 414 712 425 ,
727 400 780 420 non
794 397 880 420 tamen

101 447 187 474 idcirco
199 444 286 472 destiti
300 451 315 470 a
328 442 511 471 cohortatione
525 449 532 467 :
548 440 610 468 licet
623 440 693 467 enim
707 438 777 466 haud
789 444 882 465 omnes

100 498 190 519 morem
205 489 355 525 gesserint,
374 488 418 523 qui
434 487 559 514 hesterna
575 486 633 513 luce
647 484 805 512 audierunt.
830 491 881 510 nou

100 543 177 565 tamen
196 542 288 562 omnes
301 534 381 561 etiam
398 541 449 560 non
468 532 683 566 obtemperarunt
700 539 706 557 :
721 536 806 564 neque
819 536 883 556 vero

100 589 181 617 parum
194 580 262 615 apud
275 588 324 607 nos
335 579 367 606 ad
380 578 588 606 consolationetn
599 576 649 603 hoc
660 576 745 608 valet;
757 574 884 610 quamob-

99 636 147 656 rem
158 634 239 662 neque
253 626 382 653 hodierno
392 624 435 652 die
448 624 482 651 ab
497 623 546 651 hac
556 622 736 650 admonitione
745 620 883 649 desistam:

100 680 152 700 nam
164 672 184 698 si
195 671 281 698 minus
293 678 326 698 ex
341 670 428 702 nobis,
440 677 473 696 ex
484 668 559 695 vobis
572 668 678 703 quidem
692 670 765 694 certe
778 665 886 693 audient

100 726 152 754 qu:e
170 717 302 745 dicuntur.
324 716 388 750 Quis
408 715 478 743 enim
493 719 592 742 tantam
613 713 719 741 illorum
736 712 885 740 Socordiam

102 764 195 792 silentio
209 764 277 791 ferre
291 762 374 798 possit
388 783 396 796 ,
407 765 452 788 aut
462 761 538 788 venia
552 760 611 788 illos
627 765 654 787 et
666 759 837 787 excusatione
851 757 899 789 di-,

99 818 156 845 pnos
178 809 274 837 dueere
290 830 298 841 ,
323 808 368 843 qui
389 815 449 835 cum
474 811 548 835 tanto
572 812 692 841 tempore
716 809 827 832 matrem
846 803 887 831 vi~

99 858 201 889 dissen',
214 861 240 883 et
253 855 399 887 bonorum,
414 861 474 890 qua:
489 854 515 881 in
529 861 559 881 ea
574 857 656 884 sunt,
669 851 813 886 participes
827 845 891 877 facti

98 907 196 933 essent,
227 905 418 932 recesserunt,
439 907 524 934 neque
547 905 639 925 rursus
661 897 761 924 reverti
790 895 890 930 dignati

99 952 160 980 sunt,
173 954 220 974 nec
229 946 382 975 columbam
394 945 448 973 Noe
458 945 468 982 (
477 944 540 972 Gen.
550 943 577 979 8)
591 964 598 976 ,
609 942 656 970 sed
666 948 775 969 corvum
795 939 889 968 imitati

99 993 261 1030 suut‘,idque
274 994 340 1021 dum
354 997 434 1020 aestus
454 991 541 1018 adhuc
562 994 589 1017 et
612 992 755 1023 tempestas
772 987 815 1014 illa
830 994 892 1021 per-

101 1046 209 1074 severat,
232 1040 395 1076 graviorque
415 1037 531 1073 quotidie
553 1035 668 1071 procella
687 1034 834 1066 excitatur,
859 1039 891 1060 ac

102 1088 223 1124 proposita
237 1087 264 1113 in
284 1085 375 1113 medio
388 1092 448 1111 arca
462 1084 511 1111 ista
532 1087 622 1110 sancta
642 1085 752 1108 cunctos
769 1079 890 1110 advocat,

100 1133 128 1160 ad
143 1140 170 1160 se
182 1131 291 1167 pellicit.
307 1135 334 1158 et
348 1130 458 1157 multam
471 1127 571 1163 praebet
583 1126 616 1154 ad
630 1134 660 1153 se
681 1124 892 1160 confugientibus

101 1177 272 1206 securitatem?
280 1175 339 1204 Non
350 1175 420 1203 enim
438 1181 565 1207 aquarum
577 1179 663 1207 neque
684 1170 810 1198 ﬂuctuum
823 1170 891 1197 irru-

101 1225 212 1260 ptiones,
226 1223 273 1250 sed
297 1222 436 1250 continuas
446 1219 668 1247 alienissimarum
682 1225 696 1244 a
713 1217 815 1244 ratione
831 1223 892 1251 pcr-

101 1270 267 1297 turhalionum
289 1267 435 1295 seditiones
448 1268 573 1297 coercet,
589 1263 713 1291 invidiam
728 1262 795 1289 tollit
808 1266 835 1288 et
846 1269 892 1288 ar-

101 1317 237 1352 rogantiam
259 1314 395 1342 rt-frtenat.
409 1312 472 1340 Nam
487 1318 571 1346 neque
583 1310 658 1337 dives
671 1309 809 1343 despicere
823 1315 890 1342 putt-

102 1370 182 1397 perem
198 1361 314 1396 poterit,
329 1367 390 1386 cum
403 1366 435 1385 ex
446 1356 592 1390 Scripturis
603 1355 710 1386 audiet,
728 1353 817 1381 Omnis
832 1361 892 1379 raro

101 1410 186 1443 [tenam
198 1427 206 1439 ,
219 1411 242 1433 et
255 1406 340 1433 omnis
352 1404 434 1442 gloria
448 1403 557 1430 Itmm'uis
577 1401 651 1437 quasi
664 1401 713 1436 [los
726 1400 787 1435 [teni
812 1398 889 1436 (Isai.

100 1454 139 1481 40.
161 1454 196 1488 6)
219 1459 331 1486 :neque
353 1457 452 1486 pauper
471 1450 583 1476 alterum
605 1447 779 1474 ditesceutem
801 1445 894 1472 videns

100 1498 190 1536 invidia
204 1498 342 1533 capietur,
357 1504 416 1524 cum
431 1499 459 1523 et
473 1497 529 1529 ipse
541 1493 630 1521 audiet
642 1492 755 1520 alterum
771 1491 892 1524 Prophe-

101 1549 148 1572 tam
165 1544 316 1574 dicentem,
333 1541 375 1569 Ne
395 1541 507 1568 timueris
532 1547 589 1566 cum
613 1539 681 1566 dive:
706 1538 788 1572 facta:
815 1536 891 1572 fuerit

101 1592 186 1621 ltouto,
206 1595 229 1616 et
242 1597 300 1616 cum
321 1587 487 1622 multiplicata
510 1585 586 1620 fuerit
608 1585 690 1619 gloria
708 1585 800 1611 «(omne
825 1583 892 1618 ejus.

106 1636 223 1668 Quoniam
234 1644 294 1662 cum
306 1635 426 1661 interierit
439 1642 488 1659 non
501 1637 581 1659 sumet
592 1633 692 1661 omnia;
702 1638 782 1665 neque
792 1630 894 1656 descen-

101 1683 136 1708 det
149 1690 204 1708 tum
221 1689 250 1708 eo
265 1681 349 1716 gloria
360 1681 414 1716 q'us
426 1681 435 1714 (
446 1679 518 1706 Psal.
533 1679 579 1705 43.
592 1678 635 1704 17.
650 1677 715 1712 18).
734 1676 806 1703 Talis
820 1683 894 1702 natu-

101 1736 148 1763 qtte
159 1733 199 1755 cst
212 1735 295 1763 opum
311 1728 419 1754 istarum
432 1730 524 1752 natura
537 1734 543 1751 :
555 1732 608 1751 non
622 1723 818 1751 trausleruntur
830 1730 891 1749 cum

101 1774 224 1806 dominis;
239 1780 294 1800 non
316 1779 376 1799 cum
394 1771 593 1806 possessoribus
614 1768 821 1803 transmigrauit;
839 1776 891 1794 null

102 1819 126 1847 in
136 1820 263 1855 judicium
286 1818 387 1846 vocatis
401 1818 456 1845 illic
469 1825 500 1844 ac
515 1823 609 1852 pinnas
625 1815 759 1843 luentibus
780 1813 894 1850 patroci-

102 1871 208 1897 nantur,
225 1865 274 1892 sed
289 1872 338 1900 per
360 1868 473 1891 mortem
490 1863 595 1898 penitus
612 1861 811 1897 pra‘ciduutur;
837 1861 892 1887 into

103 1911 191 1938 multos
212 1911 293 1937 etiam
305 1913 368 1936 ante
387 1913 500 1935 mortem
521 1908 697 1934 deseruerunt
713 1915 721 1933 :
738 1905 834 1932 inﬁdus
854 1909 895 1932 est

104 1965 169 1990 usus,
186 1957 289 1984 fruetus
301 1955 449 1988 instabilis,
466 1954 615 1989 periculosa
629 1953 771 1988 possessio.
789 1954 824 1980 At
837 1960 889 1980 neu

103 2003 226 2037 ejusmodi
241 2006 306 2030 sunt
319 2001 423 2028 virtutis
442 2006 468 2028 et
482 2001 657 2035 eleemOsyna:
672 1999 741 2026 bona
752 2019 760 2031 ,
774 2007 865 2026 verum
879 2006 893 2025 a

104 2049 259 2082 praedatione
271 2052 343 2074 tutus
352 2050 394 2074 est
403 2046 446 2073 hic
457 2046 607 2073 thesaurus.
620 2044 695 2072 Unde
706 2045 757 2071 hoc
771 2043 895 2071 constat?

103 2094 147 2128 Qui
162 2094 194 2121 de
207 2093 308 2121 divitiis
322 2093 378 2119 istis
398 2091 609 2127 philosophando
628 2090 704 2122 dixit.
718 2089 777 2117 Non
791 2090 895 2117 descen-

103 2140 140 2166 det
153 2147 207 2165 cum
218 2147 246 2166 eo
257 2138 340 2174 gloria
357 2137 411 2172 ejus
426 2141 482 2172 post
494 2144 551 2163 eum
563 2156 570 2167 .
582 2135 624 2162 hic
635 2135 705 2163 etde
719 2135 896 2170 cleemosynm

105 2185 246 2215 thesauris,
261 2185 306 2220 qui
322 2187 478 2218 permanent
496 2191 601 2217 semper
619 2190 667 2210 nec
686 2190 801 2217 unquam
820 2189 895 2210 eom-

105 2231 227 2264 pilantur,
246 2237 296 2257 nos
309 2230 439 2261 erudivit,
451 2237 511 2256 cum
526 2229 559 2256 ita
571 2229 636 2256 dixit
649 2237 655 2255 :
673 2228 795 2263 Dispersit
807 2248 814 2260 ,
827 2228 895 2255 dedit

105 2276 259 2310 pauperibus.
266 2276 366 2310 juntitia
375 2275 428 2309 eius
437 2279 518 2300 manet
528 2274 554 2300 in
562 2273 682 2300 «oculum
689 2273 774 2309 (Paul.
785 2274 795 2300 1
805 2274 813 2300 1
823 2274 845 2300 1.
853 2273 894 2307 9).

104 2322 165 2353 Quid
178 2322 227 2348 ltoc
239 2321 386 2347 mirabilius
396 2327 455 2347 esse
469 2319 550 2354 possit
564 2319 576 2345 ?
587 2319 651 2352 Qua:
661 2318 822 2353 colliguntur
834 2326 895 2353 per-

105 2370 164 2392 eunt
173 2387 180 2396 ,
196 2371 222 2393 et
237 2369 347 2392 manent
359 2373 418 2400 quae
429 2365 618 2398 disltcrguutttr
628 2383 636 2396 ,
652 2371 683 2390 ac
705 2364 800 2390 merito
812 2370 876 2390 sane
888 2371 895 2390 :

105 2419 161 2438 nam
171 2412 219 2438 ista
231 2411 338 2446 quidem
350 2410 461 2444 suscipit
474 2410 542 2436 Deus
553 2417 560 2440 ι
573 2414 701 2436 cmlerttm
712 2416 744 2436 ex
759 2408 804 2435 Dei
819 2416 897 2435 manu

106 2465 194 2491 mpero.
214 2464 294 2484 nemo
307 2461 393 2491 potest
408 2466 414 2482 :
430 2456 472 2483 illa
486 2463 550 2483 vero
569 2455 594 2482 in
610 2455 745 2482 hominum
766 2454 898 2481 thesauris

106 2508 273 2536 reponuntur.
285 2502 327 2528 ubi
339 2502 429 2529 multis
440 2501 542 2528 insidiis
549 2505 611 2528 sunt
620 2500 745 2531 obnoxia,
756 2500 801 2527 ubi
812 2500 898 2527 mttlta

107 2549 196 2576 invidia
212 2554 238 2576 et
254 2549 332 2575 livor.
348 2548 406 2575 Noli
422 2555 485 2582 ergo
496 2568 503 2580 ,
526 2547 716 2578 dilectissime,
743 2546 795 2574 loci
819 2546 898 2580 hujus

108 2594 339 2628 frequentationcm
350 2598 521 2621 contemnere
533 2602 540 2619 :
552 2593 608 2620 sive
615 2592 685 2620 enim
697 2599 797 2619 maeror
804 2591 899 2626 aliquis

108 2641 234 2673 negotium
247 2640 369 2672 facessat,
380 2639 424 2666 hic
433 2639 566 2672 relegatur
579 2646 586 2666 :
599 2638 655 2664 sive
665 2645 736 2664 cura:
746 2636 898 2666 s:cculares.

108 2686 239 2720 aulugiunt
256 2694 262 2712 :
278 2686 336 2712 sive
350 2685 443 2711 aliena:
461 2692 474 2710 a
490 2683 593 2711 ratione
611 2682 841 2718 perturbationes,
857 2689 900 2709 sc-

108 2730 200 2756 dantur
215 2738 222 2757 :
237 2738 251 2757 a
266 2730 324 2757 foro
342 2735 429 2756 autem
451 2736 479 2756 Cl
492 2728 603 2756 theatris
616 2735 648 2755 ac
661 2727 765 2755 czetcris
782 2726 900 2761 profanis

108 2777 293 2808 conventibus,
308 2775 399 2803 multis
413 2775 585 2802 aecnmnlatis
602 2773 674 2801 curis
688 2781 720 2800 ac
741 2772 901 2801 mceroribus

110 2824 251 2857 animmque
270 2823 389 2853 morbis.
406 2822 514 2849 domum
537 2821 665 2848 redimus.
687 2819 714 2847 Si
737 2819 780 2847 hic
795 2819 902 2846 assidue

111 2871 170 2892 Tum.
182 2869 206 2895 ϐ,
219 2875 273 2899 pag.
284 2868 340 2894 206.
350 2871 377 2892 et
388 2867 530 2899 Mteahrnc
541 2873 566 2891 ιιι
578 2870 599 2890 S.
607 2866 744 2899 Lucanum,
755 2865 803 2899 hoc
820 2864 901 2893 titulo,

110 2895 346 2934 tiu-dmipostridie
367 2895 562 2923 illaminatorutu.
590 2896 673 2920 ttultitu
690 2896 733 2926 [uit
751 2895 776 2920 in
794 2899 901 2920 srmrlutu

112 2935 154 2954 εἰμι
162 2934 235 2962 ιψςιη
249 2937 254 2955 Ι
265 2936 385 2955 1.ι·1.ιηηηι.

658 199 690 227 ΙΝ
709 198 734 227 ε
760 197 931 226 ωειλκωι
952 195 1157 225 aI'AR'l‘Y‘REM‘.

1671 195 1733 224 52k

932 257 1058 286 verscrls,
1072 261 1180 289 prorsus
1192 253 1271 282 etiam
1287 261 1319 281 ea
1332 261 1390 289 qua:
1401 253 1465 282 foris
1487 253 1641 282 emunxisti
1656 254 1725 282 mala

933 299 1052 334 depones
1068 300 1128 328 :siu
1152 304 1241 327 autem
1265 299 1368 327 resilias
1389 299 1525 335 fugiasque
1536 321 1543 332 ,
1569 300 1613 328 illa
1626 301 1705 328 etiam
1717 320 1725 332 ,

932 354 992 381 qua:
1000 353 1134 373 saerarmn
1145 354 1196 381 ope
1208 345 1404 380 Seripturarum
1416 345 1483 372 bona
1496 346 1543 373 tibi
1556 347 1726 381 comparasti,

935 399 1043 426 prorsus
1056 393 1162 420 amittes
1172 412 1179 422 .
1201 396 1304 426 tumque
1328 398 1393 425 opes
1404 391 1502 418 sensim
1517 399 1532 418 a
1545 392 1662 426 profanis
1677 391 1728 418 illis

934 438 1104 466 eonscssibus
1121 443 1149 465 et
1161 437 1309 472 colloquiis
1320 436 1508 472 subripientur.
1524 437 1609 472 Atque
1624 441 1652 463 ut
1672 436 1729 463 ha-c

937 492 1003 511 vera
1017 491 1078 511 esse
1098 484 1214 511 noscatis
1225 503 1235 516 ,
1249 491 1310 510 cum
1331 483 1392 510 hinc
1410 483 1585 510 disoesseritis
1595 503 1603 514 .
1618 491 1665 511 eos
1683 483 1728 517 qui

936 530 1016 557 hodie
1030 529 1170 558 obfuerunt
1184 529 1273 557 videre
1287 528 1391 556 studete
1402 549 1410 561 ,
1436 533 1490 556 tum
1511 534 1646 563 quantum
1661 529 1729 557 inter

936 581 1050 604 vestram
1066 576 1146 603 animi
1162 575 1378 611 tranquillitatem
1397 580 1425 603 et
1444 575 1557 602 illorum.
1569 575 1736 604 anxietatem.

939 621 1053 654 intersit,
1068 622 1294 649 animadvertetis.
1309 621 1367 648 Non
1383 621 1418 648 ita
1430 621 1538 656 pulchra
1549 626 1592 649 est
1602 630 1632 649 ac
1646 629 1730 649 Veﬂlbr

938 673 978 695 sta
991 675 1089 702 sponsa
1103 667 1130 695 in
1144 667 1264 695 thalamo
1277 667 1374 695 sedens
1386 687 1394 700 ,
1407 675 1438 695 ac
1451 667 1580 696 mirabilis
1590 673 1631 696 est
1643 669 1731 696 anima

939 713 1108 748 gloriosaque
1118 734 1126 747 ,
1142 713 1206 740 dum
1227 713 1260 740 in
1268 713 1381 741 ecclesia
1395 714 1541 749 spiritualia
1556 715 1661 750 spirans
1680 723 1736 742 un-

939 764 1035 794 guenta
1056 764 1201 795 comparet.
1216 759 1273 793 Qui-
1281 760 1353 787 enim
1376 760 1428 789 htto
1448 769 1507 788 cum
1523 761 1574 789 ﬁde
1592 769 1624 789 ac
1644 762 1735 790 studio

940 805 1071 838 ventilat,
1093 806 1238 833 innumeris
1256 807 1388 834 thesauris
1407 807 1505 836 ditatus
1526 808 1665 836 abscedit:
1682 809 1740 837 etsi-

941 855 1042 878 tantutn
1055 858 1085 878 os
1099 852 1244 886 aperuerit,
1260 852 1333 880 omni
1344 852 1455 881 odorum
1465 855 1594 882 suavitate
1607 855 1742 882 continuo-

941 903 973 923 ac
991 896 1171 931 spiritualibus
1185 897 1280 932 opibus
1293 898 1442 933 complebit.
1450 898 1520 932 illos,
1535 900 1579 935 qui
1589 908 1742 936 congresso.

941 941 1000 976 ejus
1013 942 1153 974 fruuntur;
1176 943 1227 970 etsi
1246 949 1379 971 sexcenta:
1394 943 1540 979 iugruerint
1551 945 1740 979 calamitates,.

942 996 1036 1017 omnes
1049 997 1127 1024 :rquo
1138 989 1228 1016 attimo
1241 989 1308 1017 feret
1320 999 1327 1017 :
1344 994 1435 1025 utpote
1447 991 1492 1026 qui
1506 999 1522 1018 e
1534 992 1679 1027 Scripturis
1691 993 1732 1020 di-

943 1036 1011 1063 vinis
1026 1036 1158 1070 patientia:
1177 1035 1403 1072 philosnphimque
1422 1037 1596 1065 sufﬁcientem
1614 1039 1743 1067 occasio—

943 1090 1004 1109 nem
1020 1081 1081 1109 hinc
1097 1082 1239 1118 acceperit.
1253 1082 1285 1109 Et
1297 1083 1366 1110 sicut
1380 1083 1402 1110 is
1413 1104 1421 1116 ,
1433 1084 1476 1118 qui
1493 1088 1619 1119 perpetuo
1630 1085 1655 1112 in
1670 1093 1743 1120 rupe

943 1128 1074 1157 consistit.
1087 1127 1182 1155 fluctus
1190 1128 1302 1163 despicit
1314 1129 1322 1144 ¹
1336 1137 1343 1155 :
1359 1129 1398 1157 sic
1410 1134 1437 1157 et
1450 1130 1472 1157 is
1482 1151 1489 1160 .
1503 1131 1546 1165 qui
1560 1131 1665 1159 assidue
1678 1132 1736 1160 eol-

944 1174 1010 1202 lecta
1023 1174 1176 1208 perfruitur,
1190 1182 1222 1202 ac
1236 1175 1335 1202 divinis
1342 1177 1510 1204 sermonibus
1521 1177 1655 1212 irrigatur,
1669 1183 1743 1207 tam-

944 1227 1023 1254 quam
1037 1220 1063 1247 in
1079 1227 1144 1255 rupe
1158 1221 1184 1247 in
1202 1226 1275 1249 recto
1288 1229 1376 1249 rerum
1392 1215 1498 1257 judicio
1506 1230 1535 1250 se
1549 1223 1635 1258 ipsum
1653 1225 1737 1252 collo-

944 1265 1032 1298 cavit,
1049 1265 1127 1293 nullis
1150 1266 1229 1294 rebus
1251 1266 1374 1294 humanis
1393 1267 1510 1302 rapietur
1524 1277 1530 1295 :
1546 1272 1574 1295 ut
1595 1268 1640 1304 qui
1655 1270 1744 1298 mults»

945 1311 1025 1338 altius
1037 1319 1067 1339 se
1080 1312 1248 1345 provexerit,
1271 1320 1349 1347 quam
1371 1320 1424 1347 qtto
1439 1318 1548 1347 possent
1571 1315 1740 1349 negotiorum

946 1357 1112 1384 szecularium
1129 1357 1295 1385 incursiones
1308 1358 1469 1393 pertingere.
1482 1358 1574 1394 Neque
1593 1367 1658 1387 vero
1679 1364 1740 1387 tan~

948 1409 1003 1431 tum
1026 1412 1058 1432 ex
1081 1404 1273 1436 admonitione,
1294 1404 1340 1432 sed
1358 1405 1438 1432 etiam
1452 1413 1484 1432 ex
1499 1406 1631 1440 precibus.
1647 1414 1679 1435 ex
1695 1414 1740 1442 pa—

947 1456 1022 1478 terna
1037 1450 1231 1483 benedictione,
1246 1458 1279 1478 ex
1286 1451 1421 1478 comnumi
1434 1457 1566 1479 conventu
1579 1451 1743 1487 fratrumque

945 1497 1066 1529 caritate,
1082 1502 1161 1532 atque
1174 1497 1234 1524 aliis
1245 1497 1380 1524 sexcentis
1392 1505 1425 1524 ex
1438 1498 1519 1525 rebus
1533 1497 1613 1525 multa
1629 1498 1741 1526 utilitate

947 1547 1026 1578 atque
1046 1543 1127 1570 animi
1152 1543 1329 1571 oblectatione
1350 1548 1473 1578 percepta
1493 1543 1562 1571 solet
1583 1544 1744 1578 discedere,

947 1595 1028 1624 atque
1050 1589 1188 1616 itmumera
1203 1589 1272 1616 bona
1296 1590 1404 1616 douttttu
1430 1595 1577 1624 reportare.
1604 1590 1742 1626 Perpende

947 1636 1037 1671 itaque
1049 1635 1129 1663 hodie
1140 1641 1238 1671 quanta
1251 1644 1298 1663 vos
1311 1636 1495 1664 benedictione
1509 1636 1658 1664 cumulaudi
1672 1638 1740 1671 sitis,

947 1687 1047 1717 quanto
1062 1681 1099 1709 illi
1119 1682 1217 1709 damno
1231 1681 1384 1708 mulctaudi.
1406 1681 1472 1709 Nam
1487 1690 1533 1708 vos
1546 1682 1652 1717 quidem
1669 1690 1740 1709 utar-

949 1734 1034 1765 tynnn
1057 1728 1180 1755 mercede
1193 1731 1316 1762 percepta
1329 1727 1471 1755 discedctis
1486 1736 1492 1754 :
1507 1728 1544 1754 illi
1560 1735 1622 1755 vero
1634 1733 1742 1762 pr.nter-

947 1784 1026 1811 qnaut
1041 1774 1110 1810 quod
1123 1775 1197 1801 lucro
1210 1775 1260 1801 isto
1271 1774 1454 1809 privahuutttr,
1466 1774 1519 1801 alio
1530 1782 1635 1808 quoque
1644 1774 1743 1801 damno

946 1823 1096 1849 afﬁcientur
1108 1842 1116 1855 ,
1132 1821 1201 1856 quod
1221 1829 1253 1848 ex
1269 1820 1388 1848 futilibus
1409 1819 1627 1854 occupationibus
1646 1819 1742 1847 ιιιιιιιςις

947 1868 1155 1896 sollicitudinum
1189 1866 1282 1894 sordes
1315 1865 1482 1893 contraln-ut.
1514 1865 1742 1898 Quemadmodum

946 1914 1018 1941 enim
1030 1913 1051 1940 is
1065 1913 1114 1946 Qui
1124 1912 1211 1947 recipit
1222 1912 1369 1946 prophetam
1380 1911 1407 1937 in
1417 1911 1518 1937 nontine
1528 1910 1667 1945 prop/tem.
1679 1918 1743 1937 mer-

946 1961 1031 1988 cedem
1047 1959 1174 1995 propheta
1191 1958 1316 1993 accipiet:
1338 1961 1361 1984 et
1382 1957 1426 1990 qui
1434 1957 1533 1991 justum
1547 1957 1634 1992 recipit
1657 1956 1683 1983 in
1698 1965 1743 1983 ηυ-

947 2007 1015 2034 mine
1023 2007 1089 2041 justi
1098 2027 1106 2039 ,
1122 2005 1258 2032 mercedem
1275 2004 1341 2040 justi
1360 2003 1465 2038 accipiet
1479 2003 1489 2038 (
1500 2002 1594 2029 Matth.
1610 2003 1652 2030 10.
1666 2002 1696 2030 41
1712 2003 1740 2037 ):

947 2054 986 2080 sic
1001 2057 1027 2079 et
1041 2052 1062 2079 is
1077 2052 1121 2087 qtti
1144 2056 1287 2086 martyrem
1310 2050 1403 2083 recipit
1418 2050 1443 2076 itt
1467 2049 1573 2076 nomine
1595 2049 1719 2084 martyris
1734 2069 1742 2078 .

947 2097 1098 2126 mercedem
1108 2096 1231 2132 martyris
1245 2095 1365 2130 accipiet.
1375 2094 1443 2125 Tum
1454 2102 1517 2120 vero
1531 2093 1591 2128 quis
1599 2099 1743 2128 martyrem

948 2144 1061 2180 recipit,
1080 2151 1139 2171 cum
1154 2143 1186 2170 ad
1202 2142 1260 2177 ejus
1274 2142 1428 2169 memoriam
1442 2140 1585 2172 Convenit,
1599 2147 1659 2167 ctnn
1682 2139 1741 2174 ejus

946 2191 1122 2219 certaminum
1138 2188 1296 2216 narrationis
1314 2187 1342 2214 ﬁt
1362 2187 1504 2222 particeps,
1522 2193 1582 2213 cum
1599 2185 1666 2213 facta
1686 2185 1743 2213 col-

945 2240 1111 2268 laudat.cum
1120 2237 1231 2263 virtutes
1244 2235 1371 2264 imitatur.
1381 2242 1441 2261 cum
1457 2233 1526 2264 apud
1541 2237 1654 2260 (λειω-υς
1671 2240 1742 2268 prm-

946 2284 1019 2312 elara
1029 2283 1099 2311 illius
1108 2281 1223 2310 facinora
1234 2280 1367 2316 praedicat.
1380 2280 1442 2307 lla-,c
1451 2283 1595 2313 martyrum
1605 2277 1743 2312 hospitalia

947 2334 1010 2357 stmt
1024 2330 1093 2356 dona
1106 2336 1114 2361 ;
1128 2327 1167 2355 sic
1179 2327 1244 2354 istos
1255 2330 1361 2352 sanctos
1369 2325 1429 2360 quis
1439 2323 1560 2358 suscipit,
1571 2323 1643 2350 sicut
1657 2327 1684 2350 et
1693 2330 1742 2350 vos

948 2376 1037 2411 utique
1047 2373 1176 2401 hodierno
1189 2372 1232 2399 die
1247 2371 1356 2398 fecistis.

983 2423 1010 2450 2.
1027 2421 1179 2456 Martyrium
1192 2424 1228 2446 ert
1242 2418 1395 2452 Bnptismus.
1410 2431 1447 2438 -—
1462 2416 1522 2444 lleri
1545 2415 1634 2451 itaque
1648 2415 1739 2442 Domi«

950 2478 1000 2497 nus
1020 2467 1126 2504 quidem
1148 2470 1240 2494 noster
1262 2473 1329 2498 aqua
1353 2464 1499 2498 baptizatus
1520 2465 1561 2490 est
1581 2462 1637 2497 (a),
1663 2461 1741 2488 hodie

952 2522 1016 2543 vero
1037 2521 1130 2542 servus
1150 2511 1280 2546 sanguine
1294 2510 1441 2544 baptizatur
1457 2517 1464 2535 :
1479 2508 1606 2536 hesterno
1627 2507 1671 2534 die
1686 2507 1742 2532 ca-Ii

951 2565 1034 2597 portat
1060 2563 1122 2587 sunt
1148 2562 1284 2589 reserata‘,
1312 2556 1391 2582 hodie
1414 2554 1556 2581 inferorum
1580 2558 1662 2588 porta:
1684 2557 1743 2578 sunt

951 2608 1123 2636 euut‘ulcatze.
1140 2605 1231 2639 Neque
1247 2601 1381 2630 miremini
1394 2621 1402 2633 ,
1417 2600 1488 2635 quod
1503 2600 1661 2634 baptismqu
1676 2607 1744 2625 mar-

953 2654 1050 2690 tyrium
1067 2651 1240 2686 nuncuparim
1256 2658 1262 2676 :
1279 2656 1339 2676 nam
1355 2653 1382 2675 et
1397 2647 1440 2674 hic
1453 2647 1568 2682 Spiritus
1581 2653 1641 2672 cum
1663 2646 1746 2670 muita

952 2701 1057 2729 advolat
1070 2700 1200 2729 ubertate,
1211 2705 1242 2725 ac
1257 2700 1426 2732 peccatorum
1440 2692 1551 2721 abolitio
1565 2696 1592 2718 et
1605 2691 1701 2718 anima:
1716 2690 1746 2716 ﬁt

954 2747 1075 2783 purgatio
1087 2745 1208 2781 qua-dam
1223 2742 1352 2771 mirabilis
1364 2749 1396 2769 ac
1410 2739 1539 2775 stupenda
1554 2747 1561 2765 :
1575 2742 1602 2765 et.
1615 2735 1746 2783 quemad-

953 2781 1061 2822 modum
1078 2792 1106 2824 ii,
1122 2791 1167 2826 qui
1182 2789 1362 2824 baptizantur,
1375 2786 1468 2822 aquis,
1484 2785 1518 2812 ita
1531 2783 1576 2819 qui
1589 2781 1746 2818 martyriqu

986 2862 993 2878 ί
1011 2858 1080 2884 savil.
1095 2859 1118 2890 in
1128 2864 1216 2890 marg.,
1228 2855 1269 2889 qui
1281 2855 1304 2881 in
1317 2853 1379 2880 mari
1390 2857 1412 2879 cl
1424 2852 1449 2878 in
1461 2858 1520 2883 rupe
1534 2856 1615 2876 secure
1627 2849 1743 2880 consistit,

954 2892 1039 2924 ﬂuctus
1051 2889 1160 2924 despuit.

987 2923 1023 2953 (η)
1041 2917 1222 2952 t‘piphauiurum
1234 2917 1322 2943 festum
1334 2919 1460 2941 ιηριιωτει.
