1969 3130
222 186 276 216 δτι-ἲ

224 245 370 279 patiuntur,
395 244 502 278 proprio
518 245 647 279 sanguine
659 243 824 276 abluuntur;
839 243 909 276 quod
925 242 1017 278 utique

223 296 252 318 et
265 292 291 318 iu
307 291 359 319 isto
373 290 472 318 evenit.
490 289 587 318 Verum
608 295 749 325 antequam
769 290 803 317 de
821 289 911 322 aede,
926 297 1016 324 operat

224 338 337 372 pretium
359 341 400 364 est
415 341 445 364 ut
466 337 500 364 de
520 336 618 364 diaboli
641 337 756 364 versutia
770 337 850 364 verba
875 336 1013 364 faciamus.

224 383 289 411 Nam
300 391 360 411 cum
373 391 452 411 omne
470 383 659 417 suppliciorum
676 390 708 410 ac
729 390 867 418 poenarum
886 389 969 418 genus
980 382 1015 409 ab

222 438 255 457 co
270 430 386 457 derisum
399 429 634 460 animadverteret,
647 436 680 456 ac
692 435 722 456 se
734 436 820 463 neque
834 435 945 456 accensa
962 428 1015 455 for-

223 483 298 506 nace.
316 483 401 511 neque
417 475 541 502 barathro
553 474 666 506 elfosso,
682 482 766 509 neque
780 480 836 501 rota
850 479 951 510 parata,
964 482 1014 501 ne-

221 530 275 557 que
288 529 348 548 eum
364 522 390 548 in
405 521 546 556 equuleum
560 521 718 553 sustulisset,
735 528 820 556 neque
834 528 894 547 cum
910 520 936 547 in
948 528 1015 555 pra:-

222 568 310 602 cipitia
327 568 493 602 projecisset,
507 574 593 600 neque
603 574 664 593 cum
674 565 797 593 dentibus
813 565 927 593 ferarum
941 566 1014 600 obje-

221 614 319 646 cisset,
333 614 417 641 sancti
434 613 629 648 philosophiam
644 620 771 648 superare
790 613 908 648 potuisse
922 622 928 639 :
943 612 1014 640 aliud

220 660 343 688 acerbius
362 667 445 695 genus
463 660 639 695 excogitavit,
656 667 831 695 quterensquo
845 660 1012 693 circumibat,

219 710 250 733 ut
262 705 418 740 supplicium
433 706 565 732 lnveniret
574 725 581 737 ,
595 705 665 740 quod
679 705 757 732 simul
770 710 798 732 et
811 705 1012 732 acerbissimum

218 756 291 779 esset
315 757 342 779 et
369 751 562 787 longissimum.
587 751 719 785 Quoniam
745 752 816 779 enim
839 759 879 780 ea:
905 752 1013 786 quidem

220 799 305 833 patum
316 818 324 831 ,
337 805 397 832 qua:
417 803 479 824 sunt
503 797 693 830 intolerabiles,
716 797 767 824 hoc
781 797 894 826 alferunt
907 818 914 830 ,
938 802 966 825 ut
981 798 1014 825 iis

218 844 350 879 ocyssime
363 843 523 876 liberemur;
537 851 597 878 qum
606 850 671 871 vero
684 843 817 878 longiores
829 849 901 874 sunt,
913 844 1013 879 aliquid

218 888 377 916 subtrahunt
399 889 432 916 de
446 889 540 916 dolore
555 897 561 916 :
576 889 694 924 reperire
717 896 821 924 ptenam
845 889 964 924 studuit,
986 890 1012 918 in

218 943 269 970 qua
291 941 432 970 utrumque
447 935 525 962 simul
541 941 630 970 esset,
650 940 677 963 et
691 935 851 963 diuturnitas
870 941 896 963 et
916 937 1012 963 intole-

220 981 309 1008 rabilis
336 982 436 1009 doloris
464 989 608 1015 excessus,
631 987 660 1009 ut
685 990 746 1010 cum
767 983 932 1010 vehementia
957 988 1010 1010 tum

215 1027 379 1055 diuturnitas
398 1028 526 1064 temporis
543 1028 662 1056 animum
683 1028 742 1063 ejus
763 1033 928 1056 constantem
943 1029 1011 1064 deji—

215 1079 300 1101 ceret.

254 1119 335 1147 Fama
357 1125 486 1153 torquetur
510 1119 659 1152 Lucianua;
684 1121 825 1157 idolutliyta
849 1122 954 1156 respuit.
976 1136 1012 1142 ~—

216 1167 285 1200 Quid
298 1174 363 1202 ergo
377 1167 460 1194 facit?
473 1167 547 1194 Fami
565 1172 688 1195 sanctum
708 1168 779 1195 hunc
793 1168 912 1202 expauit.
936 1169 970 1195 At
983 1172 1011 1194 tu

217 1222 278 1240 t-nm
302 1214 336 1241 de
358 1213 427 1242 fante
449 1213 536 1247 audis,
555 1222 589 1242 ne
602 1215 673 1250 quod
694 1215 793 1242 dictttm
809 1219 851 1242 est
867 1215 1012 1242 oscitanter

216 1264 361 1294 przetereas
377 1268 384 1287 :
399 1264 441 1287 est
453 1260 525 1287 enim
546 1260 590 1287 illa
606 1268 680 1288 mors
693 1261 814 1288 omnium
827 1261 1009 1293 acerbissima.

215 1305 287 1340 quod
302 1306 357 1339 illi,
372 1306 416 1342 qui
436 1311 498 1334 sunt
511 1307 630 1342 experti,
647 1311 778 1334 testantur
793 1316 800 1334 :
814 1307 883 1335 absit
896 1308 967 1335 enim
981 1313 1011 1335 ut

215 1353 242 1380 id
259 1361 307 1380 nos
321 1353 490 1388 experiamur
504 1363 511 1380 :
527 1358 599 1381 recte
615 1361 728 1388 namque
748 1361 841 1381 sumus
859 1353 945 1381 edocti
959 1374 965 1385 ,
981 1359 1010 1381 ut

216 1407 333 1431 oremus,
349 1407 382 1427 ne
397 1400 422 1427 in
439 1400 610 1428 tentationem
625 1400 753 1428 intremus
767 1400 872 1436 (Matth.
886 1401 931 1428 26.
946 1401 975 1428 ii
987 1402 1008 1436 ).

218 1446 323 1473 I'Itenim
345 1452 479 1480 tamquam
495 1446 641 1474 visceribus
664 1446 735 1474 intus
760 1447 878 1474 insidens
891 1447 1008 1474 carnifex

215 1492 346 1526 quispiam
368 1491 457 1518 omnia
474 1492 592 1519 membra
605 1491 716 1519 dilaniat
726 1512 734 1523 .
749 1493 844 1527 quovis
859 1493 920 1528 igne
941 1493 1010 1520 fera~

215 1546 267 1573 quc
280 1539 377 1565 S:t‘5\'itt5
390 1546 487 1572 corpus
499 1538 572 1565 omni
585 1545 617 1565 ex
634 1543 706 1573 parte
721 1538 839 1565 corrodit
850 1559 858 1571 ,
878 1546 909 1565 ac
922 1539 1009 1566 conti-

215 1593 297 1611 nutttn
324 1589 351 1611 et
376 1583 587 1619 inexplicabilem
612 1584 732 1611 dolorem
757 1585 847 1612 inurit.
873 1585 959 1620 Atque
981 1590 1009 1612 ut

215 1636 314 1666 quanta
334 1639 379 1658 res
393 1630 427 1658 sit
451 1631 534 1658 f;unes
555 1630 695 1666 intelligas,
711 1631 790 1658 etiam
812 1631 911 1659 liberos
925 1639 1009 1667 sa-pc—

218 1684 330 1705 numero
349 1678 511 1704 devorartmt
531 1681 648 1708 matres,
668 1684 728 1704 cum
744 1678 819 1704 istius
834 1677 895 1705 tnali
910 1678 1009 1706 violen-

216 1724 279 1751 liam
291 1723 361 1751 ferre
372 1730 424 1750 non
433 1727 552 1759 possent.
564 1723 595 1750 Et
606 1723 673 1750 hanc
680 1723 822 1758 deplorans
831 1723 1008 1751 calamitatem

217 1770 343 1805 propheta
371 1769 495 1801 dicebat,
522 1768 616 1796 Manus
648 1769 781 1796 mulierum
809 1769 1009 1797 misericordia»:

214 1820 335 1842 cost-runt
349 1815 414 1849 ﬁlios
428 1822 487 1841 suos
500 1814 509 1849 (
521 1813 613 1841 Tlircn.
627 1814 654 1842 ι.
670 1814 732 1849 l0).
755 1814 828 1848 Quos
850 1819 1009 1850 pepererant

215 1861 403 1892 eomedcbant,
417 1865 444 1887 et
457 1865 579 1887 natorum
595 1859 734 1887 infantium
749 1866 853 1893 venter,
866 1861 910 1896 qui
926 1869 1008 1896 pepe-

215 1911 304 1938 rent.
329 1906 481 1942 sepulcrum
515 1905 699 1939 efﬁciebatur,
723 1910 751 1934 et
777 1910 897 1934 naturam
924 1906 1008 1935 fames

215 1953 370 1988 superavit;
386 1952 440 1979 imo
453 1959 517 1979 vero
541 1959 594 1978 non
617 1956 737 1979 naturam
753 1951 832 1979 modo
842 1973 850 1985 ,
865 1952 912 1980 sed
927 1953 1007 1980 etiam

214 1999 378 2027 voluntatem
395 2008 401 2025 :
417 2002 444 2025 at
467 1997 546 2032 hujus
566 1998 650 2024 sancti
675 1998 879 2032 generositatem
899 1998 1008 2026 minime

215 2045 359 2080 superavit.
374 2044 439 2078 Quis
451 2051 516 2078 ergo
526 2063 534 2076 ,
553 2050 614 2070 eum
631 2043 687 2070 hate
701 2043 829 2076 audierit,
845 2051 897 2070 non
912 2045 1007 2072 obstu-

215 2092 331 2127 pescat?
354 2091 473 2118 Tametsi
496 2089 559 2125 quid
584 2090 718 2124 potentius
740 2095 782 2117 est
804 2091 922 2118 natura?
943 2091 1006 2126 quid

215 2142 306 2164 l'nlllra
330 2136 465 2163 voluntate
489 2135 662 2162 mutabilius?
685 2135 782 2162 Verum
805 2140 834 2162 ut
857 2136 921 2164 nihil
946 2145 1007 2166 esse

217 2183 263 2210 Ι)ρί
286 2183 380 2210 timore
401 2181 514 2209 validius
536 2181 616 2213 scias,
640 2181 822 2208 vehementius
834 2182 932 2217 aliquid
947 2191 1007 2211 esse

215 2234 308 2256 natura
323 2228 486 2255 Voluntatem
500 2227 641 2262 apparuit,
659 2234 744 2262 eaque
759 2232 857 2255 matres
872 2229 933 2255 vncit
943 2249 950 2262 ,
975 2237 1007 2257 ac

215 2279 306 2309 partus
321 2274 441 2301 oblivisci
454 2273 542 2307 coegit
556 2281 563 2300 :
580 2272 651 2300 hunc
665 2279 729 2299 vero
743 2278 863 2301 sanctum
878 2275 1005 2309 supplan-

213 2326 271 2347 tare
283 2327 336 2346 non
351 2318 445 2354 potuit,
457 2325 545 2353 neque
558 2317 752 2353 philosophiam
762 2319 921 2354 suppliciqu
933 2320 1004 2354 vicit,

213 2372 300 2400 neque
316 2364 496 2391 fortitudinem
511 2370 589 2398 pana
603 2363 739 2398 superavit
754 2372 761 2390 :
776 2364 823 2392 sed
838 2365 932 2399 quovis
943 2365 1007 2392 ada-

213 2417 304 2439 mante
319 2411 420 2438 iirntior
435 2410 626 2446 permanebat,
642 2417 724 2446 seque
739 2410 808 2438 bona
823 2419 869 2447 spe
887 2411 1006 2440 oblecta-

211 2458 280 2489 bat;
301 2458 439 2484 materiam
462 2463 576 2491 agonum
603 2463 633 2484 se
656 2461 762 2483 nactum
784 2457 963 2492 gloriabatur,
978 2463 1030 2487 ctV

209 2513 240 2531 r-x
261 2503 434 2531 certaminum
450 2503 537 2530 oblata
560 2503 700 2530 occasione
719 2503 922 2534 consolabatur.
938 2512 1006 2538 pra:-

210 2550 306 2577 surtim
329 2548 446 2584 quotidie
469 2549 577 2576 Paulum
593 2548 725 2576 dicentem
738 2549 849 2576 audiens
863 2558 870 2576 :
887 2549 920 2576 In
938 2551 1006 2585 fama

208 2601 231 2622 et
248 2595 300 2629 siti,
311 2596 336 2622 in
349 2595 443 2630 frigore
453 2600 478 2622 et
488 2595 602 2621 nuditate
611 2594 649 2627 (2.
660 2594 719 2622 Cor.
730 2595 740 2622 l
750 2597 772 2622 t.
781 2595 827 2630 27)
841 2604 846 2622 :
861 2600 887 2623 et
900 2604 1002 2627 rursus,

210 2640 298 2676 Usque
311 2641 336 2667 in
351 2641 417 2666 lianc
433 2640 522 2667 horum
537 2645 559 2666 ιι
572 2641 712 2672 esurimus,
734 2645 757 2668 et
775 2641 873 2668 nitimur
883 2661 891 2674 ,
907 2647 930 2668 et
943 2642 1005 2669 nudi

211 2694 298 2713 suum
311 2707 317 2717 ,
337 2691 360 2713 et
381 2686 496 2721 colaphis
510 2686 631 2712 cediiitur
642 2686 686 2720 (1.
698 2685 756 2713 Cor.
771 2687 797 2713 6.
813 2686 873 2722 ll).
889 2687 1005 2715 Noverat

212 2732 324 2767 quippe,
344 2736 453 2759 noverat
472 2732 555 2766 probe
574 2731 656 2764 illud,
672 2731 731 2759 Non
750 2732 776 2759 in
795 2733 850 2759 solo
863 2742 928 2768 pane
942 2735 1004 2761 uiuet

211 2779 304 2812 homo,
325 2778 368 2805 sed
389 2778 416 2805 in
438 2778 508 2804 omni
528 2776 601 2804 verba
618 2778 685 2804 auod
707 2779 818 2811 procedit
841 2779 873 2806 de
891 2787 934 2806 ore
956 2779 1005 2807 Dei

211 2821 320 2851 idlattlt.
334 2824 361 2851 Δ.
373 2824 410 2858 ι).
428 2823 463 2851 Ut
474 2828 562 2850 autem
581 2823 652 2850 illum
669 2823 804 2857 improbus
818 2825 922 2853 daemon
938 2826 1004 2854 vidit

211 2875 285 2896 tanta
298 2870 335 2896 rei
351 2870 508 2897 necessitate
523 2876 575 2896 non
589 2869 683 2904 frangi.
693 2869 842 2904 graviorem
855 2871 1002 2898 cruciatum

210 2914 326 2943 reddidit
342 2924 347 2941 :
362 2914 461 2944 etenim
485 2915 596 2950 sumptis
612 2914 780 2950 idolothytis,
796 2916 887 2951 eisque
909 2925 1000 2946 mensa

567 187 596 214 S.
617 184 760 216 JOANNIS
778 186 1022 216 CIIKYSOSTOMI
1047 187 1206 217 ABCHIEP.
1227 189 1501 218 CONSTANTINOP.

1808 190 1858 218 52;

1072 241 1168 270 referta
1178 263 1186 277 ,
1201 247 1262 271 ante
1274 249 1446 280 conspectum
1461 253 1520 281 ejus
1533 246 1658 275 collocart
1673 255 1734 275 eam
1748 251 1862 281 curavit,

1070 292 1098 314 ut
1113 287 1227 316 facultas
1243 289 1331 316 utendi
1346 291 1427 318 animi
1442 291 1524 318 robur
1536 292 1700 327 infringeret.
1718 292 1779 320 Non
1793 294 1863 321 enim

1070 333 1137 360 adeo
1151 334 1249 362 irretiri
1263 335 1381 363 :olemus
1395 344 1455 363 cum
1471 344 1515 364 res
1529 345 1585 369 exe,
1603 338 1700 372 quibus
1719 339 1862 372 allicimur,

1069 387 1122 407 non
1141 385 1289 416 apparent,
1305 389 1336 409 ac
1348 389 1408 409 cum
1424 384 1508 411 ocuﬁs
1527 384 1720 416 obversantur;
1743 385 1863 420 quando-

1069 425 1176 460 quidem
1188 431 1215 453 et
1228 427 1366 454 mulierum
1380 428 1550 462 cupiditatem
1565 430 1665 458 facilius
1678 431 1738 466 quis
1752 439 1862 465 supcra-

1069 472 1153 504 verit,
1168 473 1230 500 dtnn
1246 474 1383 501 mulierem
1407 475 1549 502 formosam
1573 484 1624 502 non
1641 476 1711 503 videt
1723 498 1731 508 ,
1748 485 1827 511 quam
1841 477 1863 504 si

1068 526 1140 553 stt-pe
1154 520 1245 546 oculos
1266 520 1291 547 in
1305 529 1363 546 cam
1386 521 1515 548 intendat.
1533 522 1719 549 Verumtamen
1733 522 1783 550 has
1797 531 1862 554 ιιιιο-

1067 571 1120 598 que
1133 564 1242 592 insidias
1262 566 1349 599 justus
1363 566 1446 598 vicit,
1468 567 1591 601 quodque
1607 566 1789 595 fortitudinem
1806 569 1864 603 ejus

1067 609 1190 638 diabolus
1213 611 1386 639 infracturnm
1411 613 1538 648 putabat,
1563 613 1614 641 hoc
1634 622 1694 640 cutn
1720 614 1808 649 magis
1830 615 1863 642 ad

1067 657 1213 683 certamina
1229 657 1413 684 corroboravit
1426 664 1453 685 ct
1475 659 1598 686 instruxit
1618 668 1624 686 :
1640 669 1692 686 non
1711 661 1785 688 euitn
1806 666 1863 688 tan-
1888 680 1894 688 .

1067 705 1123 728 tum
1144 701 1209 729 nihil
1224 702 1258 729 ab
1280 703 1487 739 idolothytornm
1503 710 1610 739 aspectu
1635 705 1800 738 ltedebatur,
1815 707 1863 734 sed

1066 754 1098 774 ea
1112 748 1196 782 magis
1215 748 1314 775 idcirco
1328 749 1521 777 adversabatur
1541 756 1568 778 et
1588 751 1691 778 oderat.
1716 752 1749 779 Et
1766 760 1862 788 quent-

1066 793 1210 820 admodum
1221 801 1283 829 erga
1297 795 1418 822 inimicos
1427 796 1568 828 aflicimur,
1579 805 1646 832 quos
1656 798 1716 833 quia
1729 799 1861 833 videmus,

1067 843 1141 865 tanto
1163 846 1210 866 eos
1232 839 1295 867 odio
1317 841 1411 876 majori
1435 842 1621 877 prosequimur
1633 849 1660 871 et
1680 852 1860 872 aversantur:

1065 885 1105 912 sic
1118 890 1147 913 et
1160 885 1204 914 ille
1219 891 1281 914 tunc
1293 895 1355 922 erga
1377 889 1508 923 impuram
1524 889 1594 917 illam
1611 890 1747 918 victimam
1764 892 1863 920 afficie-

1066 931 1163 964 batur;
1186 940 1220 960 eo
1245 934 1329 968 magis
1350 934 1533 963 detestabatur
1555 943 1586 963 ac
1606 936 1770 972 refugiebat,
1792 938 1861 972 quod

1065 977 1190 1010 videbat,
1216 983 1243 1005 et
1268 979 1449 1014 appositorum
1476 980 1596 1009 ciborum
1625 988 1750 1017 aspectus
1776 983 1861 1018 majus

1064 1024 1154 1051 odium
1169 1024 1195 1052 in
1216 1032 1250 1052 eo
1264 1030 1343 1060 atque
1364 1027 1558 1055 aversationem
1574 1029 1705 1056 excitabat
1724 1030 1862 1066 :dtnnque

1065 1070 1137 1098 intus
1149 1079 1245 1106 magna
1260 1071 1335 1099 illum
1350 1080 1416 1100 voce
1427 1073 1583 1101 sollicitaret
1595 1074 1689 1108 fames,
1701 1080 1730 1102 et
1739 1077 1860 1111 apposita

1064 1116 1205 1152 degustare
1221 1117 1343 1152 juberet,
1359 1123 1416 1146 tum
1430 1119 1476 1147 Dei
1497 1120 1576 1148 timor
1590 1121 1649 1155 ejus
1663 1129 1761 1149 manus
1774 1124 1859 1158 repri-

1065 1163 1164 1195 mebat,
1179 1169 1206 1191 et
1220 1169 1249 1191 ut
1263 1165 1346 1208 ipsips
1361 1170 1463 1193 natura:
1475 1166 1692 1200 oblivisceretur,
1705 1169 1857 1202 efficiebat;

1063 1208 1180 1245 dumque
1199 1210 1327 1245 pollutam
1342 1216 1370 1239 et
1390 1213 1579 1240 exsecrandum
1596 1222 1716 1242 mensam
1741 1215 1859 1243 intuere-

1064 1260 1124 1289 tur,
1138 1255 1248 1285 alterius
1261 1265 1361 1285 mensa:
1375 1259 1520 1286 tremenda:
1535 1267 1567 1287 ac
1581 1260 1681 1295 Spiritu
1696 1262 1810 1296 repleue
1823 1263 1858 1298 (ιι)

1063 1303 1273 1337 recordabatur,
1299 1304 1420 1340 adeoque
1444 1305 1677 1338 inllammabatur,
1704 1312 1734 1334 ut
1759 1309 1859 1343 quzevis

1062 1349 1195 1376 sustinere
1207 1357 1238 1377 ac
1249 1349 1302 1384 pati
1316 1354 1446 1378 statueret
1460 1352 1557 1386 potius,
1570 1360 1649 1387 quam
1666 1353 1788 1388 impuros
1801 1355 1858 1382 illos

1062 1394 1136 1422 cibos
1149 1395 1301 1430 degustare.
1319 1396 1518 1424 llecordabatur
1531 1403 1558 1425 et
1575 1398 1645 1425 illius
1661 1400 1742 1426 trium
1763 1407 1859 1434 puero-

1062 1448 1121 1467 rum
1136 1449 1235 1468 meusae
1248 1440 1330 1477 (Dan.
1344 1442 1369 1469 l.
1383 1441 1431 1477 8),
1447 1443 1492 1477 qui
1506 1443 1620 1478 juvenes
1634 1446 1716 1479 capti,
1733 1446 1859 1480 omnique

1062 1487 1210 1522 patrocinio
1220 1487 1351 1519 destituti,
1364 1488 1389 1516 in
1404 1494 1474 1516 terra
1487 1490 1571 1516 aliena
1582 1497 1614 1518 ac
1625 1491 1739 1519 barbara
1751 1492 1858 1527 regione

1062 1537 1162 1560 inlitam
1183 1533 1377 1569 philosophiam
1392 1535 1585 1568 ostenderunt,
1601 1541 1628 1563 ut
1641 1537 1674 1563 ad
1690 1537 1764 1565 hunc
1777 1545 1858 1572 usque

1061 1579 1133 1607 diem
1149 1581 1265 1615 ipsorum
1280 1580 1408 1608 fortitudo
1421 1582 1585 1611 celebretur”.
1599 1583 1638 1610 Ac
1649 1583 1736 1612 Juda~i
1751 1585 1857 1620 quidem

1061 1625 1125 1653 dum
1139 1634 1215 1654 suam
1226 1627 1307 1654 etiam
1320 1629 1458 1663 regionem
1470 1629 1630 1663 obtinerent,
1645 1631 1718 1666 impii
1734 1632 1761 1658 in
1777 1632 1857 1660 Deum

1061 1671 1186 1706 fuerunt,
1199 1677 1226 1700 et
1240 1673 1303 1700 dttm
1320 1673 1344 1700 in
1361 1674 1462 1709 templo
1475 1680 1666 1710 versarentur,
1682 1677 1754 1704 idola
1770 1678 1858 1706 colue-

1061 1722 1123 1745 runt
1137 1726 1145 1744 :
1157 1722 1186 1745 at
1199 1718 1236 1745 illi
1249 1718 1361 1753 juvenes
1381 1719 1406 1746 in
1421 1720 1585 1748 barbaricam
1601 1727 1701 1750 terram
1724 1723 1855 1757 translati,

1062 1763 1105 1790 ubi
1120 1763 1189 1791 idola
1209 1765 1350 1800 omnisque
1371 1766 1513 1801 impietatis
1525 1768 1682 1796 occasiones
1701 1775 1799 1801 erant,
1815 1778 1857 1805 pa-

1062 1813 1152 1837 ternos
1176 1810 1243 1837 ritus
1262 1815 1392 1846 perpetuo
1413 1813 1589 1840 retinuerunt.
1611 1813 1638 1841 Si
1660 1821 1726 1850 ergo
1747 1816 1855 1850 captivi,

1061 1855 1147 1887 servi.
1161 1863 1192 1883 ac
1209 1855 1325 1891 juvenes
1336 1862 1398 1884 ante
1414 1857 1498 1892 legem
1512 1859 1604 1893 gratia:
1620 1864 1722 1887 tantam
1736 1861 1856 1895 philoso-

1060 1901 1150 1936 phiam
1164 1910 1219 1938 [πίε
1232 1910 1261 1930 se
1275 1903 1401 1936 tulerunt,
1417 1904 1517 1939 inquit,
1532 1913 1582 1939 qua
1598 1905 1705 1933 tandem
1719 1914 1771 1934 nos
1782 1907 1855 1935 venia

1060 1947 1133 1982 digni
1149 1948 1266 1981 erimus,
1291 1948 1364 1976 sine
1386 1949 1419 1976 ad
1442 1950 1563 1978 eamdem
1584 1951 1693 1986 quidem
1716 1957 1798 1988 atque
1820 1953 1854 1981 illi

1061 1993 1186 2021 virtutem
1202 1995 1343 2028 pervenire
1358 1995 1514 2023 valeamus?

1096 2039 1123 2067 ὅ.
1150 2040 1213 2067 Ηίιιο
1233 2041 1322 2076 itaque
1344 2049 1434 2069 secum
1457 2048 1582 2078 reputans
1602 2043 1702 2072 diaboli
1726 2045 1853 2073 malitiam

1061 2085 1195 2118 irridebat,
1211 2086 1383 2115 calliditatem
1399 2089 1603 2122 contemnebat;
1619 2097 1706 2125 neque
1723 2091 1757 2118 ad
1778 2091 1854 2127 quid-

1059 2139 1138 2167 quam
1153 2140 1262 2165 eorum,
1283 2141 1343 2168 qum
1365 2139 1505 2166 cerneret,
1527 2134 1690 2163 ﬂectebatur.
1710 2137 1852 2173 Postquam

1059 2182 1148 2204 autem
1162 2185 1191 2205 se
1205 2178 1269 2205 nihil
1286 2178 1415 2213 proﬁcere
1429 2180 1575 2208 sceleratus
1590 2181 1633 2208 ille
1647 2181 1727 2215 vidit,
1752 2183 1785 2210 ad
1806 2184 1849 2210 tri-

1061 2222 1141 2250 bunal
1156 2230 1216 2250 eum
1232 2231 1324 2251 rursus
1338 2225 1460 2257 deducit,
1475 2231 1501 2252 et
1517 2227 1656 2254 tormentis
1670 2227 1787 2256 admotis
1800 2229 1852 2257 fre-

1059 2274 1173 2303 quenter
1196 2270 1378 2305 interrogabat
1397 2280 1405 2298 z
1423 2271 1467 2300 ille
1492 2280 1556 2300 vero
1580 2273 1613 2300 ad
1639 2281 1853 2311 unamquamque

1059 2315 1295 2352 interrogationem
1326 2323 1427 2345 tantum
1463 2319 1661 2354 respondebat,
1687 2320 1853 2350 Christianus

1058 2369 1136 2394 sum,
1159 2370 1192 2390 ac
1211 2362 1316 2391 dicente
1337 2369 1449 2396 tortore,
1469 2365 1588 2399 Quanam
1609 2373 1642 2393 ex
1666 2367 1752 2402 patria
1779 2374 1852 2396 ortus

1058 2408 1107 2435 es?
1128 2409 1297 2438 Christianus
1321 2418 1398 2444 sum,
1420 2412 1476 2443 ait;
1491 2411 1576 2446 Quam
1598 2419 1683 2441 artem
1699 2414 1852 2449 proﬁteris?

1036 2460 1039 2464 '
1058 2453 1227 2482 Christianus
1247 2463 1325 2489 sum;
1340 2457 1442 2491 Quibus
1462 2459 1616 2493 parentibus
1638 2464 1718 2488 natus
1739 2460 1790 2488 es?
1810 2460 1852 2488 ille

1058 2506 1123 2526 vero
1134 2499 1167 2526 ad
1180 2501 1270 2527 omnia
1283 2501 1397 2534 dicebat,
1410 2501 1576 2531 Christianus
1590 2511 1649 2531 sum
1664 2513 1671 2531 :
1689 2506 1742 2532 hoc
1753 2513 1807 2532 uno
1822 2513 1852 2533 ac

1059 2544 1172 2579 simplici
1187 2545 1270 2573 verbo
1283 2546 1381 2575 diaboli
1398 2552 1479 2583 caput
1493 2550 1660 2583 percutiens,
1672 2554 1701 2577 et
1713 2551 1753 2578 illi
1765 2552 1852 2578 conti-

1061 2597 1113 2616 nua
1127 2590 1230 2624 sibique
1240 2591 1409 2620 succedentia
1422 2593 1530 2621 vulnera
1545 2594 1677 2630 indigens.
1685 2596 1850 2631 Quamquam

1059 2635 1103 2663 ille
1125 2637 1232 2672 quidem
1257 2639 1375 2666 externis
1397 2639 1515 2668 imbutus
1537 2640 1622 2668 fuerat
1643 2641 1803 2677 disciplinis,
1826 2648 1850 2669 at

1061 2681 1143 2717 probe
1164 2689 1274 2711 noverat
1299 2684 1326 2711 in
1347 2685 1477 2719 ejusmodi
1501 2687 1693 2716 certaminibus
1717 2697 1772 2717 non
1795 2698 1852 2718 esse

1061 2736 1128 2764 opus
1141 2729 1301 2764 eloquentia,
1314 2730 1361 2758 sed
1376 2730 1442 2764 fide;
1462 2740 1514 2760 non
1528 2733 1634 2761 dicendi
1650 2733 1792 2766 facultate.
1807 2736 1850 2761 sed

1057 2775 1145 2803 anima
1156 2776 1202 2804 Dci
1216 2784 1308 2805 amore
1322 2785 1460 2806 succensa.
1474 2778 1572 2807 Unum.
1588 2781 1683 2815 inquit,
1699 2782 1808 2809 verbum
1819 2782 1850 2808 ad

1057 2828 1164 2849 omnem
1177 2822 1275 2850 diaboli
1290 2828 1403 2851 turmam
1417 2824 1443 2852 in
1465 2823 1552 2860 fugam
1569 2826 1725 2853 vertendam
1746 2827 1850 2854 snftirit.

1058 2868 1097 2895 Ac
1110 2868 1216 2896 videtur
1228 2869 1335 2905 quidem
1351 2870 1394 2904 iis,
1409 2871 1454 2906 qui
1470 2880 1526 2898 rem
1541 2879 1667 2901 accurate
1681 2881 1736 2901 non
1750 2874 1848 2902 exaud-

1090 2925 1127 2955 (η)
1143 2929 1236 2951 sacrum
1247 2926 1398 2959 intelligchat
1411 2928 1495 2953 altare.

1894 666 1901 680 Ι
