1969 3130
96 163 148 192 8'35

101 226 172 252 nant,
185 220 276 248 minus
287 221 452 250 conveniens
466 228 526 249 esse
541 221 696 256 responsio;
719 220 767 249 sed
786 220 809 249 si
833 221 894 256 quis

100 268 224 296 attentius
237 275 297 294 eam
313 268 475 299 consideret,
489 275 522 294 ex
541 266 591 294 hac
611 274 717 302 quoque
736 266 894 301 sapientiam

100 313 224 348 martyris
237 313 447 341 attimadrertet.
461 312 512 346 Qui
526 312 597 339 enim
608 333 615 345 ,
630 311 795 339 Christianus
814 319 872 339 sum
884 332 892 345 ,

100 359 180 392 dixit,
195 363 222 386 ct
237 359 350 394 patriam
375 364 401 385 et
423 366 505 393 genus
525 363 552 385 et
572 358 637 385 artis
658 357 846 392 professionem
868 361 895 384 et

99 413 186 431 uinum
210 404 367 432 declaravit.
391 404 448 438 Quo
470 404 576 431 tandem
600 403 695 438 pacto?
717 403 774 438 Ego
796 403 893 430 dit-am.

99 450 267 478 Christianus
280 450 373 477 urbem
389 450 414 476 in
433 455 502 477 terra
519 457 572 476 non
589 449 678 482 habet,
690 449 736 476 sed
747 448 894 476 Jerusalem

97 505 154 531 mne
165 503 275 523 sursum
291 502 340 524 est.
356 496 409 523 Illa
423 497 501 527 enim.
518 496 611 531 inquit,
624 504 679 531 qua:
690 504 789 523 sursum
801 500 836 522 est
849 495 896 521 Je-

96 542 217 574 rusalem,
234 540 314 568 libera
327 546 364 568 eu
378 549 388 568 :
399 549 455 575 qum
469 545 504 568 est
519 545 598 567 mater
612 545 698 567 nostra
712 539 782 574 (Gal.
794 540 821 568 ι.
832 540 892 575 26).

99 585 253 613 Christiano
268 591 373 614 terrena
389 586 460 613 nulla
477 590 519 614 est
540 586 607 613 artis
627 586 772 620 professio,
792 586 838 613 sed
860 586 894 612 ad

97 639 240 667 supernam
256 632 487 659 conversationem
501 632 562 659 vitm
577 632 700 666 pertinet.
712 631 806 658 Nostra
817 631 893 665 enim,

97 677 190 712 inquil,
200 680 356 705 conversatio
366 678 392 704 in
405 678 473 705 cali:
481 683 516 705 est
527 676 654 714 (Philipp.
663 678 690 705 5.
698 677 755 713 20).
767 677 894 705 Christia-

97 731 146 750 nus
165 728 297 759 cognatos
312 724 391 751 habet
409 728 517 751 sant-tos
537 731 629 751 omnes
643 731 674 750 ac
688 723 759 751 cives
775 733 781 750 :
799 723 894 751 Summ

95 770 172 800 enim,
188 769 284 804 inquit,
296 770 360 797 cives
370 775 525 803 sanctorum,
542 773 564 796 et
579 769 707 796 domestici
725 769 772 797 Dei
785 769 891 806 (Ephes.

95 814 122 841 2.
137 814 184 851 19)
201 824 209 842 ;
224 815 313 851 itaque
325 823 379 843 uno
392 816 474 843 verbo
488 821 515 843 et
527 817 586 851 quis
598 820 679 848 esset,
693 820 720 844 et
733 816 812 849 unde,
822 820 849 843 et
859 825 892 844 ex

97 861 194 896 quibus
205 881 213 894 ,
225 866 254 888 et
266 861 328 896 quid
343 869 421 897 agere
434 861 551 895 soleret,
566 861 733 889 exactissime
747 861 850 893 docuit.
865 867 892 890 et

96 908 175 934 vitam
190 915 253 935 cum
269 907 319 936 hac
331 915 397 936 voce
411 908 498 935 finivit
507 929 514 941 ,
532 908 648 943 abiitque
659 908 760 935 salvum
773 908 891 936 referens

93 955 204 982 Christo
218 955 380 990 depositum,
392 962 424 982 ac
435 955 550 990 posteris
559 962 592 983 ex
607 955 649 988 iis,
662 963 722 990 qua:
734 962 828 990 passus
838 959 889 989 est,

94 1000 308 1028 colu-nationem
321 1000 439 1036 reliquit,
451 1000 621 1032 utinsistant,
634 1000 752 1035 nihilque
762 1000 812 1027 nisi
825 1008 888 1035 pec-

93 1050 181 1072 catum
194 1050 222 1073 et
236 1046 403 1081 negationem
419 1050 520 1073 tanttnn
535 1046 721 1073 reformident.

129 1091 240 1118 Muralis
262 1091 528 1119 επΙιοηαιὶομ-Ηωο
549 1091 636 1127 itaque
655 1099 704 1119 nos
726 1091 805 1119 etiam
826 1099 886 1119 cum

94 1137 259 1169 noverimus,
273 1137 346 1172 pacis
361 1141 481 1172 tempore
497 1136 599 1164 bellicis
614 1137 639 1164 in
660 1137 739 1165 rebus
753 1145 800 1164 nos
812 1145 890 1165 exern

94 1190 218 1216 oentnus,
233 1187 264 1210 ut
280 1190 340 1210 cum
355 1182 418 1210 belli
432 1187 535 1218 tempus
548 1183 701 1216 advenerit,
717 1183 820 1210 illustre
839 1191 888 1210 nos

95 1235 198 1263 quoque
212 1232 341 1263 tropteum
356 1228 498 1264 erigamus.
512 1228 620 1256 Famem
643 1229 803 1264 contempsit
823 1229 884 1257 ille:

94 1275 200 1303 deiiu’as
220 1280 249 1304 et
268 1283 317 1304 nos
331 1281 542 1310 contemnamus,
557 1284 589 1304 ac
608 1276 707 1305 ventris
719 1276 886 1312 tyrannidem

679 167 718 197 ἸΝ
733 168 760 196 S.
775 166 954 196 LUCIANUM
969 166 1173 196 MARTYREM.

1685 161 1741 191 5‘36

947 226 1108 256 evertamus,
1123 225 1152 249 ut
1163 229 1184 249 sn
1199 227 1302 257 tempus
1313 222 1445 256 adveniat,
1462 222 1531 258 quod
1547 227 1646 250 tantam
1664 221 1721 247 turn

947 267 1065 296 tudinem
1079 275 1095 295 a
1109 268 1185 296 nobis
1207 273 1344 303 reposcat,
1360 269 1386 296 in
1405 269 1553 297 tniuoribus
1566 275 1644 296 antea
1660 269 1739 295 rebus

946 313 1100 347 exercitati,
1115 314 1235 348 pratclari
1252 314 1279 341 in
1295 319 1439 342 seammale
1459 322 1669 350 compareamus.
1684 314 1738 340 (In-

946 367 1003 386 ram
1025 359 1186 394 principibus
1209 359 1254 386 ille
1269 367 1303 386 ac
1318 359 1426 394 regibus
1440 360 1524 387 libere
1538 361 1660 395 loquutus
1672 368 1711 388 est
1731 368 1736 375 ’

946 405 998 432 hoc
1012 413 1060 432 nos
1071 405 1196 432 faciamus
1210 413 1278 431 nunc
1291 413 1396 440 quoque
1410 414 1416 432 :
1432 413 1463 432 ac
1477 406 1498 432 si
1512 407 1537 432 in
1548 406 1734 441 opulentorum

946 455 973 478 et
987 451 1128 478 illustrium
1148 451 1312 485 l‘aganorum
1338 451 1513 478 conventibus
1532 452 1734 484 consideamus,

947 496 1025 523 fidem
1047 505 1106 523 ctnn
1130 496 1224 523 fiducia
1247 496 1428 531 profiteantur,
1448 497 1607 524 irrideamus
1630 498 1734 525 illorum

946 550 1060 569 errores.
1074 543 1149 577 Quod
1160 543 1185 570 si
1200 551 1243 570 res
1256 543 1361 582 quidem
1384 551 1446 570 suas
1470 543 1608 579 magnifice
1621 543 1715 571 efferre
1726 564 1734 577 ,

946 594 1051 615 nostras
1061 594 1148 616 autem
1165 589 1314 624 deprimere
1330 590 1524 624 aggrediantur,
1541 597 1574 617 ne
1589 595 1734 621 taceanms,

945 641 1012 661 neve
1026 634 1122 661 leniter
1136 635 1251 663 feramus
1266 644 1272 661 :
1288 635 1335 662 sed
1350 636 1465 670 ipsorum
1481 635 1668 670 turpitudinem
1684 636 1733 662 de-

946 684 1080 715 tegentes.
1100 682 1181 708 mulla
1202 689 1262 708 cum
1278 682 1406 716 sapientia
1428 681 1576 716 fiduciaque
1587 689 1629 708 res
1641 689 1735 713 omnes

944 725 1155 754 Christianorum
1164 727 1287 755 laudibus
1300 727 1458 759 eveltamus;
1471 732 1498 754 et
1510 727 1734 762 quemadmodum
1746 732 1752 737 '

944 772 1092 807 imperator
1107 773 1132 800 in
1147 774 1233 808 capite
1247 774 1383 806 diadema,
1403 774 1441 801 sic
1453 779 1481 801 et
1497 781 1546 800 nos
1559 773 1655 808 uhiqnc
1668 780 1733 800 eon-

942 818 1086 847 fessionem
1103 819 1163 847 fidei
1178 820 1404 847 circumferamus.
1418 820 1475 848 Non
1493 821 1565 847 enim
1579 820 1652 846 illum
1664 819 1734 846 adeo

943 872 1053 899 corona,
1066 870 1096 893 ut.
1108 874 1156 893 nos
1167 865 1232 893 fides
1241 866 1349 901 ejusque
1360 866 1492 893 confessio
1504 866 1571 893 solet
1582 872 1731 893 emrnare:

943 919 996 939 non
1010 912 1099 939 verbis
1114 916 1232 945 tantum,
1249 911 1296 938 sed
1311 913 1390 939 etiam
1405 911 1483 939 rebus
1497 911 1561 946 ipsis
1572 911 1596 938 id
1608 918 1732 946 agamus,

941 963 969 986 et
979 958 1059 985 vitam
1069 957 1237 985 confessione
1250 958 1355 993 dignam
1368 957 1393 984 in
1407 957 1529 984 omnibus
1540 957 1730 984 exhilteantus:

940 1011 975 1031 ne
989 1003 1110 1039 dogmata
1124 1011 1234 1038 operum
1246 1003 1417 1038 improbitate
1430 1003 1630 1035 dedecoremus,
1645 1003 1691 1030 sed
1703 1002 1730 1029 in

940 1049 1065 1077 omnibus
1079 1049 1221 1076 Dominum
1242 1054 1363 1076 nostrum
1385 1049 1564 1084 gloriﬁcantes
1578 1056 1638 1075 cuin
1653 1049 1732 1083 hujus

939 1095 1041 1128 saeculi,
1054 1100 1108 1122 tum
1123 1094 1193 1122 illius
1206 1095 1308 1122 honore
1319 1095 1451 1129 potiamur
1465 1103 1471 1121 :
1486 1103 1564 1130 quem
1577 1102 1624 1121 nos
1636 1101 1731 1121 otnnee

940 1141 1041 1167 utinam
1064 1148 1271 1176 consequamur.
1292 1140 1376 1175 gratia
1400 1145 1427 1167 et
1448 1140 1611 1175 benignitate
1625 1140 1729 1167 Domim

940 1186 1024 1214 nostri
1034 1185 1096 1213 Jesu
1106 1185 1216 1219 Christi,
1229 1194 1275 1221 per
1285 1194 1364 1221 quem
1375 1190 1402 1213 et
1413 1193 1473 1213 cum
1486 1194 1540 1220 quo
1550 1185 1620 1213 Patri
1633 1184 1728 1220 gioria,

940 1231 1080 1266 imperium
1097 1236 1123 1259 et
1137 1231 1232 1263 honor,
1246 1239 1295 1258 una
1309 1239 1369 1259 cum
1384 1237 1478 1259 sancto
1492 1239 1524 1258 ac
1541 1231 1646 1258 vnvifico
1667 1230 1728 1265 Spi-

938 1277 1000 1311 ritu,
1015 1284 1086 1304 nunc
1102 1282 1128 1305 et
1141 1284 1256 1312 semper,
1268 1277 1332 1305 etin
1344 1277 1439 1305 smcula
1454 1277 1621 1304 surculorum.
1634 1277 1729 1303 Amen.
