1969 3130
220 120 272 149 8ξ7
567 117 598 146 8.
618 115 761 144 IOANNIS
780 115 1026 145 CHRYSOSTOMI
1047 114 1209 142 AllClHEP.
1229 112 1510 143 CONSTANTINOP.
1803 113 1856 142 διε

1373 211 1788 224 ._._._.__.=====

288 220 297 232 ε
305 220 385 233 ...ΞΜ
396 216 862 230 --ηπη-«Μ-..φα-

606 321 646 351 ΙΝ
667 319 766 350 DUOS
787 317 993 349 SERMONES
1010 316 1050 347 IN
1072 315 1248 347 SANCTUM
1266 315 1446 346 BABYLAM

258 394 374 423 Homilia
390 395 416 423 in
432 394 461 422 5.
476 394 616 430 Babylam,
634 401 716 428 quam
729 393 844 428 primam
863 392 997 422 locamus,
1026 395 1086 425 post
1100 390 1206 417 tertiam
1223 389 1255 417 de
1275 388 1380 417 Lazaro
1396 388 1488 416 habita
1506 394 1548 416 est
1566 395 1573 414 :
1589 396 1651 415 nam
1678 387 1732 415 sub
1745 372 1874 422 initium!

221 450 328 479 quarta:
343 452 454 472 causam
469 443 547 471 allen
559 442 771 478 Clirysostomus
782 448 832 467 cur
848 439 1024 467 homiliarum
1042 438 1068 465 iu
1081 437 1214 465 Lazarum
1230 444 1342 464 cursum
1366 435 1552 469 interceperit,
1573 434 1615 461 his
1631 434 1723 462 verbis
1738 443 1745 461 :
1760 432 1856 460 Verum

222 499 274 518 non
286 490 494 518 existimavimus
507 497 561 516 esse
574 493 661 516 tutum
677 487 708 514 Β.
721 485 831 522 Babylw
844 491 868 513 et
882 486 950 520 biga:
967 483 1016 512 SS.
1032 483 1197 520 Harlyrum,
1215 483 1261 519 qui
1277 487 1334 517 post
1349 482 1426 509 illum
1441 486 1623 512 occurrerunt,
1636 480 1772 515 prreclara
1783 483 1858 514 gesta

221 536 356 571 prwterire
371 545 381 564 :
399 536 499 570 quibus
518 538 651 562 consonat
668 532 817 560 Conciouis
833 532 859 558 in
883 532 914 558 S.
929 531 1060 566 Babylam
1079 529 1233 562 exordium,
1259 528 1384 556 Volebam
1401 528 1520 562 equidem
1532 526 1657 554 hodierno
1680 526 1724 553 die
1739 526 1858 553 debitum

220 586 337 617 reddere,
350 585 419 620 quod
436 591 519 618 nuper
528 583 609 613 vobis.
624 589 682 608 cum
695 580 737 607 hic
749 588 843 609 essem.
860 578 981 614 promisi.
1001 577 1052 605 Sed
1067 577 1129 612 quid
1143 577 1265 612 faciam?
1291 575 1323 603 Β.
1340 575 1458 610 Babylus
1475 575 1649 602 interveniens
1667 574 1805 607 apparuit,
1832 578 1857 600 et

220 632 256 660 ad
271 632 384 666 seipsum
401 639 446 657 nos
462 629 571 656 uocauit.
590 627 662 661 Biga:
677 632 767 656 autem
788 626 954 653 Sanctorum
980 625 1026 660 qui
1044 629 1105 659 post
1120 623 1149 651 S.
1166 623 1295 659 Babylam
1319 621 1499 649 llomiliarum
1528 621 1554 648 in
1581 620 1715 648 Lazarum
1738 627 1853 648 cursum

196 698 204 707 .
222 676 399 714 intercepere,
411 683 474 705 sunt
486 677 536 704 SS.
553 676 717 704 Juventinus
731 679 759 702 et
773 674 939 703 Maximinus
964 672 1107 708 Martyres,
1122 678 1240 707 quorum
1257 669 1374 696 llomilia
1387 669 1428 697 sic
1448 668 1543 703 incipit
1558 677 1565 695 :
1582 667 1673 703 Nuper
1688 666 1721 695 Β.
1736 666 1855 703 Babgtas

221 735 280 754 cum
295 726 378 753 tribus
391 726 479 760 pueris
497 733 544 751 nos
558 724 601 751 hic
617 723 804 759 congregabat,
825 721 902 749 hodie
918 729 969 756 par
983 720 1034 748 SS.
1062 719 1182 746 Militum
1196 719 1223 745 in
1243 718 1300 745 acie
1315 717 1460 744 exercitum
1473 716 1575 744 Clu-isti
1596 716 1744 743 constituit.
1760 715 1854 750 Nuper

221 772 351 808 quadriga
364 771 526 808 Martyrum,
542 770 619 798 hodie
632 770 703 805 biga.
720 769 822 804 Nuper,
838 769 937 803 inquit,
959 768 1066 804 πρῴην,
1089 774 1143 794 non
1161 770 1263 797 autem.
1282 765 1349 795 lteri.
1366 769 1396 792 ut
1410 765 1444 792 ab
1460 764 1609 799 luterprete
1624 764 1755 798 deceptus
1771 762 1855 790 Tillev

221 822 344 849 moutius
359 820 460 856 posuit.
479 819 622 854 Negotium
638 818 774 846 facessoere
787 818 895 845 videtur
911 817 947 851 id,
959 816 1034 852 quod
1048 816 1075 843 in
1104 822 1243 851 postremo
1255 813 1369 841 exordio
1393 813 1470 845 dicit,
1490 811 1581 846 Nuper
1593 811 1626 840 Β.
1650 810 1768 847 Bsbylas
1794 819 1854 839 cum

223 867 306 895 tribus
321 867 410 901 pueris
426 875 472 893 nos
485 866 527 893 hic
539 864 725 901 congregabat.
740 865 770 892 ln
783 865 835 892 hac
846 863 946 899 quippe
957 862 1073 890 Homilia
1095 870 1128 889 ne
1150 861 1204 896 γρῦ
1222 861 1333 896 quidem
1347 860 1382 888 de
1400 859 1489 888 tribus
1501 860 1594 894 pueris
1617 859 1725 894 legit-nr.
1743 857 1856 889 Verum.

222 918 253 941 ut
268 913 346 941 initio
363 913 481 940 liomiliae
494 912 606 942 dicitur.
622 920 675 939 non
693 911 908 946 Cbrysostomus
920 910 1008 943 solus,
1023 910 1069 938 sed
1096 917 1159 936 cum
1173 909 1219 936 alii
1234 908 1369 940 seniores,
1386 912 1444 935 tum
1473 906 1625 942 Episcopus
1638 905 1697 940 ipse
1707 904 1857 933 Flavianus

221 960 317 989 eodem
331 959 375 987 dic
386 959 539 987 conciouati
558 963 623 986 sunt
636 966 644 986 :
659 957 723 986 Hac
739 962 764 985 et
779 958 835 985 alia
850 957 993 992 ejusmodi,
1013 957 1112 992 inquit,
1135 955 1282 983 senioribus
1297 953 1531 982 commemoranda
1552 951 1718 983 doctoribus.
1732 956 1758 978 et
1783 958 1856 978 cem-

221 1007 297 1034 νιυηὶ
311 1007 382 1041 patri
398 1011 488 1034 nostra
500 1006 676 1042 relinquemus
692 1014 701 1033 :
719 1013 760 1034 res
776 1004 846 1032 enim
858 1005 1020 1039 antiquiores
1048 1003 1176 1039 praeclare
1189 1002 1261 1029 vobis
1278 1010 1295 1029 α
1321 1000 1427 1028 senibus
1444 1003 1556 1034 possunt
1572 998 1680 1025 narrari
1693 1006 1702 1024 :
1714 1005 1775 1032 qua:
1799 1004 1860 1024 sero

224 1060 275 1080 non
289 1052 327 1079 ita
341 1053 443 1086 pridem
457 1061 488 1079 ac
498 1058 590 1079 nostra
603 1057 683 1080 atate
697 1056 758 1079 sunt
771 1056 855 1087 gesta,
870 1050 942 1078 vobis
959 1050 1065 1084 juvenis
1079 1058 1125 1084 ego
1151 1048 1276 1081 narrabo,
1293 1055 1352 1083 qua
1369 1047 1496 1074 nimirum
1508 1051 1568 1081 post
1583 1046 1696 1075 obitum.
1710 1048 1772 1079 post
1782 1051 1856 1073 elu-

222 1098 300 1134 quias
317 1097 455 1134 Martyris,
465 1107 496 1126 ac
506 1099 570 1127 dum
579 1099 607 1126 in
621 1099 747 1127 suburbia
762 1102 920 1129 moraretur,
934 1097 1098 1126 acciderunt.
1125 1095 1188 1124 “me
1211 1095 1263 1124 sibi
1281 1094 1436 1122 enarranda
1453 1095 1596 1130 proposuit
1628 1095 1858 1129 Chrysostoulus.

225 1149 322 1172 cetera
334 1147 473 1174 communi
495 1147 565 1181 patri
578 1151 605 1174 et
615 1146 770 1174 senioribus
780 1145 1023 1174 conuuemoramla
1047 1145 1168 1180 reliquit.
1189 1143 1398 1177 Verisimileque
1407 1147 1461 1174 est,
1472 1143 1592 1178 aliquem
1603 1150 1634 1169 es
1653 1141 1708 1168 illis
1720 1141 1756 1168 de
1767 1139 1856 1168 tribus

225 1193 319 1229 pueris
334 1194 413 1221 verba
428 1194 535 1222 fecisse.
549 1194 650 1222 Eodem
668 1194 750 1229 igitur
769 1201 843 1221 anno
859 1193 950 1220 babitn
961 1198 1003 1220 est
1016 1193 1073 1221 lucc
1094 1193 1216 1224 bomilia.
1233 1200 1289 1227 quo
1302 1191 1421 1219 homilize
1435 1192 1462 1219 in
1481 1191 1627 1221 Lazarum.
1646 1190 1753 1218 scilicet
1765 1196 1859 1216 menso

224 1239 358 1269 Januario
371 1248 377 1266 :
390 1244 416 1267 et
427 1241 536 1275 quidem
550 1241 585 1268 2i
602 1240 726 1275 ejusdem
744 1239 857 1272 mensis,
877 1245 908 1267 ut
923 1240 1040 1271 videtur.
1059 1248 1112 1275 qua
1127 1239 1172 1267 die
1185 1239 1377 1274 Martyrologia
1392 1239 1485 1266 omnia
1502 1238 1603 1266 festum
1616 1237 1646 1265 S.
1663 1237 1774 1272 Babylas
1786 1236 1859 1263 indi-

227 1291 301 1313 cant.
317 1285 368 1319 Qui
384 1294 448 1330 vero
463 1286 543 1313 fuerit
557 1294 645 1313 annus
657 1286 712 1318 ille,
730 1294 784 1314 non
799 1286 835 1313 ita
849 1285 927 1313 facile
941 1290 984 1313 est
1004 1285 1216 1321 deprehendere.
1231 1284 1423 1312 'l‘illemontius
1435 1292 1537 1312 annum
1560 1284 1683 1320 assignat
1701 1285 1755 1312 387
1774 1292 1782 1309 :
1800 1284 1861 1319 ejus

227 1332 363 1361 calculum
384 1333 567 1363 cxcassimus,
583 1332 785 1367 levissimisque
798 1332 964 1366 coniecturis
975 1333 1072 1359 l‘ultum
1086 1339 1147 1358 esse
1159 1331 1335 1365 probavimus
1352 1331 1378 1358 in
1393 1330 1498 1358 Mouito
1511 1331 1545 1358 ad
1562 1330 1709 1358 Homiliam
1721 1331 1749 1358 in
1761 1331 1868 1359 Kalen-

229 1377 289 1409 das.
301 1386 361 1412 qua:
376 1377 522 1405 llomiliam
540 1378 654 1413 primam
669 1379 703 1406 de
719 1377 825 1405 Lazaro
842 1385 896 1404 uno
912 1377 956 1405 die
974 1377 1124 1412 przecessit.
1139 1377 1178 1404 lbi
1205 1376 1265 1404 vide
1282 1376 1330 1409 sis,
1345 1384 1451 1404 necnon
1465 1377 1492 1404 iu
1507 1375 1610 1404 Monito
1626 1377 1660 1404 ad
1677 1376 1814 1405 Homilias
1832 1377 1868 1404 de

228 1424 344 1452 Lazaro.

277 1482 401 1510 Homilia:
422 1483 448 1510 in
470 1482 499 1510 S.
518 1482 645 1518 Babylam
662 1482 856 1518 subiungimus
882 1481 981 1509 librum
999 1481 1074 1509 illum
1091 1483 1237 1517 prolixum,
1266 1482 1310 1510 cui
1328 1482 1433 1514 titulus.
1450 1481 1483 1509 In
1507 1481 1538 1510 ε.
1555 1481 1697 1519 Babylam.
1720 1487 1746 1509 et
1770 1487 1865 1510 contra

233 1529 372 1557 Julianum
387 1535 463 1565 atque
476 1529 591 1557 Gentiles
613 1537 623 1556 :
638 1529 770 1556 Savilium
799 1533 827 1556 et
852 1527 1019 1555 Frontonem
1043 1528 1171 1556 Dircaeum
1188 1530 1284 1559 secuti.
1304 1529 1350 1564 qui
1378 1529 1505 1556 similiter
1523 1529 1596 1556 hunc
1613 1529 1713 1556 librum
1731 1534 1793 1564 pust
1809 1528 1869 1556 llo-

234 1575 337 1603 militum
359 1575 526 1602 locaverunt.
538 1575 658 1605 .Librum
676 1583 808 1603 vocamus
827 1583 833 1601 :
853 1582 942 1610 neque
965 1575 1038 1602 enim
1053 1576 1245 1603 existimamus
1257 1583 1318 1602 esse
1338 1575 1500 1602 concionem
1527 1575 1554 1602 iu
1572 1580 1645 1603 cmtu
1673 1576 1766 1610 populi
1789 1575 1870 1602 habi-

233 1626 307 1655 tam;
326 1629 388 1649 nam
403 1627 483 1649 tanta:
497 1623 658 1656 prolixitatis
674 1623 774 1650 librqu
790 1624 854 1658 quis
868 1631 923 1650 una
951 1622 1011 1650 vice
1028 1622 1235 1657 pronuntiatum
1262 1622 1377 1650 credat?
1401 1622 1479 1649 Adde
1498 1630 1552 1649 non
1583 1623 1724 1650 terminari
1746 1622 1870 1650 clausula

232 1668 290 1700 illa,
305 1676 358 1704 qua
374 1668 400 1696 iu
419 1669 531 1703 gloriam
544 1667 686 1696 Trinitatis
700 1670 847 1698 conciones
862 1677 926 1697 suas
939 1676 1036 1697 omnes
1051 1669 1154 1696 claudit
1164 1668 1390 1704 Clirysostomus.
1405 1669 1445 1696 Ad
1460 1669 1516 1696 haec
1530 1673 1621 1696 autem
1638 1677 1715 1696 num.
1729 1668 1764 1696 Η
1776 1668 1843 1696 dicit
1861 1679 1869 1697 :

233 1714 297 1743 Ideo
313 1716 381 1743 enim
399 1716 461 1742 viris
473 1716 616 1742 etiamnum
635 1715 744 1743 testibus
759 1716 814 1744 Irae
832 1717 928 1750 scribo,
942 1724 1004 1752 qua:
1018 1723 1086 1744 sane
1110 1716 1191 1743 verba
1212 1724 1264 1743 non
1294 1716 1420 1743 videntur
1437 1715 1515 1752 [550]
1532 1723 1593 1743 esse
1619 1717 1813 1745 concionantis
1839 1716 1868 1744 in

232 1768 306 1791 coetu
323 1763 426 1798 populi.
443 1763 487 1794 At.
503 1763 618 1797 inquies,
639 1771 692 1791 non
709 1764 802 1798 paucis
815 1765 842 1791 in
858 1765 925 1792 locis
947 1765 1082 1794 auosdam
1099 1771 1149 1792 ceu
1168 1768 1317 1798 praesentes
1330 1764 1489 1799 alloquitur.
1512 1763 1608 1799 ld.ego
1625 1763 1724 1795 fateor,
1740 1765 1789 1792 sed
1806 1772 1869 1792 ora-

233 1809 305 1837 torio
318 1816 393 1836 more
411 1813 436 1836 et
455 1809 633 1836 declamantis
644 1810 698 1837 ritu
709 1818 759 1837 ceu
776 1816 925 1845 przeseutes
943 1811 1078 1846 quosdam
1097 1811 1262 1845 compellat:
1279 1818 1341 1837 nam
1359 1810 1448 1838 oratio
1463 1815 1519 1837 tota
1539 1810 1767 1838 declamationem
1784 1812 1871 1846 tropis

235 1858 383 1892 tigni-isque
395 1857 590 1885 redundantem
605 1858 676 1885 saoit
687 1866 695 1889 ;
708 1858 750 1885 vel
767 1859 850 1886 etiam
870 1859 944 1887 hunc
970 1867 1018 1887 seu
1034 1859 1134 1887 librum
1152 1867 1200 1886 seu
1224 1859 1378 1886 orationem
1393 1859 1477 1886 texuit
1491 1858 1587 1886 amicis
1598 1864 1626 1886 et
1642 1859 1669 1886 in
1682 1860 1808 1888 conclavi
1829 1869 1872 1889 rc-

233 1905 384 1932 citaudam.

269 1957 457 1998 Tempus'quo
475 1963 532 1991 haec
547 1963 658 1999 scripsit
668 1964 883 2000 Cbrysostomus
895 1973 992 1993 eruere
1015 1966 1080 1994 licet
1091 1974 1123 1994 ex
1140 1967 1200 2001 ejus
1212 1967 1302 1994 verbis
1326 1975 1402 1994 num.
1417 1967 1463 2001 21,
1481 1967 1527 1995 ubi
1544 1968 1610 1996 dicit
1632 1969 1689 2004 jam
1707 1969 1871 2005 vigesimum

233 2018 335 2037 annum
349 2011 403 2046 agi.
415 2019 447 2038 ex
465 2019 521 2046 quo
539 2010 664 2039 Julianus
678 2012 810 2046 Apostata
825 2013 955 2047 templum
970 2012 1228 2049 Jerosolymitannm
1254 2014 1408 2042 instaurare
1427 2021 1545 2043 conatus
1561 2021 1604 2043 est
1619 2023 1627 2042 :
1654 2016 1680 2044 id
1699 2023 1766 2043 vero
1785 2021 1872 2044 tenta-

233 2057 273 2084 vit
283 2056 409 2085 Julianus
425 2066 497 2085 anno
514 2058 615 2086 Christi
629 2059 693 2091 562.
718 2060 790 2087 unde
803 2065 934 2095 sequatur
952 2068 1025 2088 anno
1040 2061 1093 2089 582
1121 2062 1194 2089 hunc
1217 2062 1362 2096 scripsisse
1381 2062 1490 2090 librum.
1514 2063 1542 2091 Si
1558 2071 1694 2091 annorum
1723 2072 1870 2091 numerum

233 2108 361 2131 accurato
374 2104 496 2132 retulerit
511 2104 737 2140 Chrysostomus,
755 2107 838 2135 stabit
859 2107 990 2135 calculus.
1007 2107 1108 2135 Verum
1125 2109 1194 2136 solet
1207 2109 1251 2136 ille
1265 2116 1318 2136 non
1335 2114 1410 2136 tanto
1423 2110 1553 2145 scrupulo
1567 2111 1616 2138 has
1628 2118 1686 2138 sua:
1705 2111 1790 2138 etiam
1807 2115 1873 2138 aela-

234 2149 271 2177 tis
283 2155 362 2178 notas
377 2158 514 2186 apponere
529 2160 537 2179 :
555 2153 655 2179 etenim
673 2152 789 2181 Homilia
803 2154 838 2182 lll
853 2155 887 2182 de
899 2155 1187 2190 incomprehensibili.
1204 2164 1284 2191 quam
1311 2160 1432 2184 vertente
1443 2165 1515 2184 anno
1531 2157 1584 2185 386
1597 2158 1753 2186 certissime
1766 2157 1870 2191 habuit.

237 2202 325 2223 annos
341 2197 404 2225 item
421 2199 515 2234 viginti
535 2206 692 2229 numerata
716 2206 838 2236 tempore
857 2201 958 2230 Juliaui
988 2203 1142 2239 Apostatat;
1173 2213 1235 2232 cum
1257 2210 1346 2232 autem
1377 2205 1422 2234 ille
1444 2213 1517 2234 anno
1536 2205 1589 2234 363
1616 2214 1704 2233 caesus
1721 2206 1770 2238 sit,
1786 2213 1871 2234 annos

235 2243 331 2270 saltem
352 2244 445 2279 viginti
460 2250 578 2280 quatuor
593 2248 683 2275 dicere
695 2249 792 2276 debuit
813 2258 820 2276 :
838 2257 890 2276 nou
911 2251 984 2278 enim
1003 2259 1017 2278 a
1032 2259 1099 2279 necc
1111 2251 1181 2286 ejus.
1203 2253 1249 2279 sed
1267 2260 1282 2279 a
1299 2257 1400 2280 tentata
1415 2253 1506 2288 templi
1521 2252 1749 2288 Jerosolymitani
1769 2253 1872 2280 instau-

235 2290 351 2322 ratione,
367 2291 448 2318 etiam
461 2291 508 2324 ibi,
521 2293 656 2322 calculum
669 2295 771 2323 ducere
786 2295 903 2323 videtur.
922 2295 989 2324 Vide
1011 2296 1147 2325 Monitum
1166 2298 1192 2325 in
1224 2297 1354 2326 llomilias
1367 2300 1400 2326 de
1416 2299 1703 2334 lucomprehensibili,
1721 2299 1770 2327 ubi
1787 2299 1867 2327 alium

236 2335 301 2363 huic
315 2336 431 2365 similem
443 2339 685 2368 anachrouismum
700 2342 892 2370 observamus.
905 2344 999 2378 Itaque
1024 2344 1076 2372 etsi
1103 2345 1176 2371 clare
1199 2345 1332 2372 calculum
1349 2351 1432 2380 ponat
1459 2345 1686 2381 Chrysostomus.
1704 2353 1759 2374 non
1784 2352 1869 2380 usque

243 2493 555 2500 ____.__.»<.AM_.__,
635 2497 727 2500 __.____
761 2497 770 2502 _

480 2602 558 2645 DE
585 2604 808 2648 SANCTO
833 2608 1300 2654 HIEROMARTYRE
1329 2604 1372 2645 (α)
1394 2607 1624 2652 BABYLA.

280 2702 305 2731 Ι.
315 2701 440 2731 Volebam
451 2704 573 2740 equidem
584 2705 764 2735 bodiernodic
772 2707 890 2736 debitum
905 2709 1027 2742 rcddurc.
1080 2710 1150 2745 quod
1165 2719 1249 2745 nuper
1263 2709 1348 2741 vobis.
1365 2717 1425 2738 cum
1439 2709 1482 2738 hic
1491 2717 1592 2743 essem.
1606 2710 1717 2745 υτοιηὶςί
1731 2718 1738 2737 :
1751 2709 1794 2737 sed
1805 2708 1860 2744 quid

270 2769 374 2804 ((1))?!
385 2769 434 2799 illa.
446 2769 629 2804 hiermnartyre.
640 2778 654 2797 a
665 2774 751 2799 (traxis
765 2776 837 2799 medii
849 2776 893 2800 avi
907 2775 976 2801 titulo
986 2777 1029 2801 sd-
1082 2757 1175 2804 “dum
1186 2756 1197 2782 2
1211 2756 1307 2783 nemus
1319 2755 1433 2804 hab,th
1452 2756 1634 2804 i"‘°"'°'_‘i°"‘
1646 2755 1814 2804 ψμφίιῖθι
1827 2752 1856 2804 ut

242 2797 367 2826 er‘u'tuit.
380 2797 475 2826 suum
487 2803 560 2832 enilll,
573 2797 710 2835 utquidt-ui
718 2797 837 2836 sistite;
850 2797 1015 2838 initiata:
1084 2803 1203 2837 seipsum
1224 2810 1273 2830 nos
1285 2803 1406 2835 vocavit;
1423 2810 1474 2831 non
1497 2801 1567 2838 quod
1591 2809 1684 2828 vocem
1702 2800 1807 2832 miserit.
1818 2797 1857 2825 sed
