1969 3130
138 137 192 166 527
679 138 724 166 DE
745 138 774 167 S.
795 137 1072 168 HIEROMARTYRE
1091 138 1238 166 BABYLA.
1716 144 1768 171 πίε

585 243 1764 258 mm

139 240 695 254 m

844 343 972 373 ADMON
976 344 1061 373 ITIO.

132 416 200 445 adeo
211 422 318 445 certum
330 422 382 450 est,
401 425 436 445 an
451 418 518 446 huic
533 419 639 447 calculo
652 419 780 447 standum
795 420 840 447 sit.
868 420 895 447 Id
909 429 993 448 unum
1008 427 1155 456 possumus
1168 420 1228 447 sine
1249 420 1370 455 periculo
1381 420 1483 453 dicere,
1501 428 1574 448 anno
1586 421 1694 448 circiter
1709 421 1763 447 58?.

133 463 207 490 hunc
220 462 320 490 librum
336 471 352 491 a
365 463 563 500 Cbrysostomo
580 464 711 500 scriptum
729 465 823 498 fuisse,
845 473 935 501 neque
949 470 1039 494 tamen
1052 473 1204 501 repugnare
1225 466 1246 492 si
1262 465 1303 492 vel
1315 465 1408 500 paucis
1425 471 1498 499 ante,
1519 465 1561 493 vel
1587 466 1682 500 paucis
1698 472 1766 500 post

134 508 213 536 annis
225 509 302 537 illum
316 510 443 538 ediderit.
460 510 648 544 Hermantius,
660 511 708 547 qui
720 516 798 546 putat
813 512 887 539 hunc
903 512 1003 540 librum
1018 519 1080 540 esse
1092 512 1249 540 concionem
1273 511 1307 539 ad
1322 511 1414 547 populi
1440 516 1540 539 emtum
1556 511 1688 544 habitam,
1703 511 1763 538 vult

131 563 191 583 eam
205 556 233 583 in
246 564 350 585 annum
364 557 417 585 586
432 566 494 586 cum
508 558 662 586 tardissime
674 558 791 586 conferri
811 567 817 585 :
833 559 897 594 quia
909 565 941 585 eo
957 559 1075 593 primum
1087 566 1158 586 anno
1172 559 1311 594 presbyter
1326 558 1414 586 factus
1429 557 1642 594 Chrysostomus
1653 559 1766 586 concio-

131 601 191 630 nari
205 603 289 637 coepit
303 611 310 630 :
325 612 388 631 nam
408 604 469 639 ipso
486 604 865 640 testilicanleChrysostomo,
883 605 984 632 nullam
1006 610 1079 639 ante,
1095 613 1177 640 quam
1192 605 1332 640 presbyter
1343 609 1426 637 esset,
1440 605 1600 632 concionem
1613 604 1756 631 habuerat.

132 649 245 684 Verum,
257 655 288 680 ut
302 659 384 687 supra
395 651 563 684 dicebamus,
576 651 681 679 nullum
697 659 752 686 prae
769 659 799 679 se
811 651 864 679 fert
877 652 986 687 signum
1017 652 1060 679 hic
1081 651 1150 680 liber
1165 652 1305 680 concionis
1321 652 1354 679 ad
1378 651 1509 687 populum
1537 651 1645 683 habitus,
1665 655 1764 686 estque

131 700 215 725 tanta
231 698 394 732 prolixitatis
409 701 439 725 ut
453 705 506 725 non
518 699 638 734 potuerit
652 706 704 726 una
718 699 808 726 solum
837 699 894 726 vice
911 699 1031 726 recitari.
1043 698 1084 726 Ad
1101 699 1159 726 haec
1171 706 1237 726 vero
1254 700 1316 733 quis
1330 698 1424 726 credat
1439 705 1502 725 eum
1516 697 1703 733 longissimam
1726 696 1762 724 il-

128 743 186 771 lam
201 746 336 774 monodia:
350 745 458 774 Libanii
469 746 672 778 refutationem,
691 753 754 780 qua
768 745 885 773 mediam
897 744 983 773 ferme
1005 750 1109 780 partem
1123 745 1185 771 libri
1201 749 1327 779 occupat,
1345 744 1371 770 in
1394 747 1466 771 cmtu
1481 742 1573 779 populi
1589 742 1735 778 protulisse
1750 741 1762 767 τ

126 788 269 819 Hactenus
282 792 315 820 de
331 797 463 828 tempore.

163 850 363 885 Argumentum
377 850 440 878 libri
452 854 493 878 est
511 849 624 878 historia
638 849 762 885 martyrii
775 848 803 876 S.
816 849 926 885 Babylaa
941 849 1070 885 Episcopi
1083 849 1258 882 Antiocheni,
1272 848 1468 877 declamatorio
1485 856 1561 876 more
1581 853 1690 876 narrata
1705 852 1763 876 tro-

125 896 225 932 pisque
236 897 411 931 redundans;
429 897 456 925 in
471 905 525 932 qua
541 897 700 932 plerumque
714 897 855 924 veritatem
867 896 1016 924 desideres.
1029 896 1096 924 Nam
1113 901 1143 924 ut
1158 900 1264 924 certum
1283 896 1412 924 existimo
1426 895 1455 923 S.
1474 895 1604 930 Babylam
1620 902 1669 929 pro
1680 893 1762 922 Chri-

124 952 172 974 sto
184 954 285 975 rzsum
302 954 372 979 esse,
384 947 421 975 ita
438 954 525 982 genus
537 951 565 974 et
581 952 694 975 causam
721 946 846 982 martyrii
860 953 892 973 ex
908 945 1000 980 populi
1025 953 1138 973 rumore
1156 946 1258 980 potius,
1273 952 1354 980 quam
1371 952 1405 972 ex
1427 952 1491 972 vera
1510 952 1601 971 rerum
1621 948 1762 980 gestarum

124 994 241 1022 historia
257 1001 272 1021 a
284 994 479 1030 Chrysostomo
494 993 611 1029 proferri
624 1001 678 1021 non
698 993 813 1021 dubium
826 998 878 1021 est.
907 993 974 1020 Nam
989 993 1063 1028 quis,
1080 1000 1184 1028 quaeso,
1217 991 1263 1019 ille
1279 990 1363 1018 fuerit
1388 990 1574 1018 Romanorum
1607 989 1760 1025 Imperator

122 1042 311 1074 Christianus,
325 1041 371 1076 qui
392 1041 456 1068 inita
473 1049 535 1069 cum
551 1049 614 1077 rege
628 1041 744 1068 barbaro
757 1048 835 1076 pace.
857 1043 896 1070 Tea
912 1040 1081 1073 conditione,
1097 1044 1127 1067 ut
1152 1039 1239 1067 lilium
1257 1039 1302 1066 ille
1313 1039 1366 1067 sibi
1379 1037 1551 1065 educandum
1565 1037 1694 1068 traderet,
1712 1044 1760 1064 ac-

122 1092 236 1123 ceptum
252 1095 302 1123 pro
315 1089 428 1123 pignore
442 1089 518 1123 pacis
530 1088 615 1115 lilium
628 1087 772 1116 confestim
782 1088 959 1123 jugulaverit,
979 1095 1068 1123 eaque
1088 1087 1122 1115 de
1137 1095 1220 1115 causa
1234 1095 1249 1114 a
1262 1087 1343 1114 beato
1360 1086 1460 1121 Babyla
1486 1085 1608 1113 ecclesia
1627 1085 1702 1112 aditu
1717 1085 1760 1112 in-

123 1135 274 1167 terclusus,
293 1135 418 1162 eumdem
436 1133 465 1162 S.
490 1134 634 1170 praesulem
652 1135 680 1162 in
702 1142 840 1162 carcerem
864 1135 934 1162 trudi
957 1138 984 1162 et
997 1134 1155 1162 obtruncari
1170 1133 1304 1168 jusserit?
1329 1131 1407 1160 Hunc
1423 1131 1617 1166 Imperatorem
1643 1130 1755 1166 quidam

122 1182 183 1210 sive
197 1182 361 1210 scholiastes
377 1182 435 1210 sive
449 1182 578 1210 librarius
590 1182 656 1210 dicit
674 1189 737 1210 esse
749 1181 958 1209 Numerianum.
985 1182 1046 1215 Quo
1062 1182 1128 1217 quid
1146 1181 1286 1216 ineptius?
1303 1180 1371 1207 Nam
1388 1179 1429 1207 vel
1446 1179 1634 1207 Christianum
1662 1178 1755 1206 dicere

121 1227 334 1261 Numerianum,
350 1229 392 1256 vel
407 1228 610 1256 interfectorem
627 1228 770 1264 cujusdam
794 1228 865 1264 regis
881 1228 1059 1256 barbarorum
1075 1228 1123 1255 ﬁlii
1144 1229 1171 1255 in
1192 1227 1269 1262 pacis
1283 1227 1381 1262 pignus
1404 1227 1457 1254 sibi
1473 1227 1575 1259 traditi,
1602 1234 1680 1262 aque
1695 1234 1759 1254 cum

122 1281 189 1302 vera
208 1274 323 1302 historia
338 1280 448 1310 pugnat.
465 1274 520 1302 Nec
534 1274 621 1309 magis
635 1274 755 1301 creditur
766 1274 842 1301 Actis
868 1274 1031 1308 quibusdam
1048 1281 1063 1300 a
1079 1273 1211 1301 Bollando
1230 1274 1310 1301 editis
1327 1274 1360 1300 ad
1379 1273 1415 1301 24
1430 1272 1565 1305 Januarii,
1578 1273 1625 1300 ubi
1653 1272 1756 1301 Nume-

122 1319 221 1347 rianus
232 1320 368 1347 idolorum
378 1319 469 1347 cultor
483 1318 622 1346 inducitur
638 1319 666 1346 S.
686 1319 813 1355 Babylam
828 1323 935 1346 tentans
949 1319 982 1346 ad
1000 1319 1168 1355 impietatem
1195 1326 1273 1347 suam
1289 1319 1406 1351 trahere,
1425 1319 1572 1353 ipsumque
1585 1326 1648 1346 cum
1665 1319 1757 1354 pueris

121 1366 288 1402 quibusdam
301 1365 425 1401 martyrii
441 1365 526 1402 gloria
540 1365 662 1393 alliciens
676 1373 682 1391 :
701 1373 762 1400 qum
778 1369 853 1392 certe
868 1372 922 1392 non
940 1370 1055 1400 possunt
1070 1366 1104 1392 ad
1132 1365 1261 1401 Babylam
1277 1370 1402 1393 nostrum
1421 1365 1529 1392 referri.
1555 1364 1623 1393 llinc
1636 1365 1752 1400 quaestio

121 1414 214 1441 oritur
227 1421 262 1440 an
276 1413 368 1448 plures
384 1411 505 1447 ejusdem
518 1412 640 1439 nominis
659 1411 722 1439 sint.
742 1412 800 1445 Qua
817 1411 851 1439 de
863 1419 893 1439 re
916 1412 978 1439 vide
992 1411 1154 1439 Bollandum
1171 1411 1198 1438 in
1213 1411 1289 1438 Actis
1304 1410 1355 1440 SS.
1371 1410 1496 1438 Januarii
1519 1412 1564 1438 2|.
1599 1411 1756 1439 Verisimile

122 1460 208 1495 igitur
222 1464 264 1488 est
280 1459 324 1486 hic
338 1458 530 1494 Imperatorem
546 1457 702 1494 Philippum
720 1457 877 1489 memorari.
907 1457 954 1493 qui
975 1458 1082 1492 imperii
1095 1457 1240 1485 invadendi
1252 1465 1335 1486 causa
1349 1465 1421 1485 caeso
1450 1458 1589 1487 Gordiano
1618 1460 1757 1495 Augusto,

119 1511 268 1542 postquam
287 1511 342 1534 tam
355 1506 450 1541 iniqua
463 1506 536 1533 caede
551 1505 607 1533 voti
618 1513 731 1540 compos
747 1505 835 1534 factus
852 1505 1027 1533 Antiochiam
1039 1510 1163 1538 venerat,
1177 1503 1320 1533 Paschatis
1338 1509 1460 1540 tempore
1477 1507 1510 1533 ad
1530 1506 1675 1534 ecclesiam
1689 1515 1758 1541 pre-

119 1561 185 1582 cum
212 1553 461 1590 mysteriorumque
476 1560 591 1580 consors
620 1552 741 1586 futurus,
762 1553 918 1581 accedebat.
937 1553 998 1587 Quo
1024 1557 1177 1588 comperto,
1194 1552 1225 1580 S.
1238 1552 1351 1587 Babylas
1365 1552 1540 1580 accedentem
1556 1553 1750 1588 Imperatorem

120 1600 233 1636 repulit,
256 1600 379 1628 ecclesiae
393 1600 468 1628 aditu
483 1600 633 1632 interdixit,
649 1605 675 1628 et
687 1600 879 1636 poenitentium
894 1600 956 1629 loco
968 1608 998 1629 se
1013 1601 1111 1629 sistere
1125 1600 1219 1635 jussit,
1247 1599 1334 1628 donec
1349 1599 1509 1636 pmnitentia
1523 1600 1616 1627 abluto
1631 1600 1758 1635 expiato-

119 1653 176 1682 que
192 1647 305 1679 scelere,
332 1647 366 1674 ad
381 1646 602 1674 communionem
627 1647 746 1674 lidelium
761 1652 855 1682 postea
880 1647 1056 1682 reciperetur.
1074 1646 1150 1674 Hane
1167 1655 1183 1674 a
1200 1646 1229 1674 S.
1256 1646 1374 1682 prmsule
1392 1646 1529 1680 repulsam
1555 1652 1633 1682 grato
1659 1646 1752 1674 animo

119 1694 301 1730 modesteque
313 1694 407 1722 tulisse
419 1693 587 1730 Philippum,
603 1699 699 1721 narrat
714 1693 859 1726 Eusebius,
878 1694 998 1729 itemque
1011 1694 1203 1730 pmoitentium
1218 1693 1309 1721 locum
1326 1692 1437 1726 adiisse,
1454 1700 1486 1720 ac
1501 1697 1558 1720 tum
1576 1697 1758 1728 posteaquam

118 1741 226 1768 crimen
240 1741 389 1769 secundum
404 1741 531 1769 Ecclesiae
546 1745 647 1768 statuta
661 1740 816 1774 confessus,
841 1740 1058 1776 exhomologesi,
1077 1745 1106 1768 ut
1122 1741 1266 1773 vocabant,
1279 1740 1361 1773 facta,
1379 1741 1552 1775 deposuerat,
1566 1739 1593 1767 in
1607 1739 1759 1769 Ecclesium

119 1787 275 1816 admissum
289 1788 383 1816 fuisse.
399 1788 457 1816 Sub
473 1789 531 1817 haec
543 1793 633 1816 autem
649 1789 802 1824 imperante
820 1788 911 1822 Decio,
929 1788 1150 1817 Christianorum
1170 1789 1258 1822 hoste,
1274 1788 1303 1816 Β.
1318 1788 1434 1824 Babylas
1450 1797 1500 1824 pro
1509 1789 1621 1817 Christo
1634 1790 1757 1818 cervices

117 1834 206 1862 dedit.
224 1835 303 1869 Quod
319 1835 353 1863 de
371 1835 532 1870 poenitentia
547 1835 634 1870 deque
647 1834 858 1863 Christianismo
873 1835 991 1870 Philippi
1012 1835 1046 1862 ab
1062 1835 1182 1862 Eusebio
1199 1843 1253 1863 non
1266 1835 1344 1870 quasi
1358 1839 1474 1868 eertum,
1487 1835 1534 1862 sed
1550 1843 1599 1863 ceu
1616 1843 1631 1863 a
1645 1835 1760 1871 quibus-

118 1880 183 1908 dam
200 1881 322 1909 auditum
336 1888 474 1914 narratur,
491 1889 506 1909 a
523 1882 616 1909 multis
630 1886 743 1909 vocatur
758 1882 784 1908 in
811 1881 936 1909 dubium.
951 1881 1090 1909 Adeantur
1106 1881 1135 1914 ii,
1156 1882 1202 1917 qui
1217 1889 1248 1909 ex
1265 1882 1391 1909 instituto
1407 1889 1463 1909 rem
1481 1882 1605 1917 pluribus
1619 1887 1756 1911 tractave-

116 1933 195 1956 runt.
213 1927 368 1956 Verisimile
378 1932 469 1956 autem
486 1933 538 1961 est,
560 1928 597 1955 uti
615 1928 750 1960 dicebam,
765 1935 798 1955 ex
812 1928 926 1956 historia
950 1929 997 1956 illa
1014 1929 1145 1956 Gordiani
1169 1937 1184 1957 a
1197 1929 1321 1964 Philippo
1336 1929 1399 1957 caesi
1415 1936 1543 1956 manasse
1569 1929 1654 1962 illam,
1672 1936 1758 1965 quam

117 1974 247 2009 superius
261 1982 295 2002 ex
311 1974 510 2010 Chrysostomo
525 1974 687 2008 retulimus;
702 1974 748 2002 sed
766 1974 801 2001 ita
816 1974 986 2009 deturpalam
998 1975 1234 2010 deformatamque
1251 1975 1278 2003 in
1291 1975 1420 2004 omnibus
1432 1976 1491 2003 suis
1502 1975 1637 2011 partibus,
1654 1980 1686 2003 ut
1701 1975 1757 2002 alia

117 2020 230 2056 penitus
245 2028 306 2049 esse
323 2021 458 2048 videatur.

154 2082 248 2118 Longe
262 2083 372 2111 saniora
385 2088 450 2110 sunt
464 2090 525 2118 quae
541 2082 574 2111 de
594 2082 718 2118 reliquiis
733 2082 761 2110 S.
777 2082 886 2119 Babylaa
902 2091 936 2111 ex
952 2082 1086 2111 suburbio
1103 2082 1229 2118 Daphnes
1245 2084 1271 2111 in
1290 2084 1384 2112 urbem
1398 2084 1573 2112 Antiochiam
1588 2083 1756 2120 Chrysosto-

117 2138 180 2159 mus
194 2135 328 2162 recenset,
343 2137 446 2158 necnon
462 2130 496 2159 de
514 2130 614 2166 templo
625 2130 759 2165 Apollinis
774 2130 906 2158 divinitus
922 2135 995 2158 tacto
1009 2136 1037 2158 et
1047 2131 1202 2159 combusto.
1217 2131 1322 2159 llorum
1335 2132 1408 2159 enim
1425 2139 1479 2159 non
1497 2132 1557 2166 ipse
1570 2132 1652 2159 modo
1666 2132 1756 2168 Chry-

116 2182 258 2207 sostomus
269 2177 345 2214 [551]
357 2177 482 2206 oculatus
502 2178 577 2206 testis
590 2181 659 2210 erat,
674 2178 720 2205 sed
734 2178 815 2205 etiam
836 2186 931 2206 omnes
942 2178 1003 2214 ejus
1020 2179 1170 2212 auditores,
1186 2187 1257 2214 quos
1270 2179 1297 2206 in
1312 2179 1423 2207 homilia
1439 2187 1488 2208 sua
1503 2179 1664 2216 alloquitur.
1680 2180 1756 2208 Illius

116 2224 192 2252 enim
209 2224 325 2260 prodigii
338 2231 401 2252 eum
415 2223 442 2251 in
458 2224 569 2252 homilia
586 2229 643 2251 tum
659 2224 687 2251 in
705 2224 775 2251 libro
794 2224 828 2252 de
841 2223 942 2260 Bahyla
957 2225 1124 2252 mentionem
1143 2225 1218 2253 facit.

152 2284 280 2313 Homilia:
298 2285 486 2321 interpretatio
514 2285 610 2314 Latina
624 2291 666 2314 est
679 2286 827 2314 Frontonis
852 2286 954 2314 Ductei.
970 2286 1043 2314 Libri
1074 2295 1137 2314 vero
1162 2288 1188 2314 in
1205 2287 1336 2322 Babylam
1352 2291 1380 2315 et
1397 2291 1493 2314 contra
1509 2285 1648 2314 Iulianum
1667 2286 1753 2314 inter-

116 2332 298 2367 pretationem
317 2340 414 2360 novam
428 2333 636 2366 adornavimus,
651 2334 715 2369 quia
729 2333 858 2361 Germani
871 2333 953 2361 Brixii
975 2334 1031 2367 illa,
1049 2341 1110 2369 qua:
1129 2334 1156 2361 in
1172 2333 1249 2369 prius
1268 2334 1350 2361 editis
1365 2339 1433 2366 erat,
1447 2333 1626 2369 paraphrasin
1640 2333 1754 2360 omnino

116 2379 250 2413 sapiebat.

141 2532 1746 2548 ’,ψ-ῃσῂ

377 2612 464 2656 ΕΙΣ
491 2611 605 2655 TON
633 2610 802 2655 ΑΓΙΟΝ
829 2610 1208 2657 ΙΕΡΟΜΑΡΤΥΡΑ
1235 2613 1499 2660 ΒΑΒΥΛΛΝ.

155 2760 190 2788 α’.
201 2759 273 2794 Ἐγὼ
283 2759 493 2801 poscentem
501 2759 685 2788 ἁποδοῦναιτδ
693 2761 773 2797 χρέος
780 2761 910 2798 τήμερον,
965 2762 991 2790 τί
1006 2762 1101 2795 ﬁdem;
1118 2763 1228 2797 Μεταξὺ
1244 2764 1338 2799 φανεὶς
1354 2766 1368 2792 ὀ
1385 2765 1518 2801 μακάριος
1534 2764 1666 2797 meum.
1681 2765 1749 2801 πρὸς

121 2801 134 2830 5
152 2802 250 2836 πρώην
269 2799 387 2829 ενταῦθα
409 2802 555 2838 γενόμενος
576 2802 733 2839 ὑπεσχόμην
750 2803 826 2840 ὑμῖν·
844 2803 912 2830 ἀλλὰ
965 2804 1061 2831 ἑαυτὸν
1084 2805 1159 2840 ἡμᾶς
1183 2806 1322 2839 ἐκάλεσεν,
1338 2807 1368 2834 οὐ
1386 2799 1484 2842 Ὕφωνῆν
1504 2806 1593 2841 ἀφεὶς,
1620 2806 1688 2835 ἀλλὰ
1704 2799 1748 2844 ’νῇ

286 2851 423 2879 ι’Δτιιοι..
440 2849 499 2879 Gn.
521 2849 554 2879 L.

1581 2855 1600 2882 δ
