1969 3130
51 113 58 121 ’
85 127 136 156 519

83 191 151 226 quod
169 191 303 227 splendidi
325 191 380 217 oris
393 189 522 225 dignitate
541 196 590 215 nos
602 188 636 215 ad
657 195 687 215 se
704 187 876 215 converterit.

82 239 120 265 Ne
129 239 208 273 igitur
222 245 295 272 :rgre
305 237 406 268 feratis,
423 237 445 262 si
459 234 572 263 reddere
584 234 756 261 differamus:
770 235 880 261 omnino

80 285 152 312 enim
171 289 273 320 quanto
287 282 451 318 protrahitur
467 287 573 316 tempus
585 280 699 316 longius,
714 285 789 308 tanto
802 280 878 308 vobis

81 335 108 357 ιιι
122 330 212 358 faenus
225 332 352 364 augetur:
363 335 423 355 nam
437 327 576 363 pecuniam
590 332 650 354 cum
658 325 762 354 frenare
776 326 878 361 persol-

80 383 177 402 vemus
189 373 264 409 (Luc.
279 373 323 402 l9.
334 373 399 408 9.5);
416 372 523 408 quando
537 373 572 399 ita
586 372 713 399 Dominus
731 372 821 407 jussit,
833 372 877 406 qui

79 427 182 450 nostra:
196 421 267 449 illam
280 420 341 447 fidei
353 419 499 447 commisit.
527 419 555 446 lu
575 423 631 446 toto
646 426 710 453 ergo
723 426 779 446 rem
791 418 878 446 credi-

78 473 134 494 tam
150 467 208 495 fore
231 466 397 494 confidentes
409 485 417 497 ,
436 468 529 499 utpote
543 472 603 492 cum
625 471 685 491 sors
699 463 774 492 vobis
786 467 813 491 ct
834 464 876 490 lu-

75 521 155 541 crum
166 513 278 541 immota
290 517 318 540 et
331 517 404 539 certa
416 515 563 544 maneant,
576 511 785 546 interrepentem
796 510 876 538 hodie

74 565 213 594 quaestum
225 567 260 587 ne
271 559 518 594 prmtermitlamus,
534 557 582 585 sed
596 558 732 593 praeclaris
745 557 814 585 beati
825 557 875 584 Ba-

75 606 148 642 byla:
161 605 328 634 facinoribus
343 605 518 632 oblcctcmur.

110 652 226 688 Babylo:
244 651 407 679 Antiocheam
422 649 534 678 ecclesiis
547 649 701 685 Episcopus.
715 664 752 670 —
781 649 873 677 Enim-

71 704 140 725 vero
153 705 208 733 quo
224 701 300 731 pacto
310 695 452 732 prefectus
473 695 534 722 huic
557 694 685 722 Ecclesia:
705 701 803 722 nostra:
817 695 872 722 fue—

71 743 119 776 rit,
135 747 164 771 et
178 744 204 770 in
217 742 311 771 mediis
325 741 458 777 procellis,
471 740 684 776 tempestatibus,
696 741 872 776 ﬂuctibusque

71 795 179 816 sacram
193 788 263 815 hanc
284 788 372 815 navim
387 787 503 814 servarit
513 806 521 819 ,
542 790 720 821 quantamque
734 786 869 818 ﬁduciam,

70 840 133 860 cum
148 833 340 869 Imperatorem
355 833 547 868 alloqueretur,
559 840 613 867 prie
623 839 652 859 se
666 833 765 865 tulerit,
778 837 806 860 et
817 840 870 868 quo

70 883 151 913 pacto
167 887 218 914 pro
232 879 326 907 ovibus
338 879 454 906 animant
468 886 542 905 suam
558 878 676 914 posuerit
686 899 692 910 ,
718 885 750 905 ac
765 878 868 906 beatam

69 924 143 952 illam
157 925 260 953 eadem
272 924 394 958 subierit,
410 924 466 951 lnec
476 930 503 952 et
516 924 567 951 alia
577 923 708 959 ejusmodi
717 923 868 951 senioribus

68 970 308 999 commemoranda
329 969 484 997 doctoribus
497 974 525 997 et
542 969 677 997 communi
693 969 760 1004 putri
775 974 868 996 nostro

68 1016 253 1052 relinquemus
269 1024 277 1044 :
297 1024 341 1044 res
359 1015 431 1044 enim
455 1016 620 1051 antiquiores
643 1015 771 1050 praeclare
792 1015 867 1042 vobis

66 1069 81 1089 a
95 1062 223 1090 sericibus
244 1065 356 1097 possunt
379 1061 501 1095 narrari;
522 1069 582 1097 quae
603 1068 666 1088 vero
684 1069 736 1088 non
758 1061 793 1088 ita
811 1061 866 1095 pri-

66 1109 126 1136 dem
139 1116 173 1136 ac
190 1114 284 1136 nostra
298 1113 376 1136 (etate
401 1113 463 1136 sunt
484 1113 569 1144 gesta,
591 1107 667 1135 vobis
687 1107 794 1142 juvenis
815 1116 866 1143 cgo

66 1154 182 1182 narrabo
193 1172 202 1188 ,
217 1162 278 1190 quae
292 1154 417 1182 nimirum
435 1159 495 1189 post
507 1154 608 1181 obitum
622 1174 630 1186 ,
652 1158 711 1188 post
724 1154 865 1188 exsequias

64 1200 203 1236 martyris,
215 1207 248 1228 ac
259 1199 323 1228 dum
337 1199 362 1227 in
378 1199 507 1227 suburbio
520 1203 679 1231 moraretur,
696 1199 862 1227 acciderunt.-

64 1247 102 1273 Ac
112 1246 171 1273 scio
185 1245 311 1281 equidem
325 1245 393 1278 fore,
408 1249 437 1272 ut
449 1245 610 1280 promissum
621 1249 742 1272 nostrum
752 1243 863 1280 gentiles

63 1291 206 1323 irrideant,
221 1291 293 1327 quod
304 1295 364 1327 post
374 1290 475 1318 obitum
489 1295 516 1318 et
526 1290 668 1325 exsequias
680 1290 749 1325 ejus,
762 1290 806 1325 qui
819 1297 863 1317 se-

63 1339 154 1372 pultus
175 1339 214 1366 sit
234 1342 263 1366 et
283 1338 309 1365 in
329 1338 448 1366 cinerem
468 1337 636 1371 dissolutus,
658 1344 708 1365 nos
734 1336 861 1372 przeclara

61 1383 182 1411 facinora
203 1388 461 1412 commemoraturus
475 1383 661 1418 promittamus
677 1390 751 1411 :non
773 1387 861 1410 tamen

60 1429 163 1457 idcirco
187 1429 356 1463 taeebimus,
381 1428 430 1457 sed
452 1429 489 1456 ob
508 1431 560 1456 hoc
579 1428 666 1464 ipsum
692 1429 861 1464 potissimum

59 1477 142 1503 verba
154 1475 288 1504 faciemus
298 1496 306 1509 ,
324 1480 354 1503 ut
365 1483 426 1503 cum
441 1483 499 1503 rem
516 1474 594 1503 istam
606 1474 757 1502 mirabilem
767 1478 860 1502 osteno

58 1522 180 1550 derimus
190 1543 200 1556 ,
221 1523 304 1550 risum
317 1526 345 1550 et
359 1529 457 1550 cannas
467 1521 494 1549 in
509 1521 615 1549 illorum
627 1524 708 1556 caput
717 1525 859 1549 converta-

58 1577 128 1596 mus.
151 1569 221 1598 Nam
240 1570 353 1598 hominis
373 1569 481 1605 quidem
500 1569 616 1605 cujusvis
630 1573 704 1597 recte
715 1568 785 1597 facta
799 1573 860 1605 post

57 1620 175 1644 mortem
199 1623 260 1644 esse
279 1620 434 1652 nequeunt,
456 1616 580 1652 martyris
600 1623 666 1644 vero
687 1619 714 1643 et
729 1615 811 1643 multa
831 1619 860 1643 et

57 1670 153 1698 magna
167 1670 231 1690 esse
246 1668 356 1698 possunt
370 1671 376 1689 :
392 1670 444 1690 nou
459 1667 488 1690 ut
500 1662 545 1690 ille
556 1662 602 1690 flat
617 1662 757 1694 illustrior;
771 1669 859 1697 neque

56 1709 129 1737 enim
154 1709 204 1737 ille
225 1709 458 1737 commendatione
479 1708 579 1744 indiget
600 1708 671 1743 vulgi
687 1717 694 1734 :
709 1708 756 1735 sed
781 1712 809 1735 ut
829 1713 857 1735 ttt

57 1755 156 1787 discas,
172 1754 300 1788 infidelis,
312 1759 425 1782 mortem
437 1758 584 1790 martyrum
596 1761 650 1782 non
660 1761 721 1782 esse
730 1759 855 1786 mortem,

57 1800 103 1828 sed
116 1800 226 1828 initium
242 1801 303 1828 vita:
314 1801 444 1834 melioris,
469 1800 606 1836 magisque
624 1800 770 1835 spiritualis
789 1807 856 1828 con-

57 1845 221 1873 versationis
243 1845 400 1880 praaludium
412 1867 419 1878 ,
440 1850 521 1881 atque
532 1853 548 1873 a
561 1845 738 1873 deterioribus
751 1845 784 1872 ad
800 1852 859 1873 me-

57 1893 121 1920 liora
133 1892 410 1927 transmigrationem.
424 1891 483 1919 Noli
498 1892 570 1920 enim
585 1891 637 1919 hoc
657 1896 788 1927 spectare,
803 1899 854 1920 llu-

57 1938 120 1966 dum
142 1940 272 1975 martyris
290 1946 388 1974 corpus
411 1939 507 1967 anima:
527 1940 684 1975 operatione
697 1939 856 1968 destitutum

56 1991 115 2012 esse
127 1984 317 2019 propositum;
339 1985 387 2012 sed
402 1985 467 2013 illud
484 1985 635 2018 considera,
655 1986 785 2022 majorem
798 1987 855 2023 ipsa

57 2030 143 2057 anima
158 2030 287 2058 virtutem
298 2030 335 2058 illi
346 2031 490 2066 quamdam
500 2031 630 2065 assidere,
642 2031 757 2067 Spiritus
769 2033 855 2061 sancti

57 2076 185 2104 virtutem
198 2097 206 2110 ,
228 2084 288 2112 qua:
311 2077 390 2105 editis
409 2085 424 2104 a
438 2085 467 2105 se
480 2078 618 2106 miraculis
633 2079 757 2107 omnibus
779 2086 855 2115 spem

57 2126 159 2149 artam
173 2122 380 2150 resurrectionis
390 2123 448 2158 ejus
459 2123 531 2152 facit.
545 2123 574 2151 Si
586 2124 659 2152 enim
671 2126 784 2152 mortuis
795 2132 855 2153 cor-

58 2168 166 2202 poribus
180 2172 207 2195 ct
220 2168 246 2195 in
260 2168 395 2203 pulverem
408 2169 532 2197 resolutis
543 2170 682 2205 majorem,
693 2178 773 2206 quam
788 2170 856 2199 rivis

57 2213 204 2245 omnibus,
225 2213 352 2241 virtutem
372 2213 442 2241 Deus
465 2214 576 2249 largitus
586 2220 647 2248 est,
672 2216 756 2243 multo
771 2216 855 2251 magis

58 2261 136 2286 vitam
153 2258 210 2286 illis
221 2259 308 2294 priore
316 2260 447 2295 potiorem
459 2268 491 2287 ac
501 2260 657 2295 feliciorem,
671 2270 723 2297 qtto
734 2266 855 2298 tempore

57 2312 172 2332 coronas
187 2304 305 2338 dividet,
330 2305 469 2341 largietur.
494 2306 560 2340 Quae
580 2307 686 2334 tandem
702 2308 783 2343 igitur
797 2308 855 2343 ejus

57 2355 116 2378 sunt
127 2355 207 2379 recte
218 2351 306 2378 facta?
322 2352 511 2380 Verumtamen
521 2353 605 2381 nolite
615 2354 727 2387 turbari,
743 2355 766 2381 si
775 2355 855 2389 paulo

57 2397 135 2425 altius
157 2405 312 2425 sermonem
332 2398 508 2427 duxerimus:
523 2407 584 2427 nam
599 2405 627 2428 et
647 2401 691 2435 qui
714 2406 787 2429 recte
805 2409 854 2428 vo-

59 2443 112 2471 lunt
130 2443 265 2479 imagines
278 2445 436 2479 spectandas
447 2453 606 2481 proponere,
618 2454 679 2475 cum
690 2452 855 2482 spectatores

59 2489 195 2522 paululum
210 2497 224 2516 a
239 2490 328 2517 tabula
355 2491 483 2519 secedere
502 2491 632 2526 jusserint
644 2513 652 2525 ,
674 2492 734 2520 illas
756 2493 854 2522 deinde

59 2539 184 2570 retegunt
194 2555 203 2568 ,
224 2539 254 2562 ut
268 2535 352 2571 ipsius
364 2536 498 2564 distantia!
510 2537 642 2566 beneficio
659 2538 758 2566 clarius
771 2539 805 2567 ab
814 2540 855 2568 eis

60 2582 162 2614 possint
183 2581 267 2609 videri
285 2590 292 2609 :
307 2583 428 2617 patimini
440 2590 505 2619 ergo
517 2591 565 2612 vos
577 2591 684 2620 quoque
705 2589 853 2614 retrorsum

58 2627 208 2654 orationem
222 2634 272 2655 nos
285 2628 434 2656 retrahere.

92 2672 194 2699 Iuliani
214 2672 343 2709 Apertum
364 2675 390 2702 in
405 2674 562 2704 Christianos
581 2683 704 2710 conatus;
716 2678 856 2707 Christiani

60 2717 88 2743 ιι
102 2719 159 2753 ipso
170 2717 273 2747 Galilei
290 2721 464 2755 appellantur.
481 2737 517 2743 —
532 2723 678 2759 Postquam
690 2726 762 2752 enim
775 2726 798 2753 is
808 2726 854 2761 qui

60 2769 169 2792 cunctos
194 2764 329 2801 impietate
348 2767 492 2802 superavit,
514 2768 540 2796 in
563 2768 762 2805 imperatorium
777 2771 852 2799 thro-

62 2817 120 2837 num
134 2811 257 2839 ascendit
267 2811 400 2846 Julianus,
415 2818 443 2841 et
467 2819 602 2849 sceptrum
626 2813 738 2852 accepit,
763 2818 855 2846 confe-

63 2856 120 2884 St‘uu
132 2856 159 2885 in
173 2865 246 2892 eum,
262 2865 277 2885 a
293 2866 346 2895 quo
359 2864 463 2888 creatus
477 2859 574 2897 fuerat,
591 2862 673 2892 Deum
688 2871 780 2892 manus
795 2872 853 2893 sus-

655 130 698 158 DE
717 130 745 157 3.
767 129 1037 157 lliEROliAliTYﬂE
1058 128 1204 158 BABYLA.
1255 125 1260 130 ’

1682 130 1733 155 55A)

937 187 1005 220 tulit,
1020 187 1088 216 bene
1103 188 1225 215 meritum
1239 187 1272 214 de
1286 191 1316 215 se
1329 187 1466 222 ignoravit,
1482 194 1512 214 ac
1524 187 1557 214 dc
1572 192 1640 214 terra
1658 188 1727 214 irrc-

933 233 988 260 rius
1002 233 1028 260 in
1053 233 1146 260 czelum
1175 225 1331 267 respiciens,
1355 232 1509 260 rabidorum
1535 240 1609 260 Inore
1633 233 1729 259 cuium

931 278 1082 311 allatrabat,
1093 278 1137 313 qui
1155 278 1180 305 in
1194 277 1315 305 homines
1324 284 1340 305 a
1353 278 1449 312 quibus
1462 285 1515 306 non
1529 278 1646 312 aluntur,
1660 283 1687 306 et
1703 280 1729 306 iu

931 331 979 351 eos
994 324 1094 358 pariter
1107 331 1121 350 a
1136 324 1233 358 quibus
1246 323 1365 356 aluntur,
1381 323 1525 352 clamorem
1538 324 1634 352 tollunt
1649 333 1656 352 :
1675 325 1729 352 imo

931 377 995 398 vero
1007 370 1112 398 smviori
1125 378 1205 406 quam
1220 370 1256 398 illi
1272 369 1361 397 furore
1373 370 1489 405 percitus
1513 375 1580 399 erat.
1602 371 1668 399 Nam
1691 366 1728 399 illi

929 416 1035 451 quidem
1060 420 1087 444 et
1107 416 1268 444 domesticos
1287 422 1316 444 et
1327 417 1428 444 alienos
1449 417 1549 453 pariter
1571 424 1728 446 aversantur

928 468 956 491 et
969 463 1084 491 oderunt
1098 472 1105 490 :
1120 464 1164 491 hic
1185 472 1249 491 vero
1261 464 1427 492 dauuonibus
1440 464 1474 491 ab
1488 465 1545 499 ejus
1559 464 1645 492 salute
1663 466 1728 492 alie.

929 510 970 536 nis
983 509 1177 542 hiandiebatur,
1192 515 1272 544 atque
1283 509 1356 536 omni
1370 517 1417 537 eos
1431 509 1518 537 cultus
1529 518 1628 545 genere
1651 511 1724 539 eule-

927 554 972 582 bat
988 562 995 581 :
1012 555 1080 582 bene
1103 559 1191 582 autem
1220 555 1254 582 de
1282 563 1311 583 se
1338 556 1481 588 meritum,
1504 563 1537 583 ac
1558 559 1723 584 servatorem

926 608 1014 633 suum,
1029 601 1127 636 quique
1153 609 1187 628 ne
1202 595 1270 629 Filio
1293 601 1402 637 quidem
1422 610 1472 629 suo
1487 602 1623 637 uuigenito
1642 603 1725 638 ipsius

925 654 1004 674 causa
1018 648 1145 682 pepercit,
1160 647 1333 675 aversabatur
1342 653 1369 675 et
1381 647 1483 680 oderat,
1498 655 1658 683 crucemque
1674 648 1724 675 de-

927 692 1041 726 ridebat,
1055 700 1111 720 rem
1125 701 1185 727 qua:
1201 697 1332 720 terrarum
1348 693 1440 720 orbem
1456 701 1568 728 pronum
1583 694 1608 720 in
1625 693 1721 730 facient

925 738 1092 773 provolutum
1118 738 1214 772 erexit,
1238 745 1298 774 qua:
1327 739 1452 766 tenebras
1471 739 1646 774 undequaque
1665 739 1723 766 dis-

923 784 1016 817 cussit,
1036 789 1064 812 et
1084 785 1215 812 solziribus
1227 785 1307 812 radiis
1322 785 1529 820 splendidiorem
1546 785 1631 812 lucem
1646 785 1721 811 inve—

923 831 970 859 xit.
986 830 1077 867 Neque
1091 839 1154 859 vero
1167 831 1219 859 huc
1234 839 1316 867 usque
1331 836 1432 859 tantum
1444 839 1600 866 progressus
1611 836 1652 858 est
1661 831 1721 866 ejus

923 877 1006 909 furor,
1018 878 1064 906 sed
1078 885 1112 906 ex
1132 878 1198 906 orbe
1220 883 1350 905 terrarum
1369 878 1607 906 exterminatur-um
1627 886 1657 906 se
1669 879 1720 905 Ga-

921 924 1050 951 lilaeorum
1070 923 1203 951 nationent
1217 924 1390 958 pollicebatur
1402 933 1408 950 :
1420 924 1459 952 sic
1470 924 1541 951 enim
1555 932 1604 951 nos
1622 925 1716 959 appel—

921 969 976 997 lare
988 969 1082 997 solitus
1093 974 1152 997 erat
1165 978 1171 998 :
1186 977 1347 1005 quamquam
1360 970 1383 998 si
1393 970 1604 998 Christianorum
1618 978 1718 998 nomen

920 1016 1126 1044 abominandum
1148 1023 1208 1044 esse
1220 1017 1408 1049 arbitrabatur.
1425 1025 1481 1045 rem
1501 1017 1593 1045 multa:
1611 1017 1717 1052 plenam

919 1062 1081 1098 ignominiae,
1098 1070 1149 1098 qua
1162 1062 1195 1090 de
1206 1070 1286 1090 causa
1299 1070 1351 1090 non
1366 1062 1426 1090 inde
1440 1069 1500 1097 nos,
1520 1062 1566 1090 sed
1583 1063 1716 1098 peregrini

918 1109 1034 1137 nominis
1056 1109 1128 1137 illius
1151 1109 1294 1145 ignominia
1310 1114 1403 1137 notare
1423 1109 1567 1145 cupiebat?
1590 1113 1625 1137 At
1643 1111 1715 1138 enim

918 1156 1001 1190 probe
1012 1159 1123 1183 noverat
1135 1163 1231 1183 nomen
1256 1155 1319 1183 illud
1334 1156 1403 1191 quod
1418 1156 1641 1184 necessitudinem
1666 1157 1716 1184 alia

916 1209 997 1236 quam
1008 1209 1069 1229 cum
1079 1199 1187 1229 Christo
1209 1201 1342 1237 designat,
1359 1209 1411 1229 non
1426 1201 1580 1229 hominibus
1600 1207 1712 1233 tantum.-

915 1246 964 1275 sed
975 1251 1003 1275 et
1012 1247 1124 1282 angelis,
1139 1252 1167 1276 et
1179 1248 1362 1283 superioribus
1377 1248 1517 1275 virtutibus
1537 1256 1634 1284 magno
1652 1256 1714 1277 case

915 1297 1097 1321 ornamento:
1113 1293 1174 1321 ideo
1198 1293 1299 1320 nullum
1314 1300 1366 1320 non
1384 1293 1499 1328 lapidem
1522 1295 1654 1326 movebat,
1685 1300 1714 1321 ut

915 1338 966 1366 hoc
987 1345 1037 1366 nos
1057 1343 1217 1366 ornamento
1230 1339 1357 1374 spoliaret
1376 1346 1408 1366 ac
1426 1339 1640 1373 praedicationem
1659 1340 1713 1368 dis-

914 1385 1042 1413 solveret.
1061 1379 1254 1414 Verumtamen
1269 1385 1325 1414 fieri
1341 1393 1394 1413 non
1420 1391 1523 1421 poterat
1545 1386 1619 1419 illud,
1635 1394 1651 1413 ο
1664 1389 1714 1414 una

913 1438 957 1459 ser
969 1435 998 1459 et
1012 1431 1184 1465 iufortunate,
1208 1436 1237 1459 ut
1255 1439 1343 1467 neque
1365 1431 1423 1459 ﬁeri
1442 1436 1555 1467 poterat,
1568 1435 1598 1459 ut
1616 1432 1711 1459 ca-ium

913 1476 1076 1510 destrueres,
1084 1477 1169 1505 solem
1174 1477 1369 1513 exstingueres,
1381 1481 1459 1505 terra:
1467 1476 1638 1505 fundamenta
1647 1486 1712 1505 con:

912 1529 1018 1551 emeres
1030 1527 1110 1559 atque
1118 1528 1264 1556 everteres,
1279 1523 1359 1559 idque
1373 1523 1495 1559 prmdixit
1512 1525 1574 1552 olim
1587 1524 1710 1552 Christus

912 1576 973 1597 cum
987 1569 1023 1597 ita
1033 1569 1101 1597 dixit
1117 1578 1124 1597 :
1138 1568 1234 1598 Cottum
1246 1574 1270 1597 et
1282 1574 1348 1597 terra
1361 1569 1500 1597 transibunt
1512 1577 1521 1602 ;
1532 1570 1606 1598 verba
1624 1576 1710 1597 autem

911 1624 967 1643 mea
981 1624 1031 1644 non
1039 1615 1178 1644 transibunt
1191 1615 1200 1653 (
1212 1615 1304 1643 Matth.
1315 1616 1360 1644 24.
1374 1616 1409 1644 55
1417 1615 1438 1652 ).
1450 1615 1502 1644 Sed
1515 1615 1615 1644 Christi
1627 1617 1708 1644 verba

912 1664 981 1692 ferre
1004 1672 1057 1691 non
1085 1668 1171 1699 potes,
1187 1671 1279 1691 vocem
1293 1663 1371 1699 igitur
1384 1662 1513 1690 factorum
1531 1663 1648 1698 ipsorum
1662 1664 1708 1689 nd-

912 1710 997 1738 rnitte.
1011 1710 1077 1738 Nam
1091 1718 1141 1746 ego
1163 1709 1283 1745 quidem,
1296 1709 1340 1736 cui
1361 1709 1432 1737 seire
1446 1709 1576 1744 contingit
1591 1709 1653 1744 quid
1674 1713 1710 1735 sit

910 1756 1075 1784 denuntiatio
1086 1755 1187 1790 divina,
1200 1763 1279 1791 quam
1291 1759 1386 1791 potens
1404 1759 1432 1782 et
1442 1755 1539 1782 invicta
1550 1762 1593 1782 res
1607 1754 1650 1782 illa
1661 1755 1706 1782 sit.

910 1802 969 1837 ipso
979 1809 1081 1830 natura:
1093 1802 1187 1830 ordine
1204 1801 1387 1836 factorumque
1403 1800 1523 1828 omnium
1541 1800 1705 1835 experientia

909 1850 1050 1877 certiorem
1077 1857 1109 1877 ac
1121 1849 1173 1877 fide
1198 1849 1346 1884 digniorem
1375 1847 1447 1876 illam
1467 1854 1528 1875 esse
1551 1847 1651 1874 credo:
1678 1853 1705 1873 lII

909 1903 973 1924 vero
986 1896 1031 1931 qui
1043 1895 1116 1923 humi
1127 1895 1214 1930 serpis
1226 1895 1322 1926 adhuc.
1337 1898 1364 1922 et
1377 1893 1552 1921 humanarum
1567 1892 1707 1927 cogitati"-

910 1950 972 1970 num
991 1941 1221 1977 disquisitionibus
1234 1948 1263 1968 es
1278 1940 1410 1972 addictus,
1425 1938 1606 1967 testimonium
1619 1938 1705 1965 facto-

909 1996 968 2016 rum
980 1988 1091 2016 admitte
1107 1996 1114 2015 :
1130 1987 1196 2015 nihil
1211 1986 1375 2020 contradicit,
1389 1994 1443 2014 non
1453 1984 1596 2014 contendo.

944 2035 972 2062 2.
986 2034 1055 2068 Quid
1065 2041 1130 2070 ergo
1143 2041 1187 2061 res
1201 2037 1283 2069 gestae
1298 2032 1427 2060 narrant?
1441 2032 1512 2059 Dixit
1528 2031 1652 2058 Christus
1667 2030 1704 2057 fa—

908 2080 986 2108 cilius
1006 2087 1078 2114 esse,
1092 2085 1120 2107 ut
1142 2078 1236 2107 ctelurn
1249 2083 1278 2106 et
1301 2083 1371 2106 terra
1397 2077 1560 2112 dispereunt,
1581 2084 1659 2111 quam
1676 2081 1704 2102 ut

909 2133 990 2153 unum
1002 2125 1110 2160 aliquod
1122 2124 1263 2152 verborum
1272 2123 1330 2158 ejus
1341 2123 1481 2151 intercidat
1493 2121 1567 2158 (Luc.
1581 2121 1624 2149 l6.
1637 2122 1681 2155 17)
1695 2130 1700 2146 :

908 2172 1067 2200 contradixit
1086 2171 1128 2200 his
1143 2171 1301 2206 imperator,
1316 2174 1344 2198 et
1362 2169 1514 2197 Christiana
1533 2176 1563 2196 se
1577 2168 1703 2203 dogmata

908 2219 1145 2247 exterminaturum
1171 2217 1349 2245 comminatus
1373 2220 1424 2244 est.
1456 2215 1505 2243 Ubi
1525 2222 1596 2242 nime
1623 2215 1703 2250 igitur

907 2271 948 2293 est
963 2266 1006 2294 ille
1021 2266 1065 2301 qui
1086 2265 1148 2293 talia
1169 2264 1348 2292 comminatus
1358 2263 1421 2291 est?
1436 2262 1519 2291 Periit
1537 2266 1563 2289 et
1578 2270 1593 2289 e
1613 2261 1702 2288 medio

907 2312 1028 2340 sublatus
1048 2316 1100 2346 est,
1114 2311 1223 2346 jamque
1235 2310 1305 2346 apud
1320 2309 1420 2338 inferos
1434 2308 1577 2336 inevitabili
1599 2307 1702 2343 suppli-

907 2359 950 2386 cio
960 2362 1108 2393 torquetur.
1125 2357 1175 2386 Ubi
1190 2365 1254 2385 vero
1264 2356 1389 2385 Christus
1402 2361 1455 2388 est,
1468 2363 1484 2383 a
1502 2362 1556 2390 quo
1579 2355 1621 2381 illa
1639 2358 1703 2381 sunt
1723 2348 1728 2353 ’

907 2404 1078 2433 denuntiata?
1093 2405 1121 2434 ln
1143 2404 1227 2438 caelis,
1243 2404 1271 2432 in
1295 2403 1408 2431 dextera
1433 2402 1519 2430 Patris
1541 2401 1700 2428 altissimum
1725 2415 1728 2430 ί

907 2451 999 2486 gloriae
1015 2450 1139 2478 thronum
1161 2450 1295 2478 obtinens.
1308 2449 1356 2477 Ubi
1368 2449 1448 2477 verba
1464 2448 1633 2483 Imperatoris
1649 2446 1702 2474 bla-

907 2497 1028 2532 sphema,
1043 2503 1070 2525 et
1085 2496 1203 2525 insolens
1214 2497 1258 2523 illa
1286 2495 1396 2532 lingua?
1419 2495 1492 2524 Ciuis
1514 2500 1541 2522 et
1564 2493 1660 2529 pulvis,
1675 2499 1703 2521 et

908 2543 1038 2571 vermium
1054 2542 1130 2570 cibus
1146 2542 1240 2570 evasit.
1255 2542 1307 2571 Ubi
1329 2542 1430 2570 Christi
1452 2540 1641 2569 denuntiatio?
1660 2541 1702 2567 Ab

908 2589 964 2624 ipsa
979 2589 1089 2616 veritate
1099 2596 1189 2617 rerum
1203 2592 1337 2624 gestarum
1350 2588 1448 2621 elucet,
1458 2595 1491 2616 ac
1509 2592 1643 2622 tamquam
1666 2587 1702 2616 alt

908 2643 986 2663 aurea
1000 2635 1125 2663 columna
1136 2636 1249 2672 quadam
1262 2635 1297 2662 ab
1308 2640 1405 2663 eventu
1420 2634 1549 2662 factorum
1565 2639 1697 2662 coruscat.

907 2680 1024 2709 Tametsi
1039 2681 1104 2709 nihil
1119 2681 1153 2708 ab
1166 2681 1327 2716 lmperatore
1342 2686 1397 2708 tum
1419 2680 1628 2716 praetermissum
1647 2684 1700 2708 est,

907 2735 961 2763 quo
974 2734 1004 2755 se
1014 2727 1047 2755 ad
1063 2727 1161 2755 bellum
1177 2727 1254 2756 nobis
1265 2726 1433 2755 inferendum
1447 2730 1614 2761 compararet
1632 2734 1639 2752 :
1653 2724 1702 2751 sed

906 2778 935 2801 et
945 2774 1187 2808 vatesaccerscbat,
1196 2779 1223 2802 et
1235 2774 1442 2811 przestigiatores
1455 2772 1629 2803 convocabat,
1641 2778 1701 2798 oru-

907 2821 1003 2856 niaque
1011 2820 1177 2849 daemonibus
1189 2826 1215 2849 et
1224 2821 1347 2857 malignis
1356 2819 1492 2856 spiritibus
1502 2818 1699 2848 redundabant.

943 2867 1037 2896 Fames
1049 2867 1153 2896 Juliouo
1173 2869 1312 2905 imperante
1323 2868 1488 2905 gravissima;
1502 2866 1627 2903 Apollinis
1640 2873 1698 2901 quc-

1041 2941 1054 2952 δ
