1969 3130
136 163 191 192 553

136 229 164 248 cl
177 221 264 250 omnis
276 227 342 254 tetas
357 244 364 256 ,
376 227 402 251 et
416 227 526 259 uterque
541 232 620 253 sexus
632 225 790 253 cxsilicrnnt
802 234 833 253 ex
851 226 925 259 urbe,

137 273 275 303 tamquam.
289 273 390 304 patrem
403 277 435 299 ex
460 269 536 304 longa
551 270 762 306 peregrinatione
777 276 836 306 post
856 272 926 298 mul-

136 318 191 340 tum
207 318 311 348 tempus
322 318 498 342 revertentem
512 316 655 351 recepturi.
668 316 706 344 Ac
716 324 763 344 vos
775 317 879 351 quidem
894 318 927 344 il-

137 361 189 387 lmn
202 361 297 390 eodem
312 361 370 388 zelo
382 369 571 389 suceensorum
585 363 663 390 coetui
699 363 851 392 reddidistis
860 385 868 397 ,
881 365 927 391 Dei

135 414 199 433 vero
217 407 301 441 gratia
315 412 442 441 perpetuo
457 415 564 435 manere
588 407 640 435 illic
655 416 707 436 non
731 409 866 444 permisit,
883 410 929 437 sed

137 461 228 479 rursus
240 453 315 480 illum
330 453 397 485 ultra
412 453 508 481 flumen
525 455 562 490 (a)
576 455 726 488 transtulit,
737 460 763 482 ut
779 446 864 482 multa
873 456 929 484 loca

137 498 210 524 suavi
223 498 348 533 martyris
359 499 440 526 odore
450 501 657 534 complerentur.
673 500 766 535 Neque
781 509 853 534 vero,
869 509 930 529 cum

139 543 190 570 huc
203 543 332 576 venisset,
347 544 420 571 solus
433 552 572 572 mansurus
581 545 629 572 fuit
638 567 645 579 ,
655 546 700 573 sed
715 546 830 574 vicinum
841 547 930 574 confe-

137 591 199 616 stim
214 595 242 618 et
254 590 486 624 contubernalem,
500 592 647 627 iisdemque
661 593 779 620 moribus
792 593 930 628 prmditum

137 637 252 671 arcepit.
265 637 330 664 Nam
343 642 370 665 et
380 638 499 672 ejusdem
521 638 683 672 pra-lectura:
700 640 831 674 particeps
850 641 932 668 l'aclus

138 688 190 715 est,
204 687 233 710 et
246 684 375 718 tequidem
389 684 514 718 loquendi
528 684 676 712 libertatem
690 685 715 712 in
733 693 812 713 causa
824 686 933 721 religio-

139 728 183 759 nis
197 729 319 756 exhibuit
334 738 342 756 :
358 734 520 765 quapropter
531 735 558 757 et
571 730 640 758 idem
656 738 687 758 ac
701 731 758 766 ipse
769 731 933 759 domicilium

140 775 266 807 obtinuit,
281 783 333 803 non
346 775 454 809 frustra,
469 781 497 803 ut
506 776 621 809 videtur,
635 777 678 804 hic
691 778 820 805 mirabilis
834 782 934 813 marty-

140 820 180 850 ris
188 820 315 848 imitator.
327 820 412 848 Tanto
423 821 493 848 enitn
505 826 624 856 tempore
637 822 689 850 illic
699 822 829 850 laboravit
840 823 873 850 ad
886 823 936 851 lm-

142 870 294 899 peratnrem
309 866 401 894 literas
416 867 534 900 mittens,
551 867 721 902 magistratus
745 868 933 904 interpellans,

140 916 173 939 et
180 912 302 946 corporis
313 912 489 941 ministerium
505 913 612 948 martyri
627 913 760 942 deferens.
775 914 852 942 Scitis
865 915 935 942 enim

143 957 235 991 utique
248 965 279 985 ac
293 958 488 991 recordamini,
511 966 563 992 quo
586 963 663 994 pacto
681 959 774 987 :estivo
802 965 937 995 tempore,

142 1003 208 1037 dum
223 1003 363 1030 meridiani
378 1004 442 1031 solis
457 1003 538 1031 radiis
560 1005 654 1032 cadum
678 1005 794 1038 arderet,
810 1013 870 1032 cum
883 1006 938 1033 suis

143 1049 328 1077 assessoribus
338 1049 448 1084 singulis
460 1050 554 1078 diebus
563 1050 625 1078 illuc
633 1055 765 1086 pergeret,
778 1059 830 1079 non
842 1056 872 1079 ut
879 1059 939 1087 spe-

143 1100 232 1123 ctaret
243 1096 343 1130 solum,
354 1096 401 1124 sed
416 1097 496 1124 etiam
510 1101 538 1124 ut
549 1097 575 1124 in
586 1105 690 1130 eorum,
701 1105 761 1132 quite
768 1098 938 1132 gerebantur,

143 1142 313 1170 consortium
324 1142 435 1170 veniret.
452 1142 518 1170 Nam
534 1147 561 1170 et
572 1142 674 1178 lapides
684 1143 782 1179 sa‘pius
797 1144 898 1178 attigit,
913 1150 941 1171 et

180 1209 217 1240 (ιι)
233 1213 349 1234 Orontem
361 1209 475 1242 intelligit
487 1210 517 1235 ad
526 1217 600 1246 quem
612 1211 712 1236 ﬂuvium
722 1212 768 1236 sita
779 1212 908 1237 Antiochia.

537 165 629 195 DES.
669 167 815 199 BABYLA.
836 167 970 196 CONTRA
992 156 1221 197 ιυιιΑΝυΜ-ΕΤ
1242 169 1419 199 GENTIL‘ES.

1715 172 1768 200 531i

980 227 1068 254 funem
1092 227 1189 259 traxit,
1213 232 1240 254 ct
1253 227 1277 255 ei
1299 228 1343 262 qui
1358 232 1488 255 structura
1505 228 1590 263 aliqua
1616 220 1768 262 .ndigebai,

979 276 1041 299 ante
1062 272 1135 306 ipsos
1158 272 1293 300 ministros
1305 273 1509 308 obtemperavit.
1524 273 1639 302 Noverat
1653 274 1766 309 quippe,

980 323 1091 346 noverat
1100 324 1197 353 quanta
1211 319 1261 353 ipsi
1280 319 1373 346 horum
1394 327 1473 347 causa
1487 320 1595 355 prmmia
1609 320 1769 347 reservanda

981 369 1071 391 essent
1085 374 1091 392 :
1103 369 1182 399 atque
1195 364 1293 392 ideirco
1306 366 1332 392 in
1345 366 1472 400 obsequio
1484 366 1608 401 cultuque
1623 372 1769 403 martyrum

981 411 1188 446 perseverabat,
1202 418 1254 437 non
1266 411 1412 445 splendidis
1425 416 1524 438 tantum
1539 411 1656 439 :cdificiis
1669 417 1782 451 strucn—‘

982 456 1023 484 dis
1034 478 1041 490 ,
1055 460 1100 484 aut
1113 457 1246 484 continuis
1263 457 1335 484 festis
1349 457 1524 489 celebrandis,
1537 458 1582 484 sed
1597 458 1691 493 potiori
1706 465 1772 492 qua-

983 502 1043 530 dam
1060 502 1099 530 his
1119 502 1241 529 omnibus
1256 503 1359 530 ratione
1374 511 1380 529 :
1397 511 1510 538 quanam
1527 503 1569 530 illa
1584 504 1688 531 tandem
1703 503 1715 530 ?
1729 503 1782 530 Vir

984 553 1036 575 tam
1050 548 1168 575 imitatur
1183 548 1287 575 illorum
1299 570 1306 580 ,
1323 549 1502 576 fortitudinem
1518 550 1668 582 aemulatur,
1684 557 1715 577 ac
1728 557 1781 586 per

984 594 1072 621 omnia
1085 594 1225 629 imaginem
1243 600 1386 629 martyrum
1402 603 1448 630 pro
1460 595 1559 623 viribus
1570 596 1596 623 in
1611 596 1698 630 seipso
1710 603 1781 632 COH'.

985 645 1083 667 servat.
1100 640 1165 668 Vide
1181 641 1251 668 enim
1271 650 1276 666 :
1295 646 1475 675 exposuerunt
1489 642 1524 668 illi
1548 648 1660 676 corpora
1675 646 1781 673 mactae

986 686 1068 718 lieni;
1083 690 1110 714 at
1123 688 1165 714 hic
1185 687 1303 714 membra
1327 688 1415 721 carnis
1433 687 1622 721 mortiﬁcavit,
1637 695 1696 723 qua;
1716 692 1784 720 sunt,

985 740 1066 766 super
1080 737 1176 759 terram
1194 741 1200 759 :
1212 733 1366 760 restiterunt
1379 732 1416 759 illi
1429 732 1542 760 flamma:
1557 733 1641 768 ignis.
1653 733 1696 760 hic
1706 733 1778 768 cupi-

988 777 1076 805 ditatis
1091 777 1223 805 tlammam
1237 779 1359 810 restinxit
1373 787 1381 805 :
1396 783 1546 814 pugnarunt
1561 779 1599 806 illi
1612 786 1673 806 cum
1692 778 1784 811 denti:

987 823 1036 851 bus
1051 823 1194 858 bestiarum
1205 845 1222 860 ,ι
1236 824 1283 852 sed
1307 829 1333 851 et
1347 824 1391 852 hic
1405 825 1577 852 szevissimam
1591 825 1616 852 in
1632 824 1708 852 nobis
1721 831 1782 859 pere

989 870 1168 902 turbationum
1199 870 1264 897 iram
1292 870 1404 898 sedavit.
1430 870 1529 898 Horum
1558 871 1636 905 igitur
1661 870 1782 897 omnium

988 924 1066 944 causa
1079 916 1134 944 Deo
1147 916 1244 952 gratias
1257 924 1364 951 agamus
1373 937 1381 950 ,
1398 916 1467 952 quod
1478 922 1505 944 et
1515 921 1647 953 martyres
1660 916 1735 944 nobis
1746 915 1785 943 ita,

989 970 1132 1001 generosos
1148 963 1255 998 largitus
1268 963 1320 996 sit,
1337 968 1364 990 et
1378 964 1538 999 martyribus
1551 963 1645 998 dignos
1661 967 1784 998 pastores.

989 1008 1023 1035 ad
1050 1008 1307 1035 consummationem
1336 1013 1506 1041 sanctorum,
1531 1009 1556 1035 in
1580 1008 1786 1038 aediﬁcationem

990 1054 1110 1089 cerporis
1123 1054 1221 1082 Christi
1232 1054 1338 1090 (Ep/tes.
1352 1055 1379 1083 4.
1390 1054 1446 1092 ιε),
1464 1063 1523 1083 cum
1534 1063 1587 1090 quo
1601 1055 1672 1082 Patri
1685 1054 1785 1090 gloria,

992 1099 1090 1135 bonor,
1108 1100 1268 1135 imperium,
1293 1109 1352 1128 cum
1377 1106 1470 1129 sancto
1494 1106 1520 1129 et
1544 1102 1647 1128 vivilico
1666 1100 1781 1136 Spiritu,

992 1154 1061 1173 nunc
1076 1150 1103 1173 et
1115 1153 1232 1181 semper,
1247 1151 1275 1174 et
1289 1147 1314 1174 in
1327 1148 1421 1174 szccttla
1436 1147 1605 1175 saaculorum.
1621 1148 1716 1174 Amen.

533 1317 704 1358 LIBER
729 1317 791 1358 IN
819 1315 1102 1367 SANCTUM
1122 1318 1410 1370 BABYLAM,

592 1405 714 1427 con-nu
736 1405 909 1432 JULIANUM,
932 1405 973 1427 ET
993 1406 1117 1428 CONTRA
1138 1408 1290 1430 GENTILES
1306 1399 1368 1441 ((1)..

866 1485 1001 1506 ξοδ
1009 1490 1095 1496 -—

195 1542 221 1568 l.
237 1541 364 1568 Dominus
380 1545 470 1568 noster
484 1540 562 1568 Jesus
574 1538 697 1567 Christus
709 1540 866 1575 supplicium
881 1541 951 1575 jam‘

153 1586 210 1621 jam
234 1586 384 1618 subiturus,
411 1590 438 1613 et
459 1590 545 1613 morte
559 1585 660 1612 rivilica
686 1585 847 1618 moriturus,
874 1590 952 1613 nocte

155 1633 203 1659 illa
219 1637 354 1667 postrema
364 1631 507 1665 discipulos
517 1631 629 1663 seorsim
641 1631 753 1664 vocavit,
766 1631 883 1666 ipsisque
897 1636 951 1658 tum

155 1680 211 1713 alia
225 1680 308 1711 multa
323 1680 424 1711 monita
435 1677 525 1712 dedit,
542 1683 596 1705 tum
613 1678 673 1710 llth
684 1678 764 1705 etiam
776 1678 855 1705 verba
871 1677 951 1705 fecit:

156 1727 238 1758 Amen
249 1747 258 1758 ,
279 1734 352 1752 amen
371 1726 427 1752 dico
441 1725 523 1757 vobis,
534 1725 669 1760 quicredit
686 1725 712 1751 in
725 1732 779 1756 me,
795 1732 885 1758 opera,
898 1731 955 1758 qum

156 1781 206 1806 ego
217 1772 284 1806 facio
294 1793 302 1804 ,
316 1777 338 1798 et
352 1772 406 1805 ipse
418 1771 509 1807 faciet,
521 1776 544 1797 et
556 1771 656 1805 majora
667 1770 707 1797 his
717 1770 792 1805 faciet
804 1768 893 1804 (latnt.
910 1770 953 1796 H.

159 1819 219 1853 42).
237 1818 316 1852 Atqui
331 1818 406 1844 multi
420 1817 463 1844 alii
488 1816 605 1851 magistri
619 1816 760 1849 exstitere,
775 1815 819 1850 qui
839 1814 951 1849 discipu-

159 1865 203 1892 los
217 1864 369 1891 habuerunt
382 1869 408 1891 et
423 1863 549 1891 miracula
562 1865 758 1898 perpetrarunt,
774 1866 804 1888 ut
817 1861 902 1889 Grteei
913 1861 956 1895 ja-

158 1910 278 1943 etitant;
295 1915 413 1939 attamen
429 1909 517 1936 nullus
537 1916 628 1936 eorum
645 1915 768 1943 umquam
781 1907 869 1937 simile
880 1906 958 1942 quid-

161 1957 235 1991 piam
248 1957 289 1984 vel
304 1957 421 1991 cogitare
434 1956 475 1983 vel
487 1956 576 1983 dicere
589 1962 668 1982 ausus
679 1958 729 1982 est.
742 1954 832 1989 Neque
848 1958 958 1989 possunt

160 2002 307 2037 quidquam
322 2009 413 2029 eorum
426 2022 433 2034 ,
455 2002 504 2029 etsi
527 2001 671 2029 admodum
699 1999 866 2034 impudentes
887 1999 956 2031 sint,

162 2049 362 2084 prazdietionem
371 2055 556 2076 scrutouemve
566 2048 679 2075 similem
690 2054 772 2082 penes
780 2054 808 2074 se
817 2045 956 2077 exhibere;

161 2096 212 2123 sed
239 2100 344 2130 spectra
369 2094 554 2123 defunctorum
576 2098 796 2127 mortuorumque
818 2093 958 2120 simulacra

162 2142 241 2170 multi
263 2149 356 2169 eorum
375 2141 467 2168 dicunt
480 2149 495 2168 a
512 2140 633 2175 plurimis
655 2139 724 2174 apud
747 2147 775 2166 se
796 2138 958 2167 mirabilinm

163 2188 345 2224 putratoribus
358 2187 462 2214 ostendi
474 2195 481 2218 ;
494 2194 575 2213 voces
589 2186 650 2213 item
664 2193 680 2213 e
692 2185 821 2220 sepulcris
832 2185 864 2212 ad
877 2192 958 2219 quos-

161 2235 226 2261 dam
240 2234 351 2260 emissas
364 2233 486 2267 iactitant
502 2241 508 2258 :
521 2231 590 2267 quod
610 2236 697 2258 autem
713 2231 772 2265 quis
784 2238 817 2257 ex
829 2230 904 2261 viris,
916 2229 959 2264 qui

162 2281 236 2314 apud
249 2289 278 2307 se
290 2281 414 2310 vixerunt
440 2283 467 2307 et
488 2278 657 2306 admirationi
673 2278 753 2305 habiti
773 2283 912 2311 sunt,.aut
927 2284 960 2304 ex

163 2327 198 2352 iis
208 2333 276 2360 quos
292 2331 347 2360 post
366 2325 505 2352 decessum
522 2325 587 2352 deos
602 2327 806 2358 reputaveruut,
819 2323 872 2350 tale
882 2323 961 2358 quid-

164 2372 237 2407 piam
252 2371 390 2405 discipulis
404 2371 500 2398 dixerit
514 2391 521 2403 ,
546 2370 633 2399 nullus
647 2377 740 2397 eorum
755 2368 889 2396 afﬁrmare
911 2376 957 2394 au-

163 2419 238 2444 ιιυειι.
257 2418 370 2444 Causam
384 2421 472 2447 autent
482 2437 490 2449 ,
505 2417 526 2444 si
540 2416 642 2450 placet,
656 2415 790 2450 aperiam;
802 2422 850 2442 cur
860 2414 962 2442 scilicet

163 2473 226 2490 cum
238 2468 334 2493 etetera
347 2464 436 2493 omnia
454 2463 622 2497 impudenter
637 2461 799 2494 eﬂ'utieriut,
815 2466 842 2488 et
866 2461 962 2496 perfri-

162 2516 206 2536 ωτι
229 2509 315 2537 fronte
331 2509 433 2536 mentiti
449 2509 517 2541 sint,
535 2508 601 2537 nihil
625 2507 775 2542 hujusmodi
797 2507 962 2534 comminisci

163 2557 222 2583 ausi
237 2557 300 2584 sint.
318 2555 375 2583 Non
387 2557 459 2583 enim
475 2555 523 2583 abs
537 2563 583 2587 re,
600 2562 686 2589 neque
708 2554 765 2581 sine
784 2553 896 2587 quadam
918 2562 962 2580 ra-

165 2604 239 2630 tione
249 2610 264 2629 a
280 2602 325 2629 tali
338 2606 491 2629 commento
505 2601 677 2632 abstinuere;
692 2600 739 2627 sed
754 2605 841 2627 astute
854 2599 962 2632 conSpi-

164 2649 218 2676 cati
234 2653 296 2679 sunt
309 2647 425 2682 pestiferi
442 2648 479 2674 illi
494 2647 615 2674 homines
626 2654 703 2680 cum,
718 2646 762 2681 qui
775 2646 860 2672 fucum
877 2645 964 2672 facere

166 2695 247 2726 velit,
265 2697 390 2727 oportere
402 2693 549 2727 probabilia
563 2692 696 2727 qua-dam,
708 2696 735 2718 et
748 2690 859 2718 fallacia:
874 2689 962 2724 plena,

164 2749 225 2773 qua:
248 2741 325 2768 facile
339 2748 391 2766 non
404 2739 504 2773 possint
521 2738 578 2765 falsi
594 2737 685 2773 argui,
701 2737 830 2771 proferre.
845 2735 910 2762 Nam
937 2735 962 2770 in

166 2795 241 2813 mure
254 2791 294 2813 cst
309 2791 337 2813 ut
348 2787 465 2821 piscibus
478 2786 623 2819 avibusque
636 2783 819 2811 callidioribus
835 2790 886 2809 non
901 2781 964 2808 nudi

164 2863 502 2918 932;)»‘2'oglulimus(aulicos
521 2867 593 2894 ltcgg.
611 2862 679 2892 i673,
692 2861 761 2890 ἓῦὶῦ,
779 2860 847 2886 ΞΗΤ.
862 2863 885 2884 ιιι
898 2859 962 2883 (:ulh.

214 2910 220 2918 .
235 2910 248 2916 -
270 2908 285 2918 ,ι
299 2911 306 2917 .

214 2910 220 2922 ι
235 2908 306 2918 -uu.

1005 1541 1075 1568 hami
1087 1546 1278 1577 proponantur,
1290 1542 1336 1573 sed
1353 1549 1413 1569 esca
1428 1541 1569 1576 obtegcnte
1583 1540 1619 1567 illi
1640 1540 1792 1575 capiantur,

1005 1591 1084 1621 atque
1098 1587 1131 1614 ita
1142 1587 1249 1615 venatio
1262 1593 1372 1622 utraque
1387 1594 1513 1622 prospere
1523 1586 1598 1614 cedat
1608 1595 1615 1619 ;
1625 1586 1647 1613 si
1662 1593 1725 1613 vero
1733 1593 1796 1612 con-

1006 1633 1096 1666 spicua
1111 1633 1176 1660 retia
1190 1638 1398 1669 cssent,_neque
1417 1633 1503 1668 pisces
1523 1639 1608 1666 neque
1630 1639 1692 1659 aves
1710 1631 1797 1658 irreti-

1006 1683 1100 1705 rentur
1114 1687 1253 1714 umquam,
1269 1679 1322 1706 imo
1336 1686 1400 1706 vero
1414 1687 1447 1706 ne
1469 1678 1509 1705 vel
1533 1677 1662 1704 tantillum
1685 1677 1798 1703 accede-

1008 1728 1084 1756 rent;
1099 1724 1145 1752 scd
1166 1729 1220 1751 tum
1237 1726 1351 1759 piscator
1361 1746 1367 1757 ,
1385 1729 1439 1752 tum
1452 1728 1562 1751 venator
1577 1723 1664 1750 vacuis
1677 1721 1799 1749 manibus

1009 1770 1137 1797 redirent.
1149 1771 1215 1804 Quia
1235 1771 1314 1806 igitur
1336 1771 1392 1798 illis
1405 1771 1429 1798 in
1445 1770 1581 1806 proposito
1603 1773 1660 1796 erat
1677 1767 1799 1795 homines

1010 1823 1058 1843 ccn
1071 1824 1167 1851 sagena
1179 1825 1275 1851 capere
1287 1838 1294 1849 ,
1311 1825 1363 1844 non
1378 1816 1475 1843 nudam
1487 1815 1616 1843 fallaciam
1628 1815 1654 1841 in
1666 1814 1743 1848 hujus
1762 1813 1800 1838 \‘i-

1010 1867 1044 1891 ta:
1057 1864 1167 1899 pelagus
1187 1864 1331 1896 immisere,
1347 1863 1393 1890 sed
1406 1864 1438 1890 iis
1450 1862 1571 1890 confictis
1585 1869 1616 1887 ac
1629 1859 1781 1895 COHIPOslllS
1792 1879 1799 1890 ,

1010 1909 1106 1944 quibus
1120 1914 1229 1944 possent
1242 1909 1465 1944 imprudentiores
1479 1916 1585 1942 capere,
1600 1907 1709 1934 ulterius
1725 1912 1802 1931 men-

1011 1956 1088 1982 dacio
1102 1955 1224 1990 progredi
1237 1955 1456 1990 supersederunt,
1468 1954 1546 1982 veriti
1563 1962 1595 1980 ne
1613 1953 1679 1980 ultra
1695 1951 1802 1978 modum

1013 2002 1202 2036 procederent,
1218 2005 1428 2036 metuentesque,
1445 2009 1478 2028 ne
1492 2000 1666 2035 posteriorum
1683 1996 1803 2024 fraudum

1013 2048 1189 2075 immoderato
1200 2055 1248 2074 usu
1273 2048 1374 2082 priores
1394 2046 1588 2073 subverterent.
1603 2044 1668 2071 Nam
1683 2044 1705 2070 si
1720 2043 1803 2070 dixis-

1013 2099 1073 2123 Sent
1095 2101 1204 2121 suorum
1228 2093 1379 2128 quempiam
1395 2100 1452 2120 rem
1473 2092 1553 2118 talem
1570 2090 1715 2125 pollicitum
1729 2096 1803 2120 esse,

1013 2141 1118 2175 qualem
1131 2139 1267 2174 discipulis
1280 2140 1408 2166 Servator
1419 2143 1509 2165 uoster
1524 2136 1664 2172 promisit,
1679 2135 1758 2162 etiam
1773 2133 1806 2160 iis

1014 2195 1080 2222 quos
1095 2187 1255 2221 deceperant
1269 2194 1329 2214 sese
1353 2185 1480 2212 ridiculos
1506 2182 1680 2219 prathuisscnt
1692 2202 1698 2213 ,
1716 2184 1806 2215 utpote

1015 2234 1058 2268 qui
1071 2241 1103 2259 ne
1117 2232 1269 2260 verisimilia
1283 2231 1389 2267 quidem
1406 2230 1510 2257 mentiri
1527 2233 1651 2264 possent:
1664 2227 1724 2254 talia
1735 2226 1805 2252 enim

1014 2279 1161 2314 praedicere
1183 2284 1263 2313 atque
1290 2282 1417 2313 prmstare
1431 2276 1463 2303 ad
1480 2276 1583 2303 beatam
1600 2274 1669 2301 illam
1683 2273 1806 2300 virtutem

1015 2326 1098 2352 solam
1114 2325 1238 2360 pertinet.

1052 2372 1179 2400 Humanw
1201 2371 1338 2398 Gentilium
1365 2370 1481 2397 victimae.
1497 2384 1531 2389 ——
1545 2367 1620 2401 Quod
1648 2367 1669 2393 si
1699 2370 1809 2401 potuere

1016 2419 1079 2446 olim
1093 2419 1229 2446 daemones
1245 2418 1277 2444 iis
1287 2437 1293 2449 ,
1314 2424 1381 2452 quos
1395 2415 1555 2451 deceperant
1565 2433 1572 2446 ,
1593 2412 1713 2440 nonnihil
1727 2411 1810 2446 phan-

1017 2467 1136 2493 tasmatis
1148 2465 1272 2492 exhibere
1284 2485 1292 2496 ,
1316 2463 1341 2490 id
1358 2468 1419 2490 tunc
1432 2461 1519 2489 evenit
1531 2481 1539 2493 ,
1553 2468 1614 2487 cum
1629 2458 1735 2486 luminis
1749 2457 1810 2484 fons

1017 2513 1095 2548 vulgo
1118 2511 1236 2540 nondum
1260 2510 1382 2545 cognitus
1404 2513 1485 2536 esset.
1512 2507 1557 2534 lllo
1578 2506 1675 2541 quippe
1692 2510 1811 2538 tempore

1017 2565 1072 2586 tum
1087 2567 1118 2586 ex
1134 2558 1192 2585 aliis
1204 2557 1323 2589 fallaciis,
1339 2561 1393 2583 tmn
1405 2563 1436 2582 ex
1452 2553 1516 2589 ipsis
1526 2552 1664 2580 sacriﬁciis
1674 2555 1809 2578 ostensum

1017 2611 1058 2633 est
1070 2613 1116 2637 ea,
1133 2613 1191 2640 quze
1205 2604 1363 2640 gerebantur
1373 2623 1381 2633 ,
1394 2602 1544 2629 daemonum
1565 2606 1645 2634 opera
1661 2605 1730 2624 esse.
1744 2596 1810 2624 Nam

1018 2652 1089 2687 quod
1105 2651 1220 2678 humano
1231 2649 1360 2684 sanguine
1372 2656 1433 2675 aras
1447 2654 1509 2673 suas
1523 2645 1657 2673 cruentari
1669 2644 1809 2678 juberent.

1018 2705 1045 2725 ct
1063 2706 1077 2725 a
1094 2697 1281 2732 gener-antibus
1294 2695 1360 2722 tales
1373 2693 1423 2721 sibi
1440 2692 1525 2728 parari
1546 2690 1667 2718 victimas
1685 2688 1812 2723 [πωρίνο-

1018 2750 1087 2775 tcnl,
1102 2744 1127 2771 id
1140 2751 1219 2778 quam
1231 2742 1339 2769 insania:
1353 2740 1468 2775 speciem
1483 2746 1535 2769 non
1549 2737 1643 2763 obruat
1653 2735 1665 2760 ‘I
1677 2734 1728 2768 Qui
1741 2733 1811 2760 enim

1018 2790 1214 2819 calamitatibus
1244 2789 1343 2815 nostris
1371 2793 1515 2820 numquam
1542 2783 1672 2810 satiantur
1689 2802 1696 2812 ,
1726 2787 1813 2813 neque

1020 2839 1099 2866 ulltnn
1128 2837 1206 2864 ﬁncnt
1230 2835 1406 2863 terminnmvc
1428 2835 1530 2867 ponunt
1553 2830 1623 2858 bello
1649 2831 1742 2855 contra
1765 2833 1813 2852 nos

1021 2885 1135 2917 indicto,
1149 2884 1194 2912 sed
1210 2881 1352 2911 immortali
1369 2887 1474 2914 semper
1490 2878 1562 2905 rabie
1576 2875 1647 2904 ducti
1657 2895 1664 2908 ,
1678 2882 1709 2901 ac
1725 2873 1746 2900 si
1761 2879 1813 2904 nun
