1969 3130
183 117 235 146 535

181 173 247 200 satis
259 172 294 200 sit
305 173 337 201 ad
348 181 439 201 eorum
450 175 608 210 explendum
618 178 744 210 animum.
757 179 826 214 quod
841 180 967 209 mulieres

180 224 207 246 et
222 220 323 255 parvuli
342 221 428 248 ovium
449 221 580 258 boumque
602 224 660 252 loco
675 225 708 252 ad
724 232 783 253 aras
796 233 858 254 suas
875 227 970 254 immo-

182 263 284 297 lentur,
307 272 402 293 novam
427 266 562 295 homicidii
586 268 749 304 iniquitatem
771 271 968 306 excogitarunt,

184 310 383 346 inauditamque
408 312 565 341 calamitatis
592 314 723 343 induxere
748 316 867 344 modum.
897 317 969 350 Quos

181 355 252 382 enim
268 363 315 390 par
323 362 382 384 erat
396 363 594 393 peremptorum
606 360 693 388 ets-des
703 361 804 396 lugere,
815 362 847 389 iis
862 369 971 397 persua.

181 405 241 426 sere
263 404 291 426 ut
308 400 341 428 ad
363 402 486 429 miseram
507 403 579 431 illam
600 404 762 432 subeundam
788 406 888 434 czedem
909 414 970 435 sese

182 443 325 478 otl‘errent;
341 450 421 482 utque
431 454 484 474 non
497 447 568 483 leges
580 449 658 477 modo
668 450 702 477 ab
714 450 864 479 hominibus
875 452 968 486 positae

181 488 364 524 violarentur,
393 491 465 526 ipsas
498 500 604 528 quoque
631 499 733 522 natura:
756 495 827 530 leges
852 495 970 525 funditus

181 533 371 564 destruxerunt
382 557 390 569 ,
411 537 494 572 ipsam
519 538 658 566 adversum
673 547 703 567 se
718 545 837 568 naturam
855 542 969 576 grassari

183 585 307 608 curantes
318 601 325 613 ,
347 582 520 618 omniumque
540 583 753 612 scelestissimam
766 585 865 613 caedem
880 586 906 613 in
922 587 970 613 ho-

184 623 284 651 minum
300 626 380 653 vitam
404 626 568 655 indueentes.
578 628 668 656 Nullos
687 630 758 657 enim
778 630 899 658 inimicos
911 639 970 666 per-

182 669 246 697 inde
267 674 347 706 atque
369 677 491 706 parentes
511 678 573 701 tunc
594 673 771 702 formidabant
791 683 885 704 omnes
907 684 913 703 :
937 684 969 704 ac

183 716 280 751 quibus
292 718 406 746 maxime
425 718 560 747 lldendum
575 724 648 752 erat,
670 728 716 748 eos
730 723 754 748 in
769 722 861 757 primis
872 730 968 757 suspe-

183 767 241 789 ctos
255 762 387 791 habebant
402 769 429 791 et
441 765 641 793 aversabantur.
656 765 792 801 Siquidem
805 767 898 795 nefarii
913 767 969 795 dae-

182 813 276 834 mones
286 828 295 840 ,
310 815 359 844 per
372 816 431 842 qua:
451 809 520 837 Deus
534 811 592 837 illos
604 810 638 838 ad
654 810 731 846 hujus
746 812 836 840 mundi
848 818 971 841 contem-

182 851 326 886 plationem
348 853 504 887 induxerat,
529 863 576 889 per
596 855 688 883 eadem
704 857 738 884 ab
750 857 881 892 ejusmodi
899 859 970 886 dono

183 895 298 931 dejicere
316 898 483 934 satagebant,
504 900 567 927 dum
583 908 629 928 eos
642 902 686 936 qtti
699 902 780 929 vitam
802 903 970 931 ministrave-

181 946 259 975 nnt,
281 943 375 970 mortis
395 950 517 972 auctores
538 946 748 980 constituerent.
774 948 910 977 declarare
925 958 968 977 vo-

182 986 279 1021 lentes,
295 988 359 1015 nihil
373 996 419 1016 eos
431 991 544 1025 amplius
558 1000 590 1018 ex
602 992 647 1019 Dei
661 993 778 1021 bonitate
791 1003 970 1030 consequutus

183 1039 244 1060 esse
257 1042 264 1060 :
279 1038 307 1060 ut
320 1034 363 1069 qui
379 1042 430 1061 non
446 1035 505 1063 aliis
518 1044 585 1071 opus
598 1037 726 1065 haberent
739 1039 968 1074 interfectoribus,

181 1084 261 1112 quant
275 1080 437 1113 parentibus.
456 1080 518 1108 [ire
537 1083 641 1110 etiamsi
659 1091 784 1120 magnum
800 1086 904 1121 aliquod
921 1088 970 1114 mi-

180 1123 302 1151 raculum
323 1125 513 1161 snbsequutum
537 1127 630 1156 fuisset
655 1129 700 1165 (ne
721 1130 807 1158 dicant
831 1137 967 1160 ostensum

181 1167 282 1202 fuisse,
304 1177 360 1197 rem
376 1171 496 1206 exiguam
509 1179 540 1199 ac
555 1173 629 1200 nihili
651 1174 798 1203 faciendam
810 1195 819 1210 ,
837 1178 970 1212 multaque

182 1214 286 1249 plenam
301 1214 403 1244 fallacia
429 1217 524 1253 esse);
549 1219 596 1246 sed
615 1220 717 1248 etiamsi
735 1228 799 1250 vere
819 1231 911 1257 magna
926 1233 970 1258 pa-

182 1263 250 1286 trata
270 1259 398 1294 fuissent,
412 1270 443 1289 ea
459 1270 523 1290 sane
535 1272 593 1299 qua:
606 1265 675 1298 dixi,
698 1266 729 1293 iis
741 1267 835 1295 saltem
850 1269 895 1303 qui
915 1277 967 1297 non

182 1310 273 1333 mente
291 1307 360 1340 capti
382 1312 459 1341 sunt,
474 1308 656 1338 demonstrare
671 1318 791 1345 possunt,
808 1315 914 1349 quinam
927 1323 970 1343 es-

182 1355 243 1378 sent
255 1351 300 1385 qui
315 1353 374 1379 talia
387 1360 506 1388 agerent,
520 1363 598 1390 quam
613 1356 745 1391 ﬂagitiosi,
756 1367 836 1394 quam
850 1361 967 1393 scelesti,

181 1395 226 1430 qui
244 1396 308 1424 nihil
324 1406 375 1424 non
387 1399 541 1427 molirentur
553 1401 586 1428 ad
601 1407 718 1430 nostrum
733 1409 869 1439 statusque
885 1407 968 1434 nostri

181 1441 391 1470 lubversiOnem.

218 1487 245 1514 2.
259 1487 372 1516 Christus
385 1490 461 1516 etiam
475 1489 614 1519 Gentilibus
627 1492 692 1520 bona
701 1495 902 1524 contulit.—At
919 1497 969 1523 Do-

184 1531 273 1559 minus
285 1538 375 1561 noster
394 1535 471 1562 Jesns
493 1537 558 1563 nihil
580 1538 633 1565 tale
655 1538 795 1574 imperavit
815 1541 905 1574 nobis;
922 1544 968 1570 scd

183 1577 311 1605 mirabilis
325 1586 384 1606 cum
403 1580 436 1607 sit
449 1580 483 1607 ob
498 1582 616 1617 prodigia
627 1604 634 1615 ,
658 1591 706 1612 nec
729 1585 816 1612 minus
830 1589 969 1622 pmceptis

181 1630 260 1658 quam
275 1624 357 1659 signis
369 1625 552 1660 admirandus,
574 1628 633 1663 jure
645 1629 680 1657 ab
693 1630 815 1659 omnibus
829 1632 967 1666 adoretur,

181 1676 214 1697 ac
225 1669 293 1697 Deus
302 1679 360 1698 esse
370 1672 504 1700 credatur.
519 1673 592 1702 lianc
602 1675 671 1702 enirn
684 1676 844 1711 impietatem
855 1678 968 1706 adventu

180 1717 238 1753 ipse
252 1727 301 1746 suo
313 1720 407 1747 solvit:
419 1721 541 1756 quodque
555 1723 702 1751 mirabilius
714 1730 765 1756 est,
781 1733 795 1752 a
808 1725 863 1753 fera
879 1726 925 1753 illa
940 1732 967 1754 et

181 1763 290 1790 immani
315 1766 455 1800 tyrannide
477 1774 528 1793 non
552 1775 600 1795 nos
625 1774 735 1800 tantum,
760 1771 804 1805 qui
827 1771 969 1800 adoramus

180 1816 252 1841 cum,
267 1810 312 1836 sed
328 1811 406 1837 etiam
420 1819 476 1845 eos,
490 1813 534 1846 qui
549 1813 633 1847 ipsum
648 1814 810 1849 blasphemis
823 1816 901 1844 dictis
915 1818 965 1844 lili-

181 1858 291 1888 petunt,
317 1855 436 1883 liberavit
451 1865 456 1882 :
471 1865 555 1891 neque
577 1859 647 1885 enim
670 1859 812 1887 Geutiliunt
830 1862 967 1896 quisquam

181 1899 248 1926 tales
262 1900 361 1927 hostias
380 1901 544 1930 (immunibus
561 1904 615 1930 suis
631 1904 739 1939 posthac
756 1907 893 1935 immolare
905 1916 967 1935 coa-

181 1948 240 1970 ctus
262 1951 302 1971 est
315 1954 321 1971 :
334 1951 403 1972 tanta
420 1955 514 1982 nempe
530 1956 592 1975 usus
614 1955 653 1976 est
675 1958 736 1986 erga
751 1959 835 1987 genus
848 1958 967 1981 nostrum

181 1989 359 2025 benignitate;
376 1992 528 2029 majoraqne
544 1995 610 2022 bona
629 1996 698 2024 Dcus
712 1998 825 2026 initnieis
839 2000 893 2026 suis
906 2007 969 2027 con-

180 2036 254 2070 tulit,
270 2045 348 2072 quam
368 2039 436 2066 mala
451 2039 586 2068 daemones
601 2042 701 2069 amicis.
720 2043 858 2071 Dmmones
872 2045 969 2079 quippe

179 2089 241 2114 eos,
257 2083 300 2117 qui
319 2091 348 2110 se
368 2085 485 2112 colerent
500 2090 526 2112 et
539 2085 710 2120 honorarent,
726 2088 758 2115 ad
775 2091 899 2123 proprios
911 2099 969 2117 nia-

180 2126 291 2155 ctandos
311 2128 379 2155 filios
398 2135 556 2164 coegerunt;
580 2131 702 2160 Christus
719 2141 783 2161 vero
800 2135 968 2164 adversarios

179 2179 243 2199 suos
254 2172 294 2199 his
305 2175 443 2208 przccrptis
456 2175 553 2203 liberos
565 2184 624 2203 esse
636 2178 747 2210 curavit,
761 2184 788 2206 et
801 2180 875 2207 ferini
887 2181 965 2208 mini-

179 2217 252 2244 sterii
266 2218 456 2246 immunitatem
466 2241 472 2251 ,
489 2225 516 2247 et
531 2228 622 2254 pacem
645 2222 714 2250 hanc
728 2224 876 2252 mirabilem
888 2247 896 2258 ,
913 2235 965 2254 non

179 2263 234 2289 suis
248 2263 326 2290 modo
336 2265 458 2297 contulit,
469 2265 516 2293 sed
527 2271 554 2293 et
563 2267 656 2295 alienis
664 2270 787 2304 praestitit
802 2280 808 2297 ε
822 2271 967 2300 ostendens

179 2309 239 2337 illos
258 2314 384 2345 tyrannos
407 2315 510 2346 generis
535 2315 617 2341 nostri
640 2315 732 2354 hostes
749 2321 776 2344 et
797 2322 966 2354 corruptores

178 2362 253 2382 esse:
277 2361 439 2390 quapropter
452 2358 531 2384 etiam
546 2358 588 2390 iis,
604 2360 647 2394 qui
663 2361 712 2387 sibi
727 2352 964 2398 luerebantpqnasi

178 2399 273 2428 alienis
299 2401 457 2434 utebantur,
477 2403 555 2431 alieni
575 2405 672 2440 quippe
698 2414 790 2434 revera
812 2413 898 2435 erant.
919 2409 966 2437 llle

178 2453 242 2473 vero
262 2453 308 2472 rex
329 2451 434 2474 creator
451 2451 478 2474 et
498 2454 616 2476 servator
631 2451 711 2478 totius
732 2453 836 2487 generis
857 2453 966 2481 humani

177 2496 254 2523 erat;
280 2491 392 2526 ideoque
412 2493 445 2520 ab
467 2501 496 2521 se
510 2494 602 2522 alienis
614 2497 688 2531 quasi
703 2498 817 2532 propriis
838 2501 964 2534 pepercit.

178 2537 282 2564 Etenim
297 2538 432 2572 proprium
447 2539 505 2574 ejus
514 2541 646 2574 opificium
662 2548 720 2569 erat
736 2543 849 2571 humana
862 2552 965 2577 natura,

176 2583 399 2616 quemadmodum
414 2584 558 2620 discipulus
570 2586 628 2621 ejus
642 2587 696 2614 ait:
712 2587 745 2615 lu
760 2590 863 2624 propria
883 2591 946 2618 venit
956 2611 964 2622 .

176 2633 199 2654 et
212 2628 252 2655 sui
266 2637 324 2655 eum
338 2637 388 2656 non
402 2637 549 2666 receperunt
561 2632 650 2668 (Joan.
668 2635 693 2661 1.
709 2635 762 2669 ll).
778 2635 840 2670 Ejus
850 2644 913 2663 vero
926 2642 966 2664 to-

175 2678 229 2700 tam
250 2674 275 2701 in
296 2682 344 2702 nos
358 2675 525 2704 clementiam
550 2685 676 2706 enarrare
698 2687 751 2707 non
772 2686 812 2708 est
827 2683 965 2716 pra-sentis

177 2721 322 2753 temporis;
338 2721 384 2749 sed
405 2723 508 2750 etiamsi
519 2730 568 2758 per
581 2729 674 2751 cuncta
689 2725 784 2754 saecula
799 2726 831 2754 de
847 2727 890 2754 illa
907 2728 965 2762 quis

176 2765 339 2799 loqueretur,
349 2766 451 2795 etiamsi
463 2772 563 2796 tantam
576 2768 684 2797 haberet
696 2770 831 2803 virtutem,
840 2777 964 2806 quantam

177 2818 223 2841 par
235 2816 275 2837 est
290 2811 460 2847 incorporeas
479 2813 536 2840 illas
550 2813 649 2841 habere
663 2815 773 2843 virtutes
784 2837 791 2847 ,
809 2825 841 2844 uc
856 2818 893 2843 sic
907 2819 966 2852 qui.

175 2855 236 2883 dum
249 2856 319 2884 illam
332 2865 380 2892 pro
391 2857 518 2894 dignitate
531 2863 620 2894 posset
630 2861 757 2895 attingere
777 2862 860 2896 Quam
876 2863 961 2893 bonus

530 120 559 148 S.
577 121 716 152 JOANNIS
732 123 969 153 CHRYSOSTOMI
988 126 1146 157 ARCHIEP.
1166 129 1430 163 CONSTANTlNOP.

1756 144 1805 172 53¢

1024 183 1095 233 enim
1110 185 1161 218 sit,
1175 185 1231 220 ipse
1242 188 1320 233 solus
1338 191 1428 224 novit.
1441 194 1652 230 quandoquidem
1666 197 1723 233 ipse
1736 201 1807 228 solus

1024 227 1059 279 ita
1073 229 1160 258 bonus
1173 236 1224 259 est.
1240 232 1306 262 Vide
1327 235 1408 271 igitur
1424 245 1484 273 quas
1501 227 1581 267 verba
1595 227 1734 277 discipulis
1748 227 1807 279 pro:

1023 274 1090 304 ferat
1103 287 1111 305 :
1126 277 1217 311 Amen,
1228 287 1301 307 amen
1310 282 1367 309 dico
1379 282 1457 318 vobis,
1469 286 1513 321 qui
1522 287 1600 314 credit
1613 288 1640 315 in
1653 274 1703 322 rite,
1719 274 1805 325 opera.

1022 331 1079 358 qua:
1087 332 1132 359 ego
1145 325 1221 359 facio,
1233 332 1256 354 et
1266 328 1320 363 ipse
1333 330 1418 364 faciet,
1434 336 1458 358 ιι
1470 332 1509 359 Ιόε
1523 334 1620 369 majora
1632 336 1709 370 faciet
1719 336 1807 372 (Ioan.

1023 369 1066 396 Η.
1082 369 1139 404 12).
1151 370 1242 406 Neque
1254 374 1324 401 enim
1341 379 1440 403 tantum
1456 377 1507 405 illis
1520 369 1806 417 bonorisrcontulisset,

1022 414 1072 442 nisi
1093 416 1220 445 immensa
1243 418 1361 448 bonitate
1380 422 1504 455 pra-ditus
1520 430 1601 452 esset.
1615 425 1690 459 Quod
1708 427 1731 454 si
1752 414 1809 461 quis

1022 458 1167 488 dubitando
1179 468 1280 498 quaarat
1292 471 1307 491 a
1318 465 1403 498 nobis,
1413 466 1520 495 ubinam
1536 468 1613 496 finem
1625 458 1745 499 habuenit
1759 458 1810 500 hoc

1023 506 1174 540 oraculum,
1189 513 1298 544 accepto
1312 510 1396 544 libro,
1414 513 1457 539 cui
1478 521 1573 542 nomen
1588 515 1653 543 Acta
1673 518 1809 552 apostolo-

1022 559 1081 578 rum
1090 572 1099 586 ,
1111 553 1156 588 qui
1172 562 1224 581 non
1246 557 1364 584 ontnium
1374 578 1382 591 ,
1397 558 1444 586 sed
1458 560 1536 587 unius
1549 561 1590 589 vel
1603 562 1717 591 duorum
1731 569 1789 592 aeta
1799 586 1808 598 ,

1022 604 1106 632 eaque
1121 607 1173 626 nou
1190 600 1226 628 ita
1241 602 1322 629 multa
1336 604 1474 637 continet,
1490 605 1589 634 videbit
1600 613 1715 643 mgrotos
1729 609 1755 636 in
1771 609 1808 637 le-

1022 642 1099 669 ctulis
1111 643 1310 679 decumbentes,
1326 647 1485 684 umbrasque
1498 642 1635 679 beatorum
1650 653 1756 681 illorum
1769 655 1809 683 vel

1022 688 1081 715 solo
1103 692 1173 716 tacttt
1196 691 1335 719 sanitatem
1349 693 1513 728 restituisse;
1528 696 1676 733 multosque
1696 698 1810 727 furiosos

1022 732 1095 761 Pauli
1109 739 1209 763 tantum
1221 737 1385 766 vestimentis
1394 740 1428 767 ab
1440 742 1556 775 agitante
1570 749 1600 771 se
1611 732 1734 773 daemone
1745 746 1808 774 libe-

1022 785 1104 808 ratos.
1116 781 1191 814 Quod
1207 783 1229 810 si
1243 784 1302 818 quis
1315 784 1372 812 haec
1384 785 1470 813 fucum
1483 795 1542 816 esse
1555 788 1622 817 dicat
1636 797 1664 818 et
1676 796 1810 826 portento-

1022 833 1081 852 rnm
1097 826 1220 861 figmenta
1236 835 1288 856 non
1302 830 1449 864 credibilia,
1465 832 1506 859 vel
1519 840 1549 860 ea
1563 841 1622 869 quae
1632 843 1704 863 nunc
1719 837 1810 864 viden-

1023 876 1067 898 tur
1080 872 1145 898 satis
1158 877 1220 900 suut
1232 873 1265 901 ad
1280 874 1464 910 blasphemum
1477 878 1534 912 ejus
1547 887 1578 906 os
1592 880 1771 909 obturandum
1784 888 1810 910 et

1022 916 1244 952 confundendum,
1258 925 1286 947 et
1298 921 1331 948 ad
1343 921 1469 950 eﬂ‘reuem
1483 925 1539 959 ejus
1555 926 1668 961 linguam
1684 929 1810 956 cohiben-

1021 961 1094 990 dam.
1109 963 1183 990 Nulla
1196 965 1266 992 enim
1278 966 1303 993 in
1315 967 1379 994 orbe
1393 974 1484 996 nostro
1497 975 1538 997 est
1551 973 1634 1006 regio,
1651 974 1723 1000 nulla
1734 982 1808 1009 gens.

1022 1009 1093 1035 nulla
1107 1010 1187 1043 urbs,
1210 1011 1253 1039 ubi
1273 1012 1330 1040 haec
1344 1014 1470 1042 miracuta
1485 1023 1537 1043 non
1550 1018 1718 1046 celebrentur
1732 1028 1739 1046 :
1752 1028 1809 1055 qua:

1022 1054 1111 1089 utique
1128 1055 1151 1082 si
1167 1055 1290 1091 figmenta
1302 1063 1408 1092 essent,
1423 1068 1476 1087 non
1495 1062 1662 1090 admirationi
1683 1054 1809 1093 haberen-

1023 1104 1074 1125 tur.
1089 1099 1170 1135 Cujus
1192 1103 1230 1129 rei
1253 1104 1432 1132 testimonium
1447 1113 1494 1134 vos
1515 1107 1565 1141 ipsi
1587 1108 1716 1136 exhibere
1734 1115 1809 1144 pote-

1022 1145 1088 1171 stis:
1105 1153 1158 1173 non
1173 1147 1243 1174 enim
1259 1148 1337 1176 [idem
1357 1150 1464 1178 aliunde
1478 1153 1592 1179 mutuari
1611 1161 1678 1188 opus
1699 1155 1808 1182 habebi-

1023 1198 1081 1218 mus
1092 1211 1100 1224 ,
1114 1199 1174 1219 eum
1189 1201 1236 1220 vos
1258 1194 1355 1222 inimici
1370 1197 1452 1223 nostri
1467 1205 1526 1224 eant
1541 1198 1725 1227 exhibueritis.
1740 1201 1807 1232 Cur,

1022 1244 1112 1271 quaeso
1124 1258 1130 1269 ,
1147 1238 1315 1267 Zoroastrem
1343 1240 1381 1277 (α)
1396 1243 1468 1270 illum
1483 1249 1509 1270 et
1522 1244 1658 1272 Zamolxin
1678 1247 1754 1274 multi
1776 1256 1809 1275 ne

1023 1284 1129 1311 nomine
1143 1286 1248 1319 quidem
1263 1292 1379 1321 norunt,
1396 1289 1449 1316 imo
1464 1291 1568 1318 nonnisi
1582 1292 1725 1320 admodum
1735 1296 1808 1328 pauci

1022 1331 1138 1358 norunt?
1151 1339 1238 1359 nonne
1256 1334 1317 1368 quia
1339 1333 1462 1370 figmenta
1481 1343 1558 1364 erant
1580 1339 1686 1370 omnia,
1702 1347 1762 1375 quze
1776 1341 1809 1368 de

1022 1375 1074 1403 illis
1088 1377 1265 1406 dicebantur?
1279 1379 1443 1416 Quamquam
1458 1387 1511 1409 tum
1534 1383 1584 1415 illi,
1599 1389 1654 1411 tum
1671 1385 1688 1412 ii
1702 1386 1746 1421 qui
1767 1386 1808 1415 illa

1021 1423 1216 1456 Conﬂuxerunt,
1233 1425 1281 1451 viri
1296 1433 1390 1460 graves
1403 1427 1484 1455 fuisse
1503 1428 1637 1462 ferantur;
1653 1430 1689 1457 illi
1702 1431 1807 1466 quidem

1021 1469 1053 1495 ad
1070 1470 1215 1505 prrcstigias
1230 1471 1402 1500 inveniendas
1417 1475 1631 1510 exercendasque
1642 1498 1649 1510 ,
1664 1477 1690 1503 hi
1702 1485 1766 1505 vero
1776 1479 1807 1505 ad

1021 1515 1186 1544 mendacium
1208 1518 1348 1546 verborum
1369 1519 1428 1547 fuco
1450 1521 1670 1550 adumbrandum.
1686 1523 1738 1551 Sed
1754 1523 1809 1552 haec

1021 1562 1116 1589 frustra
1131 1567 1158 1590 ct
1180 1563 1311 1592 incassum
1341 1565 1511 1600 proferuntur
1524 1588 1532 1600 ,
1546 1568 1652 1602 quando
1667 1569 1754 1603 ipsum
1769 1578 1811 1598 ar-

1020 1613 1173 1642 gumentum
1191 1617 1299 1644 pravum
1310 1616 1336 1638 et
1348 1612 1424 1639 fallax
1437 1620 1496 1640 esse
1509 1616 1687 1648 comperitur;
1704 1621 1733 1642 ut
1744 1624 1808 1643 con-

1023 1658 1061 1681 tra
1077 1655 1183 1690 quando
1206 1661 1306 1683 certum
1323 1665 1466 1692 verumque
1477 1663 1518 1686 est
1529 1679 1537 1691 ,
1552 1659 1647 1687 frustra
1661 1661 1751 1687 omnia
1767 1669 1810 1689 ce-

1020 1700 1100 1732 dunt,
1115 1709 1174 1735 quas
1189 1701 1222 1728 ad
1247 1702 1312 1729 illud
1336 1704 1507 1731 evertendum
1523 1705 1556 1732 ab
1578 1705 1692 1733 inimicis
1705 1707 1809 1742 excogi-

1020 1749 1109 1772 tantur
1123 1754 1129 1771 :
1144 1747 1263 1774 veritatis
1275 1748 1372 1783 quippe
1384 1748 1464 1776 robur
1475 1750 1548 1776 nullo
1559 1755 1618 1783 eget
1630 1751 1746 1784 auxilio;
1763 1752 1808 1779 sed

1020 1791 1122 1819 etiamsi
1136 1792 1266 1821 innumeri
1280 1794 1332 1822 sint
1347 1795 1391 1830 qtti
1405 1795 1474 1822 illam
1487 1797 1654 1831 castinguere
1666 1802 1807 1832 cottentur,

1021 1845 1073 1865 non
1087 1839 1172 1866 solum
1188 1848 1240 1867 non
1255 1840 1417 1875 destruitur,
1438 1842 1484 1869 sed
1498 1842 1575 1869 etiam
1598 1843 1808 1879 impugnantium

1020 1892 1099 1919 opera
1110 1887 1273 1921 splendidior
1282 1888 1472 1923 sublimiorque
1480 1889 1575 1921 evadit,
1587 1889 1699 1926 illosque
1708 1890 1807 1923 irridet.

1020 1932 1063 1966 qui
1080 1930 1177 1958 frustra
1193 1939 1251 1959 sese
1264 1934 1415 1960 excruciant
1426 1939 1453 1961 et
1468 1934 1608 1962 insaniunt.

1057 1975 1165 2010 Ret/um,
1183 1977 1400 2013 philosophorum,
1411 1981 1537 2006 rhetorum
1552 1985 1640 2007 contra
1653 1980 1809 2009 Christianos

1020 2026 1123 2048 conatus
1136 2023 1201 2048 cani.
1217 2038 1253 2043 —
1267 2022 1360 2050 Nostra
1372 2025 1468 2059 quippe
1481 2025 1522 2052 illa
1533 2045 1541 2057 ,
1555 2033 1613 2060 qua:
1625 2033 1673 2053 vos
1686 2026 1808 2061 figmenta

1020 2074 1078 2093 csse
1091 2067 1189 2098 dicitis.
1205 2073 1232 2095 et
1246 2069 1348 2103 tyranni
1363 2074 1390 2096 et
1405 2077 1480 2104 reges
1492 2075 1517 2096 et
1532 2070 1646 2097 dicendo
1659 2071 1748 2098 invicti
1763 2079 1807 2099 so—

1020 2112 1132 2146 phistae;
1148 2113 1265 2147 itemque
1277 2113 1427 2148 philosophi
1440 2120 1468 2142 et
1480 2115 1684 2150 pra‘stigiatores
1698 2120 1726 2144 et
1740 2117 1807 2152 magi

1020 2163 1047 2186 et
1061 2159 1195 2186 dmmones
1211 2159 1348 2188 destruere
1361 2167 1503 2192 curarunt;
1518 2161 1550 2188 Et
1561 2162 1689 2195 inﬁrmata
1702 2167 1738 2189 est
1750 2171 1808 2189 can-

1021 2210 1060 2231 tra
1074 2205 1132 2232 illas
1147 2205 1234 2242 lingua
1246 2208 1352 2241 (οι-ανῆ(
1367 2206 1440 2234 Paul.
1456 2208 1499 2235 65.
1515 2207 1554 2241 9),
1579 2208 1725 2236 secundum
1747 2216 1808 2244 pro-

1021 2251 1154 2286 pheticum
1180 2259 1349 2285 sermonem,
1372 2257 1399 2280 et
1423 2254 1529 2287 Sagitta:
1552 2254 1714 2288 parvulorum
1736 2256 1809 2289 {arte

1019 2302 1078 2323 sunt
1094 2297 1176 2332 plaga:
1190 2306 1276 2325 eorum
1289 2297 1368 2334 (Ibid.
1383 2305 1405 2324 v.
1423 2298 1460 2333 8).
1475 2298 1560 2333 lleges
1574 2299 1671 2333 quippe
1690 2307 1723 2326 ex
1744 2299 1808 2326 insi-

1019 2343 1070 2370 diis
1082 2347 1173 2370 contra
1189 2351 1238 2370 nos
1251 2344 1358 2370 structis
1372 2347 1473 2370 tantum
1487 2344 1580 2371 lucrati
1596 2349 1668 2377 sunt,
1680 2351 1807 2380 quantum

1019 2389 1083 2416 satis
1096 2392 1153 2415 erat
1165 2388 1198 2415 ad
1213 2387 1288 2415 feritti
1302 2389 1383 2416 animi
1398 2390 1494 2416 famam
1508 2389 1576 2424 apud
1591 2397 1686 2417 omnes
1699 2390 1749 2417 sibi
1762 2398 1807 2424 pa-

1019 2434 1127 2461 randam
1144 2443 1151 2462 :
1167 2434 1202 2460 ob
1215 2435 1281 2463 iram
1300 2435 1369 2462 enim
1383 2440 1474 2462 contra
1490 2440 1621 2470 martyres
1642 2439 1805 2470 susceptam,

1019 2480 1045 2506 in
1056 2487 1223 2508 communem
1239 2485 1358 2508 naturam
1375 2479 1541 2513 ferocientes,
1554 2487 1614 2507 sese
1627 2480 1806 2515 imprudentes

1019 2526 1151 2553 sexcentis
1172 2526 1322 2561 opprobriis
1341 2526 1471 2552 obnoxios
1491 2525 1673 2553 reddiderunt.
1688 2525 1808 2553 Philoso-

1020 2571 1063 2606 phi
1079 2576 1166 2598 autem
1180 2577 1206 2598 et
1221 2571 1289 2598 acuti
1310 2570 1430 2598 rhetores
1444 2571 1596 2606 opiniOnent
1611 2578 1733 2606 magnam
1743 2592 1750 2603 ,
1763 2572 1804 2598 alii

1019 2617 1167 2652 probitatis,
1179 2617 1222 2643 alii
1235 2617 1394 2652 eloquentiae
1405 2617 1476 2651 apud
1490 2616 1586 2644 multos
1598 2616 1736 2649 habentes,
1749 2622 1806 2652 post

1019 2664 1187 2691 commissam
1203 2663 1342 2690 adversum
1358 2669 1407 2690 nos
1421 2670 1533 2697 pugnam
1555 2662 1658 2690 ridiculi
1671 2662 1758 2690 eil'ecti
1769 2683 1777 2694 ,
1794 2670 1807 2688 a

1020 2710 1109 2744 pueris
1129 2710 1274 2745 nugacibus
1295 2708 1360 2736 nihil
1371 2708 1477 2735 differre
1486 2708 1535 2735 visi
1554 2712 1628 2735 sunt.
1641 2709 1662 2735 Α
1676 2712 1715 2735 tot
1737 2707 1804 2734 enim
1842 2743 1847 2748 .

1051 2777 1087 2807 (tt)
1099 2779 1224 2801 nimaster
1233 2777 1332 2813 magicas
1343 2777 1532 2813 artisinvqutor.
1541 2775 1646 2813 guirisit
1657 2781 1690 2813 eo_
1698 2774 1803 2813 itgojlif.

1017 2814 1066 2839 quo
1077 2806 1148 2832 natus
1165 2812 1211 2832 est.
1225 2808 1281 2832 title
1299 2807 1396 2832 Plinium
1409 2806 1425 2839 l.
1497 2813 1519 2839 ς.
1542 2806 1562 2830 1⁷.
1577 2806 1799 2839 rlttseb._de_t'rma

1019 2834 1064 2862 r'at.
1083 2841 1170 2868 Evang.
1183 2843 1207 2862 ct
1219 2839 1321 2872 smitam.
1340 2834 1752 2872 Z_al!l_0leSi'ylllagorglrdlﬁ‘illllium
1764 2841 1802 2865 ipa

1021 2875 1063 2899 pro
1075 2873 1174 2894 μείω-[ιο
1185 2876 1198 2893 a
1214 2869 1337 2894 tltraciltus
1348 2868 1443 2893 habitus
1454 2867 1498 2892 est.
1513 2867 1624 2892 tierodot.
1639 2867 1680 2891 lib.
1694 2867 1717 2891 4.
