1969 3130
215 179 265 205 537

214 238 319 271 pupulis
334 237 509 273 gentibusque
534 246 586 266 non
601 239 747 274 sapientem
769 236 920 273 quempiam
930 256 938 268 ,
954 241 1006 262 non

215 285 400 319 insipientem,
416 291 468 311 non
481 283 565 312 virum
575 304 583 317 ,
598 291 650 311 non
665 283 821 316 mulierem,
836 289 888 309 non
908 288 1006 316 parvu-

215 329 270 355 lum
290 329 323 355 ad
338 336 412 356 suam
429 329 584 364 pertrahere
605 328 763 356 sententiam
783 330 944 363 potuerunt;
959 325 1006 352 sed

215 381 307 400 eorum
323 374 421 409 scripta
435 381 518 409 uSque
539 373 606 402 adeo
625 375 681 402 risu
695 374 772 410 digna
794 377 865 405 sunt,
879 376 908 399 ut
918 379 950 399 ex
962 378 1009 398 eo-

215 427 273 446 rum
288 420 362 447 libris
375 419 419 447 alii
431 420 534 455 jamdiu
550 420 686 455 perierint,
699 419 744 447 alii
759 419 847 446 statim
866 422 945 452 atque
957 417 1008 444 visi

216 469 278 491 sunt
288 465 461 493 exoleverint.
477 465 554 498 Quod
573 466 595 492 si
615 465 678 501 quid
688 473 721 493 ex
735 465 768 492 iis
789 464 904 499 supersit
914 484 922 496 ,
938 463 1008 498 apud

216 509 382 538 Christianos
402 511 501 539 servari
524 513 708 546 comperitur:
725 515 825 538 tantum
839 510 914 537 abest
926 514 955 536 ut
975 517 1009 536 ex

215 564 308 583 coriun
322 556 425 585 insidiis
439 557 529 585 damni
550 557 685 592 quidpiam
704 556 780 584 nobis
793 555 939 584 timendum
962 563 1007 582 su-

216 602 370 637 spicentur;
392 603 427 630 ita
451 603 570 630 ridemus
592 609 715 630 Versutos
735 603 840 631 illorutn
868 602 1009 630 adversum

216 655 266 675 nos
278 653 398 677 cenatus.
411 649 502 685 Neque
514 649 585 677 enim
596 649 619 677 si
628 657 741 684 corpora
752 649 829 677 nobis
841 649 1009 676 adamantina

216 700 308 722 essent
330 700 357 723 et
379 696 607 730 incorruptibilia,
627 696 800 732 scorpiones,
822 701 960 730 serpentes
983 698 1011 722 et

216 740 305 775 ignem
320 748 399 768 manu
423 741 554 777 stringere
576 741 798 774 formidaremus,
811 748 904 769 verum
920 745 1011 767 osten-

217 786 291 814 tandi
304 795 382 814 causa
396 786 559 820 faceremus;
572 788 611 816 sic
623 796 710 825 neque
721 787 828 822 quando
843 788 919 814 nobis
931 786 1010 815 Citri-

217 837 276 860 stus
285 833 415 868 ejusmodi
426 833 530 861 animos
542 839 622 869 atque
634 833 712 861 ﬁdem
726 834 838 869 paravit.
847 840 948 860 venena
960 831 1011 859 lto-

217 879 298 906 stium
323 886 404 914 penes
428 887 478 907 nos
500 879 629 907 habentes
652 879 873 913 pertimescimus.
896 878 963 905 Nam
987 878 1010 906 si

217 925 296 952 nobis
315 925 419 961 jussum
447 930 489 953 est
513 934 592 961 supra
617 932 774 961 serpentes,
801 925 956 960 scorpiones
983 929 1011 952 et

219 978 328 999 omnem
343 971 443 999 diaboli
460 972 628 1009 tyrannidem
647 972 783 999 ambulare
798 970 877 1006 (Luc.
892 970 934 998 10.
952 970 1009 1005 19).

217 1016 302 1044 multo
313 1017 398 1052 magis
408 1025 486 1052 supra
500 1025 605 1045 vermes
615 1022 643 1046 et
652 1017 795 1045 lumbricos
806 1026 813 1044 :
826 1021 926 1044 tantum
939 1017 1010 1044 enim

217 1068 257 1090 est
272 1063 440 1091 intervallum
455 1063 525 1091 inter
538 1063 644 1091 illorum
660 1067 849 1092 nocumentum
862 1067 890 1090 et
903 1061 1011 1098 maligni

217 1107 313 1135 diaboli
325 1107 444 1135 insidias.

251 1154 279 1182 3.
295 1154 329 1183 Et
343 1160 493 1183 nostrarum
505 1156 613 1192 quidem
626 1163 714 1184 rerum
736 1156 780 1184 illa
797 1161 839 1185 est
858 1156 926 1185 ratio
941 1178 950 1191 ,
965 1165 1012 1185 ve-

219 1206 288 1228 stras
307 1205 396 1229 autent
418 1209 462 1230 res
481 1203 643 1237 oppugnavit
662 1210 741 1230 nemo
758 1210 883 1238 umquam
900 1213 907 1231 :
924 1211 1011 1239 neque

217 1247 288 1275 enim
305 1247 343 1275 l'as
353 1252 395 1276 est
411 1247 569 1276 Christianis
582 1249 741 1277 necessitate
752 1257 784 1277 ac
797 1249 921 1277 violentia
936 1259 1013 1278 erro.

218 1301 274 1322 rem
287 1294 451 1326 subvertere.
465 1295 512 1323 sed
525 1295 644 1328 suadela,
657 1303 781 1324 sermone
793 1301 819 1324 et
830 1298 1011 1325 mansuetudi-

219 1348 253 1368 ne
266 1340 405 1370 hominum
418 1341 491 1370 salus
504 1342 620 1370 curanda
631 1347 682 1370 est.
695 1342 874 1377 Quamobrem
887 1352 967 1372 nemo
977 1352 1010 1373 ex

218 1387 375 1415 Christianis
392 1387 598 1422 lmperatoribus
613 1389 673 1416 talia
688 1392 779 1416 contra
794 1396 842 1417 vos
857 1389 944 1424 posuit
963 1389 1011 1418 de—

219 1437 302 1464 creta,
313 1432 400 1467 qualia
412 1437 506 1460 contra
518 1440 566 1461 nos
580 1433 597 1460 ii
607 1433 652 1470 qui
666 1432 803 1461 daemones
816 1433 948 1462 colebant.
960 1435 1010 1462 At-

219 1483 306 1505 tamen
318 1485 395 1505 error
409 1478 453 1506 ille
467 1478 615 1513 gentilium,
629 1482 728 1506 tantam
743 1485 923 1515 consequutus
933 1480 1010 1515 quie-

220 1528 272 1551 tem
287 1530 312 1552 ct
327 1532 342 1551 a
358 1525 464 1552 nemine
477 1526 595 1552 turbatus
610 1533 747 1559 umquam,
761 1534 808 1561 per
821 1532 850 1553 se
862 1531 948 1553 tamen
963 1533 1011 1555 ex-

217 1571 330 1597 stinctus
344 1575 383 1598 est
394 1592 402 1603 ,
413 1575 440 1598 et
459 1570 485 1598 in
499 1579 529 1599 se
550 1572 607 1606 ipse
628 1572 746 1606 corruit,
768 1580 842 1600 more
856 1580 1009 1608 corporum,

218 1624 277 1651 qua:
291 1616 415 1644 diuturna
428 1618 487 1645 tabo
506 1617 612 1650 inlecta,
628 1617 735 1645 nemine
750 1618 874 1650 latdente,
891 1626 937 1654 per
950 1626 1010 1646 sese

219 1667 432 1695 corrumpuntur,
448 1668 475 1691 et
494 1664 620 1699 paulatim
634 1663 761 1691 dissoluta
781 1669 903 1699 pereunt.
919 1664 1009 1702 Itaque

219 1709 268 1736 etsi
288 1710 422 1737 satanicus
435 1710 485 1737 iste
499 1710 568 1737 risus
586 1717 638 1737 non
658 1718 766 1745 prorsus
782 1710 808 1738 in
824 1715 893 1738 terra
908 1711 1010 1740 deletus

218 1759 269 1785 est.
283 1759 310 1782 at
321 1762 380 1790 qua:
401 1754 456 1789 jam
469 1756 635 1790 contigerunt
650 1756 714 1784 satis
735 1761 797 1784 sunt
810 1756 843 1784 ad
861 1756 1009 1785 futurorum

218 1800 426 1828 continuandam
450 1801 540 1829 ﬁdem.
556 1800 622 1828 Cum
644 1802 717 1829 enim
739 1802 773 1829 ita
795 1802 869 1831 brevi
891 1808 1010 1838 tempore

218 1846 331 1873 maxima
344 1854 405 1881 pars
415 1854 506 1874 eversa
518 1847 573 1882 jam
587 1847 675 1880 fuerit,
690 1847 723 1875 de
733 1848 835 1884 reliquo
846 1856 924 1876 nemo
939 1854 1012 1884 post,

219 1899 250 1919 ea
265 1893 473 1920 controversiam
486 1893 615 1921 movebit.
631 1894 733 1922 Etenim
751 1895 816 1922 urbe
826 1900 912 1933 capta.
928 1896 1010 1923 muris

217 1938 321 1971 dirutis,
334 1939 475 1973 przetoriis,
488 1939 608 1973 theatris,
623 1940 783 1968 ambulacris
795 1942 905 1974 exustis,
918 1941 1010 1969 cmsis-

218 1991 269 2018 que
291 1984 414 2011 omnibus
431 1985 475 2019 qui
494 1984 586 2012 ﬂorida
600 1990 677 2012 erant
695 1991 788 2020 actate,
804 1987 826 2014 si
850 1986 909 2021 quis
929 1987 1011 2014 semi-

219 2034 291 2056 ustas
303 2029 419 2064 porticus
430 2030 528 2062 videat,
541 2037 686 2065 paucarum
700 2031 796 2059 aedium
810 2036 910 2060 stantes
924 2032 1010 2060 adhuc

219 2080 317 2109 partes,
334 2083 395 2102 cum
408 2076 519 2103 aniculis
532 2081 560 2105 et
574 2077 702 2112 puerulis,
724 2086 889 2115 nequaquam
904 2079 1008 2113 victori,

217 2121 262 2155 qui
276 2128 405 2148 summam
419 2123 458 2149 rei
468 2123 594 2157 confecit,
611 2123 738 2157 timuerit,
751 2132 783 2152 ne
794 2125 864 2159 quod
873 2125 1010 2153 residuum

217 2173 260 2195 cst
273 2170 402 2202 perlicere
416 2176 469 2196 non
485 2169 581 2197 valeat.
597 2170 761 2198 Piscatorum
782 2175 871 2198 autem
891 2179 935 2199 res
956 2179 1010 2199 non

218 2214 254 2240 ita
269 2221 298 2241 se
313 2213 428 2248 habent,
453 2215 499 2242 sed
514 2216 633 2250 quotidie
648 2217 731 2252 magis
745 2218 882 2253 magisque
895 2217 1009 2253 ﬂorent,

218 2268 271 2288 non
283 2267 329 2294 pcr
339 2266 457 2295 apertam
472 2262 605 2296 planitiem
616 2270 649 2290 ac
662 2271 708 2297 per
716 2263 831 2298 quietem
845 2263 877 2291 ad
892 2269 1010 2292 nostram

219 2313 302 2340 usque
319 2310 424 2333 aetatem
443 2306 580 2341 deductae,
596 2308 642 2335 sed
657 2316 705 2344 per
721 2316 872 2343 aerumnas,
893 2309 962 2337 bella
984 2314 1011 2337 et

217 2350 318 2387 praelia.
335 2350 474 2379 Gentilitas
485 2353 584 2388 quippe
599 2361 659 2381 cum
672 2354 768 2389 ubique
779 2359 908 2382 terrarum
923 2356 1011 2390 prola-

218 2401 244 2424 ta
257 2397 376 2425 omnium
395 2398 500 2426 animos
512 2404 680 2434 occupasset,
696 2401 731 2428 ita
744 2400 862 2434 demum,
879 2406 938 2437 post
952 2406 1011 2429 tan-

218 2448 274 2470 tum
287 2443 368 2471 robur
379 2449 459 2480 atque
477 2445 688 2480 incrementum,
710 2455 724 2474 a
738 2446 838 2476 Christi
852 2448 950 2476 virtute
965 2457 1010 2476 so-

216 2487 272 2515 luta
282 2493 339 2522 est;
351 2490 505 2524 pricdicatio
515 2496 603 2519 autem
619 2498 708 2520 nostra
722 2501 774 2520 non
786 2498 848 2521 tunc
858 2493 949 2522 hostes
961 2494 1010 2521 ha-

217 2533 282 2562 bere
292 2536 383 2570 erepit,
394 2543 454 2563 cum
465 2537 561 2573 ubique
575 2545 717 2573 propagata
732 2539 844 2567 ﬁrmiter
857 2544 951 2574 staret,
962 2540 1009 2568 sed

218 2580 371 2616 priusquam
385 2581 412 2609 in
425 2582 577 2612 auditorum
592 2585 688 2613 animis
703 2585 862 2621 deﬁgeretur
876 2591 903 2614 et
917 2586 1011 2614 funda-

218 2630 302 2658 retur,
316 2626 350 2653 ab
361 2627 419 2662 ipso
434 2628 472 2655 rei
484 2629 641 2664 primordio,
653 2635 744 2658 contra
760 2631 914 2660 universum
927 2637 1011 2660 terra-

217 2678 276 2698 rum
291 2671 383 2700 orbem
394 2674 478 2701 aciem
493 2675 626 2703 instruere
635 2676 790 2712 cogebatur,
806 2677 899 2705 Contra
916 2678 1011 2713 princi-

217 2721 292 2750 patus
302 2722 325 2744 et
341 2723 484 2753 potestates,
496 2725 520 2747 et
533 2727 641 2750 rectores
652 2722 811 2750 tenebrarum
820 2725 907 2751 seculi
921 2725 1009 2760 hujus,

216 2763 335 2792 «deum;
343 2765 487 2799 spiritantia
498 2767 615 2802 nequitiae
627 2768 736 2803 (Ep/res.
748 2769 775 2797 6.
790 2769 852 2805 1‘2):
865 2778 925 2798 cum
938 2771 1008 2798 enim

217 2807 331 2835 scintilla
352 2809 413 2837 ﬁdei
428 2811 545 2839 nondum
564 2812 633 2840 bene
652 2820 764 2841 accensa
780 2819 868 2848 esset,
890 2820 944 2843 tum
961 2815 1011 2843 ﬁu-

217 2852 288 2879 mina
311 2858 338 2880 et
356 2855 444 2890 abyssi
459 2856 576 2891 undique
591 2857 746 2886 inﬂuebant.
763 2859 842 2888 Scitis
856 2868 936 2894 porro
955 2869 1008 2888 non

218 2899 326 2939 perinde
345 2908 404 2929 esse
420 2901 535 2936 plantam
551 2902 584 2931 1b
603 2903 840 2934 innumerabilibus
852 2905 906 2941 jam
929 2915 1005 2936 attuts

587 181 631 210 DE
649 182 678 209 S.
700 180 849 213 BABYLA,
869 177 1007 207 CONTRA
1025 175 1195 206 ιυιιιΑΝωι
1216 178 1260 206 ET
1279 172 1456 208 GENTILES.

1776 166 1784 180 ε’
1792 167 1846 202 538

1063 233 1166 262 radices
1176 240 1296 270 agentem
1309 236 1433 269 evellere,
1446 241 1526 271 atque
1536 243 1594 264 eam
1607 243 1666 272 qum
1677 243 1762 271 nuper
1771 237 1849 265 insita

1060 281 1150 309 fuerit.
1173 281 1226 310 Sed
1249 283 1275 309 in
1295 290 1328 310 eo
1347 283 1385 310 rei
1399 287 1469 310 statu
1484 283 1588 318 pietatis
1607 283 1750 311 scintillam
1763 283 1851 310 adhuc

1061 327 1203 359 modicam,
1221 333 1249 355 ut
1262 327 1329 361 dixi,
1350 328 1488 356 inundavit
1499 328 1713 356 adversariorum
1729 328 1849 364 pelagus,

1061 381 1121 408 quae
1145 378 1232 401 tamen
1259 373 1356 401 nedum
1379 374 1604 410 exstingueretur,
1625 375 1712 409 major
1725 375 1805 402 etiam
1819 381 1852 400 ac

1061 418 1228 453 splendidior
1242 419 1337 447 effecta
1348 440 1355 452 ,
1372 419 1460 446 omnia
1480 420 1533 447 cito
1548 420 1726 455 pervadebat,
1741 427 1785 448 res
1805 419 1852 446 ad-

1061 465 1238 491 versariorum
1263 464 1340 492 facile
1363 464 1507 492 devastans
1526 473 1558 492 ac
1580 473 1750 498 consumens,
1776 473 1850 492 suam

1062 517 1127 537 vero
1137 517 1192 537 rem
1205 510 1309 545 erigens
1322 515 1401 544 atque
1415 511 1441 536 in
1457 510 1613 537 immensam
1627 511 1723 538 tollens
1735 510 1852 537 altitudi-

1062 563 1134 588 nem,
1154 556 1257 584 etiamsi
1270 556 1320 583 viri
1340 561 1434 584 tenues
1448 560 1527 591 atque
1541 556 1648 584 obscuri
1664 564 1723 584 eam
1737 556 1852 584 admini-

1063 606 1189 630 strarent.

1103 647 1166 675 Vilis
1180 648 1329 676 conditionis
1347 648 1460 676 homines
1479 657 1532 675 rem
1544 647 1714 675 Christianam
1727 657 1854 684 propaga-

1062 700 1131 724 runt.
1144 696 1247 724 —Ncc
1269 697 1295 724 in
1316 704 1395 724 causa
1422 702 1499 724 erant
1522 697 1681 732 piscatorum
1703 696 1852 730 hujusrnodi

1063 742 1144 770 verba
1163 742 1205 769 vel
1226 742 1370 773 miracula,
1391 742 1438 769 sed
1450 742 1548 769 Christi
1562 742 1645 768 virtus
1667 742 1692 768 in
1708 742 1771 776 ipsis
1785 749 1852 776 ope-

1063 796 1136 817 rans.
1152 789 1190 816 Ex
1207 788 1258 815 illis
1273 788 1355 820 enim,
1372 789 1416 823 qui
1432 789 1491 815 talia
1507 788 1654 823 patrabant,
1673 787 1742 814 alter
1757 787 1855 814 Paulus

1063 838 1130 866 erat,
1147 834 1321 860 tentoriorum
1342 833 1451 866 artifex;
1465 835 1533 861 alter
1547 834 1641 861 Petrus
1656 835 1771 868 piscator
1784 841 1791 860 :
1808 840 1856 860 ηδ

1063 888 1115 915 que
1128 885 1180 908 tam
1196 881 1317 907 tenuibus
1331 879 1483 908 hominibus
1495 881 1521 908 in
1536 886 1651 908 mentem
1668 881 1785 908 venisset
1797 888 1856 907 um-

1063 933 1142 960 quam
1158 933 1216 953 rem
1231 925 1311 953 talem
1332 926 1494 961 conﬁngere,
1515 926 1566 953 nisi
1578 926 1636 961 quis
1650 934 1698 953 eos
1715 925 1856 953 insaniisse

1063 977 1091 1000 et
1102 977 1191 1000 tuente
1201 979 1293 1008 captos
1308 974 1390 1002 luisse
1401 974 1482 1001 dicat.
1495 974 1572 1008 Quod
1585 979 1673 1001 autem
1689 982 1742 1001 non
1756 973 1855 1000 insani-

1063 1023 1138 1052 rcnt,
1155 1020 1239 1054 palam
1254 1024 1296 1047 est
1309 1024 1363 1047 tum
1379 1028 1411 1048 ex
1426 1020 1466 1052 iis,
1489 1028 1548 1055 qua:
1570 1027 1693 1047 sermone
1709 1019 1854 1054 perlecere,

1063 1067 1119 1091 tum
1130 1071 1161 1092 ex
1175 1064 1217 1097 iis,
1229 1066 1272 1100 qui
1286 1066 1430 1093 etiamnum
1442 1066 1493 1093 illis
1503 1065 1696 1100 obtemperant.
1706 1065 1855 1100 Numquam

1063 1110 1142 1146 igitur
1156 1112 1215 1139 talia
1230 1112 1266 1139 illi
1280 1113 1400 1140 ementiti
1414 1113 1535 1144 fuissent,
1548 1113 1588 1139 vel
1602 1112 1768 1146 gloriabundi
1777 1111 1856 1146 iacti-

1063 1160 1174 1184 lassent.
1188 1157 1308 1190 Etenim,
1322 1162 1350 1185 ut
1362 1158 1492 1193 principio
1512 1158 1631 1186 dicebam
1641 1179 1648 1190 ,
1664 1158 1709 1193 qui
1731 1157 1856 1192 decipere

1063 1203 1118 1230 vult
1129 1224 1137 1235 .
1159 1204 1287 1231 mentitur
1308 1205 1414 1240 quidem
1425 1225 1433 1237 ,
1449 1204 1495 1232 scd
1511 1212 1563 1231 non
1580 1204 1615 1231 ita
1633 1204 1768 1236 mentitur,
1781 1208 1809 1230 ut
1820 1203 1855 1230 ab

1063 1249 1187 1276 omnibus
1206 1249 1371 1284 deprehendi
1393 1250 1485 1284 possit.
1501 1249 1567 1277 Nam
1590 1250 1624 1281 si,
1648 1254 1786 1285 postquam
1810 1256 1855 1276 res

1062 1296 1231 1330 contigerunt
1248 1299 1275 1322 et
1289 1299 1341 1322 tam
1365 1295 1440 1322 multi
1462 1303 1553 1323 earttm
1575 1300 1698 1323 eventum
1723 1294 1855 1322 testiﬁcati

1062 1345 1139 1373 sunt,
1156 1346 1211 1367 tum
1231 1349 1264 1368 cx
1286 1341 1319 1367 iis
1330 1361 1338 1374 ,
1354 1341 1398 1376 qui
1415 1341 1466 1368 illis
1482 1341 1647 1376 temporibus
1661 1340 1831 1368 crediderunt
1846 1360 1854 1372 ,

1064 1390 1118 1413 tmn
1143 1394 1177 1413 ex
1202 1386 1252 1418 iis,
1276 1387 1320 1422 qui
1344 1390 1436 1422 postea
1465 1386 1522 1414 haec
1547 1386 1645 1421 ubique
1668 1385 1854 1419 celebrarunt,

1063 1439 1112 1459 nec
1124 1431 1193 1466 apud
1207 1439 1255 1459 nos
1268 1436 1381 1464 tantum,
1395 1431 1442 1459 sed
1457 1431 1526 1467 apud
1540 1431 1678 1464 barbaros,
1690 1435 1717 1459 et
1726 1431 1795 1465 apud
1807 1438 1856 1458 eos

1062 1477 1108 1512 qui
1123 1477 1187 1513 ipsis
1201 1478 1322 1505 barbaris
1334 1477 1502 1505 elTeratiores
1521 1483 1592 1509 sunt,
1607 1482 1751 1512 supersunt
1765 1481 1853 1504 tamen

1062 1523 1186 1559 quidam,
1202 1524 1247 1559 qui
1268 1529 1327 1559 post
1349 1529 1388 1551 tot
1402 1525 1493 1559 signa,
1509 1528 1534 1551 et
1551 1523 1642 1559 totius,
1657 1526 1687 1550 ut
1698 1523 1733 1550 ita
1747 1523 1833 1550 dicam
1846 1543 1855 1556 ,

1062 1571 1134 1598 orbis
1147 1571 1337 1603 testimonium,
1351 1571 1432 1598 rebus
1444 1571 1525 1606 gestis
1536 1578 1587 1598 non
1595 1572 1721 1602 credunt,
1731 1577 1763 1597 ac
1777 1568 1855 1597 multi

1063 1617 1137 1645 nullo
1149 1616 1271 1644 examine
1282 1637 1290 1650 ,
1316 1617 1387 1644 nulla
1411 1616 1600 1652 perquisitiune
1620 1616 1757 1652 pnemissa
1773 1625 1780 1642 :
1796 1615 1857 1651 quis

1062 1663 1096 1690 ab
1109 1663 1201 1696 initio,
1225 1663 1304 1690 nullis
1319 1662 1466 1698 perspectis
1488 1662 1586 1696 rebus,
1610 1662 1683 1689 nullo
1701 1662 1754 1689 ﬁde
1775 1661 1857 1696 digno

1064 1708 1215 1736 testimonio
1237 1709 1364 1741 munitus.
1393 1708 1463 1736 hanc
1489 1707 1567 1734 ﬁdem
1590 1707 1679 1735 animo
1701 1706 1857 1741 exceperit?

1062 1755 1125 1790 quid
1146 1754 1251 1784 tandem
1266 1754 1326 1781 illos
1340 1754 1473 1781 induxerit
1487 1753 1520 1781 ad
1537 1753 1588 1781 tale
1605 1753 1740 1788 quidpiam
1753 1752 1856 1786 tingen-

1062 1800 1126 1828 dum
1139 1806 1165 1827 et
1179 1800 1454 1828 comminiscendum'!
1467 1799 1558 1834 Neque
1571 1801 1642 1827 enim
1662 1798 1767 1826 dicendi
1783 1799 1806 1826 vi
1824 1799 1854 1825 li-

1063 1845 1180 1878 debant;
1194 1846 1249 1881 (qui
1265 1846 1335 1873 enim
1349 1845 1373 1872 id
1386 1845 1443 1873 ﬁeri
1459 1846 1552 1881 possit.
1564 1852 1624 1872 cum
1637 1845 1706 1872 alter
1714 1852 1747 1872 ne
1768 1844 1858 1872 literas

1062 1893 1169 1928 quidem
1183 1892 1311 1927 nosset?)
1326 1900 1411 1927 neque
1426 1892 1576 1919 divitiarum
1591 1891 1686 1926 copim.
1700 1891 1795 1926 quibus
1810 1890 1858 1917 ali-

1063 1943 1153 1967 menta
1167 1939 1316 1966 necessaria
1329 1939 1372 1966 vix
1389 1943 1578 1973 suppeterent,
1592 1942 1619 1964 et
1633 1937 1677 1972 qui
1692 1937 1788 1964 diurno
1799 1936 1858 1970 opi-

1063 1984 1123 2012 licio
1134 1985 1301 2016 victitarent;
1318 1992 1404 2019 neque
1416 1984 1449 2011 de
1474 1983 1580 2019 generis
1593 1982 1734 2018 splendore
1749 1981 1856 2017 gloriari

1061 2031 1186 2066 poterant
1201 2039 1209 2058 :
1224 2030 1334 2058 alterius
1348 2030 1418 2058 cnim
1434 2037 1466 2057 ne
1481 2035 1580 2064 patrem
1594 2028 1701 2064 quidem
1717 2029 1855 2059 novimus,

1063 2077 1099 2105 ita
1112 2082 1169 2105 erat
1178 2077 1309 2105 obscurus
1323 2081 1402 2111 atque
1416 2076 1539 2112 ignotus;
1553 2075 1623 2103 Petri
1635 2083 1699 2103 vero
1710 2079 1785 2110 pater
1797 2074 1857 2110 qui-

1063 2121 1124 2150 dem
1139 2127 1218 2150 notus
1231 2126 1288 2156 est,
1301 2122 1348 2149 sed
1369 2121 1394 2149 id
1415 2126 1516 2148 tantum
1536 2120 1650 2156 amplius
1669 2120 1759 2152 habet,
1775 2126 1854 2154 quam

1063 2168 1142 2201 alter,
1157 2167 1228 2203 quod
1242 2168 1326 2195 solam
1349 2167 1431 2202 patris
1448 2167 1671 2202 appellationem,
1692 2165 1772 2200 idque
1794 2172 1856 2200 pro-

1063 2219 1122 2249 pter
1135 2213 1227 2246 lilium,
1243 2213 1378 2248 Scriptura
1391 2215 1593 2240 commemoret.
1605 2211 1633 2239 Si
1647 2212 1781 2246 regionem
1794 2210 1854 2245 quis

1063 2266 1089 2288 et
1100 2264 1206 2296 gentem
1214 2260 1353 2294 explorare
1364 2259 1436 2292 velit,
1449 2259 1530 2286 alium
1541 2257 1649 2286 Cilicem
1661 2256 1854 2292 deprehendet,

1063 2306 1144 2333 alium
1156 2305 1277 2341 ignobilis
1291 2306 1364 2333 urbis
1377 2305 1462 2333 civem
1474 2314 1482 2339 ;
1496 2305 1549 2332 imo
1560 2311 1623 2331 vero
1635 2311 1688 2332 non
1704 2303 1776 2331 urbis
1786 2325 1794 2338 ,
1807 2303 1854 2331 sed

1063 2351 1114 2379 vici
1129 2351 1211 2378 inﬁmi
1225 2350 1338 2378 incolam
1354 2359 1360 2378 :
1380 2349 1531 2378 Bethsaidae
1552 2350 1638 2382 enim,
1653 2349 1704 2376 vici
1719 2356 1814 2384 nempe
1829 2348 1856 2376 in

1063 2397 1171 2426 Galilaea
1186 2398 1225 2424 sic
1237 2397 1340 2430 vocati,
1361 2397 1455 2424 beatus
1470 2396 1514 2424 ille
1529 2398 1569 2424 vir
1591 2395 1676 2424 incola
1696 2400 1762 2424 erat.
1779 2396 1857 2423 Artes

1063 2451 1127 2471 vero
1140 2451 1233 2471 eorutn
1247 2444 1269 2471 si
1281 2443 1341 2478 quis
1354 2443 1453 2476 audiat,
1466 2442 1532 2470 nihil
1549 2449 1673 2477 magnum
1687 2442 1732 2470 vel
1742 2441 1857 2469 honora-

1063 2491 1117 2519 bile
1131 2490 1277 2526 compcriet
1292 2498 1299 2517 :
1317 2497 1377 2517 nam
1391 2490 1524 2525 piscatore
1536 2488 1645 2525 quidem
1668 2488 1805 2516 honestior
1815 2492 1857 2515 est

1063 2537 1240 2565 tentoriorum
1251 2535 1363 2569 artifex;
1377 2536 1484 2564 ceteris
1495 2540 1584 2563 autem
1608 2534 1754 2562 artiﬁcibus
1767 2534 1854 2561 vilior.

1062 2583 1220 2617 Undenam,
1241 2590 1351 2618 quaeso,
1368 2583 1437 2611 unde
1459 2590 1515 2611 rem
1536 2587 1636 2610 tantam
1652 2582 1778 2609 simulare
1797 2580 1856 2608 ausi

1063 2628 1196 2656 fuissent?
1210 2637 1261 2664 qua
1283 2636 1331 2664 spe
1350 2629 1436 2657 elati?
1449 2629 1492 2656 cui
1507 2629 1639 2657 ﬁdentes?
1662 2636 1696 2656 an
1710 2628 1813 2655 calamo
1827 2632 1856 2654 et

1063 2675 1163 2703 hamo?
1181 2683 1215 2702 an
1227 2675 1313 2702 cultro
1326 2679 1352 2702 et
1365 2674 1498 2702 terebrae?
1514 2674 1643 2701 llomines
1654 2673 1751 2705 insani,
1764 2681 1853 2700 annon

1063 2720 1237 2749 abscedentes
1250 2728 1298 2748 vos
1309 2721 1519 2756 strangulabitis,
1532 2725 1577 2747 aut
1587 2719 1738 2755 praecipites
1746 2718 1855 2746 dabitis?

1097 2767 1125 2794 ι.
1145 2766 1288 2802 Fingamus
1300 2770 1388 2793 autem
1401 2787 1409 2799 ,
1423 2766 1445 2794 si
1460 2765 1566 2800 placet,
1582 2772 1638 2792 rem
1654 2772 1712 2800 qua:
1728 2764 1784 2791 ﬁeri
1803 2771 1853 2791 nc-

1062 2819 1140 2850 queat
1154 2835 1163 2848 ,
1177 2814 1232 2841 licri
1246 2821 1338 2841 revera
1353 2820 1432 2848 posse
1444 2833 1452 2846 ,
1466 2816 1494 2840 ct
1505 2819 1566 2840 eum
1580 2811 1624 2847 qui
1636 2819 1653 2839 c
1666 2816 1760 2846 stagno
1774 2809 1854 2845 prod-

1063 2862 1093 2889 iit
1113 2861 1205 2889 dicere
1219 2869 1226 2887 :
1241 2860 1339 2888 Umbra
1362 2859 1482 2894 corporis
1497 2859 1546 2886 mei
1563 2863 1684 2886 mortuos
1696 2857 1852 2886 suscitavit;

1064 2915 1124 2936 cutn
1149 2914 1212 2935 vero
1235 2906 1278 2942 qui
1302 2913 1333 2934 ex
1360 2905 1530 2941 pclliceorunt
1554 2902 1729 2932 tentoriorum
1750 2900 1853 2929 ofﬁcina
