1969 3130
147 161 199 189 539

146 220 210 246 exiit
224 238 233 252 .
249 219 321 255 pati:
337 219 371 247 de
385 220 548 248 vestimentis
559 221 615 248 suis
625 220 748 255 jactitare
764 230 770 248 :
786 221 845 255 quis
863 219 939 247 audi-

146 270 234 293 torum
247 273 333 300 usque
350 265 419 294 adeo
437 270 528 294 mente
544 271 638 302 captus
659 271 717 294 erat
728 287 735 298 .
756 272 785 294 ut
805 267 874 294 circa
895 273 938 293 res

143 315 232 338 tantas
252 311 331 339 nudis
346 312 434 340 verbis
455 312 534 340 fidem
557 313 689 341 haberet?
711 312 765 341 Cur
782 313 870 340 nullus
892 312 937 339 illo

143 362 265 392 tempore
277 357 370 385 artifex
384 359 519 394 quidpiam
539 360 626 386 simile
639 359 672 387 de
686 361 774 394 seipso
788 380 795 391 ,
809 364 855 386 aut
869 358 937 386 alius

142 403 177 430 de
192 404 238 431 illo
251 404 339 431 dixit?
354 405 433 440 Atqui
453 406 475 433 si
497 414 541 433 res
564 410 662 432 nostra:
686 406 809 440 figmenta
824 409 915 432 essettt
927 425 934 437 ,

141 458 188 477 eos
203 451 248 485 qui
272 455 362 485 postea
384 452 510 483 fuerunt,
534 451 637 479 facilius
661 452 755 478 similia
778 451 935 478 mentituros

142 496 225 524 fuisse
239 497 382 524 Verisimile
395 501 462 524 erat.
480 497 517 524 llli
532 498 602 524 enim
619 497 721 532 priores
740 505 792 524 non
813 502 935 532 poterant

143 542 267 576 exemplo
279 543 391 569 edorum
406 563 414 576 ,
431 543 478 578 qui
501 543 717 577 prmcessisscnt,
739 549 813 577 spem
836 542 934 570 habere

139 586 210 613 circa
232 587 349 621 figmenti
365 595 534 619 suleessutn;
554 588 579 614 hi
596 595 658 614 vero
673 588 851 626 posteriores,
875 588 934 615 illus

141 632 228 660 ttttuiti
241 654 248 665 ,
261 639 440 661 commentum
454 633 557 661 facilius
572 635 628 661 ausi
642 633 770 665 fuissent,
785 642 845 662 cum
861 635 933 668 prio-

140 685 198 706 rum
223 679 374 714 exemplum
407 680 598 715 posterioribus
627 680 749 707 fiduciam
780 680 930 715 prteberet.

139 725 215 758 quasi
230 724 318 752 nullus
331 726 356 752 in
372 730 442 753 terra
457 731 545 753 mente
565 725 690 760 prmditus
705 731 796 758 esset,
811 726 858 753 sed
872 734 930 753 utn-

139 777 188 798 nes
201 775 290 798 mente
303 772 372 807 capti
386 777 412 799 et
426 772 510 800 insani
523 777 632 805 essent,
647 773 681 799 ita
696 778 724 800 ut
736 773 819 800 cuivis
837 773 930 800 liceret

137 825 312 854 quaecumque
326 819 406 847 vellet
423 819 456 846 de
472 820 560 855 seipse
581 819 669 847 dicere
688 820 799 855 aliisque
819 827 929 855 persua-

138 863 212 892 dere.
227 864 307 900 Nugzc
322 866 399 900 plane
411 886 418 898 ,
433 870 460 893 et
473 866 527 893 risu
543 866 621 901 digna
637 871 699 894 sunt
712 866 848 901 gentilitia:
860 867 928 895 stul-

137 909 202 937 titia:
217 911 306 937 verba.
318 910 546 944 Quemadmodum
560 912 631 939 enim
651 912 673 938 si
693 913 752 947 quis
773 913 867 939 cailum
887 920 929 940 sa-

138 955 210 990 gittis
225 956 353 991 impetere
366 958 448 990 velit,
463 958 539 992 quasi
562 958 622 985 telis
642 958 727 993 ipsum
752 959 927 994 dirupturus;

137 1007 184 1030 aut
205 1002 339 1031 Oceanum
364 1004 489 1036 haurire.
513 1006 588 1039 quasi
611 1006 733 1034 manibus
752 1012 927 1034 etâ€˜acttaturus

135 1047 209 1074 illum
221 1067 229 1081 ,
248 1055 280 1075 ex
305 1048 490 1077 urbanioribus
511 1058 590 1078 nemo
608 1052 675 1084 erit,
693 1051 756 1086 quin
775 1052 858 1079 rideat
870 1073 878 1085 ,
895 1061 928 1080 ex

135 1094 304 1126 gravioribus
315 1103 394 1123 nemo
408 1104 460 1123 non
477 1097 501 1124 id
515 1097 605 1124 effusis
619 1097 742 1133 lacrymis
755 1099 904 1133 deplorabit
918 1108 925 1126 :

136 1139 176 1166 sic
196 1147 257 1166 cum
276 1140 353 1167 nobis
373 1142 485 1176 gentiles
504 1143 713 1170 contradixerint
725 1165 731 1175 ,
755 1151 802 1178 par
821 1150 862 1172 est
880 1152 926 1172 eos

135 1185 249 1213 irridere
261 1193 293 1213 ac
302 1186 441 1221 deplorare
455 1197 462 1214 :
479 1195 533 1215 rem
545 1189 615 1216 enim
627 1188 710 1223 magis
722 1189 831 1216 arduam
842 1191 926 1218 susci-

134 1231 226 1266 piunt,
243 1240 321 1267 quam
334 1232 379 1267 qui
394 1233 433 1260 vel
455 1234 548 1260 ca-hnn
571 1234 715 1262 confodere
737 1235 777 1262 vel
800 1236 924 1270 abyssum

133 1284 264 1305 evacmre
283 1285 312 1306 se
330 1286 409 1314 posse
425 1279 581 1313 speraverit.
601 1279 692 1314 Neque
714 1281 784 1307 enim
804 1281 847 1308 lux
868 1289 926 1308 unt-

132 1330 213 1357 quam
228 1324 339 1351 obscura
354 1326 422 1357 erit,
439 1325 525 1352 donec
538 1326 580 1353 lux
592 1327 662 1359 erit,
674 1335 761 1361 neque
773 1332 923 1355 nostrarum

132 1378 221 1397 rerutn
238 1371 336 1399 veritas
350 1371 531 1400 confutabitur
547 1383 553 1399 :
569 1374 668 1401 veritas
681 1375 778 1409 quippe
791 1381 832 1402 est
843 1396 851 1409 ,
872 1384 924 1411 qua

132 1417 199 1445 nihil
214 1418 334 1446 validius.
349 1419 425 1453 Quod
440 1421 518 1454 igitur
531 1426 619 1448 vetera
635 1421 678 1449 illa
691 1443 698 1454 ,
712 1430 772 1457 qua:
784 1430 848 1450 aure
862 1431 923 1457 per-

131 1464 263 1498 cipimus,
281 1473 333 1491 ttutt
355 1465 442 1492 mintts
461 1466 597 1494 credibilia
618 1468 687 1499 sint,
712 1476 790 1502 quam
813 1476 842 1495 ea
864 1477 923 1502 qua:

131 1517 202 1538 nunc
215 1512 354 1544 pnesentia
369 1513 504 1539 cernimus
518 1533 526 1543 ,
543 1513 628 1547 quivis
649 1522 700 1541 tton
719 1521 808 1541 mente
830 1522 923 1549 captus

130 1559 158 1581 et
167 1555 275 1583 insanus
285 1557 444 1584 confiteatur
456 1567 462 1590 ;
476 1563 504 1585 ut
516 1564 603 1586 autem
617 1560 754 1587 victoriam
765 1562 923 1590 cumulatius

129 1600 277 1628 referamus
289 1623 296 1634 ,
309 1610 366 1630 rem
379 1603 561 1631 admirandam
575 1626 582 1637 ,
597 1610 675 1632 mtate
697 1611 785 1633 nostra
800 1613 900 1641 gestam
912 1628 920 1641 ,

131 1646 256 1674 referam.
267 1649 344 1676 Atue
358 1650 498 1677 turbemini
511 1671 518 1683 ,
535 1651 556 1677 si
571 1652 725 1678 miraculum
739 1658 830 1680 nostra
844 1658 922 1682 :etate

129 1693 230 1720 editum
247 1700 414 1723 narraturum
429 1705 471 1723 me
484 1697 618 1733 pollicitus
631 1719 639 1729 ,
658 1706 691 1726 ex
708 1699 792 1726 veteri
811 1700 920 1727 historia

130 1739 309 1767 narrationem
324 1741 433 1769 ordiar:
451 1749 536 1776 neqtte
550 1743 620 1770 enim
642 1744 668 1770 in
686 1744 728 1771 his
750 1745 834 1772 solum
855 1753 920 1772 con-

128 1783 238 1816 sistam,
250 1793 334 1819 neque
345 1794 414 1814 ttovo
424 1794 581 1822 argumento
590 1789 677 1817 aliena
687 1795 774 1817 vetera
787 1792 898 1818 referam
912 1801 918 1819 :

129 1835 190 1855 nam
206 1835 316 1865 utraque
332 1837 424 1860 mtttuo
438 1833 539 1861 luerent
551 1855 558 1866 ,
575 1842 625 1862 nec
639 1835 699 1862 licet
716 1843 808 1863 eorttm
822 1837 918 1864 seriem

129 1874 283 1910 disjungere
296 1899 305 1911 ,
322 1884 350 1905 ut
363 1880 459 1907 auditis
475 1881 553 1908 rebus
567 1883 747 1916 comperietis.

164 1921 191 1949 5.
214 1921 326 1951 Historia
339 1923 505 1960 Imperatoris
519 1928 650 1962 cujusdam
667 1928 791 1962 fabulam.
807 1944 844 1949 â€”â€”
856 1930 919 1958 Erat

127 1968 187 2001 quis
210 1968 356 2003 imperator
383 1971 420 2007 (Î¹Î¹)
443 1972 573 2006 â€˜majorntn
597 1978 749 2001 nostrorum
773 1984 848 2007 uno,
873 1976 917 2010 qui

126 2013 214 2047 qualis
238 2015 264 2042 in
286 2018 390 2044 ca-teris
416 2018 504 2051 fuerit,
530 2019 620 2048 dicere
642 2029 766 2056 nequeo:
783 2029 810 2049 at
828 2023 918 2050 audito

125 2059 248 2093 scelere,
264 2063 334 2096 quod
349 2065 457 2098 aggredi
478 2071 518 2092 est
539 2073 620 2093 ausus
633 2087 640 2098 ,
662 2068 790 2103 reliquam
813 2077 916 2097 morunt

128 2104 320 2134 humanitatem
347 2111 524 2144 cognoscetis.
554 2111 693 2144 Quodnam
723 2114 802 2147 igitur
829 2116 917 2142 scelus

126 2150 307 2180 illud?Genti
327 2161 386 2181 cum
410 2156 457 2183 illo
479 2156 576 2184 bellum
601 2160 701 2194 gerenti
727 2160 810 2187 visunt
833 2161 918 2189 fuerat

127 2195 223 2224 bellum
239 2199 343 2227 solvere
359 2207 563 2237 tnutuartunque
577 2204 687 2230 ca-dium
710 2206 788 2232 finem
809 2206 895 2234 facere
907 2229 914 2240 ,

125 2249 168 2269 res
180 2250 343 2278 componere
355 2266 362 2278 ,
378 2248 493 2279 pericula
513 2254 540 2276 et
556 2249 710 2277 formidines
731 2251 825 2279 sedare
836 2273 843 2284 ,
860 2254 916 2280 suis

124 2295 154 2315 se
168 2289 247 2316 rebus
260 2291 396 2319 continuere
408 2312 416 2325 ,
431 2301 516 2328 neque
540 2294 582 2322 his
601 2295 744 2330 ampliores
765 2302 889 2331 expetere
906 2307 912 2324 :

124 2339 252 2369 praestare
286 2338 357 2364 enim
389 2339 568 2367 mediocribus
591 2341 649 2368 sine
675 2341 816 2370 formidine
842 2343 911 2376 frui,

124 2388 203 2414 quam
218 2381 363 2416 majoribus
378 2384 510 2412 inhiantes
526 2386 551 2412 in
568 2390 638 2413 ntetu
656 2395 687 2414 ac
704 2388 800 2415 timore
818 2390 914 2424 degere

123 2434 231 2462 semper
242 2449 249 2460 ,
265 2431 385 2464 tnalaque
397 2432 502 2458 caneris
519 2432 664 2461 inferentes
676 2455 684 2467 ,
704 2435 738 2462 ab
760 2436 813 2463 illis
834 2437 914 2463 vicis.

123 2473 173 2500 sim
197 2474 328 2509 accipere.
353 2476 420 2504 Cum
442 2482 530 2505 autent
553 2481 727 2508 constitutum
749 2481 800 2510 illis
821 2487 912 2516 esset,

123 2518 194 2546 bello
218 2527 326 2555 prorsus
347 2521 485 2556 deposito,
507 2525 622 2559 quietam
641 2527 787 2562 transigere
810 2529 911 2556 vitam:

124 2565 209 2592 visum
230 2570 272 2594 est
295 2566 369 2594 firma
396 2569 517 2602 pactione
534 2571 680 2607 validisque
698 2573 892 2601 conditionibus
904 2575 911 2589 '

121 2619 216 2647 pacem
230 2613 360 2641 stabilire.
375 2613 442 2642 Tum
456 2616 556 2645 findere
573 2617 641 2646 facto
655 2639 661 2649 ,
675 2619 738 2646 dato
751 2625 913 2656 acceptoque

118 2657 270 2692 juratncnto
282 2680 289 2692 ,
306 2660 360 2695 regi
376 2665 504 2695 pra-terea
524 2670 573 2690 suo
590 2665 702 2692 suadere
714 2672 845 2693 conantur
857 2687 865 2700 ,
880 2666 912 2693 fi-

123 2704 186 2730 lium
198 2713 274 2732 suum
289 2706 432 2735 admodum
447 2717 577 2744 puerum,
594 2711 620 2738 in
642 2712 755 2739 solidum
779 2713 850 2747 pacis
871 2714 911 2747 pi-

123 2758 192 2785 gnus
213 2752 339 2780 traditum
362 2754 403 2787 iis,
419 2755 463 2790 qui
479 2757 551 2791 prius
573 2758 664 2784 hostes
679 2763 751 2785 erant
765 2779 772 2791 ,
790 2760 911 2786 ï¬duciam

153 2818 161 2854 Î¾
178 2821 243 2854 pnus
254 2821 360 2854 segtnda
370 2828 451 2849 manu.
460 2823 614 2853 juramenlt's.
627 2831 679 2854 pro.
692 2825 872 2851 conditionibus.

151 2849 193 2888 (Î±).
205 2851 326 2888 tullo-dice
335 2856 392 2888 Reg.
403 2849 469 2888 ÎžÎœ
476 2855 589 2880 scribitur
600 2849 632 2880 ad
639 2849 725 2887 tn:irg.,
744 2849 907 2888 ÎÎ¿á¿–á¼‡á½³Î¹Î¾á½³á¿¥á½¶á¾¶á½–á½¸Ï‚.

120 2886 166 2911 qua
178 2881 210 2906 de
221 2889 249 2907 re
260 2882 349 2908 dictum
362 2881 386 2908 in
398 2886 492 2910 Muttito.

496 162 524 190 S.
545 162 685 190 JOANNIS
703 160 939 189 CIIRYSOSTOMI
959 159 1119 187 ARClllEP.
1142 158 1404 189 CONSTANTINOP.
1732 164 1779 191 5%

994 221 1121 252 praestare
1141 223 1236 251 posse,
1259 216 1390 252 simulque
1405 217 1532 252 propositi
1547 219 1588 245 sui
1602 219 1781 248 testimonium

990 262 1131 296 exhibere,
1143 262 1213 298 qttod
1229 271 1324 298 nempe
1340 264 1398 291 sine
1411 263 1472 291 dolo
1485 272 1575 299 pacem
1590 273 1650 293 cum
1665 267 1731 302 ipsis
1745 271 1768 295 te

991 310 1068 336 cerit.
1081 308 1136 343 Qua
1153 310 1273 336 oratione
1289 317 1334 336 rex
1346 310 1477 337 adductus
1488 310 1571 338 filium
1582 311 1665 345 dedit,
1680 317 1710 339 ut
1725 315 1782 348 qui-

989 354 1051 382 dem
1064 355 1232 382 existimabat
1243 356 1296 389 ille,
1308 357 1401 383 amicis
1413 362 1439 384 et
1450 358 1544 391 sociis;
1560 363 1589 385 ut
1599 367 1662 386 vero
1675 360 1711 387 rei
1726 362 1779 387 exi.

991 405 1032 427 lus
1048 401 1186 435 probavit,
1201 401 1264 429 ferte
1279 403 1397 429 omnium
1414 403 1623 432 immanissimat.
1637 405 1703 432 Nam
1719 415 1780 434 cum

989 447 1114 473 amicitiae
1129 452 1156 474 et
1169 447 1277 475 hederis
1298 448 1356 482 lege
1372 456 1482 483 puerum
1498 450 1599 484 regium
1617 451 1779 486 accepisset,

988 492 1077 518 omnia
1091 492 1170 519 simul
1185 494 1350 520 conculcavit
1363 499 1390 521 ct
1406 495 1511 526 evertit,
1521 495 1682 530 juramenta,
1695 496 1780 524 finde-

987 544 1027 570 ra,
1043 537 1179 565 hominum
1191 540 1379 573 reverentiam,
1392 540 1515 575 pietatem
1531 549 1593 577 erga
1606 542 1700 576 Deum,
1716 549 1780 570 teta-

987 583 1020 610 tis
1041 585 1300 613 commiserationem
1317 595 1324 613 :
1339 593 1392 613 non
1419 586 1535 614 helluam
1559 588 1630 615 illam
1651 589 1778 623 juventus

985 630 1070 665 flexit,
1086 640 1137 659 non
1151 639 1181 659 ea
1193 640 1252 667 qua:
1266 632 1418 668 hujusmodi
1431 634 1532 661 scelera
1546 636 1620 670 sequi
1633 637 1700 663 solet
1713 637 1779 664 ultio

986 682 1087 705 trucem
1109 677 1243 706 hominem
1257 678 1402 711 deterruit;
1421 687 1472 706 non
1489 681 1572 715 patris
1592 681 1674 708 filium
1691 681 1776 716 depoâ€”

985 725 1073 752 nentis
1087 725 1167 752 verba
1181 726 1298 752 animum
1313 725 1436 758 subiere,
1459 734 1518 761 qu:e
1534 727 1596 754 dum
1613 728 1639 754 in
1655 729 1776 756 matribus

985 769 1102 797 traderet
1116 771 1228 802 fecerat.
1245 778 1341 806 rogans
1356 778 1416 798 eum
1427 791 1435 804 ,
1455 776 1483 799 ut
1498 773 1523 798 in
1545 780 1638 807 magna
1651 781 1714 800 cura
1729 774 1778 800 ha-

983 815 1059 842 bcret
1069 837 1076 848 ,
1090 823 1119 844 se
1135 816 1190 843 filio
1209 817 1294 852 ipsum
1310 818 1473 845 constituere
1487 824 1589 853 patrem
1604 820 1679 854 quasi
1698 819 1732 846 ab
1745 827 1775 847 se

981 863 1111 898 genitum,
1120 864 1263 892 obsecrans
1278 868 1306 891 ut
1317 872 1378 892 eum
1394 865 1429 892 ita
1441 867 1571 892 enutriret
1584 868 1773 902 educaretque,

981 913 1008 935 et
1022 909 1152 942 majorum
1173 916 1281 936 suorunt
1297 909 1435 938 nobilitate
1452 910 1559 945 dignum
1576 911 1716 945 redderet;
1735 913 1774 939 itt-

982 960 1022 982 ter
1036 956 1092 983 ha-c
1104 956 1185 983 verba
1198 956 1319 983 dCXll'alll
1329 958 1402 991 pueri
1413 957 1552 985 homicida:
1566 958 1665 986 dextra:
1673 959 1771 993 junxit,

980 1005 1008 1028 et
1023 1001 1145 1036 perfusus
1155 1002 1279 1038 lacrymis
1290 1002 1429 1030 abscessit.
1445 1003 1544 1031 florum
1559 1005 1604 1032 ille
1616 1005 1774 1033 scelestissi-

979 1054 1040 1073 mus
1049 1047 1113 1074 nihil
1121 1048 1146 1074 itt
1155 1048 1245 1076 animo
1253 1049 1364 1082 recepit,
1372 1049 1418 1076 sed
1429 1049 1459 1076 iis
1469 1050 1591 1077 omnibus
1597 1051 1774 1079 simulexcuss

979 1093 1027 1125 sis,
1036 1093 1136 1120 cwdcttt
1147 1094 1264 1120 omnium
1273 1094 1385 1121 credium
1397 1095 1615 1122 immanissimam
1625 1101 1771 1131 perpetrat.

980 1138 1035 1165 lloc
1050 1140 1120 1166 enim
1137 1139 1265 1174 flagitium
1276 1140 1374 1176 proprii
1386 1140 1433 1167 filii
1443 1141 1515 1168 crede
1528 1142 1645 1169 atrocius
1658 1147 1713 1169 est:
1724 1151 1770 1170 vos

979 1189 1060 1211 testes
1075 1185 1189 1220 appello,
1201 1186 1245 1220 qui
1267 1194 1319 1213 non
1335 1187 1370 1214 ita
1385 1187 1555 1221 doluissetis,
1571 1189 1592 1214 si
1616 1188 1723 1223 quidem
1736 1198 1770 1220 ex

978 1238 1038 1256 meo
1052 1230 1147 1258 affectu
1164 1237 1280 1258 vestrum
1296 1233 1382 1260 metiri
1398 1233 1485 1266 liceat,
1495 1234 1516 1260 si
1530 1234 1671 1263 audissetis
1683 1234 1768 1269 ipsum

978 1275 1060 1302 filium
1074 1277 1202 1304 occidisse
1213 1285 1289 1304 suum
1304 1287 1309 1305 :
1327 1283 1388 1305 tunc
1406 1280 1475 1305 enim
1489 1287 1549 1306 cuttt
1564 1281 1700 1308 Communi
1713 1282 1771 1316 lego

978 1323 1108 1350 naturalis
1123 1331 1228 1358 quoque
1252 1324 1294 1351 lex
1316 1324 1433 1352 subverti
1455 1325 1589 1354 videretur
1603 1335 1610 1353 :
1627 1327 1668 1354 hic
1681 1332 1769 1355 autettt

977 1367 1088 1401 plurima
1111 1368 1190 1396 simul
1213 1375 1421 1403 concurrerunt,
1435 1379 1493 1405 quae
1522 1379 1574 1405 pra:
1601 1372 1769 1400 multitudine

975 1413 1088 1440 naturali
1101 1415 1257 1441 necessitate
1271 1414 1378 1442 fortiora
1392 1416 1455 1443 sint.
1466 1416 1574 1450 Quoties
1583 1418 1652 1444 enim
1664 1426 1769 1446 mecum

974 1463 1068 1492 reputo
1089 1460 1237 1492 pucrulunt,
1252 1460 1295 1495 qui
1320 1460 1384 1487 nihil
1406 1462 1508 1495 iujurim
1533 1464 1641 1496 fecerat,
1656 1471 1671 1490 a
1693 1471 1769 1499 patre

977 1503 1111 1535 traditum,
1133 1512 1148 1531 a
1175 1505 1303 1539 majorum
1330 1514 1439 1534 suorum
1461 1515 1532 1542 regia
1555 1509 1708 1542 abductum,
1724 1510 1768 1544 qui

975 1547 1134 1576 domesticas
1149 1550 1268 1580 delicias,
1281 1551 1402 1585 gloriam,
1415 1551 1554 1586 honorem,
1566 1561 1626 1579 cum
1641 1559 1768 1582 extranea

973 1594 1130 1622 educatione
1144 1601 1365 1631 comntutavcrat,
1381 1603 1409 1624 ut
1425 1599 1590 1632 pactionibus
1602 1599 1672 1626 initis
1683 1600 1768 1627 scele-

974 1646 1030 1669 stus
1044 1642 1086 1669 ille
1103 1643 1186 1670 fidere
1200 1649 1290 1678 posset
1303 1653 1308 1670 :
1324 1645 1358 1671 ab
1374 1646 1429 1679 ipso
1443 1651 1533 1681 postea
1550 1647 1618 1674 male
1631 1647 1766 1681 affectum,

973 1688 1114 1722 splendore
1135 1693 1252 1723 paterme
1273 1690 1368 1717 domus
1383 1691 1441 1725 ejus
1461 1692 1544 1726 gratia
1567 1693 1710 1727 privatum,
1733 1694 1766 1720 ab

973 1733 1121 1768 eodemque
1136 1735 1242 1762 demunt
1268 1735 1446 1768 interfectutn,
1462 1739 1595 1765 contraria
1616 1739 1711 1773 patior,
1728 1742 1766 1766 si-

972 1779 1028 1806 mul
1042 1780 1133 1807 animo
1147 1782 1339 1809 contabesccns
1353 1788 1380 1809 et
1395 1788 1554 1817 exmstuans,
1569 1793 1681 1819 quorum
1694 1786 1766 1813 aliud

972 1825 1021 1858 ira,
1035 1826 1104 1852 aliud
1122 1828 1247 1855 mmstitia
1264 1828 1340 1864 parit.
1357 1828 1422 1855 Cum
1447 1831 1516 1857 enim
1539 1832 1626 1865 cogito
1648 1832 1764 1859 scelera-

972 1874 1026 1897 tum
1051 1871 1123 1899 illum
1148 1880 1290 1907 armatum,
1313 1874 1482 1909 gladiumque
1507 1876 1662 1909 vibrantem,
1688 1878 1764 1911 pueri

970 1918 1068 1944 collum
1094 1919 1351 1953 apprelteudcntetn,
1367 1925 1393 1946 et
1414 1929 1466 1955 qua
1489 1921 1598 1949 dextera
1614 1923 1763 1958 depositum

971 1969 1116 1998 receperat,
1132 1964 1224 1992 eadem
1238 1965 1354 2000 gladium
1374 1966 1399 1992 in
1416 1966 1480 1993 illud
1501 1967 1691 1999 intendentetn,
1706 1968 1764 1995 dis-

970 2017 1079 2044 rutnpor
1103 2016 1183 2045 atque
1207 2011 1245 2038 ira
1273 2012 1419 2046 priefocor;
1443 2021 1535 2041 rursus
1556 2021 1616 2040 cum
1636 2014 1762 2049 juvenem

969 2055 1106 2090 conspicio
1121 2056 1318 2090 forntidantetn,
1335 2062 1503 2092 trementem,
1517 2060 1695 2095 extremisque
1713 2068 1762 2095 ge-

969 2102 1078 2130 mitibus
1098 2103 1253 2137 ejulantem,
1277 2108 1379 2139 patrem
1403 2104 1589 2132 inclamantem
1614 2105 1761 2141 horumque

968 2155 1074 2174 causam
1100 2156 1159 2176 esse
1181 2149 1324 2182 dicenteut,
1338 2157 1371 2176 ac
1394 2149 1494 2177 cmdem
1519 2159 1571 2177 non
1593 2151 1627 2183 ei,
1643 2152 1687 2186 qui
1702 2152 1760 2186 gla-

969 2193 1041 2220 dium
1064 2195 1091 2221 in
1115 2199 1206 2229 guttur
1232 2195 1362 2230 inï¬geret,
1377 2196 1422 2223 sed
1449 2198 1550 2231 parenti
1576 2197 1759 2231 impntantem,

968 2247 1054 2273 neque
1067 2239 1157 2274 fugere
1179 2248 1264 2275 neque
1283 2247 1312 2267 se
1325 2241 1415 2268 ulcisci
1430 2249 1517 2276 posse,
1531 2241 1577 2268 sed
1600 2241 1696 2269 frustra
1711 2250 1759 2277 paâ€”

967 2292 1070 2312 rentem
1083 2286 1214 2318 incusare,
1226 2287 1327 2322 plagam
1344 2287 1476 2322 excipere,
1491 2287 1628 2322 palpitare.
1644 2287 1760 2315 calcibus

967 2332 1146 2366 pavimentum
1170 2331 1268 2364 ferire,
1295 2338 1392 2360 terram
1414 2333 1566 2368 sanguineis
1589 2333 1651 2360 rivis
1674 2334 1760 2368 inqui-

967 2385 1047 2404 nare:
1063 2378 1118 2412 ipsa
1133 2378 1195 2404 mihi
1211 2379 1311 2405 viscera
1330 2379 1528 2413 discerpuntur,
1542 2380 1670 2414 cogitatio
1682 2380 1759 2407 obte-

965 2423 1100 2456 nehratur,
1117 2431 1148 2450 ac
1162 2425 1295 2451 mcestitim
1308 2425 1392 2460 caligo
1405 2426 1524 2460 qumdam
1547 2426 1630 2453 oculis
1643 2426 1759 2454 offundi-

965 2473 1017 2495 tur.
1028 2469 1062 2496 At
1073 2469 1128 2497 fera
1140 2470 1182 2497 illa
1195 2471 1258 2497 nihil
1275 2470 1361 2497 simile
1376 2479 1452 2505 passa
1464 2476 1520 2503 est;
1535 2471 1580 2498 sed
1595 2478 1625 2498 ac
1639 2472 1660 2498 si
1675 2480 1758 2507 agnus

964 2516 1004 2542 vel
1019 2515 1116 2542 vitulus
1130 2516 1178 2543 sibi
1194 2516 1349 2543 mactandus
1357 2522 1438 2550 esset,
1446 2517 1484 2544 sic
1496 2516 1530 2543 ad
1544 2517 1671 2544 nefariam
1687 2518 1758 2544 illam

964 2560 1063 2588 cmdem
1077 2561 1187 2588 affectus
1203 2567 1269 2588 erat.
1294 2561 1327 2589 Et
1351 2570 1416 2596 puer
1430 2562 1535 2597 quidem
1561 2563 1635 2597 plaga
1652 2569 1758 2598 recepta

961 2606 1069 2640 jacebat
1083 2612 1202 2634 mortutts
1216 2617 1222 2634 :
1238 2607 1370 2635 homicida
1385 2616 1448 2635 vero
1466 2608 1560 2635 sceleri
1574 2609 1759 2643 patrocinaba-

964 2657 1017 2686 tur,
1034 2654 1226 2688 posterioribus
1243 2655 1332 2688 priora
1348 2655 1474 2690 obtegere
1488 2662 1594 2682 curans.
1611 2656 1689 2683 Putat
1703 2656 1758 2683 for-

965 2704 1035 2727 tasse
1056 2701 1186 2734 quispiam
1212 2708 1255 2727 me
1270 2700 1303 2727 de
1328 2701 1465 2734 sepultura
1488 2700 1658 2736 loqttuturum
1685 2709 1756 2734 esse,

963 2745 1155 2780 dicturumque.
1172 2746 1297 2772 defuncto
1310 2754 1343 2773 ne
1359 2746 1488 2773 tantillum
1503 2746 1611 2781 quidem
1625 2752 1703 2775 teme
1717 2748 1757 2774 in-

964 2792 1132 2819 terfectorem
1146 2792 1252 2819 dedisse
1267 2801 1273 2819 :
1290 2800 1339 2827 ego
1359 2800 1421 2819 vero
1435 2793 1551 2820 atrocius
1569 2793 1640 2820 aliud
1657 2793 1753 2820 dicam.

963 2837 1028 2864 Nam
1044 2845 1104 2864 cum
1121 2837 1224 2872 iniquas
1239 2846 1331 2865 manus
1345 2837 1389 2865 tali
1412 2838 1540 2873 sanguine
1553 2837 1690 2869 foedasset.
1705 2847 1754 2866 nn-

964 2891 1075 2918 vanique
1088 2884 1240 2919 tragtrdiam
1255 2883 1429 2918 exhibuisset,
1444 2891 1475 2912 ac
1488 2884 1510 2912 si
1524 2883 1587 2912 nihil
1602 2890 1752 2920 perpetras-
