1969 3130
118 152 170 179 559
546 160 588 188 DE
605 160 633 188 S.
651 159 798 192 BABYLA,
820 156 958 186 CONTRA
973 156 1144 185 JULHNUM
1163 157 1205 185 ΕΤ
1225 157 1400 188 GENTILES.

106 209 218 244 νεκροὺς
233 207 365 242 ἀνέστησε
378 215 384 222 ·
401 207 444 234 τὸν
456 206 483 233 δὲ
498 208 692 242 ἐκπηδήσαντα
701 208 754 235 τῶν
768 207 815 234 τοῦ
828 208 943 242 σκηνορ-

108 252 217 286 ραφείου
239 251 368 287 δέρῤεων,
390 250 424 277 τὰ
437 250 507 278 αύτά
521 250 553 286 δὴ
573 250 659 277 ταῦτα
675 251 826 287 κομπάζειν
848 251 944 286 ἐκείνῳ

107 296 170 330 περὶ
195 295 248 322 τῶν
277 295 391 330 ἱματίων
420 294 522 321 αὐτοῦ’
545 295 585 326 τίς
615 294 702 326 οὕτως
729 296 860 330 ἐμεμήνει
889 294 943 320 τῶν

107 339 192 366 ταῦτα
219 339 382 369 ἀκουόντων,
408 338 444 369 ὡς
473 338 560 373 ψιλοῖς
590 339 693 373 ῥήμασι
716 338 855 365 τιστεῦσαι
880 339 944 373 περὶ

107 383 277 419 πραγμάτων
304 382 447 415 τοιούτων;
460 381 536 408 Διατί
557 382 584 408 δὲ
605 382 698 416 μηδεὶς
715 381 789 418 [542]
806 381 861 408 τῶν
883 383 942 408 κατ’

106 428 208 454 ἐκεῖνον
223 428 268 454 τὸν
279 427 374 463 χρόνον
390 427 562 462 χειροτέχνης
575 427 644 462 ἀνὴρ
659 424 720 453 είπέ
731 435 756 452 τι
772 426 836 461 περὶ
847 426 942 453 ἑαυτοῦ

106 470 224 497 τοιοῦτόν
240 479 316 501 ποτε,
337 470 354 505 ἢ
376 470 468 506 ἕτερός
487 479 529 501 τις
545 470 609 505 περὶ
625 469 725 503 αὐτοῦς
743 470 840 497 Καίτοι
865 471 889 496 εί
909 471 944 497 τὰ

106 515 229 549 ἡμέτερα
247 514 393 550 πλάσματα
409 512 452 549 ἦν,
469 516 532 546 τοὺς
550 515 608 549 μετ’
626 514 745 546 ἐκείνους
763 513 944 549 εὐκολώτερον

104 558 140 584 τὰ
158 557 271 584 τοιαῦτα
287 557 430 592 ψεύδεσθαι
453 558 527 589 είκδς
548 556 592 593 ἦν.
618 558 730 585 Ἐκεῖνοι
751 559 799 594 μὲν
821 558 875 594 γὰρ
895 559 944 585 ούκ

106 599 178 636 εἰχον
193 602 230 633 εἰς
249 601 357 637 ἐτέρους
370 601 558 636 ἀνενεγκόντες
573 601 641 638 ὑπὲρ
651 601 763 634 τούτων,
776 602 884 629 ἐλπίσαι
897 602 943 629 τοῦ

107 645 289 678 πλάσματοςι
307 644 500 681 περιέσεσθαι·
518 645 542 672 οἱ
558 645 586 672 δέ
603 645 660 680 μετ’
674 645 803 677 ἐκείνους,
817 646 857 677 εἰς
873 646 944 672 ἐκεί-

106 696 169 720 νους
185 688 314 724 δρῶντες.
340 688 545 723 προχειρότερον
570 688 603 715 ἂν
620 688 667 714 τοῦ
693 688 850 724 πλάσματος
877 697 944 715 κατ-

107 732 262 767 ετόλμησαν
274 732 320 759 τοῦ
337 732 555 768 παραδείγματος
564 731 619 759 τῶν
633 732 773 768 προτέρων
785 734 840 762 τοῖς
853 732 944 759 δευτέ-

107 784 166 811 ροις
192 776 447 812 παρακελευομένου
471 776 592 812 θαρρεῖν,
613 776 650 807 ὡς
676 776 781 808 οὺδενδς
803 777 831 802 ὲν
853 777 886 812 τῇ
909 777 944 812 γῇ

106 821 170 848 νοῦν
182 821 299 855 ἔχοντος,
314 821 382 848 ἀλλὰ
396 821 504 848 πάντων
516 821 698 855 ἐξεστηκότων
710 821 756 847 καὶ
775 821 943 856 μεμηνότων,

107 868 155 894 καὶ
170 868 227 898 τοῖς
245 866 414 902 βουλομένοις
433 866 493 899 ἐξὸν
508 866 620 897 ἅπασιν,
637 866 708 901 ειπερ
721 865 754 892 ἂν
771 865 868 892 θέλωσι
881 866 944 900 περὶ

107 911 214 937 ἑαυτῶν
238 911 326 944 λέγειν
347 918 376 936 τε
400 910 447 937 καὶ
472 909 656 936 πιστεύεσθαι.
672 910 760 946 Λῆρος
784 909 871 936 ταῦτα
897 910 945 936 καὶ

107 955 207 989 γέλως.
229 955 276 981 καὶ
298 954 402 990 μωρίας
420 954 577 988 Ἑλληνικῆς
595 954 712 989 ῥήματα.
739 953 870 988 Καθάπερ
890 953 945 989 γὰρ

109 998 142 1025 ἀν
157 999 184 1024 ετ
196 1006 238 1030 τις
252 998 401 1034 προαχθείη
416 998 534 1029 τοξεύειν
548 998 593 1023 τὸν
606 998 728 1034 οὐρανὸν,
743 997 780 1028 ὡς
794 997 945 1033 διαρρήξων

110 1043 194 1069 αὑτὸν
211 1043 266 1074 τοῖς
283 1041 365 1068 αὑτοῦ
383 1041 497 1076 βέλεσιν,
512 1041 529 1075 ἢ
544 1041 588 1067 τὸν
606 1041 731 1067 Ὠκεανὸν
748 1040 893 1074 ἐξαντλεῖν,
909 1041 946 1073 ὡς

110 1087 239 1113 κενώσων
261 1085 341 1112 αὑτὸν
366 1086 425 1116 ταῖς
449 1084 545 1111 ἐαυτοῦ
570 1084 674 1120 χερσὶν,
704 1084 791 1115 οὐδεὶς
817 1085 890 1115 ὅστις
915 1085 945 1111 οὐ

108 1130 254 1164 γελάσεται
273 1129 327 1155 τῶν
345 1128 524 1164 ἀστειοτέρων
538 1128 628 1160 αὐτὸν,
645 1129 669 1154 οἱ
683 1128 711 1154 δὲ
729 1128 885 1163 σεμνότεροι
900 1129 947 1155 καὶ

108 1173 290 1209 δακρύσονται
300 1173 415 1208 δάκρυσι
428 1172 534 1204 πολλοῖς
545 1181 551 1187 ·
565 1171 651 1203 οὕτως
664 1172 728 1198 ὅταν
738 1173 802 1207 ἡμῖν
819 1172 947 1207 ’Έλληνες

109 1217 283 1251 ἀντιλέγωσι,
303 1217 383 1252 γελᾷν
404 1217 502 1248 αὐτοὺς
523 1216 570 1243 καὶ
587 1216 712 1252 δακρύειν
734 1216 815 1243 καλόν
830 1224 838 1231 ’
858 1216 948 1251 πολλῷ

109 1262 164 1298 γὰρ
175 1262 223 1287 τοῦ
238 1262 282 1288 τὸν
297 1261 409 1296 οὐρανὸν
422 1260 537 1295 τρώσειν
556 1260 602 1286 καὶ
623 1260 672 1294 τὴν
688 1259 804 1287 ἄϐυσσον
819 1259 947 1286 κενώσειν

109 1305 265 1337 ἐλπίζοντος
291 1305 474 1341 ἀπορωτέροις
495 1304 661 1340 ἐπιχειροῦσι
683 1305 851 1339 πράγμασιν.
877 1303 947 1330 Οῦτε

109 1349 164 1384 γὰρ
187 1349 217 1374 τὸ
237 1349 293 1383 φῶς
313 1348 388 1375 ἔσται
407 1349 501 1380 σκότος
519 1348 593 1379 ποτὲ,
612 1348 664 1379 ἕως
676 1347 709 1374 ἂν
767 1348 834 1382 φῶς,
851 1347 913 1374 οὔτε
931 1347 947 1382 ἡ

109 1392 164 1419 τῶν
193 1393 259 1427 παρ’
285 1392 349 1428 ἡμῖν
374 1392 542 1428 πραγμάτων
566 1392 678 1428 ἀλήθεια
704 1391 924 1427 διελεγχθήσεται
939 1400 946 1406 ·

110 1436 226 1472 ἀλήθεια
250 1436 304 1472 γάρ
321 1436 378 1462 ἐστι
391 1444 397 1451 ·
421 1435 522 1470 ταύτης
543 1436 571 1462 δὲ
591 1435 762 1471 ἰσχυρότερον
784 1435 869 1462 οὐδέν.
889 1436 948 1462 Ὅτι

112 1480 162 1514 μὲν
179 1478 226 1506 οὖν
240 1480 286 1506 καὶ
300 1479 335 1506 τὰ
350 1480 448 1514 ἀρχαῖα
463 1479 480 1506 ἂ
494 1480 561 1514 ἀκοῇ
575 1480 664 1514 ἴσμεν,
681 1481 734 1506 τῶν
749 1480 889 1515 παρόντων
902 1480 949 1506 καὶ

109 1523 259 1559 ὁρωμένων
270 1524 319 1558 οὐχ
332 1521 412 1558 ἧττόν
421 1524 479 1549 ἐστι
493 1524 586 1554 πιστὰ,
603 1523 656 1555 πᾶς
671 1523 792 1550 ὁστισοῦν
809 1523 845 1559 μὴ
861 1532 950 1560 παρα-

111 1568 202 1594 παίων
218 1567 264 1594 καὶ
285 1566 438 1602 ἐξεστηκὼς
461 1566 649 1602 ὁμολογήσειεν
664 1567 696 1593 ἀν
709 1575 715 1582 ·
733 1567 775 1593 ἵνα
794 1567 822 1594 δὲ
848 1568 894 1594 καὶ
916 1569 949 1594 ἐκ

111 1611 273 1647 περιουσίας
289 1611 338 1646 τὴν
355 1611 433 1645 νίκην
453 1609 599 1646 ἀρώμεθα,
621 1610 749 1646 βούλομαι
770 1612 817 1638 καὶ
836 1612 881 1640 ἐπὶ
901 1613 949 1648 τῆς

111 1655 251 1692 ἡμετέρας
267 1655 363 1688 γενεᾶς
381 1654 525 1689 γενόμενόν
547 1663 572 1681 τι
593 1654 740 1690 παράδοξον
755 1656 850 1682 εἰπεῖν.
870 1655 950 1683 Ἀλλά

114 1699 151 1735 μὴ
174 1698 342 1735 θορυϐηθῆτε
358 1699 382 1725 εἰ
404 1698 496 1733 θαῦμα
518 1699 701 1734 ὑποσχόμενος
720 1699 793 1735 ἐρεῖν
813 1699 856 1734 ἐφ’
870 1700 951 1735 ἡμῶν

112 1743 236 1778 γεγονὸς,
255 1740 315 1769 εἶτα
335 1743 367 1769 ἐκ
382 1743 499 1774 παλαιᾶς
518 1742 637 1778 ἱστορίας
655 1742 774 1778 ἄρχομαι
790 1743 836 1769 τοῦ
854 1742 949 1779 διηγή-

113 1796 200 1822 ματος
223 1787 344 1821 ὑφαίνειν
365 1786 413 1821 τὴν
434 1787 528 1822 ἀρχήν.
556 1786 623 1813 Οὕτε
644 1787 697 1822 γὰρ
720 1788 814 1823 μέχρις
839 1787 950 1814 ἐκείνων

113 1832 252 1868 στήσομαι
268 1830 357 1866 μόνον,
372 1830 433 1858 οὔτε
446 1830 573 1866 ἀλλότρια
589 1830 639 1865 τῆς
651 1831 714 1864 νέας
729 1831 949 1866 ὑποθέσεωςέμῦ

111 1875 145 1902 τὰ
161 1875 282 1902 παλαιά·
295 1875 414 1910 ἀλλήλων
426 1874 480 1909 γὰρ
490 1874 606 1910 ἑκάτερα
620 1875 718 1910 ἔχεται,
731 1876 778 1902 καὶ
791 1874 950 1910 διαζευχθῆ-

112 1927 157 1946 ναι
171 1919 222 1954 τὴν
234 1918 393 1945 ἀκολουθίαν
405 1918 493 1945 αὐτῶν
507 1919 557 1945 οὐκ
570 1918 610 1945 Evn
619 1926 625 1933 '
639 1918 745 1945 εἴσεσθε
758 1919 787 1945 δὲ
797 1918 887 1951 καλῶς
900 1919 950 1946 αὑ-

111 1963 168 1989 τῶν
183 1962 238 1988 τῶν
253 1962 422 1998 πραγμάτων
436 1961 610 1994 ἀκούσαντες.

146 2005 180 2032 ε’.
200 2005 322 2038 Ἑγένετό
335 2014 376 2037 τις
384 2005 508 2040 βασιλεὺς
516 2005 566 2039 ἐπὶ,
574 2005 628 2032 τῶν
643 2005 782 2041 προγόνων
788 2005 841 2032 τῶν
852 2005 951 2041 ἡμετέ-

114 2058 186 2085 ρων,
199 2050 247 2076 καὶ
260 2049 295 2076 τά
313 2049 361 2084 μὲν
382 2049 449 2076 ἄλλα
470 2049 561 2081 ὁποῖός
579 2058 621 2080 τις
640 2047 673 2085 ἦν
688 2046 764 2081 οὗτος
779 2050 793 2076 ὁ
814 2048 949 2084 βασιλεὺς,

112 2094 163 2120 οὐκ
179 2093 232 2128 ἐχω
245 2093 334 2127 λέγειν
343 2102 352 2110 “
364 2094 395 2120 τὸ
416 2094 443 2120 δὲ
459 2094 524 2128 ἄγος
538 2094 606 2130 ὅπερ
619 2093 767 2130 ἐτόλμησεν
786 2093 951 2125 ἀκούσαντες

113 2136 220 2164 εἴσεσθε
234 2137 281 2163 καὶ
296 2138 360 2173 περὶ
376 2137 425 2172 τῆς
441 2138 538 2173 λοιπῆς
553 2137 607 2164 τῶν
622 2137 730 2173 τρόπων
748 2137 897 2173 ὠμότητος.
918 2137 951 2164 Τί

113 2178 160 2208 οὖν
176 2181 206 2207 τδ
215 2181 281 2215 ἄγος
291 2178 342 2216 ἦνς
359 2181 465 2213 Ἔδοξεν
480 2181 549 2208 ἔθνει
559 2181 614 2208 τινὶ
627 2181 681 2208 τῶν
699 2181 795 2217 ἐκείνῳ
807 2181 953 2217 πολεμούν-

113 2230 169 2251 των
180 2223 218 2260 τῷ
230 2224 334 2259 βασιλεῖ
345 2224 494 2252 καταλῦσαι
505 2225 550 2252 τὸν
561 2226 688 2260 πόλεμον,
700 2226 748 2253 καὶ
761 2226 828 2261 μήτε
842 2225 951 2261 ἐτέρους

114 2268 237 2299 κόπτειν,
254 2268 322 2303 μήτε
337 2268 435 2299 αὐτοὺς
448 2268 500 2295 ὑπὸ
514 2269 613 2305 ἐτέρων
628 2269 774 2296 κόπτεσθαι
787 2269 834 2296 τοῦ
845 2269 950 2302 λοιποῦ,

114 2311 183 2338 ἀλλά
197 2312 367 2347 πραγμάτων
379 2312 428 2347 μὲν
440 2312 621 2348 ἀπηλλάχθαι,
632 2313 679 2340 καὶ
691 2313 831 2345 κινδύνων,
847 2313 893 2340 καὶ
905 2314 952 2347 φό-

115 2355 181 2386 ϐων,
202 2355 327 2390 στέργειν
345 2355 374 2382 δέ
389 2358 445 2387 τοῖς
460 2356 620 2392 ὑπάρχουσι,
638 2356 685 2384 καὶ
702 2356 784 2392 μηδὲν
801 2357 882 2383 πλέον
897 2357 951 2384 τῶν

114 2398 199 2425 όντων
212 2398 351 2434 ἐπιζητεῖν
362 2408 369 2415 ·
387 2401 512 2436 κρεῖττον
527 2400 580 2437 γὰρ
595 2399 663 2427 εἶναι
678 2401 746 2436 μετὰ
760 2400 874 2435 ἀφοὸίας
888 2402 952 2428 ἀπο-

114 2441 207 2468 λαύειν
226 2443 360 2478 μετρίων,
379 2444 395 2479 ἢ
411 2443 458 2470 τοῦ
473 2444 594 2476 πλείονος
613 2444 772 2479 ἐφιεμένους
793 2444 950 2476 δεδοικέναι,

114 2486 162 2512 καὶ
177 2486 290 2521 τρέμειν
311 2487 363 2520 ἀεὶ,
384 2487 430 2514 καὶ
446 2488 517 2515 κακά
535 2489 626 2520 αὐτοῖς
639 2497 669 2515 τε
685 2489 732 2516 καὶ
750 2489 852 2524 ἑτέροις
866 2489 951 2516 διδόν-

115 2537 164 2561 τας
179 2529 227 2556 καὶ
241 2530 307 2567 παρ’
322 2531 423 2566 ἐτέρων
439 2530 626 2566 λαμϐάνοντας
640 2532 699 2568 ζῇν,
720 2531 804 2565 Δόξαν
820 2532 852 2568 δὴ
867 2540 951 2558 κατα-

115 2571 209 2600 θέσθαι
222 2574 268 2600 τὸν
277 2574 404 2610 πόλεμον,
418 2575 466 2602 καὶ
479 2576 523 2602 τὸν
538 2576 702 2612 ἀπράγμονα
717 2575 772 2610 βίον
787 2575 846 2611 ζῇν,
863 2575 950 2609 ἔδοξεν
981 2578 986 2587 ¹

117 2613 219 2649 ἰσχυρῷ
230 2623 282 2641 τινι
297 2614 390 2650 θεσμῷ
400 2616 447 2642 καὶ
457 2616 530 2651 ὅροις
540 2616 553 2635 δ
566 2614 697 2650 ἀσφαλέσι
709 2614 788 2642 τοῦτο
799 2616 949 2651 καταδῆσαι

115 2652 146 2677 τὸ
174 2652 274 2679 καλόν·
300 2654 347 2680 καὶ
372 2655 550 2690 ποιησάμενοι
578 2655 722 2689 συνθήκας,
750 2655 795 2681 καὶ
825 2655 951 2687 λαϐόντες

115 2691 223 2730 ὅρκους,
236 2693 283 2719 καὶ
298 2693 398 2725 δόντες,
411 2694 486 2730 [545]
501 2695 532 2721 ἐκ
547 2695 704 2730 περιουσίας
719 2695 878 2730 ἐπεχείρουν
893 2695 952 2721 πεί-

117 2729 172 2769 θειν
187 2731 233 2758 τὸν
248 2731 358 2767 βασιλέα
371 2729 421 2760 τὸν
432 2729 532 2766 αὐτῶν,
547 2729 592 2761 τὸν
608 2734 665 2761 υίδν
678 2734 724 2760 τὸν
738 2729 818 2761 αὑτοῦ
834 2735 951 2769 (παιδίον

115 2769 144 2795 δὲ
153 2767 188 2804 ἦν
200 2771 309 2807 κομιδῇ)
321 2772 370 2808 τῆς
387 2774 498 2810 εἰρήνης
514 2774 638 2809 ἐνέχυρον
655 2774 806 2801 καταθέντα
820 2767 948 2809 ἀσφαλὲς,

115 2809 171 2841 ut;
180 2818 209 2836 τε
223 2812 355 2847 πρότερον
365 2813 503 2848 πολεμίοις
513 2811 572 2840 οὖσι
584 2813 713 2848 παρέχειν
727 2814 847 2849 θαρρεῖν.
861 2815 910 2849 τῆς
919 2823 949 2840 τε

116 2851 216 2883 οἰκείας
238 2852 351 2888 γνώμης
374 2855 522 2891 μαρτύριον
539 2855 698 2888 ἐξενεγκεῖν,
714 2855 752 2886 ὡς
779 2855 879 2887 ἀδόλως
901 2856 949 2891 τὴν

147 2916 160 2930 ⁸
171 2916 219 2942 Alii
230 2917 273 2941 τοῦ
285 2918 333 2950 πρά
381 2928 430 2948 τος.

148 2944 162 2965 δ
174 2948 241 2973 [ους
251 2927 430 2974 Βροιωέίιηωυι

192 2954 241 2973 ους
251 2952 358 2974 secunda
369 2957 438 2975 manu
449 2952 534 2981 ὅρκοις.

996 207 1107 249 εἰρήνην
1123 209 1305 243 πεποιημένου
1323 211 1391 245 πρὸς
1409 211 1517 243 αὐτούς.
1532 212 1586 239 Καὶ
1601 211 1688 240 ταῦτα
1707 213 1830 249 λέγοντες

996 248 1118 289 ἔπεισαν,
1132 250 1179 276 καὶ
1197 250 1310 282 ἐξέδωκε
1324 252 1369 278 τὸν
1381 252 1438 278 υἱὸν
1449 253 1463 279 ὁ
1479 253 1614 288 βασιλεὺς,
1628 254 1666 286 ὸς
1686 255 1735 289 μὲν
1743 248 1831 287 αὐτὸς

995 288 1073 324 ᾤετο,
1091 291 1147 321 τοῖς
1167 290 1254 324 φίλοις
1272 292 1319 318 καὶ
1334 293 1498 328 συμμάχοις,
1512 293 1550 325 ὡς
1563 294 1592 321 δὲ
1604 295 1635 322 τὸ
1647 288 1723 327 τέλος
1735 295 1829 329 ἔδειξε,

996 330 1034 365 τῷ
1047 331 1154 357 πάντων
1169 332 1347 368 ἀπηνεστάτῳ
1361 333 1456 369 θηρίῳ.
1471 335 1568 362 Λαϐὼν
1582 336 1636 372 γὰρ
1650 337 1725 372 νόμῳ
1739 338 1832 372 φιλίας

1002 372 1043 399 καὶ
1056 372 1196 408 συνθηκῶν
1207 374 1237 399 τὸ
1249 374 1352 400 παιδίον
1363 375 1448 402 ἐκεῖνο
1460 377 1490 403 τὸ
1503 377 1651 411 βασιλικὸν,
1664 380 1753 406 πάντα
1762 379 1830 414 όμοῦ

999 413 1170 448 κατεπάτησε
1187 414 1234 440 καὶ
1251 414 1392 449 ἀνέτρεψε,
1410 416 1472 448 τοὺς
1488 418 1596 452 ὅρκους.
1615 419 1664 452 τὰς
1684 413 1831 456 συνθήκας,

996 454 1046 489 τὴν
1057 455 1125 490 πρὸς
1139 454 1298 489 ἀνθρώπους
1313 456 1389 486 αίδῶ,
1405 457 1454 492 τὴν
1470 458 1536 494 πρὸς
1547 461 1577 486 τὸ
1587 460 1664 487 Θεῖον
1677 454 1831 494 εὐλάεειαν,

996 495 1045 538 τὸν.
1057 496 1110 522 ἀπὸ
1124 497 1174 531 τῆς
1186 496 1294 531 ἡλικίας
1311 498 1384 524 ἔλεον
1398 507 1405 514 ο
1419 500 1466 526 καὶ
1482 499 1543 526 οὔτε
1557 502 1574 536 ὴ
1589 501 1683 537 νεότης
1696 502 1726 529 τὸ
1739 504 1832 538 θηρίον

997 536 1165 572 ἐπέκαμψεν,
1180 537 1242 565 οὔτε
1260 540 1275 574 ή
1291 540 1467 576 παρεπομένη
1482 543 1537 573 τοῖς
1550 536 1678 575 τοιούτοις
1697 536 1832 579 μιάσμασι

996 578 1056 621 δίκη
1075 579 1120 605 τὸν
1135 579 1229 615 ἄγριον
1242 581 1344 607 ἐκεῖνον
1359 582 1503 616 ἐφόϐησεν,
1519 582 1581 609 οὔτε
1597 584 1631 610 τὰ
1644 578 1832 621 τοῦνπαρακα-

997 620 1144 655 ταθεμένου
1164 621 1266 656 πατρὸς
1280 622 1360 649 αὑτὸν
1378 623 1486 657 εἰσῆλθε
1509 625 1627 659 ῥήματα,
1639 624 1711 659 άπερ
1730 627 1832 658 ἐκεῖνος

996 662 1041 688 τὸν
1056 662 1112 689 υἱὸν
1128 663 1288 698 ἐγχειρίζων
1305 663 1368 695 ἴσως
1390 665 1571 700 ἐπέσκηπτεν,
1592 666 1621 692 ἐν
1639 666 1782 702 ἐπιμελείᾳ
1803 676 1832 693 τε

997 703 1077 730 αὐτὸν
1089 703 1161 738 ἐχειν
1175 705 1257 737 ἀξιῶν
1271 705 1366 741 πολλῇ,
1382 707 1429 732 καὶ
1445 707 1551 742 πατέρα
1566 707 1646 734 αὑτὸν
1658 708 1833 743 ἐπιφημίζων

996 745 1035 780 τῷ
1052 746 1136 778 παιδὶ,
1155 747 1201 772 καὶ
1213 746 1250 778 ὡς
1265 746 1346 773 αύτὸν
1361 748 1554 783 γεγεννηκότα,
1574 748 1645 775 οὕτω
1660 749 1770 784 τρέφειν
1786 750 1835 776 καὶ

997 786 1133 813 παιδεύειν
1152 788 1328 823 παρακαλῶν,
1351 789 1397 815 καὶ
1417 790 1466 824 τῆς
1486 791 1540 815 τῶν
1564 790 1672 817 οἰκείων
1694 791 1834 826 προγόνων

997 828 1135 862 εὐγενείας
1160 829 1234 862 ἄξιον
1261 830 1440 864 ἀποφαίνειν·
1477 832 1521 859 καὶ
1550 833 1620 867 μετά
1647 832 1750 859 τούτων
1779 833 1835 859 τῶν

999 868 1128 904 ῥημάτων
1146 870 1195 905 τὴν
1207 869 1296 902 δεξιὰν
1320 871 1367 897 τοῦ
1395 872 1489 903 παιδὸς
1511 874 1544 908 τῇ
1569 872 1643 909 δεξιᾷ
1666 873 1713 900 τοῦ
1733 874 1835 908 φονέως

998 910 1121 942 ἐντιθεὶς,
1139 912 1186 937 καὶ
1208 912 1276 946 μετά
1292 912 1417 947 δακρύων
1433 913 1607 948 διαλυόμενος
1621 922 1627 929 ’
1642 913 1744 940 τούτων
1759 915 1835 941 οὐδὲν

998 952 1038 982 εἰς
1061 951 1121 977 νοῦν
1137 953 1151 978 ὁ
1170 953 1266 988 μιαρὸς
1286 954 1387 985 ἐκεῐιος
1403 953 1525 985 ἐϐάλετο,
1549 954 1616 981 ἀλλά
1638 956 1728 982 πάντα
1754 955 1835 991 ῥίψας

998 990 1103 1026 ἀθρόως
1123 992 1176 1018 ἀπὸ
1192 993 1240 1027 τῆς
1258 993 1356 1028 ψυχῆς,
1374 993 1418 1019 τὸν
1440 994 1518 1027 φόνον
1535 995 1638 1021 ἐκεῖνον
1659 994 1705 1021 τὸν
1726 990 1835 1021 πάντων

999 1031 1177 1065 ἐναγέστατον
1195 1034 1248 1059 τῶν
1263 1034 1350 1068 φόνων
1364 1035 1519 1070 ἐργάζεται.
1537 1036 1622 1062 Τοῦτο
1641 1036 1695 1071 γὰρ
1709 1036 1757 1062 καὶ¹
1771 1044 1836 1062 παι-

999 1073 1137 1105 δοκτονίας
1157 1076 1246 1110 χεῖρον
1273 1076 1303 1102 το
1330 1077 1452 1111 μίασμα·
1475 1078 1522 1103 καὶ
1539 1077 1677 1112 μάρτυρες
1702 1078 1791 1113 ὑμεῖς,
1809 1078 1836 1104 οἱ

999 1116 1049 1142 οὐκ
1074 1116 1107 1142 ἂν
1131 1116 1215 1147 οὕτως
1238 1117 1405 1152 ἀλγήσαντες
1421 1124 1445 1150 ο,
1463 1120 1541 1154 εἴπερ
1566 1121 1622 1150 τοῖς
1643 1120 1720 1153 ἐμοῖς
1737 1120 1836 1147 πάθεσι

1000 1157 1047 1183 καὶ
1077 1157 1110 1183 τὰ
1140 1158 1260 1192 ὑμέτερα
1290 1160 1468 1194 στοχάζεσθαι
1497 1161 1560 1196 χρὴ,
1589 1162 1613 1187 εἰ
1639 1161 1685 1187 τὸν
1711 1161 1768 1188 υίὺν
1793 1161 1836 1188 ὅτι

1000 1197 1167 1233 κατέσφαξεν
1179 1200 1313 1233 ἠκούσατε
1332 1201 1376 1226 τὸν
1396 1201 1510 1228 ἐαυτοῦ·
1526 1202 1584 1229 τότε
1613 1202 1663 1238 μὲν
1686 1203 1741 1238 γὰρ
1766 1203 1836 1238 μετὰ

999 1239 1054 1266 τῶν
1067 1240 1162 1266 κοινῶν
1176 1241 1265 1276 νόμων
1282 1242 1330 1267 καὶ
1345 1242 1369 1267 οἱ
1384 1242 1433 1277 τῆς
1447 1243 1553 1277 φύσεως
1566 1243 1674 1270 ἐδόκουν
1688 1245 1836 1280 ἀνατετρά-

1001 1281 1066 1315 φθαι
1086 1281 1179 1317 θεσμοί
1191 1290 1198 1296 ⁸
1217 1283 1333 1309 ἐνταῦθα
1346 1283 1374 1309 δὲ
1390 1283 1475 1310 πολλὰ
1488 1284 1555 1319 ὁμοῦ
1572 1285 1800 1321 συνδεδράμηκεν,
1818 1287 1837 1314 ἃ

1000 1322 1048 1348 καὶ
1061 1322 1109 1357 τῆς
1122 1323 1239 1358 φυσικῆς
1251 1324 1372 1360 ἀνάγκης
1387 1325 1548 1361 ἰσχυρότερα
1561 1335 1598 1360 1.9
1612 1326 1709 1362 πλήθει
1721 1328 1836 1361 γίνεται.

1002 1363 1086 1390 Ὅταν
1099 1365 1154 1399 γέιρ
1168 1366 1285 1400 ἐννοήσω
1300 1365 1331 1391 τὸ
1348 1368 1494 1403 μειράκιον
1502 1367 1532 1393 τὸ
1552 1367 1634 1402 μηδὲν
1651 1368 1789 1403 ηδικηκὺς,
1807 1368 1837 1394 τὸ

1002 1406 1076 1441 παρά
1090 1406 1136 1432 τοῦ
1152 1406 1253 1441 πατρὸς
1267 1407 1385 1439 ἐκδοθὲν,
1399 1408 1429 1434 τὸ
1445 1408 1499 1435 τῶν
1514 1409 1682 1444 προγονικῶν
1696 1410 1838 1445 βασιλείων

1001 1447 1188 1480 ἀποσπασθὲν,
1211 1449 1257 1475 καὶ
1275 1449 1325 1484 τῆς
1344 1449 1447 1481 οἰκείας
1471 1450 1588 1486 τρυφῆς.
1610 1451 1658 1478 καὶ
1679 1451 1768 1487 δόξης,
1792 1452 1838 1478 καὶ

1001 1489 1094 1524 τιμῆς,
1124 1489 1306 1525 ἀλλαξάμενον
1332 1491 1381 1527 τὴν
1410 1493 1439 1518 ἐν
1467 1492 1596 1528 ἀλλοτρίᾳ
1621 1493 1768 1529 διαγωγὴν,
1795 1493 1839 1520 ἵνα

1002 1531 1048 1566 ἐξῇ
1076 1531 1115 1566 τῷ
1142 1532 1231 1567 μιαρῷ
1255 1532 1364 1569 θαρρεῖν
1390 1533 1486 1570 ἐκείνῳ
1516 1535 1577 1570 περὶ
1605 1534 1660 1560 τῶν
1686 1535 1837 1570 συνθηκῶν,

1003 1571 1061 1600 εἶτα
1083 1574 1128 1600 ὑπ’
1153 1574 1234 1600 αύτοῦ
1258 1575 1454 1611 κατεργασθὲν,
1478 1576 1524 1603 καὶ
1545 1575 1598 1602 τῶν
1615 1575 1682 1603 οἴκοι
1705 1576 1838 1612 λαμπρῶν

1003 1615 1036 1642 δι’
1046 1616 1126 1643 αὑτὸν
1138 1617 1386 1652 ἀποστερηθὲν,καὶ
1399 1618 1443 1644 ὑπ’
1452 1617 1534 1644 αὐτοῦ
1545 1617 1624 1645 πάλιν
1633 1619 1793 1653 ἀποσφαγὲν
1810 1618 1838 1652 ἀ,

1003 1659 1123 1685 ἐναντίον
1130 1667 1155 1684 τι
1163 1658 1260 1693 πάσχω
1269 1658 1363 1691 πάθος,
1373 1659 1519 1694 τηκόμενός
1526 1667 1556 1686 τε
1563 1659 1629 1694 ὁμοῦ
1637 1659 1685 1694 τὴν
1695 1659 1781 1695 ψυχὴν
1791 1660 1840 1686 καὶ

1002 1699 1122 1732 ἐξοιδῶν,
1143 1701 1174 1727 τὸ
1193 1701 1241 1736 μὲν
1257 1700 1303 1727 τοῦ
1319 1701 1415 1736 θυμοῦ,
1430 1701 1461 1727 τὸ
1479 1701 1508 1728 δὲ
1523 1701 1574 1735 τῆς
1592 1701 1709 1737 ἀθυμίας
1723 1702 1838 1737 ἐργαζο-

1005 1741 1098 1776 μένης.
1113 1741 1197 1768 Ὅταν
1213 1742 1263 1777 μὲν
1276 1741 1329 1778 γὰρ
1342 1743 1461 1778 ἐννοήσω
1474 1743 1521 1769 τὸν
1533 1742 1631 1779 μιαρὸν
1645 1744 1748 1770 ἐκεῖνον
1760 1743 1839 1770 ὁπλι-

1004 1783 1126 1818 ζόμενον,
1155 1783 1202 1810 καὶ
1227 1783 1258 1810 τὸ
1287 1784 1362 1818 ξίφος
1386 1784 1570 1817 ἀνατείνοντα,
1598 1785 1646 1811 καὶ
1669 1785 1718 1821 τὴν
1749 1785 1839 1822 δειρὴν

1004 1825 1154 1860 κατέχοντα
1166 1824 1212 1852 τοῦ
1227 1824 1330 1857 παιδὸς,
1347 1825 1394 1852 καὶ
1408 1825 1457 1861 τὴν
1469 1825 1569 1858 δεξιὰν,
1587 1823 1604 1862 ᾖ
1616 1827 1666 1862 τὴν
1681 1835 1838 1862 παρακατα-

1004 1865 1092 1901 θήκην
1114 1865 1231 1899 ἐδέξατο,
1250 1865 1337 1903 ταύτῃ
1363 1867 1422 1893 κατ’
1446 1867 1532 1903 αὐτῆς
1557 1867 1679 1895 ὠθοῦντα
1701 1868 1732 1895 τὸ
1752 1868 1837 1903 ξίφος,

1003 1907 1203 1944 διαρρηγνυμαι
1217 1908 1264 1934 καὶ
1274 1908 1460 1944 ἀποπνίγομαι
1473 1908 1511 1944 τῷ
1525 1908 1604 1945 θυμῷ
1615 1916 1624 1925 ·
1640 1909 1704 1936 ὅταν
1718 1909 1747 1937 δέ
1758 1910 1838 1937 πάλιν

1006 1947 1052 1975 ἴδω
1071 1948 1117 1975 τὸν
1138 1949 1198 1975 νέον
1218 1949 1364 1982 δεδοικότα,
1386 1949 1434 1976 καὶ
1454 1950 1599 1986 τρέμοντα,
1619 1951 1666 1978 καὶ
1688 1950 1838 1986 οιμὼζοντα

1003 1989 1053 2022 τὰς
1067 1990 1183 2025 ἐσχάτας
1193 1990 1326 2025 οἰμωγὰς,
1339 1991 1385 2018 καὶ
1398 1991 1443 2018 τὸν
1457 1992 1564 2027 πατέρα
1580 1991 1777 2025 ἀνακαλοῦντα,
1791 1992 1840 2020 καὶ

1003 2032 1105 2059 τούτων
1132 2034 1218 2060 αἴτιον
1249 2033 1329 2060 αὑτὸν
1358 2033 1521 2069 γεγενῆσθαι
1551 2034 1685 2068 λέγοντα,
1717 2036 1764 2064 καὶ
1789 2038 1840 2074 τὴν

1005 2074 1111 2109 σφαγὴν
1127 2075 1157 2101 οὐ
1173 2074 1212 2109 τῷ
1229 2074 1386 2110 βαπτίζοντι
1399 2075 1429 2101 τὸ
1445 2075 1521 2110 ξίφος
1537 2077 1576 2108 εἰς
1592 2076 1638 2102 τὸν
1653 2076 1759 2112 λαιμὸν,
1771 2078 1840 2106 ἀλλὰ

1003 2117 1043 2152 τῷ
1056 2116 1230 2151 γεγεννηκότι
1241 2116 1422 2152 λογιζόμενον,
1431 2118 1476 2144 καὶ
1488 2118 1526 2153 μὴ
1539 2117 1685 2153 δυνάμενον
1698 2121 1839 2155 ἐκφυγεῖν,

1006 2161 1074 2196 μηδέ
1092 2161 1229 2197 ἐπαμῦναι
1249 2161 1348 2196 ἐαυτῷ,
1366 2161 1423 2188 ἀλλ’
1442 2163 1562 2198 ἀνήνυτα
1585 2163 1678 2190 λοιπὸν
1696 2164 1735 2200 τῷ
1754 2173 1840 2200 φυσα-

1007 2203 1079 2238 μένῳ
1106 2203 1289 2238 μεμφόμενον,
1317 2203 1364 2230 καὶ
1390 2204 1535 2238 δεχόμενον
1562 2204 1612 2240 τὴν
1641 2205 1759 2242 πληγὴν,
1792 2208 1840 2234 καὶ

1005 2245 1173 2280 ἀσπαίροντα
1186 2250 1208 2276 ⁸,
1229 2245 1277 2272 καὶ
1298 2244 1458 2277 λακτίζοντα
1482 2245 1624 2281 τοῦδαφος,
1645 2247 1693 2274 καὶ
1713 2248 1762 2283 τὴν
1788 2250 1840 2284 γῆν

1004 2288 1060 2317 τοῖς
1075 2286 1129 2312 τῶν
1149 2287 1273 2322 αἱμάτων
1294 2287 1441 2321 μολύνοντα
1459 2289 1592 2322 κρουνοῖς,
1610 2289 1789 2325 διακόπτομαι
1806 2291 1840 2318 τὰ

1006 2327 1081 2364 [544]
1099 2328 1248 2364 σπλάγχνα,
1267 2329 1314 2355 καὶ
1330 2329 1479 2363 σκοτοῦμαι
1499 2329 1544 2356 τὸν
1567 2329 1706 2365 λογισμὸν,
1724 2331 1770 2358 καί
1788 2331 1838 2366 μού

1003 2378 1046 2400 τις
1059 2369 1142 2405 ἀχλὺς
1156 2370 1272 2405 ἀθυμίας
1286 2373 1444 2407 καταχεῖται
1459 2373 1515 2403 τοῖς
1527 2372 1686 2408 ὀφθαλμοῖς.
1708 2372 1777 2400 Ἀλλ’
1790 2373 1840 2408 οὺχ

1004 2413 1019 2439 ὁ
1035 2413 1086 2448 θὴρ
1101 2414 1203 2444 ἐκεῖνος
1221 2412 1306 2439 ἔπαθέ
1326 2421 1352 2439 τι
1367 2413 1486 2440 τοιοῦτον
1501 2414 1586 2446 οὐδὲν,
1602 2415 1660 2441 ἀλλ’
1673 2414 1767 2451 ὥσπερ
1780 2416 1839 2442 τινὰ

1005 2453 1106 2489 ἀμνὸν(
1126 2453 1269 2481 καταθύειν
1286 2454 1388 2490 μέλλων
1403 2455 1419 2490 ἢ
1438 2455 1548 2491 μόσχον,
1562 2456 1634 2483 οὕτω
1646 2456 1751 2493 διετέθη
1770 2457 1839 2493 πρὸς

1004 2497 1053 2532 τὴν
1080 2496 1179 2533 μιαρὰν
1205 2496 1311 2532 ἐκείνην
1331 2498 1448 2532 σφαγήν.
1473 2497 1528 2524 Καὶ
1549 2498 1564 2525 ὁ
1589 2498 1638 2533 μὶν
1659 2500 1724 2531 παῖς
1749 2498 1840 2526 ἔκειτο

1010 2539 1100 2574 νεκρὸς
1113 2538 1256 2573 δεξάμενος
1267 2539 1317 2574 τὴν
1329 2539 1448 2576 πληγὴν,
1460 2540 1475 2566 ὁ
1485 2539 1514 2567 δὲ
1525 2541 1644 2576 σφαγεὺς
1656 2541 1840 2577 ἱπηγωνίζετο

1008 2579 1043 2615 τῷ
1058 2580 1201 2616 μιάσματι,
1219 2581 1274 2611 τοῖς
1290 2581 1425 2616 δευτέροις
1440 2582 1475 2608 τά
1489 2582 1611 2619 πρότερα
1623 2583 1780 2619 ἀποκρύψαι
1794 2591 1840 2618 φι-

1004 2623 1141 2651 λονεικῶν.
1164 2623 1240 2658 Τάχα
1258 2624 1292 2659 μέ
1306 2632 1348 2655 τις
1364 2623 1448 2650 οἴεταί
1467 2633 1493 2651 τι
1511 2625 1575 2661 περὶ
1590 2626 1639 2661 τῆς
1653 2625 1742 2660 ταφῆς
1755 2626 1838 2662 ἐρεῖν,

1005 2666 1053 2693 καὶ
1070 2666 1111 2692 ὃτι
1134 2665 1203 2701 μετά
1217 2667 1265 2700 τὴν
1281 2666 1388 2702 σφαγὴν
1405 2666 1466 2693 οὐδέ
1489 2666 1618 2703 βραχείας
1632 2667 1671 2703 τῷ
1684 2667 1839 2702 φονευθέντι

1006 2708 1141 2744 μετέδωκε
1155 2707 1206 2741 γῆς
1218 2715 1225 2722 ·
1244 2707 1299 2741 ἐγὼ
1319 2707 1348 2735 δέ
1370 2716 1397 2735 τι
1417 2708 1513 2735 τούτου
1527 2708 1726 2745 τολμηρότερον
1747 2709 1840 2744 ἱτερον

1005 2749 1070 2785 ἐρῶ.
1087 2748 1142 2780 Τὰς
1158 2749 1212 2784 γὰρ
1226 2749 1343 2784 ἀνόμους
1359 2751 1453 2786 χεῖρας
1472 2750 1577 2782 ἐκείνας
1596 2749 1709 2786 τοιούτῳ
1723 2750 1838 2785 μολύνας

1004 2791 1112 2826 αἵματι,
1139 2790 1187 2817 καὶ
1211 2790 1259 2825 τὴν
1286 2791 1381 2826 καινὴν
1406 2792 1592 2828 ἐργασάμενος
1615 2792 1777 2828 τραγῳδίαν,
1801 2791 1840 2826 ὡς

1037 2858 1049 2888 ἢ
1060 2857 1107 2881 Alii
1120 2857 1143 2880 οἳ
1155 2857 1199 2880 οὐκ
1210 2857 1237 2880 ἂν
1248 2858 1322 2885 οὕτως
1332 2858 1459 2888 ἠλγῆσατε.

1036 2886 1049 2906 ἀ
1062 2890 1079 2912 Α
1085 2888 1111 2918 Ιίίν
1118 2887 1276 2918 ἀποσφαχθέν.

1041 2920 1054 2933 ⁸
1066 2917 1113 2942 Alii
1127 2917 1263 2949 σπαίροντα.

1041 2949 1050 2968 ί
1064 2949 1138 2972 Savil.
1151 2952 1175 2972 οι
1186 2948 1228 2973 a'ii
1242 2950 1322 2980 ὥσπερ
1330 2957 1351 2973 τι
1364 2949 1450 2981 ἀρνίον.
