1969 3130
132 121 178 148 Sil
513 120 557 149 DE
572 122 599 149 S.
621 121 768 155 BABYLA,
788 122 925 151 CONTRA
944 123 1114 153 JULIANUM
1133 125 1178 153 ET
1198 125 1377 156 GENTILES.

128 186 166 206 N'l
183 178 324 213 lmpudens
349 179 402 210 ille.
426 178 490 214 ipsis
512 179 595 214 petris
608 179 710 211 durior,
730 179 763 206 ad
779 180 921 208 ecclesiam

129 227 174 253 Dei
191 226 336 254 concessit.
355 225 435 253 Forte
457 226 588 252 mirantur
599 225 717 260 quidam,
733 234 781 253 cur
804 233 858 253 non
872 227 923 253 im-

127 273 209 299 tnissa
221 272 255 299 de
269 272 336 299 ca-lo
350 272 425 306 plaga
440 279 580 306 percussus
603 271 682 298 fuerit
697 272 742 306 qui
760 272 821 298 talia
842 279 923 300 ausus

126 323 208 350 esset,
224 323 270 344 aut
282 326 329 345 cur
343 325 397 344 non
413 317 482 344 Deus
494 325 553 344 eum
568 317 677 344 fulmine
693 316 805 349 ferierit,
820 323 848 344 ut
860 323 922 345 ante

127 364 278 398 ingressum
300 371 330 390 os
346 363 409 390 illud
425 362 564 396 impudens
578 363 655 397 igneo
668 363 720 390 ictu
735 362 920 398 conflagraret.

128 410 184 444 Ego
199 417 264 437 vero
288 410 310 437 si
333 409 428 444 quibus
455 408 513 436 haec
536 409 661 444 cogitatio
685 409 802 436 auitnttm
829 409 919 441 subiit,

126 455 209 483 laudo
221 463 269 483 eos
288 460 316 483 et
329 461 424 482 a-stum
439 463 531 482 eorum
545 455 678 487 admiror;
698 460 815 482 attamen
829 462 921 482 eorum

125 503 249 530 laudibus
267 508 294 530 et
309 501 477 529 admirationi
497 509 550 528 non
569 502 706 527 minimum
725 500 858 535 quidpiam
872 501 920 528 de-

124 555 185 575 esse
200 553 273 582 puto.
287 547 360 574 Justa
381 548 478 582 quippe
503 546 683 580 indignatione
702 547 828 573 commoti
846 551 918 579 sunt.

125 598 182 620 tum
194 601 275 627 super
289 593 385 627 injuste
398 599 468 619 (κυδο
479 599 572 626 puero,
593 597 647 618 tum
667 599 748 626 super
760 592 805 618 Dei
819 592 920 626 legibus

123 640 161 668 ita
177 646 280 668 temere
303 639 423 671 violatis;
446 638 492 665 sed
509 639 546 665 ira
571 637 705 665 ferventes
726 645 778 665 non
791 642 918 672 quantum

123 694 193 721 opus
207 691 267 713 erat
279 689 490 720 perspexeruut:
505 684 612 719 iustitia:
627 684 698 711 enim
720 683 797 719 hujus
813 685 853 711 lex
868 684 918 711 alia

123 732 203 766 longe
212 732 334 766 superior
344 733 369 758 in
380 730 453 758 uelis
461 735 511 757 est.
519 730 647 764 Quasnam
659 731 737 764 igitur
748 730 805 756 haec
814 730 872 757 lex?
880 729 919 757 Ne

123 777 308 812 peccatoribus
326 777 447 811 protinus
460 777 524 803 ultio
538 776 677 808 inferatur,
692 776 739 803 sed
753 776 917 810 delinqneuti

123 827 230 858 tempus
252 822 330 850 detur
351 827 378 849 et
400 822 523 854 inducim,
547 826 575 848 ut
593 821 717 848 delictum
733 823 818 856 possit
836 829 917 849 excu-

123 875 190 901 Icre,
205 875 231 896 et
245 877 292 904 per
303 868 484 904 paenitentiam
499 868 531 895 iis
542 868 585 903 qui
600 867 665 895 nihil
681 868 742 895 mali
752 869 918 896 admiserunt

121 915 222 950 a:quari
238 923 245 942 :
261 915 332 950 quod
347 919 409 942 tunc
420 915 445 941 in
461 913 562 941 nefario
575 914 622 941 illo
635 913 846 941 demonstratum
861 918 915 947 est;

121 961 188 988 nihil
210 961 281 988 enim
307 960 429 995 profecit,
444 959 491 987 sed
515 959 574 987 sine
597 959 784 987 emendatione
809 960 914 986 mansit.

122 1007 192 1034 Deus
205 1011 280 1034 certe
295 1007 425 1041 benignus
438 1014 498 1034 cum
513 1007 557 1038 sit,
574 1005 626 1033 hoe
641 1007 816 1041 prospiciens.
833 1015 865 1033 ne
881 1007 915 1033 ita

119 1053 228 1090 quidem
242 1053 404 1087 contempsit
417 1053 503 1084 illum,
517 1060 567 1080 nec
579 1060 638 1088 quae
657 1060 673 1079 a
687 1060 718 1080 se
739 1057 815 1080 erant
828 1052 915 1080 faicere

119 1099 216 1131 desiit;
232 1099 279 1126 sed
303 1099 376 1126 illum
391 1103 418 1125 et
431 1106 530 1133 aegrum
552 1098 679 1131 visitavit,
692 1102 720 1125 et
732 1097 791 1132 ejus
810 1102 915 1125 restau-

120 1145 213 1172 randa:
231 1145 338 1172 sanitati
354 1145 464 1172 studuit.
480 1144 526 1171 llle
544 1151 607 1171 vero
625 1144 771 1171 remeditttu
793 1143 914 1178 accipere

118 1191 221 1225 noluit;
234 1192 290 1219 imo
302 1191 335 1219 ad
356 1192 406 1219 hoc
420 1191 529 1218 missum
544 1191 676 1218 medicum
690 1191 816 1218 concidit.
829 1190 914 1218 Medi-

116 1239 175 1265 cina
191 1246 272 1273 porro
292 1243 319 1266 et
340 1238 478 1265 medicime
491 1238 586 1264 modus
607 1237 757 1272 lmjusmodi
772 1241 839 1264 erat.

151 1285 178 1312 6.
200 1284 313 1320 Babylas
327 1284 511 1319 Imperatorem
524 1284 636 1311 ecclesia
648 1283 720 1310 aditu
735 1289 812 1310 arcet.
823 1298 859 1303 —
874 1282 913 1310 Eo

115 1335 239 1365 tempore
253 1338 306 1364 quo
316 1330 409 1357 drama
423 1330 488 1357 illud
499 1335 525 1357 et
539 1329 641 1357 facinus
655 1330 769 1356 immane
783 1329 911 1356 miseran-

111 1376 233 1411 dumque
255 1377 392 1410 agebatur,
414 1375 463 1403 fuit
484 1376 525 1403 vir
549 1383 660 1411 magnus
675 1382 701 1403 et
723 1375 862 1408 mirabilis.
888 1376 911 1404 si

112 1428 205 1450 tamen
218 1422 256 1449 fas
272 1424 307 1450 sit
327 1423 401 1450 illum
414 1423 546 1458 appellare
559 1423 655 1454 virum,
671 1423 715 1458 qui
729 1423 807 1458 hujus
823 1424 910 1458 gregis

110 1477 206 1496 curam
222 1470 343 1504 gerebat,
357 1470 463 1496 nomine
475 1469 597 1505 Babylas.
619 1469 666 1496 llic
681 1470 779 1504 itaque,
797 1470 839 1497 cui
853 1471 909 1497 haec

109 1514 213 1542 Christi
228 1514 348 1543 Ecclesia
371 1523 386 1542 a
407 1514 523 1550 Spiritus
538 1514 622 1550 gratia
636 1515 789 1542 concredita
813 1515 907 1547 fuerat,

109 1561 184 1595 quod
206 1561 308 1588 lleliam
323 1561 434 1596 ejusque
452 1561 576 1588 aemulum
590 1561 720 1588 Joannem
736 1562 909 1589 antecelleret

109 1614 165 1634 non
192 1607 317 1640 dixerim,
335 1615 367 1633 ne
390 1607 454 1642 quid
479 1606 617 1634 molestius
643 1606 788 1641 proferam,
809 1607 856 1635 sed
873 1607 907 1634 ita

108 1652 215 1687 attigit,
232 1659 261 1679 ut
284 1660 317 1680 ne
338 1653 468 1679 tantillum
492 1652 599 1688 quidem
624 1654 763 1687 generosis
777 1652 907 1687 ejusmodi

109 1699 176 1725 viris
200 1698 310 1726 inferior
326 1704 407 1726 esset.
423 1697 513 1732 Neque
540 1699 610 1725 enim
633 1706 777 1733 paucarmn
800 1698 906 1725 urbiutn

109 1745 286 1777 tetrarcham,
309 1753 395 1780 neque
421 1746 507 1780 gentis
534 1745 611 1772 unius
635 1753 735 1780 regem,
757 1745 804 1772 sed
832 1753 904 1776 eum,

107 1792 154 1826 qui
182 1793 324 1818 maximam
347 1791 419 1818 orbis
447 1796 549 1826 partetn
582 1795 703 1824 teneret,
723 1790 795 1818 hunc
819 1791 904 1825 ipsum

109 1837 217 1864 scilicet
239 1837 448 1871 sanguinarium,
463 1837 507 1872 qui
528 1837 660 1872 plurimas
682 1841 786 1871 gentes,
809 1837 905 1864 multas

109 1883 210 1916 urbes,
241 1884 400 1910 immensum
426 1883 571 1910 exercitum
600 1881 800 1915 moderabatur,
824 1886 905 1916 atque

107 1928 184 1956 omni
200 1936 233 1956 ex
256 1934 331 1963 parte
346 1927 521 1955 formidabilis
534 1932 602 1961 erat,
618 1927 652 1954 ab
674 1927 778 1962 imperii
800 1927 904 1962 magni-

108 1976 219 2007 tudine,
240 1983 255 2002 a
280 1983 383 2002 ntorum
412 1974 566 2007 ferocitate,
587 1973 662 2008 quasi
683 1973 736 2000 vile
754 1980 785 2000 ac
805 1973 904 2000 nullius

108 2022 187 2056 pretii
215 2021 393 2056 mancipium,
418 2021 452 2048 ab
477 2019 591 2048 ecclesia
617 2019 719 2053 expulit
744 2027 805 2046 eum
832 2023 904 2047 tanta

107 2070 236 2096 tirmitate
260 2068 395 2103 animique
413 2067 580 2099 constantia,
601 2070 699 2102 quanta
727 2071 817 2100 pastor
842 2073 902 2092 sca-

107 2115 212 2142 biosam
233 2120 261 2141 et
279 2114 427 2141 tuorbidam
445 2120 523 2140 ovetn
537 2120 551 2139 a
566 2120 646 2148 grege
664 2117 764 2145 arceat,
776 2111 903 2138 cohibens

107 2170 142 2188 ne
160 2161 272 2188 morbus
285 2161 343 2196 ejus
364 2165 475 2188 caneras
489 2167 553 2186 oves
573 2159 681 2186 alliciat.
707 2158 733 2186 Id
753 2166 818 2185 vero
842 2157 904 2185 fecit

105 2207 259 2234 Servatoris
272 2206 382 2233 verbum
407 2207 582 2237 confirmans,
604 2213 701 2240 nempe
721 2213 827 2232 servutn
843 2212 903 2232 esse

106 2253 196 2280 solum
215 2260 288 2285 eum,
305 2252 349 2287 qni
364 2256 501 2286 peccatum
517 2250 606 2282 faciat,
620 2251 741 2286 quamvis
762 2255 902 2278 sexcentas

106 2300 196 2334 capite
209 2306 323 2326 coronas
335 2303 431 2334 gestet,
448 2299 568 2332 quamvis
584 2297 716 2325 universis
732 2298 813 2324 totitts
830 2297 902 2324 orbis

106 2345 263 2372 hotuinibus
277 2345 409 2379 imperare
425 2344 544 2371 videatur
558 2352 564 2370 :
581 2343 653 2371 illutn
667 2351 731 2370 vero
746 2343 790 2378 qui
802 2343 902 2370 nullius

106 2393 210 2428 peccati
233 2393 282 2419 sibi
306 2393 428 2419 conscius
447 2392 498 2425 sit,
513 2392 561 2418 etsi
584 2391 651 2418 inter
673 2390 793 2418 subditos
814 2391 900 2417 locum

106 2439 214 2470 habent,
226 2439 283 2473 plus
293 2446 370 2472 quam
382 2445 458 2473 rcges
468 2445 561 2464 omnes
573 2444 682 2472 rt-gnare
692 2436 900 2464 eststimandum

103 2494 176 2513 esse.
192 2485 289 2512 Stalitn
303 2492 366 2519 ergo
380 2483 519 2518 imperanti
533 2483 657 2518 praecepit
671 2483 793 2510 subditus
807 2503 813 2514 ,
828 2488 854 2510 et
866 2482 901 2510 de

103 2533 226 2560 «nmium
247 2531 415 2559 moderatore
427 2530 555 2566 judicium
572 2530 647 2563 tulit,
659 2534 738 2564 atque
753 2529 902 2556 damnatio-

103 2580 145 2606 nis
159 2578 322 2606 sententiam
334 2577 433 2605 emisit.
453 2576 493 2604 Tu
510 2584 573 2603 vero
595 2576 658 2603 dum
680 2576 737 2603 haec
757 2576 832 2602 audis
845 2597 851 2607 ,
867 2583 901 2602 ne

103 2626 205 2652 dictum
228 2623 316 2651 obiter
339 2628 490 2658 pnetereas.
505 2622 570 2649 Nam
585 2621 626 2649 vel
641 2621 692 2649 hoc
712 2621 797 2648 solum
810 2641 817 2654 ,
830 2620 900 2655 quod

103 2671 296 2705 Imperatorem
309 2669 431 2696 subditus
445 2668 575 2703 quispiam
589 2668 622 2695 ab
634 2668 753 2694 ecclesia:
771 2666 900 2694 vestibulo

102 2718 224 2751 cjecerit,
240 2715 339 2744 sufﬁcit
349 2715 382 2742 ad
396 2715 546 2742 auditorum
557 2715 659 2741 animos
672 2714 826 2741 excitandos
839 2721 900 2749 per-

102 2763 304 2797 cetlcndosque.
327 2761 355 2790 Si
379 2762 419 2788 vis
444 2766 532 2788 autem
559 2765 642 2788 totum
667 2760 823 2787 miraculum
838 2760 900 2787 dilia

101 2816 196 2847 genter
212 2809 360 2845 ediscere,
372 2816 407 2835 ne
428 2807 541 2842 simplici
564 2806 673 2834 dictioni
693 2806 814 2833 attendas
828 2826 836 2839 ,
852 2805 899 2834 sed

103 2864 193 2887 tecum
207 2861 301 2893 reputa
317 2855 454 2890 satellites,
471 2858 586 2882 scutatos
596 2874 603 2887 ,
616 2852 747 2887 tribunos,
759 2851 842 2880 duces
854 2853 898 2887 qui

1718 133 1770 163 542

977 181 1005 209 in
1027 182 1099 216 regia
1120 181 1247 215 aluntur,
1264 191 1310 211 eos
1331 185 1376 219 qui
1398 185 1549 214 civitatibus
1574 188 1764 223 pneflciuutur,

974 227 1149 261 praeeuntium
1163 227 1271 261 fastum,
1285 230 1451 264 sequentium
1466 237 1492 258 et
1503 233 1663 268 abigentium
1678 236 1769 263 inulti-

975 273 1110 306 tudinem,
1124 274 1258 310 aliumque
1277 275 1431 304 famulatum
1445 283 1541 306 totum.
1560 279 1659 307 Deinde
1680 281 1767 316 ipsum

975 319 1163 354 Imperatorem
1177 321 1203 348 in
1220 322 1308 349 medio
1320 343 1326 353 .
1343 323 1442 357 ingenti
1457 332 1517 351 cum
1532 326 1600 353 fastu
1616 327 1768 362 ingredien-

975 369 1028 392 tem
1039 386 1046 398 ,
1060 367 1105 401 qui
1118 366 1298 394 houorabilior
1314 369 1435 396 videatur
1454 378 1485 397 ex
1502 372 1620 399 vestibus
1633 394 1639 403 ,
1652 381 1685 400 ex
1703 382 1765 408 pur-

975 418 1038 446 pura
1048 432 1056 443 ,
1070 420 1102 439 ex
1117 414 1229 447 getntnis
1245 418 1299 440 tum
1314 415 1429 450 undique
1443 418 1542 450 sparsis
1557 416 1582 444 in
1603 418 1694 446 dextra
1708 441 1715 452 ,
1732 420 1764 447 ad

973 459 1174 485 Commissatum
1187 460 1364 494 paludamenti
1376 482 1382 492 ,
1397 467 1451 488 tttm
1464 470 1496 489 ex
1508 463 1656 491 diademate
1668 465 1693 491 in
1707 467 1766 500 ejus

973 504 1059 538 capite
1069 504 1240 538 fulgentibus.
1254 505 1344 540 Ni-que
1357 507 1407 533 huc
1423 515 1504 542 usque
1520 509 1658 543 Iltlilgittt'm
1675 511 1764 542 sistis,

973 549 1021 576 sed
1034 558 1091 575 eam
1104 557 1186 585 u~que
1197 550 1229 577 ad
1243 559 1347 578 St‘l‘thltl
1363 552 1407 579 Dei
1420 553 1523 580 beatum
1536 553 1661 590 Bahylatu
1672 562 1765 582 exten-

973 595 1032 627 das,
1050 595 1159 630 ejusque
1177 597 1300 624 lnunilem
1332 598 1460 632 habitum,
1476 600 1602 628 amictum
1619 602 1764 637 vulgarent,

972 641 1088 668 animum
1102 644 1254 676 contritum,
1265 651 1371 670 sensum
1385 645 1419 671 ab
1429 645 1501 672 omni
1516 646 1624 674 audacia
1637 649 1762 679 alienum;

971 691 999 714 et
1013 695 1072 714 cum
1088 689 1179 715 atubos
1194 690 1366 723 descripseris
1381 697 1524 726 mutuoque
1535 695 1687 722 contuleris.
1702 699 1764 722 tunc

971 740 1026 759 rem
1053 733 1122 761 illam
1142 735 1288 762 mirabilem
1312 737 1394 771 probe
1416 745 1580 772 cognosces;
1600 740 1652 766 imo
1674 748 1706 766 ne
1725 741 1764 768 sic

971 779 1076 813 quidem
1087 787 1209 808 accurate
1219 784 1430 816 cotnprehvndes
1439 793 1445 811 :
1454 785 1523 811 illam
1533 787 1630 820 quippe
1641 788 1762 821 loquendi

971 825 1119 854 libertatem
1141 836 1190 855 nec
1209 837 1297 856 sermo
1316 837 1365 856 nec
1378 832 1431 857 oris
1447 833 1550 866 species
1573 840 1763 867 i-rjii'a-settulre

971 877 1071 905 potest.
1088 873 1134 899 sed
1150 874 1205 900 Sola
1219 876 1381 907 experientia
1396 881 1422 903 et
1435 885 1506 904 usus.
1519 877 1603 904 Porro
1620 879 1762 913 impt't'lnr-

969 918 1059 945 italum
1073 918 1130 953 ejus
1140 920 1257 947 animum
1273 921 1317 948 ille
1329 922 1401 949 Solus
1419 923 1499 956 probe
1515 932 1593 951 nosse
1609 926 1700 959 possit,
1716 927 1761 961 qui

970 963 1082 997 idipsuiu
1107 971 1167 990 cum
1191 965 1235 992 illo
1260 966 1362 993 ﬁducia:
1382 969 1485 994 culmen
1509 969 1640 1000 attingere
1663 972 1759 998 vah-at.

968 1007 1106 1040 Quomodo
1121 1010 1190 1036 enini
1201 1018 1281 1038 senex
1296 1012 1338 1039 ille
1352 1013 1625 1049 arce~sit?tpiontodo
1634 1017 1717 1043 satelli
1731 1024 1761 1044 es

969 1055 1089 1089 trajecit?
1099 1057 1232 1091 quomodo
1245 1066 1274 1084 os
1289 1059 1411 1093 aperuit?
1422 1061 1553 1095 quomodo
1568 1063 1689 1097 loquutus
1700 1069 1739 1090 est
1748 1064 1761 1091 ?

967 1102 1100 1135 quomodo
1117 1103 1263 1137 corripuit?
1275 1106 1408 1139 quomodo
1431 1106 1551 1134 dcam-nl
1577 1108 1701 1142 imposuit
1715 1117 1761 1143 pe-

966 1151 1032 1174 ctori
1058 1147 1094 1174 illi
1113 1148 1200 1176 adhuc
1220 1149 1405 1178 intutnesct-uti
1426 1157 1503 1186 atque
1530 1153 1603 1180 cmde
1630 1153 1760 1182 ferventi?

967 1193 1100 1226 quomodo
1122 1194 1279 1221 homicidam
1296 1196 1408 1230 repulit?
1421 1196 1491 1223 Nihil
1513 1206 1601 1225 rerum
1622 1205 1758 1235 gestarum

966 1238 1093 1265 exterruit
1114 1243 1142 1265 et.
1162 1247 1176 1266 a
1193 1241 1328 1274 praposito
1343 1241 1461 1269 dedunt.
1477 1242 1499 1270 0
1513 1244 1631 1271 anituum
1658 1246 1759 1280 imper-

966 1285 1085 1311 territum
1096 1305 1103 1316 ,
1120 1291 1288 1321 mentemque
1303 1287 1444 1315 sublimem
1457 1289 1463 1315 !
1476 1298 1492 1314 υ
1507 1290 1614 1317 caeleste
1628 1297 1718 1325 pectus
1731 1298 1758 1319 et

964 1331 1139 1357 constantiam
1154 1332 1317 1366 angelicam!
1335 1336 1371 1359 Ac
1382 1334 1403 1360 si
1419 1334 1490 1361 enim
1506 1343 1628 1370 pompam
1645 1337 1714 1364 illam
1731 1339 1757 1366 in

965 1383 1042 1403 muto
1060 1376 1191 1411 depictam
1210 1384 1393 1411 couSpieeret.
1406 1381 1444 1406 sic
1468 1380 1598 1415 intrepide
1613 1384 1700 1409 omnia
1713 1391 1759 1418 ge-

963 1430 1074 1450 nerosus
1089 1424 1129 1451 vir
1141 1424 1257 1458 perfecit.
1272 1425 1335 1452 Erat
1349 1426 1419 1452 enim
1432 1425 1528 1453 divmis
1543 1426 1582 1453 his
1592 1428 1759 1463 dogmatibus

963 1468 1097 1496 institutus
1108 1489 1115 1502 ,
1130 1470 1200 1504 quod
1224 1471 1289 1497 scitir
1299 1475 1342 1502 et.
1360 1471 1454 1499 umbra
1468 1477 1495 1499 et
1509 1474 1641 1500 somnium
1664 1473 1758 1509 hisque

962 1514 1081 1542 inaniora
1099 1515 1152 1543 sint
1174 1516 1250 1550 hujus
1271 1517 1361 1544 tnundi
1381 1519 1496 1553 negotia.
1511 1518 1571 1546 ldrt)
1585 1520 1648 1547 nihil
1664 1528 1756 1548 eorum

962 1561 1047 1595 ipsum
1063 1561 1208 1593 exterruit.
1224 1563 1278 1589 imo
1293 1562 1413 1590 fiduciam
1434 1564 1522 1591 omnia
1543 1565 1681 1593 indidere:
1696 1566 1756 1593 illa.

963 1615 1020 1634 rum
1036 1608 1134 1643 quippe
1150 1616 1237 1636 rerum
1252 1615 1376 1644 aspectus
1390 1610 1448 1645 ejus
1463 1616 1577 1638 Illelllt‘lll
1593 1614 1755 1641 ttaustuiite-

961 1649 1005 1676 bat
1023 1651 1056 1677 :td
1078 1658 1221 1684 supernum
1238 1659 1346 1686 regem,
1360 1652 1404 1687 qui
1417 1653 1491 1680 sedet
1508 1660 1588 1688 super
1608 1654 1753 1682 Cherubitu

959 1700 987 1722 et
1001 1696 1116 1722 intuetur
1130 1695 1258 1731 abySsos,
1272 1697 1305 1724 ad
1322 1696 1445 1724 thronum
1459 1698 1603 1732 gloriosum
1624 1705 1648 1727 et
1663 1701 1754 1727 excel-

958 1747 1028 1773 sam,
1043 1740 1075 1767 ad
1088 1741 1220 1768 caslestem
1235 1743 1393 1774 exercitum,
1404 1742 1436 1770 ad
1446 1744 1577 1779 myriadas
1587 1744 1753 1779 angelorum,

959 1785 992 1813 ad
1006 1786 1087 1813 millia
1101 1788 1319 1821 archangeloruut
1333 1808 1340 1820 ,
1354 1788 1387 1815 ad
1404 1789 1522 1816 terribile
1544 1789 1606 1816 illud
1620 1791 1733 1818 tribunal
1744 1811 1752 1823 .

958 1832 990 1858 ad
1013 1831 1140 1867 judicium
1164 1833 1226 1859 illud
1249 1833 1308 1861 siue
1328 1835 1483 1868 acceptione
1510 1843 1701 1869 personarum,
1718 1836 1752 1863 ad

957 1878 1064 1906 ﬂuvium
1080 1879 1156 1914 ignis,
1169 1880 1201 1906 ad
1214 1879 1332 1907 Judict'm
1345 1880 1439 1914 ipsum.
1450 1880 1616 1916 Quapropter
1627 1889 1655 1909 se
1669 1887 1752 1910 totum

957 1932 972 1952 a
985 1931 1053 1952 terra
1070 1926 1096 1952 in
1111 1927 1204 1952 ca‘lum
1219 1927 1380 1953 transferens
1392 1947 1400 1959 ,
1416 1928 1490 1961 quasi
1508 1927 1543 1954 illi
1558 1927 1642 1954 Judici
1664 1928 1754 1954 adsta-

957 1975 1008 2002 rct,
1023 1971 1161 2006 ipsumque
1173 1972 1346 2007 imperantem
1357 1972 1474 2005 audiret,
1492 1978 1519 2000 tit
1534 1973 1662 2000 nefarium
1677 1974 1751 2002 illtun

957 2024 988 2043 ac
1000 2017 1142 2044 srelestum
1153 2025 1184 2044 cx
1201 2025 1278 2045 sacro
1291 2018 1352 2045 ovili
1368 2018 1516 2052 expelleret
1526 2038 1533 2050 ,
1547 2019 1586 2045 sic
1598 2019 1677 2053 cjecit
1693 2027 1719 2047 et
1735 2028 1751 2047 a

957 2062 1067 2097 reliquis
1089 2062 1183 2089 ovibus
1204 2062 1399 2098 sequestravit,
1418 2063 1450 2090 ad
1473 2063 1536 2090 nihil
1551 2072 1643 2090 eorum
1667 2066 1751 2100 respio

956 2110 1048 2143 ciens,
1065 2118 1126 2145 qua:
1145 2110 1300 2138 videbantur
1321 2109 1449 2137 terribilia
1475 2117 1554 2142 esse,
1570 2111 1617 2138 sed
1641 2111 1752 2139 viriliter
1782 2102 1785 2105 l

957 2157 1030 2185 itlum
1040 2165 1070 2184 ac
1078 2165 1208 2192 generose
1217 2157 1359 2184 admodum
1373 2157 1504 2191 repellens
1518 2157 1622 2185 violatis
1633 2158 1677 2186 hei
1687 2158 1752 2193 legi-

956 2203 1005 2230 bus
1013 2211 1091 2238 opem
1104 2203 1171 2230 tulit.
1179 2204 1257 2237 Atqui
1271 2208 1368 2238 quanta
1379 2211 1440 2237 erga
1450 2208 1561 2230 caeteros
1570 2203 1664 2231 ﬁducia
1674 2212 1750 2231 usmn

956 2251 1030 2278 illum
1039 2259 1098 2278 esse
1109 2259 1156 2285 par
1164 2250 1221 2278 est?
1231 2250 1280 2284 Qui
1289 2250 1359 2278 enim
1372 2250 1545 2284 imperantem
1556 2255 1626 2277 tanta
1634 2258 1693 2277 eum
1705 2259 1751 2286 po«

955 2300 1052 2324 testate
1062 2303 1203 2331 aggressus
1215 2301 1266 2328 est,
1280 2303 1358 2330 quem
1374 2295 1537 2330 rcliquorutn
1552 2295 1751 2323 formidaverit?

956 2342 1084 2376 Equidem
1090 2341 1193 2376 opinor,
1204 2341 1257 2368 into
1264 2348 1315 2368 non
1321 2341 1425 2375 opiner,
1433 2340 1479 2368 δρᾶ
1488 2340 1579 2374 credo,
1587 2341 1669 2368 virum
1677 2342 1750 2369 illum

955 2397 1005 2416 nec
1024 2388 1057 2416 ad
1078 2388 1190 2423 gratiam
1206 2395 1255 2416 nec
1269 2387 1302 2414 ad
1322 2387 1412 2414 odiutn
1434 2387 1569 2422 quidpiam
1589 2387 1686 2415 fecisse
1708 2388 1750 2416 vel

955 2435 1054 2462 dixisse
1068 2441 1211 2469 umquam;
1225 2433 1271 2460 sed
1283 2433 1412 2460 adversus
1427 2433 1549 2460 timorem
1562 2453 1570 2467 ,
1583 2437 1610 2461 et
1623 2433 1751 2461 adversus

956 2481 1052 2508 timore
1066 2481 1241 2516 potentiorem
1254 2479 1433 2507 adulationetn
1447 2499 1455 2512 ,
1469 2484 1496 2507 et.
1507 2479 1559 2507 alia
1570 2480 1676 2511 similia,
1691 2488 1751 2515 qua:

955 2527 1024 2562 apud
1046 2526 1168 2554 homines
1184 2526 1265 2553 multa
1280 2526 1395 2558 ad~unt,
1412 2526 1512 2553 utiliter
1524 2526 1681 2561 fortiterque
1696 2531 1752 2554 ste-

955 2574 1028 2606 tisse,
1041 2580 1072 2600 ac
1083 2580 1116 2600 ue
1131 2572 1262 2599 tantillum
1275 2572 1380 2607 quidem
1392 2573 1457 2599 recti
1471 2572 1562 2606 judicii
1573 2573 1752 2600 adulterassc.

958 2619 987 2647 Si
1002 2619 1072 2647 enim
1086 2619 1198 2646 amictus
1212 2618 1271 2650 viri,
1286 2617 1405 2646 deutiuut
1417 2618 1487 2646 risus
1498 2639 1506 2651 ,
1522 2619 1617 2653 pedum
1631 2619 1751 2646 incessus

954 2666 1011 2700 ejus
1018 2672 1106 2691 mores
1114 2668 1227 2699 arguunt
1235 2663 1329 2697 (Eccli.
1345 2663 1388 2691 l9.
1398 2663 1454 2699 26),
1465 2664 1548 2691 multo
1557 2664 1640 2699 magis
1647 2669 1746 2692 castora

954 2712 987 2738 ab
997 2717 1030 2738 eo
1041 2710 1167 2745 praeclare
1174 2715 1247 2745 gesta
1261 2709 1402 2737 ostendere
1412 2715 1524 2745 possunt
1534 2715 1639 2745 quanta:
1648 2710 1673 2737 in
1688 2710 1750 2737 reli-

954 2766 1004 2793 qua
1013 2757 1065 2784 vita
1077 2757 1181 2784 virtutis
1192 2755 1272 2784 fuerit
1284 2765 1290 2784 :
1303 2763 1391 2792 neque
1401 2757 1471 2784 enim
1483 2757 1517 2784 ob
1529 2757 1651 2784 fiduciam
1661 2757 1747 2785 solum

953 2803 1176 2831 admirandusille
1188 2807 1239 2836 est,
1251 2803 1298 2831 sed
1306 2802 1377 2838 quod
1392 2803 1515 2830 fiduciam
1535 2803 1605 2831 illaut
1615 2810 1648 2830 eo
1663 2811 1747 2839 usque

954 2850 1118 2886 produxerit,
1129 2854 1183 2877 tum
1195 2849 1357 2885 etiamquod
1370 2849 1394 2878 ei
1409 2848 1474 2877 nihil
1486 2848 1597 2877 ulterius
1606 2849 1748 2885 addiderit.
