1969 3130
254 125 306 152 διδ

288 191 314 218 7.
330 190 401 218 Talis
411 191 510 226 qttippe
523 195 563 217 est
576 190 673 218 Christi
687 191 814 225 sapientia
825 211 833 221 .
848 199 907 225 qua:
923 198 972 218 nec
982 191 1044 226 plus

249 237 323 272 justo
337 236 477 265 decertare
492 238 627 272 permittat
639 258 647 270 ,
659 238 707 264 sed
721 237 818 265 ubiaue
831 235 1044 265 moderationem

250 289 349 311 servet.
363 283 442 318 Atqui
454 283 501 318 ipsi
516 283 623 316 licebat,
638 284 660 310 si
674 287 813 317 voluisset,
824 284 892 310 ultra
907 283 1042 318 progredi.

250 329 280 357 Ei
295 329 366 356 enim
381 329 424 363 qui
438 330 498 356 vitm
514 337 604 356 cttram
617 329 758 364 abjecisset
771 329 835 366 (non
850 329 920 356 enim
934 335 1044 364 prorsus

248 375 416 406 accessisset.
432 375 482 402 nisi
496 384 525 402 se
539 375 689 410 hujusmodi
700 375 903 410 cogitationibus
915 375 1042 402 armavis-

247 421 318 456 set),
332 428 392 449 cum
408 426 538 456 potestate
549 423 636 448 onmia
654 421 740 448 facere
753 421 869 454 licebat,
883 427 910 448 et
924 421 1041 455 Impera-

247 472 334 494 torem
351 467 519 495 contumeliis
541 474 684 502 aspergere
696 487 703 498 ,
719 471 746 494 et
758 467 880 494 diadema
902 466 938 494 de
954 466 1041 502 capite

243 513 399 547 detrahere,
413 519 438 541 et
455 514 550 549 pugnis
564 521 595 541 os
606 513 780 544 contundere,
794 512 901 548 quando
917 512 1038 539 dextram

244 559 270 586 in
289 565 380 595 pectus
400 560 518 594 impegit.
534 559 586 587 Sed
609 559 674 586 nihil
696 559 790 586 ltorum
811 559 894 587 fecit:
910 559 1039 594 spirttuali

246 613 361 640 namque
373 606 429 632 sale
442 605 575 634 conditam
589 605 704 633 habebat
715 606 832 633 animant
845 614 852 633 :
864 606 1037 640 quamobrem

245 651 310 678 nihil
327 655 427 678 temere
441 651 481 678 vel
493 650 590 678 frustra
601 650 664 686 egit,
678 651 725 678 sed
740 651 828 677 omnia
844 655 917 678 recto
928 651 1038 678 rationis

242 696 344 731 judicio
351 702 378 724 et
386 697 484 724 saniori
497 697 576 724 modo
588 706 594 722 :
608 705 659 723 non
670 696 891 731 quemadmodum
902 697 1036 730 gentilium

242 743 376 777 rapientes
389 763 396 775 ,
412 743 456 777 qtti
479 743 615 769 moderate
632 750 776 776 numquam
790 762 798 774 ,
812 742 858 769 sed
876 743 973 776 ubique
985 763 991 771 ,
1009 747 1037 769 ut

242 788 277 816 ita
296 789 382 816 dicam
392 809 400 822 ,
416 794 461 815 aut
475 789 533 823 plus
547 792 593 815 aut
607 788 694 815 minus
707 809 714 821 ,
727 796 806 823 quam
822 796 870 822 par
883 793 937 819 cst,
952 788 1036 815 confi—

242 835 360 863 dentiam
376 835 501 863 exhibent
515 843 601 865 suam.
617 836 652 862 ita
667 840 696 862 ut
710 843 838 868 nusquam
855 834 1033 867 fortitudinis,

241 881 288 908 sed
301 881 518 909 imttionabilium
534 881 675 908 affectuum
694 881 845 915 opinionem
870 881 966 915 ubique
984 881 1034 909 sibi

240 927 400 957 concilient;
415 927 457 953 ubi
473 929 560 954 minus
577 927 735 961 prmstitere,
752 926 918 958 formidinis;
932 927 974 953 ubi
988 935 1033 954 ex-

238 979 355 1001 cessere.
368 973 525 1007 arrogantiae
537 977 565 999 et
577 980 651 999 vanae
665 972 757 1007 gloria:
771 972 840 1006 apud
860 979 954 999 oumes
967 980 1032 999 coit-

239 1018 312 1046 vit-ti.
323 1020 357 1045 At
368 1026 420 1045 non
434 1019 496 1045 item
513 1018 606 1046 beatus
620 1018 664 1046 ille
676 1027 683 1045 :
698 1026 749 1046 non
763 1019 834 1046 enim
849 1023 949 1046 temere
961 1019 1032 1054 quod

236 1064 263 1092 in
279 1070 394 1092 ttteutem
410 1065 511 1092 subiret
525 1066 631 1100 agebat.
645 1065 692 1092 sed
705 1066 811 1092 cunctis
822 1069 946 1093 accurate
966 1073 1032 1092 exa-

236 1110 355 1143 minatis,
366 1111 585 1146 concinnatis-que
597 1111 744 1138 secundmn
757 1111 859 1138 divinas
870 1111 942 1146 leges
955 1112 1029 1146 cogi-

236 1156 396 1189 tationibus,
409 1157 447 1184 sic
459 1157 491 1184 ad
501 1165 568 1191 opus
578 1165 623 1184 eas
639 1157 741 1184 eduxit.
752 1157 866 1192 Ideoque
885 1158 1029 1185 sectionem

235 1210 288 1230 non
305 1203 330 1229 in
347 1203 489 1238 superficie
505 1208 607 1230 tantum
622 1203 684 1231 fecit
696 1224 703 1235 ,
720 1212 753 1230 ne
765 1204 850 1238 major
864 1211 924 1239 pars
941 1204 1029 1232 allecti

234 1250 345 1278 membri
365 1256 532 1282 remaneret;
546 1259 631 1285 neque
651 1250 852 1285 profundiorem
864 1272 870 1283 ,
885 1258 965 1285 quam
982 1259 1030 1286 par

232 1301 308 1329 erat,
321 1303 356 1323 ue
375 1296 458 1331 plagze
471 1304 585 1323 excessu
608 1297 749 1323 sanitatem
762 1301 965 1332 corrumperet;
979 1297 1025 1324 scd

233 1343 308 1378 plaga
323 1343 355 1370 ad
371 1343 492 1370 morbtnn
507 1347 681 1377 attemperata
694 1364 701 1375 ,
716 1343 755 1370 sic
765 1344 892 1378 optimam
908 1343 1027 1370 adhibuit

233 1388 403 1415 medicinam.
423 1388 490 1415 IIittc
505 1388 579 1415 illum
596 1388 644 1421 ira,
661 1388 773 1423 ignavia,
791 1389 941 1423 arrogantia
957 1409 964 1421 ,
979 1397 1025 1415 va-

229 1441 271 1461 na:
292 1433 383 1469 gloria:
403 1433 543 1467 cupidine,
556 1433 635 1466 odio,
648 1438 737 1465 metu,
756 1434 907 1461 adulatione
928 1441 1024 1468 purum

230 1488 290 1508 eese
303 1481 413 1508 fidenter
429 1480 633 1515 pronuntiarim.

264 1526 357 1553 Modus
371 1526 396 1553 in
412 1527 493 1553 rebus.
506 1541 540 1546 -
553 1526 628 1559 Quod
643 1526 665 1552 si
679 1525 739 1560 quid
752 1525 962 1560 inexspectatum
975 1525 1017 1552 di-

227 1579 290 1600 cere
302 1580 370 1608 opus
384 1573 428 1605 sit,
444 1581 496 1599 tton
511 1576 563 1599 tam
577 1573 659 1599 miror
678 1572 783 1599 beatum
799 1572 872 1598 illtmt
885 1572 956 1606 quod
970 1571 1024 1599 Im-

229 1619 358 1653 peratoris
380 1617 497 1645 furorem
521 1618 667 1652 reprimere
688 1625 767 1644 ausus
787 1617 831 1649 sit,
855 1625 933 1652 quam
952 1618 1023 1653 quod

226 1664 384 1693 intellexerit
405 1669 535 1699 quatenus
550 1664 600 1691 hoc
613 1664 698 1698 ipsqu
713 1664 800 1691 facere
812 1668 957 1698 oporteret,
975 1672 1024 1692 nec

225 1711 367 1745 quidquam
381 1711 491 1737 ulterius
505 1710 545 1737 vel
561 1710 652 1737 fecerit
665 1709 706 1737 vel
721 1710 826 1736 dixerit.
841 1710 917 1742 Quod
931 1715 1021 1737 autem

229 1757 280 1784 hoc
292 1757 326 1783 sit
340 1757 384 1784 illo
398 1756 544 1784 mirabilius
556 1777 564 1790 ,
579 1756 676 1783 multos
699 1756 817 1783 invenire
838 1760 889 1788 est,
904 1757 946 1791 qtti
961 1763 1021 1783 cum

225 1802 288 1829 illud
304 1802 424 1835 fecerint,
439 1802 490 1829 hoc
503 1807 629 1837 praestare
641 1809 693 1830 non
708 1806 858 1837 potuerunt.
876 1802 941 1829 Nam
956 1811 1016 1831 cum

226 1847 348 1875 libertate
360 1848 431 1883 loqui
446 1848 555 1883 quilibet
569 1856 640 1883 stepe
660 1853 790 1884 possunt;
805 1848 918 1883 idipsum
931 1855 1019 1877 autem

201 1898 205 1902 ‘
225 1898 356 1929 tempore,
369 1893 459 1926 modo,
475 1894 658 1921 moderatione
669 1901 699 1921 ac
713 1893 850 1928 prudentia
865 1895 1020 1930 congruenti

223 1944 365 1975 prmstare.
381 1941 469 1975 magni
482 1940 685 1975 admirandique
696 1941 776 1967 animi
787 1946 838 1968 est.
849 1940 1020 1975 Quandoqui—

225 1986 286 2013 dem
296 1986 403 2013 beatum
416 1986 498 2013 David
509 1994 603 2021 magna
615 1994 674 2013 cum
683 1985 842 2014 conﬁdentia
852 1986 1019 2014 contumeliis

224 2032 333 2060 incessit
346 2033 445 2066 Semei,
460 2032 601 2067 virumque
614 2033 770 2067 sanguinum
785 2032 887 2059 vocavit
901 2031 938 2067 (2.
954 2032 1017 2068 Reg.

225 2079 269 2105 Ιϐ.
282 2079 310 2114 5)
325 2087 332 2110 ;
348 2082 376 2106 at
396 2086 449 2105 non
470 2078 495 2105 id
509 2086 559 2113 ego
581 2078 703 2104 fiduciam
726 2078 767 2105 vel
783 2077 930 2105 libertatem
944 2077 1020 2104 dixe-

224 2123 295 2155 rim,
321 2123 367 2150 sed
395 2123 490 2157 lingua:
519 2123 606 2156 potius
631 2122 858 2156 intemperantiam
883 2121 1018 2156 animique

223 2168 372 2201 audaciam,
385 2168 592 2199 contumaciam,
606 2168 796 2202 arrogantiam,
811 2172 838 2194 et
851 2167 956 2202 qttidvis
968 2175 1017 2201 po-

221 2214 284 2247 tius,
299 2222 377 2249 quam
401 2214 559 2242 libertatem.
575 2214 627 2241 Par
641 2219 682 2241 est
696 2214 779 2246 enim,
794 2217 822 2240 ttt
844 2218 920 2249 puto,
935 2221 995 2240 eum
1008 2234 1016 2246 ,

222 2260 268 2295 qui
283 2260 472 2295 redarguturus
485 2265 537 2292 est,
553 2259 587 2287 ab
600 2260 708 2287 audacia
724 2260 839 2286 maxime
853 2264 932 2294 atque
944 2267 1019 2286 arro-

221 2306 309 2339 gantia
331 2305 475 2337 abstinere,
490 2306 596 2339 vimque
608 2312 682 2332 suam
696 2305 720 2331 itt
735 2309 826 2331 natura
841 2309 941 2331 tantum
955 2312 1017 2331 ver-

222 2350 316 2377 borum
340 2355 530 2385 gestorumque
560 2349 755 2377 demonstrare.
781 2349 876 2376 Medici
904 2357 1017 2384 namque

220 2403 281 2423 cttm
297 2396 400 2430 putrida
414 2396 533 2423 membra
557 2403 678 2424 resecare
699 2400 728 2424 et
741 2396 878 2423 aestuantia
899 2397 1016 2430 compri-

221 2451 296 2471 mere
315 2451 382 2478 orus
403 2447 455 2477 est,
470 2451 522 2471 non
539 2444 584 2470 ira:
599 2443 670 2478 pleni
685 2443 841 2471 medicinam
856 2442 1015 2477 aggrediun-

220 2496 278 2518 tur:
289 2489 336 2517 sed
349 2498 407 2517 .unc
418 2490 532 2517 maxime
541 2490 567 2517 in
576 2490 742 2517 convenienti
750 2494 818 2517 statu
828 2490 1014 2524 cogitationem

219 2537 357 2564 continere
380 2536 498 2569 student,
514 2544 547 2563 ne
562 2535 724 2571 perturbatio
743 2535 824 2563 animi
846 2540 941 2562 noceat
953 2535 1013 2561 arti.

219 2581 296 2616 Quod
309 2583 331 2608 si
348 2582 380 2614 is,
395 2582 438 2616 qtti
452 2588 549 2616 corpus
565 2588 659 2608 sanare
672 2581 755 2616 cupit,
771 2585 843 2608 tanta
857 2588 924 2616 opus
937 2580 1015 2607 habet

220 2628 301 2655 antmi
317 2627 518 2663 tranquillitate,
531 2627 680 2654 animarum
696 2626 802 2654 medico
822 2626 896 2661 quid,
911 2634 1013 2661 quaeso.

222 2672 371 2700 faciendum
385 2677 542 2704 statuemus.
556 2678 584 2699 et
597 2676 722 2707 quantam
737 2672 762 2699 in
776 2679 810 2700 eo
821 2671 1013 2707 philosophiam

221 2717 408 2753 requiremus?
422 2717 513 2753 Longe
525 2717 653 2752 majorem
664 2717 773 2750 scilicet,
783 2721 810 2745 et
822 2722 920 2744 tantam
931 2724 1015 2752 quan-

222 2768 277 2791 tam
301 2763 345 2791 ille
366 2767 466 2799 martyr
484 2763 612 2790 exhibuit.
636 2762 716 2790 Nobis
729 2763 799 2790 enim
822 2761 950 2797 quosdam
965 2769 1014 2790 ceu

217 2810 345 2837 terminos
360 2815 387 2836 et
397 2809 501 2844 regulas
515 2816 627 2845 ponens,
636 2813 664 2835 ut
678 2808 738 2836 inde
751 2807 858 2835 modum
873 2807 966 2842 agendi
983 2808 1009 2834 in

217 2855 322 2882 caeteris
335 2855 507 2890 proportione
527 2853 639 2890 quadam
653 2857 817 2889 mutuemur,
831 2853 870 2881 sic
884 2854 1010 2881 miserum

625 124 654 152 S.
675 123 814 152 JOANNIS
832 123 1075 152 CIIRYSOS'I‘OIII
1096 125 1254 155 ARCIIIEP.
1275 127 1540 158 CONSTANTINOP.

1843 135 1892 164 διδ

1103 191 1176 218 illum
1191 200 1206 219 a
1216 200 1292 220 sacro
1306 194 1396 223 limine
1407 196 1514 230 repulit.
1530 197 1690 233 Videturque
1701 207 1782 226 unum
1793 205 1891 229 tantum

1101 241 1164 264 tunc
1178 239 1260 273 probe
1273 245 1375 274 gestum
1389 248 1456 276 opus
1470 241 1552 270 fuisse
1564 250 1572 275 ι
1584 242 1633 271 sed
1644 244 1666 270 si
1680 244 1740 279 quis
1752 245 1817 272 illud
1829 254 1891 274 exa-

1099 283 1181 311 minet
1194 289 1221 311 et
1234 285 1349 321 undique
1357 293 1479 316 accurate
1491 289 1646 323 perpendat,
1657 295 1685 317 et
1696 290 1854 324 secundum,
1865 297 1891 319 et

1099 329 1205 357 tertium
1223 330 1284 358 huic
1306 331 1424 365 insitum,
1441 340 1618 369 magnumque
1640 335 1761 364 utilitatis
1784 336 1891 364 thesau-

1097 383 1157 402 rum
1182 377 1306 410 reperiet.
1320 377 1385 404 Nam
1408 378 1452 413 qui
1468 383 1530 406 tunc
1549 379 1727 414 rejiciebatur,
1744 389 1814 409 unus
1836 387 1891 410 tan-

1097 425 1153 447 tum
1168 427 1246 454 erat;
1271 423 1315 457 qui
1342 423 1443 450 lucrum
1469 424 1530 451 inde
1557 430 1736 461 reportarunt,
1765 428 1887 462 plurimi:

1095 466 1228 500 siquidem
1244 468 1269 494 in
1284 468 1396 503 imperio
1409 469 1476 504 ejus,
1491 470 1560 505 quod
1579 472 1721 499 maximam
1736 473 1811 500 orbis
1832 481 1890 508 par-

1095 515 1147 538 tem
1161 513 1402 547 complectebatur,
1418 520 1546 550 quotquot
1558 516 1687 544 increduli
1698 522 1787 550 erant,
1800 519 1888 546 obstu-

1093 556 1190 592 pefacti
1204 559 1343 594 miratique
1355 565 1426 593 sunt,
1441 560 1485 587 ubi
1502 561 1651 589 didicerunt
1664 569 1791 598 quantam
1805 566 1887 592 servis

1092 604 1148 631 suis
1161 604 1282 632 Christus
1295 606 1417 640 loquendi
1433 607 1553 634 ﬁduciam
1567 608 1714 642 indidisset,
1726 618 1804 637 suam
1819 611 1887 645 ipso-

1091 657 1149 676 rum
1165 650 1320 678 illiberalem
1342 656 1370 679 et
1393 652 1523 687 abjectam
1538 654 1691 682 servitutem
1715 656 1885 690 deriserunt,

1091 695 1215 722 \idcrunt
1228 701 1354 731 quantum
1370 698 1440 725 inter
1454 699 1663 727 Christianorum
1680 701 1848 730 nobilitatem
1862 709 1886 730 et

1089 741 1227 775 gentilium
1250 743 1439 776 turpitudinem
1461 744 1621 773 discriminis
1644 752 1724 773 esset.
1747 747 1855 774 Etenim
1871 749 1885 775 ii

1094 787 1162 820 apud
1179 787 1247 819 illos,
1262 788 1358 823 quibus
1370 796 1505 816 sacrorum
1519 798 1581 818 cura
1595 793 1747 819 concredita
1760 799 1814 825 est,
1829 794 1885 828 plus

1088 839 1167 866 quam
1193 832 1325 865 dominos,
1352 835 1411 869 plus
1435 843 1513 870 quam
1540 836 1609 863 idola
1634 845 1682 864 sua
1706 838 1884 873 Imperatores

1088 878 1190 910 colunt,
1208 878 1365 914 illorttmque
1379 886 1451 908 metu
1468 883 1616 910 simulacris
1630 885 1685 911 suis
1703 885 1836 919 assident,
1850 887 1882 913 ita

1087 928 1116 950 ut
1128 923 1236 958 tnaligni
1246 925 1382 953 dremones
1393 926 1598 960 Imperatoribus
1610 929 1659 956 sibi
1674 929 1763 957 collati
1776 930 1884 958 honoris

1085 969 1199 1003 gratiam
1216 969 1340 997 habeant.
1364 971 1455 1006 Itaque
1467 973 1510 1000 ubi
1524 974 1652 1009 contingit
1664 976 1817 1010 quempiam
1832 976 1883 1004 Im-

1086 1019 1234 1048 peratorem
1249 1016 1344 1047 creari,
1359 1017 1404 1051 qui
1419 1025 1478 1044 cum
1492 1018 1545 1046 illis
1558 1019 1688 1054 religione
1701 1028 1754 1047 non
1769 1029 1884 1049 consenc

1088 1061 1146 1091 tiat.
1163 1061 1184 1088 si
1199 1061 1259 1096 quis
1281 1062 1412 1090 idolorum
1436 1065 1532 1099 templa
1555 1065 1734 1100 ingrediatur,
1750 1067 1777 1094 in
1801 1068 1883 1096 muris

1085 1108 1182 1141 passim
1206 1108 1305 1137 videbit
1327 1115 1452 1138 extensas
1475 1119 1631 1139 aranearum
1654 1114 1732 1146 telas,
1756 1118 1882 1149 tantoque

1085 1154 1192 1188 pulvere
1204 1163 1376 1190 conspersam
1392 1162 1515 1190 statuam,
1539 1163 1568 1185 ut
1587 1167 1673 1193 neque
1687 1167 1780 1191 nasus,
1795 1168 1881 1196 neque

1086 1201 1190 1234 oculus,
1204 1210 1290 1237 neque
1304 1203 1353 1230 alia
1369 1204 1470 1239 qutcvis
1482 1212 1544 1239 pars
1559 1206 1647 1233 vultus
1660 1210 1799 1240 appareat,
1812 1207 1880 1234 alta-

1085 1248 1153 1274 rium
1167 1256 1232 1276 vero
1245 1249 1362 1284 reliquie:
1378 1250 1475 1284 solum,
1497 1251 1590 1286 majori
1604 1252 1715 1286 abrupta
1731 1257 1817 1287 parte,
1833 1260 1879 1280 su-

1082 1290 1203 1328 persunt,
1222 1299 1249 1322 et
1261 1295 1359 1330 alioqui
1375 1300 1427 1323 tam
1440 1296 1522 1323 densa
1539 1299 1653 1332 undique
1666 1298 1748 1326 herba
1762 1299 1878 1326 circum-

1081 1340 1142 1368 data
1159 1346 1230 1373 sunt,
1247 1346 1276 1368 ut
1290 1343 1333 1377 qui
1356 1343 1450 1369 altaria
1465 1351 1525 1371 esse
1541 1345 1653 1378 ignoret,
1669 1352 1795 1372 acervum
1809 1350 1878 1372 ster-

1080 1387 1183 1421 quilinii
1205 1395 1267 1415 esse
1291 1393 1373 1422 putet.
1401 1389 1484 1423 Hujus
1504 1390 1542 1416 rei
1557 1397 1634 1416 causa
1648 1396 1699 1422 est,
1721 1392 1794 1425 quod
1814 1392 1877 1419 olim

1080 1432 1132 1459 illis
1146 1432 1240 1460 liceret
1254 1440 1429 1468 quacumque
1444 1435 1542 1461 vellent
1563 1435 1684 1463 suffurari
1707 1441 1736 1463 et
1759 1444 1808 1470 per
1822 1442 1876 1464 sta-

1079 1482 1182 1506 tuarum
1198 1479 1297 1505 cultum
1314 1480 1398 1507 ventri
1421 1480 1558 1515 indulgere
1572 1490 1578 1507 :
1594 1488 1664 1508 nunc
1685 1486 1777 1508 autem
1797 1490 1875 1516 quam

1077 1523 1111 1551 ob
1122 1531 1228 1551 causam
1242 1532 1301 1552 sese
1311 1525 1506 1553 cruciaverint?
1519 1526 1673 1554 Assidentes
1683 1528 1756 1554 enim
1768 1535 1800 1555 ac
1813 1535 1872 1555 Sese

1077 1568 1248 1598 copiicientes
1268 1570 1301 1598 ab
1315 1570 1367 1598 illis
1380 1578 1413 1598 ne
1433 1571 1571 1599 minitnum
1584 1572 1690 1607 quidem
1707 1573 1812 1608 prmmti
1827 1580 1874 1600 ex-

1076 1620 1197 1651 spectant
1212 1625 1219 1643 :
1234 1621 1296 1643 sunt
1316 1618 1389 1644 enim
1410 1618 1481 1653 ligna
1505 1624 1532 1646 et
1553 1618 1676 1653 lapidese
1692 1619 1764 1654 qttod
1786 1623 1873 1647 autem

1076 1661 1136 1689 illos
1149 1662 1182 1689 ad
1197 1663 1373 1690 simulandtun
1393 1665 1491 1692 cultum
1513 1665 1622 1698 inducit,
1637 1670 1677 1693 est
1693 1665 1782 1693 honor
1795 1673 1872 1700 quem

1075 1707 1127 1735 illis
1148 1708 1275 1736 exhibent
1300 1709 1497 1744 Imperatores;
1520 1719 1612 1738 verum
1633 1715 1660 1738 et
1684 1711 1729 1738 ille
1752 1711 1873 1739 sublatus

1074 1758 1132 1787 est,
1147 1754 1254 1788 quando
1267 1754 1443 1789 Imperatores
1458 1756 1580 1791 sapiunt,
1601 1760 1628 1784 et
1642 1757 1687 1784 Dei
1711 1757 1810 1784 Filium
1825 1756 1873 1783 ad-

1074 1803 1161 1826 orant.

1109 1845 1136 1873 8.
1151 1844 1202 1872 Res
1215 1845 1416 1874 Christianorum
1429 1847 1454 1874 in
1468 1847 1659 1882 persequulione
1671 1848 1765 1883 ﬂorent
1779 1849 1873 1883 mgis.

1071 1906 1108 1912 —
1118 1892 1151 1918 At
1165 1896 1256 1919 nostra
1270 1899 1323 1919 non
1337 1893 1387 1920 hoc
1400 1900 1428 1920 se
1445 1893 1545 1920 habent
1557 1893 1646 1924 modo,
1658 1893 1704 1920 sed
1718 1893 1798 1928 plane
1808 1902 1875 1922 eou-

1073 1938 1163 1965 trario.
1173 1937 1239 1965 Cum
1253 1939 1323 1966 enim
1337 1939 1396 1974 quis
1409 1939 1536 1974 religione
1549 1939 1687 1966 nobiscum
1698 1940 1875 1968 consentiens

1073 1983 1271 2017 imperatorium
1295 1983 1351 2011 adit
1373 1984 1509 2017 thronum,
1524 1984 1735 2012 Christianorum
1761 1993 1806 2013 res
1829 1993 1875 2013 se-

1071 2029 1178 2062 gniores
1191 2029 1309 2056 evadunt
1326 2037 1333 2056 :
1350 2033 1451 2056 tantum
1462 2029 1538 2057 abest
1549 2034 1577 2056 ut
1587 2029 1711 2056 humanis
1723 2030 1876 2058 honoribus

1071 2074 1226 2108 erigantur;
1242 2082 1302 2101 cum
1324 2079 1413 2102 autem
1428 2075 1488 2109 quis
1504 2075 1601 2110 impius
1616 2075 1693 2103 nobis
1712 2075 1789 2110 plane
1805 2076 1875 2104 infe-

1071 2124 1129 2147 stus
1142 2120 1340 2155 innumerisque
1353 2128 1402 2148 nos
1413 2121 1488 2148 malis
1498 2121 1616 2148 afﬁciens
1630 2121 1771 2156 imperimu
1785 2126 1872 2155 tenet,

1071 2171 1134 2193 tunc
1156 2167 1251 2193 florent
1265 2171 1354 2193 nOstra
1375 2175 1405 2194 ac
1424 2167 1602 2201 splendidiora
1622 2168 1789 2199 efﬁciuntur,
1808 2174 1874 2196 tunc

1054 2212 1240 2246 .pnemiorum
1254 2217 1281 2239 ει
1292 2217 1451 2246 lropmorttnt
1475 2217 1590 2249 tempus,
1604 2218 1666 2240 ιιηιε
1685 2221 1850 2241 coronarunt
1863 2235 1872 2246 ,

1071 2258 1272 2292 praeconiorum,
1285 2266 1316 2285 ac
1325 2259 1486 2286 fortitudinis
1496 2258 1651 2286 exhibendae
1661 2260 1779 2286 occasio.
1791 2260 1871 2293 Quod

1070 2305 1092 2331 si
1105 2305 1166 2339 quis
1180 2305 1251 2332 dicat
1272 2305 1351 2332 etiam
1368 2312 1438 2332 nunc
1460 2312 1601 2339 superesse
1622 2305 1702 2333 urbes
1719 2314 1782 2341 quae
1796 2307 1871 2334 circa

1070 2350 1201 2377 idolorum
1223 2350 1352 2377 insaniam
1374 2358 1465 2385 parem
1489 2350 1614 2378 exhibent
1634 2351 1735 2378 cultum
1748 2371 1756 2384 ,
1780 2352 1872 2386 primo

1069 2395 1176 2429 quidem
1198 2402 1295 2430 paucas
1309 2396 1468 2426 numerabit,
1485 2401 1668 2423 verumtamen
1688 2404 1722 2424 ne
1742 2396 1794 2424 hac
1806 2398 1870 2433 qui-

1069 2441 1129 2469 dem
1145 2442 1248 2468 ratione
1262 2441 1350 2469 verbis
1364 2442 1430 2469 meis
1444 2442 1544 2469 orﬁciet
1561 2451 1567 2468 :
1583 2446 1673 2470 manet
1685 2442 1759 2470 enim
1771 2444 1870 2471 eadem

1069 2487 1234 2522 hypothesis,
1249 2494 1280 2514 ac
1293 2495 1341 2522 pro
1354 2486 1515 2522 Imperatore
1535 2488 1607 2514 cives
1621 2487 1732 2521 habent,
1748 2488 1795 2523 qui
1819 2496 1870 2524 pa-

1069 2542 1125 2561 rem
1140 2534 1191 2561 illis
1203 2537 1328 2568 praastent
1340 2533 1479 2561 honorem.
1492 2534 1578 2568 Atque
1588 2534 1666 2567 hujus
1676 2533 1767 2561 cultus
1777 2542 1869 2562 cause

1068 2584 1131 2607 sunt
1144 2580 1259 2615 crapula:
1282 2583 1310 2607 et
1327 2579 1535 2611 comessationes
1558 2586 1613 2606 tum
1627 2579 1731 2607 diurnre
1745 2584 1801 2606 tum
1816 2587 1868 2607 no.

1068 2631 1180 2657 σιω-ηεξ,
1205 2625 1285 2656 Iibim.
1302 2630 1437 2660 tympana,
1452 2625 1560 2652 libertas
1581 2624 1813 2660 impudentissime
1830 2625 1869 2652 lo-

1068 2671 1164 2706 quendi
1179 2671 1276 2706 turpia,
1289 2670 1386 2705 agendi
1400 2671 1528 2705 turpiora,
1540 2677 1598 2697 sese
1605 2670 1673 2697 cibis
1684 2669 1868 2705 ingurgitavi-li

1068 2717 1153 2744 donec
1177 2716 1362 2751 dirumpantttr
1386 2723 1440 2752 prze
1462 2716 1600 2748 ebrietate,
1621 2715 1818 2746 debacchandi,
1840 2721 1867 2741 et

1069 2762 1094 2789 in
1119 2761 1293 2790 fcedtssimam
1316 2761 1444 2788 insaniam
1471 2761 1611 2789 delabendi
1636 2769 1644 2788 :
1665 2761 1693 2788 hi
1718 2759 1867 2795 turpissimi

1068 2811 1188 2842 sumptus
1207 2807 1260 2842 jam
1280 2806 1411 2834 labentem
1433 2814 1552 2834 errorem
1577 2807 1700 2834 detinent
1718 2811 1747 2834 et
1764 2807 1865 2832 fovent.

1067 2851 1256 2887 Opulentiores
1278 2851 1349 2880 enim
1372 2859 1418 2880 eos
1439 2851 1483 2887 qui
1507 2852 1542 2879 ob
1565 2853 1698 2888 ignaviam
1709 2851 1781 2879 fame
1792 2860 1859 2887 per-
