1969 3130
127 173 180 202 515

131 235 208 259 t-unl.
225 230 252 258 in
290 230 411 259 ordinem
435 231 609 266 parasitorum
636 230 762 263 adscitos,
787 235 920 265 tamquam

127 285 207 304 canes
225 278 297 304 circa
321 285 428 305 ntensas
453 277 600 305 victitantes
621 278 765 310 enutriunt,
781 277 922 312 impuden—

127 328 169 350 tes
184 328 291 350 ventres
304 324 452 359 iniquarum
468 325 605 359 epttlarum
620 326 738 361 reliquiis
756 325 920 358 distendunt,

127 375 156 397 et
175 377 226 404 pro
250 370 334 397 lubito
360 371 392 398 tis
414 375 533 397 utuntur.
563 371 616 398 Nos
639 380 702 399 vero
724 372 769 407 qui
792 372 920 407 insipien-

127 416 193 442 tiam
222 416 440 451 iniquitatemque
470 423 584 444 vestram
607 426 779 452 aversantur,
805 427 852 446 eos
876 421 921 455 qui

129 468 185 496 pra:
207 461 310 496 ignavia
326 462 396 489 fante
420 462 551 495 laborant,
574 471 625 490 ιιοη
647 464 760 497 alimus,
784 465 830 492 sed
857 466 921 501 ipsis

126 505 283 539 suademus,
296 510 324 533 ut
336 507 487 534 laborantes
498 513 524 534 et
536 508 586 534 sibi
597 514 622 535 et
635 509 694 536 aliis
705 510 802 537 victum
817 517 919 546 parent;

125 559 175 579 eos
186 556 287 586 autem,
303 553 347 588 qui
369 554 462 581 nnttilo
475 559 535 582 sunt
549 563 661 590 corpore
671 577 677 587 ,
691 556 725 583 ab
747 558 779 585 iis
791 558 835 592 qui
857 559 921 587 sub-

126 597 281 625 ministrare
290 604 408 633 possunt.
422 600 596 628 necessariam
606 602 690 629 solum
702 610 789 631 escam
800 605 920 639 accipere

125 644 301 671 concedimus
317 646 544 674 :contessationes
556 668 563 680 ,
580 648 721 676 ebrietates
733 671 741 683 ,
768 658 800 678 ac
818 652 920 688 reliqua

125 691 216 717 omnis
230 690 331 717 insania
345 696 371 718 et
387 692 520 726 turpitudo
533 701 546 719 a
563 694 639 721 nobis
652 694 785 723 eliminata
800 702 851 730 est,
875 706 922 725 co-

125 741 240 770 rumque
260 735 320 763 loco
342 736 445 764 indttcta
461 743 523 764 sunt
536 746 709 775 quzccumque
727 742 834 776 gravia,
848 750 921 778 quac-

124 787 242 814 catulique
253 786 337 815 casta,
353 789 526 818 quaacumque
547 784 629 819 justa,
643 793 817 823 quaecumque
831 788 921 816 lauda-

124 825 202 859 bilia,
216 826 303 862 siqua
319 828 449 860 virtus,'si
473 837 524 863 qua
549 830 615 858 laus.
627 830 726 860 Czctera
747 841 837 868 porro,
861 843 921 870 quas

125 872 163 900 de
186 873 351 908 philosophis
365 874 421 901 suis
440 875 595 908 jactabnudi
613 876 744 909 dictitant.
761 886 855 907 vanam
868 880 922 915 glo-

126 920 206 952 riam,
227 919 364 947 audaciam
378 925 404 947 et
417 921 526 955 puerilis
541 922 621 949 animi
632 930 713 958 opera
725 924 919 953 demonstrant.

124 964 186 992 Non
202 965 256 993 illic
270 965 359 1002 (apud
374 966 555 1003 Christianos)
569 968 641 996 dolio
655 970 713 1004 quis
728 976 837 1006 accepto
861 980 921 1000 sese

126 1011 235 1039 inclusit
250 1014 299 1048 (α),
313 1022 365 1040 non
379 1014 474 1042 laceris
498 1016 591 1049 pannis
605 1016 716 1045 vestitus
731 1017 815 1045 forum
835 1019 921 1046 circu«

125 1057 184 1085 ivit.
211 1058 273 1086 llarc
287 1059 382 1094 quippe
397 1060 456 1087 licet
469 1061 597 1088 mirabilia
613 1069 672 1089 esse
692 1062 838 1096 vidcantur,
854 1066 922 1092 mul-

127 1107 236 1138 tumque
251 1104 351 1132 laboris
366 1109 392 1132 et
407 1113 532 1133 zerutnua:
558 1107 683 1141 habeant,
713 1108 820 1144 indigna
844 1110 921 1138 laude

125 1155 200 1175 sunt.
216 1149 264 1176 Est
278 1155 365 1178 autern
394 1151 491 1179 diaboli
513 1153 618 1180 astutia:
642 1161 706 1188 eos,
729 1155 773 1190 qui
799 1156 848 1183 sibi
864 1163 921 1183 ser-

125 1194 212 1227 viunt,
231 1195 367 1223 laboribus
386 1196 537 1231 hujusmodi
553 1198 686 1233 addicere,
709 1200 753 1235 qui
767 1205 793 1228 et
805 1209 819 1228 a
833 1209 862 1229 se
875 1202 922 1229 de-

125 1245 219 1274 ceptos
241 1241 420 1275 discrueient,
453 1248 480 1270 et
510 1244 625 1272 maxime
647 1246 766 1273 omnium
795 1247 921 1276 ridiculos

125 1286 281 1314 exhibeant.
297 1287 383 1316 Labor
396 1290 466 1316 enim
480 1290 512 1320 is.
526 1298 558 1317 ex
570 1299 623 1326 quo
636 1291 738 1319 nttllum
749 1293 851 1320 lucrum
866 1301 922 1321 ma-

125 1336 184 1364 nat,
198 1332 271 1359 otnni
287 1341 396 1367 prorsus
420 1334 497 1362 laude
507 1342 588 1362 caret.

163 1379 349 1406 Circulatarum
364 1381 532 1415 quorumdam
551 1387 676 1417 gesta.—
689 1384 824 1419 Siquidem
839 1386 920 1413 etiam

126 1432 200 1452 nunc
211 1429 274 1452 sunt
290 1426 411 1454 homines
427 1427 532 1461 perditi,
551 1428 699 1457 innumeris
715 1430 784 1465 pleni
804 1431 919 1467 flagitiis,

126 1470 171 1503 qui
185 1470 272 1504 plura,
281 1478 359 1506 quant
372 1471 544 1507 philosoplnts
557 1474 611 1506 ille,
621 1475 779 1509 exhibuere;
795 1477 838 1504 alii
849 1478 920 1505 enim

126 1515 220 1543 clavos
231 1517 399 1545 acutissimas
413 1518 578 1554 degiutiuut,
603 1522 646 1549 alii
668 1523 772 1550 calceos
793 1524 922 1552 mandunt

126 1567 155 1589 ct
166 1562 312 1596 devorant,
325 1564 369 1591 alii
379 1565 412 1592 ad
428 1565 477 1592 alia
495 1567 664 1595 sceleratiora
679 1569 748 1596 male
767 1570 878 1598 consulti
892 1578 922 1598 e

126 1607 370 1645 conferunt:atqui
392 1610 449 1638 haec
469 1612 547 1647 longe
573 1619 634 1640 sunt
653 1614 825 1648 mirabiliora,
841 1624 920 1652 quam

126 1654 229 1681 dolium
242 1659 270 1682 et
284 1657 362 1690 panni
376 1665 383 1684 :
400 1665 490 1684 verum
514 1666 601 1694 neque
616 1659 673 1687 bzec
691 1668 778 1696 neque
801 1662 845 1689 illa
860 1669 923 1697 pro-

126 1698 234 1732 bamus,
250 1701 297 1728 sed
311 1702 419 1736 perinde
430 1703 626 1739 philosophum,
640 1710 719 1740 atque
734 1706 782 1734 bos
792 1712 819 1735 et
829 1715 922 1736 omnes

128 1751 263 1781 quotquot
287 1753 440 1782 portentosa
466 1749 616 1784 bnjusntodi
643 1752 787 1785 exhibent,
810 1754 922 1782 tniseros

127 1792 306 1826 pradicamus
326 1799 352 1820 et
367 1794 546 1828 deplorantus.
569 1796 621 1824 Sed
645 1798 737 1831 multa,
760 1798 844 1833 dices,
859 1808 923 1828 usus

127 1842 170 1864 est
185 1838 256 1872 apud
271 1847 361 1874 regem
376 1840 498 1875 loquendi
521 1842 652 1871 libertate.
669 1844 813 1873 Videamus
834 1846 923 1882 itaque

127 1886 262 1920 egregiam
285 1886 407 1921 loquendi
433 1888 591 1923 libertatem,
620 1899 684 1918 nttm
698 1896 725 1919 et
747 1892 802 1927 ipsa
826 1893 861 1920 sit
881 1894 922 1921 vel

128 1935 287 1966 purlcnloso
301 1932 372 1960 dolio
387 1934 508 1968 ineptior.
521 1935 645 1969 Qua-natu
658 1937 700 1964 illa
715 1937 844 1965 libertas?
856 1939 923 1966 Cum

128 1976 162 2002 ad
177 1976 273 2004 Persas
287 1984 405 2006 moveret
418 1979 536 2014 Macedo,
553 1981 614 2008 duttt
631 1982 679 2017 ipsi
693 1983 820 2016 adstaret,
846 1992 923 2019 roga-

129 2028 226 2057 retque
239 2031 272 2050 an
287 2025 409 2059 quapiam
432 2033 460 2053 re
473 2034 539 2061 opus
553 2027 678 2061 haberet,
703 2029 789 2062 Nulla,
816 2030 901 2065 inquit
914 2040 922 2058 :

128 2070 219 2097 solum
233 2079 266 2097 ne
279 2071 342 2098 milti
364 2079 410 2099 rex
425 2072 543 2099 umbram
557 2073 635 2101 faciat
651 2083 657 2100 :
672 2080 733 2102 tunc
745 2076 816 2103 enim
837 2077 925 2112 philo-

129 2115 233 2150 sophus
259 2117 437 2151 apricabatur.
464 2119 559 2145 Annon
589 2119 690 2153 pudore
714 2120 924 2149 suﬂ'undemiui?

129 2169 220 2188 annon
241 2170 289 2189 \os
313 2162 462 2197 olttegetis?
477 2171 565 2191 annon
587 2164 649 2192 hinc
670 2165 831 2194 facessetttes
853 2171 923 2194 terra

132 2213 181 2233 vos
193 2206 321 2240 obruclis,
336 2207 369 2234 de
393 2207 424 2234 iis
439 2208 520 2235 altuttt
543 2209 685 2244 sapientes,
709 2209 743 2237 de
756 2211 852 2245 quibus
873 2220 924 2247 pu-

131 2251 199 2279 dure
209 2252 278 2278 afiici
291 2258 424 2286 oporteret
436 2253 447 2280 ζ’
460 2254 564 2286 Quanto
574 2255 644 2281 enim
655 2255 737 2282 satius
751 2255 842 2284 fuisset
852 2262 925 2284 veste

131 2298 254 2325 ittdtttutn
268 2299 454 2330 crassiuscula.
471 2301 545 2335 operi
568 2307 716 2334 vacantem,
730 2302 839 2337 aliquid,
853 2304 924 2337 quod

131 2345 191 2372 usui
206 2343 285 2376 foret.
300 2352 314 2371 a
328 2352 392 2379 rege
404 2345 521 2379 petiisse,
542 2353 620 2380 quam
637 2346 724 2373 lacero
743 2347 822 2382 pallio
843 2348 924 2375 vesti-

132 2396 189 2417 tum
203 2389 306 2417 sedisse
320 2390 493 2425 apricantem,
509 2391 592 2418 instar
604 2391 757 2419 lactentiutn
771 2401 923 2427 puerorum,

130 2443 200 2470 quos
222 2436 292 2462 lotos
304 2440 332 2463 et
346 2440 440 2463 unctos
453 2436 568 2463 nutrices
582 2437 645 2464 inibi
656 2437 688 2464 ad
703 2445 763 2465 eam
777 2446 833 2465 rem
844 2439 926 2466 collo-

131 2486 206 2514 cant,
221 2482 257 2509 ob
272 2489 351 2516 quam
366 2487 428 2510 tunc
440 2482 614 2517 philosophus
626 2483 737 2511 sedebat
749 2484 859 2512 infelicis
869 2485 925 2512 ani-

131 2528 199 2555 culze
214 2527 327 2563 gratiam
348 2527 487 2562 ﬂagitans?
503 2527 555 2555 Sed
578 2528 732 2555 admiranda
752 2529 865 2557 fortasse
884 2535 926 2558 est

133 2574 176 2601 illa
200 2572 326 2608 loquendi
350 2573 481 2601 libertas?
496 2574 552 2601 lnto
566 2582 629 2602 vero
647 2575 712 2602 nihil
735 2575 779 2602 illa
794 2576 926 2610 prodigio-

131 2621 199 2647 sius.
227 2619 331 2646 Bonum
355 2619 426 2646 enitn
442 2619 526 2646 virum
550 2625 654 2654 oportet
680 2621 748 2648 facta
767 2629 813 2649 sua
837 2622 924 2648 omnia

134 2665 238 2698 publica
253 2665 369 2692 utilitate
383 2665 480 2697 metiri,
495 2665 660 2700 aliorumque
671 2666 750 2693 vitatu
764 2667 923 2700 emendare;

133 2711 270 2746 postulare
283 2717 372 2739 autettt
389 2718 423 2738 ne
442 2711 492 2738 sibi
507 2712 627 2739 umbram
650 2712 757 2744 faceret.
779 2721 857 2748 quam
878 2721 924 2740 ur-

131 2760 205 2792 Dem,
227 2766 309 2794 quam
323 2758 444 2790 domum,
459 2766 537 2793 quem
558 2759 654 2791 virum,
682 2766 760 2794 quam
786 2759 924 2788 mulierem

161 2900 197 2931 ta)
218 2899 249 2924 Ad
263 2903 396 2930 Diogenem
407 2899 515 2931 rynicum
528 2897 620 2922 alludit.

518 172 563 199 DE
582 172 611 200 S.
634 171 779 205 BABYLA,
800 170 934 199 CONTRA
951 169 1121 200 JULiANUM
1143 173 1186 201 ET
1206 174 1389 204 GENTILES.

1711 180 1762 209 546

977 230 1166 258 conservavit?
1188 231 1275 259 lndica
1298 233 1368 266 quod
1390 242 1422 261 ex
1446 234 1571 270 anueudi
1585 236 1707 265 .‘ibertate
1722 239 1764 265 lu-

975 282 1049 302 crum
1064 283 1071 302 ε
1086 283 1146 302 nam
1161 275 1262 303 lucrum
1274 285 1288 304 a
1300 277 1381 305 libera
1398 281 1522 315 martyris
1534 289 1598 309 voce
1614 286 1702 310 natum
1715 291 1764 311 nos

975 321 1160 356 ostendimus,
1188 328 1215 350 et
1242 325 1352 352 ulterius
1386 328 1517 362 progressi
1541 329 1637 357 clarius
1660 331 1764 365 aperie—

975 375 1043 394 "IIIS.

1010 413 1036 440 9.
1058 413 1164 440 Interim
1185 414 1229 442 ille
1253 416 1376 449 injurium
1400 417 1471 444 illum
1495 419 1614 452 punivit,
1632 426 1763 456 quatenus

973 458 1105 485 sacerdoti
1121 458 1161 486 fas
1173 465 1248 493 erat,
1265 461 1414 496 principum
1429 463 1499 490 altos
1513 465 1621 498 spiritus
1634 469 1762 501 coercuit,

974 503 1078 531 violatis
1093 504 1139 531 Dei
1155 506 1256 541 legibus
1269 515 1346 541 opem
1361 509 1437 541 tulit,
1457 510 1615 544 supplicium
1632 519 1680 546 pro
1693 521 1765 541 czeso

971 551 1070 585 juvene
1089 553 1197 588 exegit,
1212 554 1330 581 omnium
1352 556 1543 590 suppliciorum
1557 559 1740 592 gravissimum
1754 580 1762 592 ,

974 597 1005 624 iis
1018 601 1092 625 certe
1104 599 1147 633 qui
1163 603 1252 627 mente
1265 601 1363 628 valent.
1375 601 1530 629 Meministis
1543 603 1621 637 plane
1631 624 1638 636 ,
1654 611 1714 632 cum
1730 605 1764 633 de

974 643 1047 671 caede
1061 644 1139 672 verba
1161 644 1309 673 faceremus
1320 668 1326 680 ,
1343 648 1476 682 quomodo
1497 650 1593 685 singuli
1613 651 1762 680 auditorum

974 688 1214 723 inﬂammarentur,
1231 697 1256 719 et
1272 693 1416 727 principem
1432 695 1553 722 manibus
1572 701 1662 724 tenere
1681 705 1763 732 cupe-

973 738 1051 767 rent,
1070 740 1150 770 atque
1171 737 1283 764 ultorem
1305 739 1427 766 alicunde
1448 740 1528 768 casdis
1549 749 1688 777 apparere.
1708 744 1764 771 Hoc

973 778 1062 813 itaque
1075 779 1167 807 beatus
1181 781 1226 809 ille
1243 782 1282 809 vir
1295 782 1365 816 fecit,
1381 791 1539 820 pcenamque
1550 786 1598 821 ipsi
1613 794 1763 822 congruen-

973 827 1026 851 tem
1040 825 1183 860 imposuit,
1198 835 1257 861 qum
1271 834 1361 862 posset
1373 830 1445 856 illum
1460 837 1616 859 convertere
1627 852 1634 864 ,
1648 833 1670 859 si
1685 833 1764 860 modo

973 870 1094 905 stupidus
1112 872 1254 900 admodum
1278 883 1330 901 uott
1349 875 1460 909 fuisset,
1475 885 1528 904 non
1549 879 1583 905 ab
1602 879 1764 914 ltttperatore

974 918 1110 951 postulans
1131 924 1159 946 ut
1178 928 1192 946 a
1214 921 1270 948 sole
1292 929 1321 949 se
1340 922 1511 951 calefacieute
1531 924 1700 961 deﬂecteret,
1716 928 1763 954 sed

973 963 1141 998 impudenter
1169 966 1195 992 itt
1223 975 1296 994 sacra
1328 973 1402 1002 septa
1433 969 1592 998 insilientem
1622 973 1763 1008 omniaque

973 1010 1199 1044 confundentem,
1226 1019 1274 1039 ceu
1305 1021 1396 1040 canem
1425 1020 1470 1042 aut
1498 1016 1649 1050 improbum
1680 1019 1764 1046 famu-

974 1058 1028 1082 lum
1044 1063 1057 1082 a
1072 1056 1211 1084 dotninicis
1228 1058 1303 1085 atriis
1315 1079 1321 1090 ,
1338 1059 1484 1094 depelleus.
1501 1062 1578 1089 Vides
1599 1071 1640 1090 me
1656 1071 1707 1090 non
1720 1064 1763 1098 ja-

973 1101 1103 1129 ctabunde
1121 1102 1236 1135 dixisse,
1254 1105 1362 1138 puerilis
1385 1106 1480 1133 anima:
1500 1112 1574 1141 gesta
1590 1116 1648 1136 esse
1661 1115 1764 1137 vestro—

973 1155 1032 1174 rum
1043 1148 1262 1184 philosophorum
1276 1150 1402 1178 miracula
1419 1160 1433 1178 a
1453 1153 1550 1189 Babyla
1569 1154 1764 1184 demonstrari?

973 1192 1008 1219 At
1022 1197 1172 1228 tetnperans
1194 1194 1257 1228 fuit,
1277 1197 1508 1232 continentemque
1522 1200 1601 1226 vitam
1617 1202 1669 1235 egit
1687 1202 1787 1230 Sino-’

973 1238 1063 1272 pensis
1076 1238 1128 1272 ille,
1146 1240 1190 1274 qui
1202 1248 1234 1267 tte
1248 1241 1379 1275 legitimas
1389 1243 1495 1277 quidem
1509 1246 1613 1280 nuptias
1623 1253 1764 1276 contraxe-

973 1283 1018 1310 rit.
1032 1283 1084 1311 Sed
1097 1284 1167 1312 adde
1179 1286 1312 1320 quomodo
1329 1291 1355 1314 et
1375 1296 1426 1323 qtta
1445 1290 1557 1317 ratione.
1580 1291 1618 1318 Tu
1634 1300 1696 1320 vero
1712 1301 1763 1321 nott

973 1328 1066 1363 addes,
1077 1330 1140 1365 quiti
1156 1330 1280 1358 libentius
1291 1340 1350 1359 cum
1366 1334 1535 1362 continentite
1546 1336 1665 1365 laudibus
1680 1340 1766 1373 priva-

973 1374 1025 1408 bis,
1034 1382 1112 1410 quam
1127 1379 1309 1411 temperantia:
1322 1379 1429 1407 modum
1440 1381 1545 1414 efferas,
1557 1382 1590 1409 ita
1603 1391 1698 1417 nempe
1708 1390 1765 1412 tur-

974 1422 1016 1456 pis
1025 1428 1057 1448 ac
1069 1422 1201 1450 dedecore
1212 1424 1305 1458 plenus
1314 1430 1363 1452 est.
1379 1427 1419 1453 Ad
1429 1428 1540 1454 alioruttt
1551 1437 1656 1464 quoque
1668 1439 1764 1466 nugas,

974 1475 1070 1507 vanu‘m
1090 1469 1205 1496 studiunt
1229 1476 1256 1498 et
1279 1473 1467 1506 tttrpitudinem
1479 1475 1593 1503 libettter
1604 1478 1763 1506 transirent:

973 1520 1036 1540 nam
1049 1513 1104 1547 ubi,
1118 1522 1209 1550 quaeso
1219 1536 1226 1548 ,
1239 1517 1302 1544 utile
1316 1523 1357 1544 cst
1380 1518 1523 1546 humanum
1542 1528 1632 1549 semen
1646 1529 1762 1557 gustare.

973 1564 1003 1586 ut
1017 1559 1130 1588 faciebat
1152 1561 1291 1597 Stagirites
1305 1562 1342 1598 (ιι)
1354 1564 1366 1591 ?
1380 1572 1439 1599 qua:
1453 1565 1550 1593 utilitas
1563 1575 1622 1594 cttnt
1637 1570 1766 1598 matribus

974 1610 1002 1633 et
1013 1606 1150 1634 sororibus
1163 1609 1280 1642 misceri,
1294 1613 1323 1636 ιιι
1333 1610 1414 1643 Store,
1424 1612 1480 1638 sive
1491 1614 1616 1646 porticus,
1627 1615 1767 1649 prtefcctus

975 1650 1150 1686 philosophus
1163 1653 1220 1688 lege
1234 1655 1322 1681 sanxit
1338 1656 1394 1690 (b)?
1407 1656 1557 1686 Academia:
1571 1667 1676 1694 quoque
1692 1662 1766 1699 ptin-

974 1697 1072 1732 cipem,
1088 1698 1198 1733 ejusque
1213 1700 1377 1742 magistrum,
1395 1702 1511 1737 itemque
1523 1704 1599 1738 alios,
1616 1706 1660 1739 qui
1672 1697 1766 1742 majori

974 1743 1142 1771 admirationi
1158 1744 1305 1779 habentur,
1322 1747 1364 1774 his
1383 1748 1563 1777 obscteniores
1581 1752 1661 1780 fuisse
1674 1758 1765 1780 osten-

974 1789 1076 1822 derem,
1091 1790 1269 1826 infamemque
1287 1801 1430 1827 puerorum
1450 1802 1577 1829 amorem,
1591 1805 1669 1832 quem
1684 1799 1768 1827 hone-

975 1839 1045 1862 stum
1059 1841 1086 1862 et
1104 1841 1204 1871 partem
1219 1838 1395 1873 philosophiae
1410 1847 1469 1868 esse
1489 1846 1625 1877 statuunt,
1638 1846 1709 1872 omni
1722 1853 1766 1873 re-

976 1884 1044 1907 tecta
1057 1881 1182 1916 allegoria
1197 1883 1360 1912 denudarent
1374 1906 1381 1917 ,
1396 1886 1446 1913 nisi
1469 1888 1545 1915 nobis
1559 1889 1590 1915 ad
1606 1889 1656 1916 alia
1670 1899 1767 1926 prope-

976 1927 1096 1954 rantibus
1110 1928 1195 1955 oratio
1211 1928 1314 1963 longius
1328 1931 1541 1966 protraheretur,
1555 1941 1587 1960 ac
1601 1935 1651 1961 nisi
1666 1943 1699 1962 ex
1714 1944 1767 1963 uno

976 1981 1054 2008 quam
1069 1974 1174 2002 ridiculi
1190 1976 1281 2003 caeteri
1296 1976 1349 2004 sint
1364 1978 1428 2004 satis
1443 1984 1606 2013 argueretur.

1012 2019 1105 2046 Contra
1124 2019 1268 2047 Platonem.
1286 2037 1321 2041 —
1341 2022 1452 2056 Quando
1473 2024 1544 2051 enim
1561 2026 1707 2060 praecipuus
1721 2029 1766 2062 qui

976 2065 1138 2092 severiorem
1155 2066 1328 2102 philosophiae
1344 2073 1445 2102 partem
1459 2070 1531 2103 sequi
1547 2070 1695 2104 videbatur,
1712 2078 1766 2100 tum

976 2118 1009 2137 ex
1024 2111 1150 2146 loquendi
1164 2112 1268 2145 fiducia,
1285 2117 1338 2140 tum
1351 2121 1382 2142 ex
1398 2116 1581 2149 temperantia.
1593 2117 1659 2144 adeo
1671 2120 1766 2153 turpis,

977 2158 1044 2186 adeo
1055 2159 1186 2187 absurdus
1197 2164 1223 2186 et
1233 2160 1337 2194 ineptus
1350 2167 1408 2188 eSse
1418 2161 1601 2195 deprehensus
1609 2169 1659 2196 est,
1670 2166 1768 2199 quippe

977 2204 1021 2239 qui
1046 2204 1168 2231 humanis
1180 2205 1250 2232 vesci
1270 2205 1393 2232 carnibus
1413 2206 1565 2234 indifferens
1582 2215 1641 2235 esse
1653 2209 1766 2242 dixerit.

976 2244 1212 2285 quorsum-attinet
1222 2255 1315 2278 contra
1326 2257 1439 2279 caeteros
1450 2253 1528 2280 verba
1543 2253 1640 2288 facere,
1652 2262 1711 2282 cum
1723 2255 1768 2284 ille

977 2296 1022 2330 qui
1037 2296 1068 2322 ad
1090 2296 1220 2331 fastigium
1240 2297 1353 2324 ittstilttti
1376 2299 1476 2332 positus
1491 2307 1546 2334 pra:
1561 2300 1619 2326 aliis
1632 2299 1766 2336 fulgebat,

977 2347 1031 2369 tam
1042 2342 1180 2376 ridiculus,
1192 2344 1300 2378 puerilis
1312 2349 1339 2371 et
1354 2345 1451 2371 stultus
1464 2347 1615 2380 apparuerit
1625 2347 1768 2375 omnibus?

977 2389 1155 2422 Quamobrem
1170 2397 1202 2417 eo
1217 2390 1357 2417 redeamus
1369 2410 1376 2423 ,
1398 2391 1467 2418 unde
1479 2391 1511 2418 ad
1525 2392 1582 2420 haec
1600 2393 1710 2421 dicenda
1724 2394 1769 2421 di-

977 2435 1061 2469 gressi
1081 2442 1183 2462 sumus.
1205 2435 1359 2463 lncredulos
1381 2437 1469 2471 itaque
1483 2437 1576 2464 beatus
1591 2438 1634 2465 ille
1647 2439 1681 2465 ita
1695 2446 1770 2466 com-

977 2481 1091 2515 pescuit,
1105 2479 1196 2508 ﬁdeles
1206 2485 1294 2507 autem
1307 2482 1486 2516 religiosiores
1500 2482 1614 2510 reddidit
1627 2492 1633 2509 :
1647 2491 1698 2510 tton
1713 2485 1768 2518 pri-

977 2530 1054 2553 vatos
1069 2525 1158 2556 modo.
1174 2527 1221 2554 sed
1234 2527 1314 2554 etiam
1328 2528 1427 2555 milites
1438 2549 1446 2562 ,
1463 2529 1593 2561 tribunos,
1609 2529 1749 2565 pra-fectos
1759 2551 1766 2563 ,

977 2571 1121 2599 ostendens
1135 2572 1321 2607 Imperatorem
1337 2578 1364 2600 et
1375 2575 1492 2601 omniunt
1513 2576 1684 2604 novissimum
1699 2577 1768 2612 apttd

977 2618 1112 2645 Christum
1126 2626 1198 2645 mera
1214 2619 1320 2646 nomina
1333 2627 1402 2651 esse,
1417 2619 1604 2649 etdiadematc
1616 2622 1767 2649 redimitum

977 2670 1032 2690 non
1043 2663 1138 2698 potiori
1150 2671 1210 2690 esse
1223 2663 1292 2697 loco,
1304 2664 1409 2698 quando
1422 2665 1557 2699 punitione
1567 2671 1594 2694 et
1603 2667 1770 2695 correctione

978 2709 1106 2736 utendum
1122 2714 1174 2737 est.
1192 2710 1233 2737 Ad
1248 2710 1305 2738 luce
1318 2718 1381 2738 vero
1397 2711 1565 2746 impudentes
1580 2713 1638 2739 illos
1648 2733 1655 2744 ,
1671 2714 1714 2748 qui
1729 2714 1767 2740 di-

978 2759 1070 2783 cerent
1086 2760 1176 2783 ttostra
1191 2764 1243 2783 non
1258 2755 1329 2784 aliud
1345 2764 1405 2784 esse
1417 2765 1495 2792 quam
1511 2756 1600 2784 fucum
1618 2762 1644 2785 et
1655 2758 1770 2793 figmen-

1010 2835 1215 2874 ((1)5ristotcles.
1360 2873 1365 2874 γ
1524 2873 1541 2874 Π
1567 2873 1571 2874 7
1713 2866 1760 2874 νη

1012 2868 1046 2897 (b)
1064 2870 1127 2891 Zeno
1148 2869 1237 2892 tinens
1249 2873 1338 2892 uxores
1355 2872 1496 2892 communes
1519 2873 1574 2892 esse
1596 2867 1685 2891 statuit.
1713 2867 1775 2891 ViJe

980 2903 1106 2923 Lacrttstm.

1792 1641 1817 1682 ρ
1828 1635 1903 1678 Ιαῦδ

1794 1704 1877 1734 ςοε.
