1969 3130
199 167 250 197 547

199 231 266 258 tum,
279 221 434 253 refrenavit,
449 220 629 256 apostolorum
645 219 766 247 ﬁduciam
778 220 902 254 operibus
914 227 987 246 com-

199 271 330 304 probans,
345 268 496 301 docensque
518 265 613 293 talibus
631 265 695 293 olim
714 265 777 291 viris
798 272 866 299 opus
889 264 968 291 luisse
980 283 987 293 .

199 315 307 352 quando
327 315 463 348 signorum
485 312 603 339 ostensio
624 311 752 345 majorem
771 310 834 345 ipsis
854 309 990 344 praebebat

200 365 367 397 potestatem.
383 359 502 386 Tertium
521 365 624 392 quoque
645 356 800 391 pra-clarum
819 355 919 382 facinus
938 362 990 381 non

201 411 260 438 leve
272 407 488 442 deprehenditur,
505 406 653 432 futurorum
674 404 770 438 quippe
784 403 950 430 sacerdotutn
964 405 992 429 et

200 462 292 490 reguttt
306 453 418 483 animos,
432 452 525 478 horum
536 449 642 484 quidem
655 448 797 485 depressit,
810 448 916 475 illorum
928 454 992 474 vero

201 500 297 528 extulit
307 521 313 529 ,
327 498 466 525 declarans
479 495 644 523 sacerdotem
659 501 719 520 cum
736 498 813 520 terra:
830 498 884 519 tum
900 499 992 520 eorum

201 554 260 581 qum
274 546 298 571 in
315 549 386 571 terra
399 547 540 577 geruntur,
557 541 644 568 verius
659 540 812 574 prrelectum
827 546 896 570 esse,
913 545 992 573 quam

201 599 262 620 eutn
281 589 326 625 qui
348 595 461 623 purpura
486 587 620 618 induitur,
635 591 813 620 oportereque
835 589 993 620 potestatem

203 639 274 666 illam
290 644 341 663 non
357 636 487 666 minuere,
501 633 546 660 sed
562 633 676 659 animam
692 631 779 666 potius
793 638 902 663 exuere,
915 637 993 664 quam

203 689 361 721 potestatem
374 703 382 715 ,
398 689 477 717 quant
493 681 563 707 Deus
576 686 691 713 superne
711 678 759 712 ipsi
779 678 908 706 attribuit.
927 677 993 704 Nam

204 731 236 762 is,
251 730 294 764 qui
316 728 355 755 sic
372 727 518 758 moriatur,
538 725 617 752 etiam
633 729 692 759 post
712 729 823 751 mortem
842 724 925 759 possit
938 731 1010 750 om--

204 783 252 803 nes
265 775 376 809 jnvare;
392 772 436 808 qui
454 779 516 799 vero
537 770 607 798 hunc
626 770 745 797 ordinem
765 769 921 804 dereliquit,
941 776 994 796 non

205 822 283 850 modo
306 825 367 856 post
390 824 502 847 mortem
524 818 622 845 nemini
644 817 757 852 profuit.
781 817 826 843 sed
855 817 935 844 etiam
955 816 995 841 vi~

204 877 270 897 vens
291 868 388 895 multos
411 874 444 893 ex
463 865 574 892 subditis
596 863 732 890 molliores
754 862 858 894 ell‘vcit,
879 867 906 888 et
926 860 995 896 apttd

204 920 310 942 exteros
342 911 524 947 vituperabilis
547 909 726 943 ridiculttsque
747 913 808 935 οδιι
835 909 995 943 insnperquc

205 961 267 988 hinc
286 958 432 986 abscedens
452 957 535 984 multo
555 962 615 982 cttm
641 954 771 981 dedecore
783 961 814 980 ac
829 960 944 980 mterore
962 952 994 979 ad

204 1005 301 1034 Christi
328 1003 442 1031 tribunal
465 1002 588 1033 sistetur,
605 1000 674 1027 ttnde
699 1000 785 1034 ipsum
813 999 839 1025 in
862 1000 996 1025 fornacem

204 1052 335 1079 abducunt
350 1053 495 1084 potestates
509 1048 541 1074 ad
558 1047 582 1074 id
598 1047 740 1081 deputata;
757 1045 936 1078 Quamobrem
951 1051 996 1071 sa-

206 1099 283 1134 piens
297 1097 402 1131 quidam
425 1099 528 1127 monet,
544 1093 585 1120 Nc
598 1093 708 1127 accipias
722 1093 812 1128 facient
824 1097 913 1119 contra
926 1097 997 1119 tuam

205 1146 315 1172 mximam
333 1143 430 1180 (Eccli.
446 1143 472 1170 4.
494 1142 529 1169 26
541 1142 562 1177 ),
583 1141 658 1174 Quod
674 1142 696 1168 si
711 1141 768 1168 viro
788 1140 884 1175 injuria
901 1139 998 1168 allecto

207 1201 258 1219 non
275 1196 358 1218 tutum
376 1194 418 1217 est
432 1188 614 1219 dissimulare,
631 1186 686 1221 qui,
701 1186 805 1213 violatis
825 1186 868 1212 Dei
884 1185 996 1220 legibus,

206 1242 274 1265 tacet
287 1245 317 1264 ac
334 1236 450 1271 negligit,
461 1242 514 1269 quo
526 1233 656 1268 supplicio
670 1233 766 1267 dignus
781 1239 833 1260 non
849 1232 917 1259 erit?
931 1231 997 1259 Cum

207 1285 248 1311 his
261 1283 340 1310 etiam
356 1280 425 1308 aliud
439 1301 445 1312 ,
461 1280 503 1308 his
522 1288 575 1306 non
595 1279 682 1306 minus
698 1278 796 1306 bonum
808 1298 816 1310 ,
830 1285 879 1305 nos
891 1278 996 1310 docuit,

205 1334 329 1364 oportere
345 1328 446 1355 scilicet
467 1333 599 1361 quemque
620 1332 669 1352 suo
689 1323 760 1359 fungi
781 1323 880 1356 ofﬁcio,
894 1323 998 1350 etiamsi

205 1376 306 1403 nullum
319 1374 380 1401 inde
391 1374 493 1400 lucrttm
508 1372 539 1398 ad
554 1372 620 1398 alios
631 1374 738 1398 emanet
754 1379 760 1397 :
775 1377 861 1404 neque
871 1369 999 1398 enimille

205 1420 339 1456 quidpiam
350 1427 381 1446 ex
398 1418 521 1453 loquendi
535 1417 658 1444 libertate
672 1417 704 1443 ad
720 1415 890 1450 Imperatoris
901 1415 999 1442 utilita-

206 1473 258 1495 tem
272 1467 389 1494 lucratus
403 1470 462 1496 est;
477 1469 592 1491 attamen
607 1463 678 1498 quod
699 1470 780 1498 penes
794 1470 824 1490 se
836 1466 894 1490 erat
914 1466 998 1489 totum

206 1513 334 1548 implevit,
346 1519 377 1539 ac
389 1511 453 1538 nihil
466 1511 598 1544 reliquum
612 1509 684 1536 fecit.

241 1558 394 1593 Martyrium
406 1557 486 1584 sancti
498 1556 612 1591 Babylw.
629 1571 666 1576 ——
683 1556 732 1588 Qui
746 1560 834 1581 autem
852 1554 946 1581 morbo
961 1553 999 1580 la-

206 1605 325 1636 borabat,
338 1603 487 1638 arrogantia
496 1609 542 1629 sua
554 1601 662 1629 artiﬁcis
675 1601 794 1636 peritiam
807 1600 925 1628 inutilem
938 1599 1000 1627 red-

205 1650 289 1682 didit,
305 1649 402 1684 ingenti
420 1656 480 1675 cum
505 1647 594 1674 furore
615 1646 838 1674 medicamentum
859 1653 874 1673 e
889 1645 999 1673 vulnere

206 1703 356 1724 removens.
372 1696 409 1722 Ac
420 1695 442 1721 si
453 1694 523 1721 enim
537 1701 589 1720 non
601 1693 666 1719 satis
678 1697 748 1719 essot
762 1699 854 1719 necem
867 1697 997 1727 patrasse,

206 1748 232 1770 et
245 1743 272 1769 in
285 1742 412 1775 templum
428 1740 472 1768 Dei
487 1739 655 1773 impudenter
668 1738 803 1771 insiliisse,
817 1738 884 1765 cmdi
897 1737 998 1765 etcdem

205 1787 316 1814 alteram
337 1785 450 1820 adjecit,
467 1790 494 1812 et
514 1792 545 1811 ac
566 1784 588 1811 si
609 1784 784 1811 contenderet
805 1784 998 1819 posterioribus

205 1833 293 1868 priora
307 1839 432 1866 superare
444 1851 450 1861 .
466 1838 497 1857 ac
516 1829 698 1864 przecedentes
714 1830 821 1856 morbos
834 1829 999 1864 subsequen-

206 1880 271 1907 tium
289 1878 469 1913 magnitudine
482 1877 625 1904 obscurare
638 1877 646 1910 (
659 1876 719 1903 talis
731 1877 830 1911 quippe
841 1880 882 1903 est
900 1876 997 1903 diaboli

205 1925 319 1957 insania,
331 1929 360 1951 ut
377 1923 510 1951 contraria
526 1923 603 1949 simul
625 1922 718 1957 paret)
736 1931 743 1948 :
759 1923 798 1949 sic
813 1923 918 1957 utrique
930 1922 996 1949 caedi

207 1971 232 1999 id
244 1971 368 1998 eximium
384 1969 474 2000 dedit,
491 1973 519 1995 ιιι
537 1968 738 2002 congruentiam
751 1967 893 2002 quamdam
907 1973 998 1995 tnutuo

207 2017 344 2044 haberent.
361 2015 392 2042 Et
410 2019 468 2042 erat
481 2015 588 2049 quidem
604 2014 677 2048 prior
691 2014 764 2048 pueri
778 2014 866 2041 caedes
884 2014 996 2041 misera-

206 2063 284 2090 bilior
294 2061 421 2092 secunda,
433 2061 549 2088 set-unda
562 2068 624 2087 vero
633 2060 786 2088 sceleratior
795 2061 892 2095 priore,
903 2068 998 2094 nempe

206 2109 289 2136 sancti
305 2107 422 2142 Babylau.
442 2106 537 2133 Anitna
558 2106 656 2141 quippe
675 2114 735 2140 qua:
757 2107 838 2133 semel
860 2111 997 2141 peccatum

205 2154 354 2188 degustarit
369 2154 375 2168 ‘
389 2160 420 2179 ac
431 2159 510 2179 Sensu
526 2157 609 2184 caret,
624 2153 734 2179 ntultum
748 2152 837 2186 adjicit
851 2153 944 2180 morbo
959 2153 999 2179 in-

205 2204 380 2227 crementum.
395 2198 427 2224 l‘jt
441 2198 665 2232 quetnadtnodttm
678 2198 792 2226 scintilla
803 2198 830 2225 in
840 2199 996 2226 immensam

205 2245 346 2273 materiam
363 2245 482 2272 incidens
497 2244 567 2279 quod
580 2245 696 2271 occutrit
706 2245 794 2272 statim
809 2242 934 2277 incendit,
952 2253 998 2272 ne-

205 2299 258 2325 qne
269 2291 310 2317 hic
323 2296 410 2318 tamen
422 2291 554 2322 consistit,
567 2290 612 2317 sed
628 2291 698 2325 quod
712 2291 843 2325 reliquum
855 2296 895 2319 est
907 2292 996 2318 statim

206 2337 357 2368 consumit,
377 2341 404 2364 et
426 2341 525 2370 quanto
545 2337 619 2371 plura
642 2338 747 2364 llamma
770 2337 996 2372 apprehenderit,

206 2388 279 2409 tanto
294 2382 421 2416 majorem
438 2382 490 2408 vim
509 2383 604 2416 accipit
617 2383 649 2409 ad
664 2383 826 2418 reliquorum
841 2383 995 2417 perniciem,

205 2427 484 2461 deprettensorumque
506 2426 636 2461 lignorum
656 2429 731 2461 cepia
754 2429 784 2455 iis
806 2437 866 2463 qua:
880 2437 941 2456 mox
957 2429 997 2456 itt-

206 2473 366 2500 ﬂammanoa
378 2477 441 2500 sunt.
455 2473 581 2500 insidiosa
592 2474 689 2507 evadit,
706 2474 811 2501 flamma
827 2475 859 2502 iis
871 2483 930 2510 qua:
940 2475 996 2510 jam

204 2523 328 2554 correpta
342 2523 404 2545 SUlll
417 2526 522 2553 semper
534 2527 563 2546 se
571 2525 690 2547 arlllﬂlllc
704 2526 795 2547 contra
812 2528 842 2548 ca
861 2529 919 2556 quae
935 2529 996 2548 mox

203 2565 383 2599 corripientur
393 2573 400 2590 :
412 2565 451 2592 sic
462 2572 491 2592 se
502 2564 580 2592 habet
590 2571 616 2592 ct
628 2567 728 2600 peccati
740 2572 844 2598 natura,
853 2567 897 2594 ubi
909 2575 996 2602 quam-

202 2612 264 2637 dam
280 2611 375 2637 anima:
391 2611 577 2645 cogitationem
593 2613 781 2646 occupaverit,
796 2621 843 2640 nec
857 2616 995 2648 quisquatn

204 2660 245 2683 est
260 2657 305 2692 qui
321 2656 418 2682 malum
434 2656 599 2691 exstinguat,
616 2657 726 2684 ulterius
740 2666 877 2693 progressa
891 2661 996 2693 gravior

203 2707 230 2728 et
247 2701 330 2735 magis
350 2701 476 2728 indomita
499 2701 612 2729 efﬁcitur
628 2711 634 2728 :
650 2702 762 2736 i'lcoqtte
777 2704 922 2737 posteriora
938 2705 995 2738 ple-

205 2754 316 2781 rttmque
327 2751 435 2782 peccata
446 2747 574 2774 validiora
586 2748 658 2775 fuere
671 2749 814 2783 prioribus,
823 2750 910 2776 anima
922 2757 994 2776 sem-

206 2800 254 2828 per
265 2793 440 2827 posteriorum
455 2795 607 2822 acccssione
621 2794 652 2820 ad
674 2795 801 2830 majorem
816 2797 992 2831 arrogantiam

237 2849 246 2864 ¹
264 2849 398 2883 ιξιῃιδηεοά.
413 2854 439 2876 et
448 2849 517 2876 savii.
529 2851 553 2876 in
571 2857 658 2881 mat-3.,
671 2851 751 2876 anima
759 2851 847 2883 quippe
859 2853 892 2877 ad
901 2852 991 2876 nutlmn

204 2879 277 2904 ml
287 2878 407 2905 inclinata.

570 163 596 191 S.
617 162 754 191 JOANNIS
767 161 1004 191 CHRYSOSTOMI
1023 161 1182 190 ARClllEP.
1203 162 1474 194 CONSTANTINOP.

1778 171 1829 199 με

1043 223 1070 246 et
1084 224 1265 255 contemptum
1285 221 1352 248 elata
1365 242 1372 254 ,
1388 230 1419 249 ac
1439 231 1486 258 per
1502 222 1558 251 haec
1572 224 1626 252 vim
1645 233 1722 254 suam
1737 228 1833 255 dissol-

1042 269 1121 292 veute
1133 286 1140 298 ,
1155 267 1257 300 peccati
1270 274 1333 294 vero
1347 268 1428 295 robur
1440 269 1538 296 alente.
1553 270 1598 298 Sic
1611 272 1702 307 itaque
1717 274 1792 301 tnulti
1809 275 1833 302 in

1043 319 1122 339 omne
1147 318 1313 346 peceatorunt
1339 322 1423 349 genus
1449 323 1501 343 non
1523 316 1693 346 advertentes
1718 320 1835 355 prolapsi

1044 363 1116 391 sunt,
1128 360 1188 393 quia
1202 360 1333 388 ﬂammam
1347 362 1421 389 initio
1434 370 1485 390 non
1499 365 1678 393 restinxerunt
1689 375 1696 393 :
1707 367 1742 394 ita
1757 369 1836 396 miser

1045 403 1090 430 illc
1103 405 1223 438 graviora
1236 406 1370 440 prioribus
1383 409 1530 442 posteriora
1544 410 1674 445 adjunxit.
1690 413 1835 449 Postquam

1045 450 1114 477 enim
1127 450 1252 485 juvenem
1268 453 1340 480 illum
1361 460 1527 488 peremerat,
1543 464 1557 482 a
1572 457 1646 484 cmde
1667 458 1701 485 ad
1717 458 1836 486 interea-

1045 495 1105 523 dam
1120 497 1218 531 templo
1233 497 1355 532 injuriam
1377 507 1532 535 progressus
1551 508 1590 529 est
1603 524 1611 535 ,
1626 511 1659 531 ac
1679 512 1773 532 rursus
1788 505 1837 533 hac

1045 541 1087 568 via
1108 542 1271 576 procedens,
1294 544 1327 571 ad
1344 547 1523 581 arrogantiam
1544 553 1636 576 centra
1657 551 1836 578 sacerdotium

1046 585 1224 615 exhibendam
1237 596 1266 616 se
1279 591 1396 619 accinxit
1411 592 1430 624 ι,
1445 598 1618 629 sanctumque
1633 595 1706 624 ferro
1719 599 1837 626 vinctum

1046 637 1072 659 et
1081 632 1106 659 in
1118 640 1251 662 carcerem
1260 636 1409 670 conjectum
1421 638 1460 665 sic
1473 640 1543 666 ultus
1551 645 1602 672 est,
1612 641 1734 670 beneﬁcii
1745 651 1838 679 petras

1046 682 1170 711 repetens
1182 699 1189 711 ,
1204 687 1318 716 cumque
1336 689 1397 709 eum
1421 683 1482 710 ideo
1501 685 1625 713 admirari
1637 708 1645 720 ,
1662 695 1794 716 coronare
1811 695 1838 717 et

1047 721 1107 756 plus
1117 743 1125 755 ,
1138 731 1217 758 quam
1240 732 1377 759 parentes,
1399 727 1529 757 honorare
1539 737 1684 766 oporteret,
1702 735 1838 762 malefico-

1047 775 1106 795 rum
1131 777 1192 798 eum
1222 772 1313 800 subire
1338 774 1441 802 vincula
1471 777 1689 815 vinculorumque
1717 781 1839 809 miserias

1047 816 1141 849 coegit.

1085 862 1128 890 10.
1145 864 1189 892 Sic
1201 885 1208 897 ,
1228 867 1451 900 quemadmodum
1467 869 1603 905 dicebam,
1617 873 1757 902 subortum
1774 883 1837 910 pec-

1048 915 1135 937 catum
1146 931 1153 944 ,
1171 913 1276 940 nemine
1288 913 1445 948 prohibente
1461 924 1493 943 ne
1507 917 1539 944 ad
1553 919 1677 948 ulteriora
1693 922 1837 956 progrede-

1048 961 1131 988 retur,
1142 956 1260 986 cohiberi
1282 964 1373 994 postea
1385 963 1568 999 continerique
1583 974 1634 993 non
1649 971 1738 1002 potest
1755 978 1762 996 :
1778 977 1837 1003 pcr-

1049 1001 1111 1030 inde
1128 1007 1208 1038 atque
1229 1005 1289 1040 equi
1306 1005 1441 1040 furentes,
1458 1009 1564 1044 rejectis
1581 1019 1597 1038 e
1611 1020 1726 1047 corpore
1740 1013 1837 1048 frenis.

1049 1048 1221 1083 excussisque
1235 1051 1385 1080 sessoribus
1400 1060 1431 1081 ac
1444 1056 1545 1089 supinis
1564 1056 1635 1084 humi
1656 1059 1774 1093 relictis,
1793 1069 1838 1088 oc-

1049 1095 1216 1123 currentibus
1228 1097 1371 1126 admodum
1385 1100 1487 1128 molesti
1502 1107 1580 1135 sunt,
1594 1105 1756 1141 nemineque
1769 1107 1839 1134 cohi-

1050 1139 1130 1169 bente
1139 1161 1147 1174 ,
1165 1142 1263 1178 impetu
1276 1146 1371 1172 sesein
1386 1147 1529 1182 przecipitia
1540 1150 1695 1185 conjiciunt.
1711 1139 1775 1180 ideo
1785 1155 1839 1181 ani-

1050 1194 1108 1214 tnas
1126 1187 1277 1223 hujusmodi
1291 1191 1385 1220 salutis
1398 1199 1496 1222 nostra:
1516 1195 1638 1225 inimicus
1660 1199 1686 1226 in
1709 1199 1839 1229 insaniam

1050 1232 1167 1268 conjicit.
1182 1243 1210 1263 ut
1221 1244 1267 1264 eas
1281 1237 1418 1272 desertas,
1433 1242 1538 1270 nemine
1550 1250 1660 1273 curante
1670 1267 1678 1279 ,
1693 1248 1841 1282 corripiens

1049 1278 1202 1315 disperdat,
1215 1288 1243 1310 et
1254 1283 1401 1314 innumeris
1412 1287 1560 1317 circumdet
1573 1291 1658 1318 malis.
1671 1278 1782 1321 Etenim
1797 1296 1840 1329 qui

1050 1332 1163 1361 corpore
1176 1328 1313 1364 laborant,
1324 1330 1413 1360 donec
1429 1335 1545 1362 medicos
1561 1344 1590 1364 se
1603 1338 1677 1366 adire
1689 1328 1839 1374 patiuntur.

1050 1379 1172 1407 magnam
1185 1375 1279 1404 salutis
1289 1385 1362 1412 spem
1377 1378 1491 1413 habent;
1507 1389 1567 1410 cum
1584 1391 1647 1411 vero
1661 1386 1687 1412 in
1699 1387 1842 1421 phrenesin

1051 1417 1118 1452 lapsi
1139 1420 1257 1448 calcibus
1276 1423 1407 1458 impetunt
1428 1427 1605 1462 mordentqne
1624 1438 1670 1457 eos
1685 1417 1761 1467 ,-qui
1781 1442 1809 1460 se
1827 1443 1841 1461 a

1051 1464 1145 1491 morbo
1163 1473 1258 1494 eruere
1271 1469 1376 1501 volunt,
1397 1475 1452 1498 tttm
1474 1480 1538 1501 sane
1558 1464 1740 1505 incurabilitei-
1758 1487 1842 1514 tegm-

1051 1513 1124 1543 tant,
1140 1517 1191 1538 non
1203 1517 1256 1540 tam
1271 1514 1306 1541 ob
1318 1516 1404 1544 morbi
1419 1523 1541 1546 natttram
1554 1541 1561 1553 ,
1575 1529 1654 1556 quam
1667 1523 1730 1558 quia
1743 1513 1843 1554 deserti

1050 1552 1159 1583 fuerunt
1170 1556 1204 1583 ab
1218 1557 1251 1585 iis
1260 1579 1268 1590 ,
1282 1560 1325 1594 qui
1340 1560 1413 1594 ipsos
1424 1570 1440 1588 a
1451 1562 1541 1592 furore
1556 1552 1842 1603 liberare-potuissent.

1050 1599 1079 1626 lu
1100 1608 1179 1636 quem
1201 1602 1318 1632 furorem
1338 1605 1399 1639 hic,
1419 1609 1453 1635 de
1465 1617 1517 1644 quo
1536 1599 1690 1647 loquimur,
1707 1623 1737 1642 se
1751 1618 1844 1652 conje-

1050 1646 1087 1673 eit
1099 1655 1105 1673 :
1118 1650 1310 1683 comprehenso
1320 1660 1434 1689 namque
1444 1656 1547 1684 medico
1555 1679 1562 1690 ,
1574 1646 1639 1686 dum
1650 1661 1749 1689 vulnus
1759 1664 1845 1692 adhuc

1051 1704 1173 1733 secaret,
1189 1708 1248 1728 eum
1263 1704 1352 1730 statim
1372 1706 1473 1740 expulit
1484 1727 1491 1739 ,
1507 1712 1534 1735 et
1547 1716 1561 1735 a
1576 1709 1655 1736 domo
1666 1719 1746 1746 quam
1762 1715 1844 1748 potuit

1051 1745 1205 1781 longissime
1219 1751 1316 1785 exegit.
1331 1751 1491 1789 Licebatque
1503 1755 1545 1783 hic
1559 1745 1780 1787 Herodisrdram-a
1793 1769 1844 1788 non

1050 1795 1152 1820 tantum
1167 1795 1275 1822 auribus
1289 1797 1435 1832 percipere,
1451 1801 1497 1827 sed
1508 1809 1598 1830 coram
1614 1803 1707 1838 majori
1722 1813 1784 1832 cum
1797 1814 1842 1840 pe-

1051 1838 1161 1866 tulantia
1188 1846 1292 1875 gestum
1318 1849 1462 1878 spectare:
1480 1847 1539 1881 quia
1567 1847 1633 1875 illud
1661 1850 1758 1884 majori
1784 1838 1843 1878 cum

1050 1886 1230 1914 ostentatione
1245 1894 1272 1915 et
1284 1896 1411 1924 apparatu
1425 1891 1547 1920 diabolus
1563 1894 1587 1921 in
1601 1895 1693 1923 mundi
1711 1896 1842 1925 theatrum

1051 1931 1145 1959 iterum
1162 1934 1281 1967 induxit,
1296 1943 1344 1970 pro
1358 1939 1490 1965 tetrarcha
1505 1947 1645 1973 personam
1667 1941 1839 1976 Imperatoris

1050 1979 1225 2012 constituens,
1238 1987 1265 2008 et
1277 1989 1324 2016 pro
1336 1991 1385 2010 una
1398 1991 1476 2011 causa
1486 1985 1583 2019 duplex
1597 1987 1634 2014 rei
1644 1995 1840 2024 argumentum,

1050 2023 1096 2051 illo
1110 2025 1187 2060 longe
1203 2028 1304 2061 turpius
1316 2048 1322 2059 ,
1338 2029 1474 2063 przebens;
1495 2031 1529 2057 ita
1544 2037 1636 2060 utnon
1653 2042 1767 2062 numero
1783 2041 1841 2062 tan—

1051 2075 1105 2096 ttttn
1120 2091 1127 2103 ,
1145 2071 1191 2098 sed
1205 2072 1259 2106 ipsa
1275 2081 1382 2108 quoque
1394 2083 1483 2102 rerum
1499 2083 1592 2104 natura
1609 2080 1738 2113 tragmdia
1761 2082 1843 2108 tnulto

1050 2116 1179 2151 insignior
1193 2123 1274 2145 esset.
1285 2119 1342 2146 Non
1357 2121 1426 2147 enim
1443 2121 1484 2148 hic
1494 2123 1563 2150 sicut
1576 2123 1630 2151 illie
1645 2126 1744 2159 ttuptize
1759 2127 1841 2154 viola-

1050 2162 1147 2190 bautur
1157 2185 1164 2195 ,
1180 2172 1265 2199 neqtte
1277 2173 1310 2192 ex
1324 2166 1459 2201 illegitimo
1470 2168 1540 2195 coitu
1554 2190 1560 2200 ,
1576 2169 1623 2196 sed
1643 2178 1675 2197 ex
1695 2172 1842 2200 scelestiori

1051 2210 1159 2244 puerilis
1176 2211 1256 2237 caedis
1272 2211 1473 2245 inquinamento
1485 2234 1492 2244 ,
1507 2222 1538 2241 cx
1555 2216 1695 2250 tyrannide
1709 2218 1840 2245 crudelis-

1051 2255 1128 2287 sima,
1143 2260 1171 2283 et
1184 2264 1217 2283 ex
1236 2257 1386 2292 iniquitate,
1404 2267 1455 2285 non
1477 2260 1502 2286 in
1518 2268 1640 2293 uxorem,
1655 2262 1702 2289 sed
1719 2263 1745 2289 in
1759 2264 1840 2298 ipsam
1859 2294 1864 2299 ,

1050 2302 1250 2329 sanctimoniam
1268 2304 1398 2337 exhibita,
1413 2304 1480 2332 Itane
1494 2306 1631 2333 historiam
1652 2308 1787 2343 malignus
1799 2309 1840 2337 ille
1855 2313 1858 2318 '

1050 2347 1147 2373 texuit.
1163 2347 1307 2382 Conjectus
1320 2357 1384 2384 ergo
1398 2350 1423 2376 in
1438 2357 1573 2378 carcerem
1590 2352 1683 2379 beatus
1701 2354 1744 2380 ille
1757 2374 1764 2383 ,
1780 2363 1842 2389 gau-

1049 2393 1129 2420 debat
1143 2394 1248 2428 quidem
1262 2394 1295 2422 de
1313 2396 1433 2427 vinculis,
1451 2397 1496 2423 sed
1508 2397 1614 2424 dolebat
1626 2399 1660 2425 de
1676 2399 1839 2428 vinculorum

1049 2441 1166 2468 auctoris
1190 2441 1308 2476 pernicie
1323 2451 1329 2468 :
1352 2450 1437 2476 neque
1454 2443 1524 2470 enim
1545 2449 1634 2478 pater,
1650 2453 1736 2480 neque
1751 2447 1839 2481 pmdo-

1051 2486 1128 2518 triba,
1141 2494 1201 2514 cum
1216 2487 1260 2514 ille
1270 2487 1303 2515 de
1318 2487 1361 2514 lilii
1372 2508 1379 2521 ,
1395 2488 1438 2515 hic
1451 2488 1485 2515 de
1498 2489 1618 2524 discipuli
1631 2489 1732 2525 ﬂagitio
1744 2493 1784 2519 vel
1797 2500 1840 2519 ca-

1050 2532 1168 2558 lamitate
1180 2533 1308 2560 clariores
1322 2534 1448 2566 evadunt,
1465 2542 1579 2562 maerore
1592 2544 1703 2563 vacuant
1719 2538 1839 2571 volupta-

1050 2582 1102 2604 tem
1116 2586 1148 2605 ex
1161 2578 1203 2604 illa
1214 2579 1333 2606 claritate
1343 2579 1460 2614 capiunt.
1472 2581 1649 2613 Quamobrem
1664 2582 1760 2610 beatus
1774 2584 1839 2610 l'au-

1050 2622 1090 2649 lus
1109 2622 1254 2650 Corinthiis
1274 2624 1379 2652 dicebat
1394 2635 1400 2652 :
1416 2625 1524 2652 Oramus
1547 2632 1631 2653 autem
1644 2633 1677 2654 ut
1699 2629 1764 2655 nihil
1781 2630 1838 2655 mali

1049 2670 1148 2704 faciatis
1159 2691 1166 2700 ,
1182 2679 1231 2697 non
1246 2675 1273 2697 ut
1293 2679 1339 2698 nos
1359 2673 1458 2706 probati
1478 2681 1644 2708 appareamus
1656 2695 1664 2706 ,
1687 2676 1733 2702 sed
1753 2682 1782 2702 ut
1799 2684 1838 2702 eo:

1048 2716 1115 2748 quod
1135 2716 1225 2742 bonum
1240 2721 1276 2742 est
1291 2717 1389 2751 faciatis
1404 2725 1412 2743 :
1427 2726 1473 2744 nos
1494 2724 1578 2744 autent
1592 2724 1618 2745 ut
1638 2721 1740 2753 reprobi
1761 2722 1838 2749 simtu

1048 2762 1086 2798 (2.
1100 2762 1159 2789 Cor.
1174 2763 1216 2790 15.
1232 2762 1270 2798 7).
1283 2764 1326 2791 Sic
1337 2764 1424 2799 itaque
1434 2764 1591 2792 admirando
1607 2766 1644 2792 illi
1657 2768 1715 2793 viro
1725 2769 1837 2802 optatior

1079 2853 1086 2867 ¹
1105 2851 1233 2887 Unus_(‘.od.
1253 2855 1315 2882 rost,
1335 2852 1448 2881 accitu-it,
1462 2853 1540 2882 addit.
1563 2860 1639 2886 neque
1655 2861 1684 2880 eo
1697 2857 1774 2887 uelit,
1792 2858 1833 2881 sed

1046 2885 1154 2908 srvat-tum
1164 2883 1242 2915 ferro,
1251 2889 1298 2907 rw.
