1969 3130
125 173 178 202 549

126 234 182 256 erat
196 224 320 260 discipuli
335 224 419 258 saltis,
437 230 517 258 quam
532 220 648 249 carceris
666 225 786 249 merces;
801 216 917 252 optatius

126 274 199 304 item,
215 277 244 300 ut
258 271 405 306 discipulus
420 269 580 304 resipiscens
593 266 636 294 his
651 273 712 293 eum
730 264 852 291 laudibus
866 263 920 298 pri-

125 323 230 350 vasset;
246 319 301 344 imo
314 317 412 351 potius,
428 320 457 342 ut
472 321 581 349 prorsus
594 312 621 339 iii
636 313 704 338 hanc
718 308 919 344 perversitatem

127 365 216 399 lapsus
242 371 296 390 non
320 365 400 390 esset.
422 360 520 388 Nolunt
539 358 610 386 enim
632 356 716 384 sancti
735 362 848 382 coronas
869 353 919 381 sibi

128 411 196 438 necti
206 418 239 437 ex
254 409 349 436 alienis
362 406 557 435 calamitatibus
574 414 580 432 ε
597 403 667 439 quod
681 403 703 430 si
716 402 749 429 ab
763 401 856 428 alienis
870 408 920 427 no-

127 457 183 485 iilll,
197 455 284 482 multo
297 462 360 481 sane
372 453 458 479 minus
468 460 483 479 a
494 450 703 478 domesticorum
716 447 852 475 aerumnis.
865 446 921 479 Qua

128 503 160 528 de
171 508 252 528 causa
265 501 360 527 beatus
375 498 455 526 David
470 502 530 532 post
544 503 642 530 tropaea
658 499 685 522 et
700 493 837 521 victoriam
853 493 923 528 luge-

127 548 171 574 bat
181 552 207 574 et
218 546 426 581 lacrymabalur,
438 544 509 579 quod
521 551 551 571 ea
563 551 624 570 cum
635 542 680 569 lilii
694 541 845 568 calamitate
857 548 922 567 con-

125 595 218 629 juncta
238 597 311 620 esset
327 602 334 620 :
350 593 413 627 quin
427 597 455 619 et
468 591 626 618 exeuntibus
645 589 757 616 ducibus
776 588 858 614 multa
875 595 922 621 pro

130 640 235 675 tyranni
246 639 332 666 salute
345 638 525 674 praecipiebat,
537 641 564 664 et
578 644 634 670 eos,
646 636 690 670 qui
702 635 788 668 ipsum
801 633 923 661 occidere

129 686 292 720 cupiebant,
308 685 349 712 his
363 684 450 712 verbis
463 683 604 711 cohibebat
621 691 626 708 :
643 681 745 708 Parcite
760 689 836 716 puero
847 680 924 707 Abas-

129 732 210 758 sulom
235 730 273 767 (2.
292 731 355 765 Reg.
371 730 414 757 18.
429 729 456 764 5)
472 738 479 755 :
493 733 520 756 et
532 733 693 763 prostratum
705 727 820 762 lugebat,
834 726 924 754 inimi-

130 783 246 810 cumque
265 783 326 802 cum
346 774 489 810 gemitibus
507 779 534 801 et
547 773 646 800 amaris
664 772 788 807 lacrymis
804 772 924 807 compel-

131 821 212 848 labat.

153 866 378 901 Paterapirituulis
384 865 510 892 amantior
518 864 684 899 prolis,quam
693 861 926 896 carnalis—Quod

131 912 152 938 si
167 911 298 938 naturalis
312 916 388 946 pater
401 910 436 937 ita
456 910 540 945 prolis
552 916 645 936 amans
661 914 722 941 est,
745 909 828 935 multo
843 908 926 942 magis

131 958 278 992 spiritualis
295 966 300 984 :
316 956 386 991 quod
407 957 478 983 enim
498 955 646 983 secundum
660 955 783 990 spiritum
802 958 926 988 parentes

132 1003 234 1038 prolem
246 1003 331 1037 magis
343 1006 446 1034 curent,
459 1009 539 1036 quam
553 1001 569 1027 ii
582 1001 626 1036 qui
637 999 784 1027 secundum
799 1006 922 1031 carttem,

132 1050 192 1077 audi
205 1050 315 1076 Paulum
328 1048 471 1081 dicentem,
488 1048 550 1080 Quis
562 1047 717 1081 iii/irritatur,
731 1050 753 1072 et
767 1053 812 1080 ego
826 1053 877 1071 non
887 1044 927 1071 in-

133 1095 241 1130 ﬁrmor?
250 1095 306 1130 quis
320 1094 519 1126 scandalizatur,
535 1098 558 1119 et
571 1101 615 1128 ego
631 1101 681 1118 non
695 1100 756 1118 uror
768 1091 806 1126 (2.
819 1090 925 1118 Cordi.

132 1142 267 1176 99)?Sed
290 1141 339 1168 hoc
359 1141 464 1176 quidem
486 1140 664 1175 aequalitatem
683 1138 760 1166 nobis
778 1145 928 1171 repraesen-

134 1193 170 1215 tat
184 1196 191 1214 :
207 1188 282 1222 atqui
299 1187 339 1213 vix
355 1191 444 1221 patres
459 1185 526 1212 hanc
539 1193 632 1212 vocem
650 1184 788 1215 emittant,
804 1183 851 1210 sed
865 1190 928 1210 con-

133 1235 243 1262 cedatur
267 1238 355 1260 tamen
383 1239 501 1267 eousque
523 1232 582 1258 illos
607 1230 734 1258 accedere
757 1238 763 1256 :
782 1229 837 1264 jam
857 1228 927 1264 quod

134 1280 220 1314 majus
235 1284 276 1307 est
287 1279 415 1307 exhibere
424 1283 465 1305 cst
478 1285 555 1312 opus.
569 1276 709 1304 Undenaut
725 1274 928 1302 exhibebimus?

134 1326 173 1353 Ex
189 1327 254 1360 ipsis
270 1326 367 1352 iterum
381 1325 538 1355 visceribus,
555 1328 634 1357 atque
647 1331 679 1349 ex
694 1321 852 1357 legislatoris
866 1328 928 1349 vcr-

135 1373 186 1399 bis.
199 1373 245 1399 ille
257 1380 319 1399 vero
334 1371 396 1407 quid
409 1371 495 1398 dicit?
510 1370 539 1397 Si
554 1370 666 1396 remittas
682 1369 717 1395 eis
733 1373 872 1400 peccatum,
887 1375 928 1395 re-

135 1420 224 1451 mitte;
247 1420 286 1446 sin
314 1419 407 1450 minus,
433 1417 488 1444 dele
512 1425 551 1443 me
573 1417 604 1443 de
624 1416 687 1443 libro
711 1424 784 1450 quem
808 1414 929 1445 scripsisti

135 1465 234 1500 (Exod.
251 1465 295 1492 5'2.
307 1466 350 1492 51.
365 1465 421 1500 52).
438 1463 531 1491 Nullus
548 1471 610 1490 vero
627 1467 711 1496 pater,
727 1463 769 1489 cui
783 1461 930 1489 innumeris

136 1511 185 1538 triti
202 1511 280 1537 bonis
295 1511 409 1537 liberum
424 1510 474 1542 sit,
491 1516 551 1536 cum
565 1508 655 1535 liberis
670 1508 828 1542 supplicium
841 1506 931 1534 subire

136 1557 253 1584 voluerit
264 1567 271 1584 :
282 1556 425 1591 Apostolus
439 1563 503 1582 vero
513 1576 520 1588 ,
535 1559 627 1589 utpote
647 1554 673 1581 in
688 1554 773 1589 gratia
790 1559 910 1581 versatus
923 1574 930 1586 ,

137 1608 277 1639 paternum
290 1602 441 1637 ltujusinodi
453 1601 586 1632 aﬂ‘ectum,
601 1605 709 1636 propter
719 1601 864 1632 Christum,
876 1608 932 1627 nia-

137 1649 222 1684 jorent
234 1649 350 1676 exhibet.
365 1648 422 1675 Non
439 1648 510 1674 enim
524 1654 583 1674 cunt
595 1647 659 1681 ipsis
672 1654 765 1681 pinnas
780 1647 844 1673 dare
860 1647 932 1673 vole—

137 1697 183 1724 bat
194 1701 224 1723 ttt
237 1696 298 1728 ille;
314 1695 359 1723 sed
374 1698 403 1722 ut
415 1694 460 1721 alii
472 1694 584 1720 salutem
600 1693 727 1726 consequi
743 1697 861 1727 possent,
877 1693 933 1727 ipse

138 1743 190 1770 sibi
212 1743 360 1777 perniciem
374 1741 532 1776 precabatur
550 1740 590 1766 his
605 1739 693 1767 verbis
708 1748 714 1765 :
731 1739 857 1774 Optabam
868 1747 933 1764 ana-

138 1791 226 1816 tltema
239 1797 293 1816 esse
312 1797 327 1814 α
343 1787 442 1815 Christo
454 1795 500 1822 pro
511 1786 633 1822 fratribus
649 1786 709 1811 meis
721 1806 727 1817 ,
744 1786 857 1820 cognatis
874 1785 934 1811 mei:

139 1835 280 1863 secundum
301 1843 401 1862 carnem
416 1833 503 1870 (Rom.
526 1832 551 1860 9.
570 1831 608 1867 5).
632 1831 715 1858 Tanta
732 1831 912 1858 misericordia
926 1851 933 1864 ,

138 1887 232 1909 tantus
252 1881 365 1908 ail‘ectus
384 1887 466 1915 penes
483 1883 591 1906 sanctos
609 1883 658 1905 est.
680 1878 768 1911 Quare
787 1882 814 1904 et
829 1877 935 1912 Babylo.-

139 1929 243 1955 viscera
258 1928 341 1963 magis
354 1926 590 1957 excruciabaittur,
606 1925 677 1960 quod
693 1924 862 1959 [inperatoris
877 1924 934 1950 cxi-

141 1975 207 2001 l'titm
222 1974 289 2000 ultra
302 1981 408 2008 semper
421 1972 521 2000 intendi
533 1975 664 1998 cerneret.
679 1970 770 2004 Neque
780 1970 850 1996 enim
868 1973 936 1996 teni-

143 2021 178 2055 pli
191 2021 278 2047 solum
292 2027 372 2046 causa
384 2019 479 2046 dolens
493 2018 550 2044 hate
563 2017 671 2050 agebat;
689 2015 734 2042 sed
750 2014 828 2041 etiam
841 2014 937 2041 aﬁectu

141 2076 205 2102 erga
225 2067 412 2101 Imperatorem
428 2066 560 2093 inductus.
576 2063 642 2091 Nam
657 2062 702 2097 qui
721 2062 838 2089 divintun
861 2061 938 2088 inini-

142 2114 255 2141 sterium
272 2112 431 2140 contumelia
443 2112 533 2143 aflicit,
548 2110 633 2145 ipsum
649 2108 756 2143 quidem
772 2107 838 2134 nihil
849 2107 937 2139 laedit,

143 2160 263 2194 seipsum
279 2166 344 2186 vero
357 2158 504 2185 innumeris
518 2156 660 2189 complicat
674 2154 759 2181 malis.

181 2207 194 2234 1
202 2207 224 2234 ι.
231 2205 342 2240 Bubylas
351 2205 523 2235 obtruncatur;
531 2201 602 2237 jubet
608 2206 707 2228 catenas
718 2206 884 2233 cutitcorpore
894 2206 940 2224 suo

150 2251 268 2287 tepetiri:
286 2251 451 2285 reliquiarum
463 2250 554 2275 cultus.
571 2262 606 2267 —
618 2247 786 2280 Quapropter
808 2249 882 2279 pater
896 2244 941 2270 ille

148 2299 232 2335 prolis
242 2305 345 2328 amans,
356 2295 577 2324 contmneliosum
589 2294 662 2320 illum
679 2293 773 2319 iratum
789 2299 835 2326 per
846 2290 940 2325 praeci-

148 2346 212 2381 pitia
231 2345 295 2373 ferri
308 2351 430 2376 cernens,
447 2341 554 2369 brutunt
576 2341 703 2375 impetum
724 2345 849 2366 c0ercere
869 2345 943 2364 cura-

147 2392 205 2422 bat,
220 2399 271 2418 ceu
283 2389 425 2425 quemdam
441 2388 567 2415 eiirenent
579 2394 675 2420 equum
690 2393 704 2411 a
718 2392 793 2418 tergo
807 2383 942 2411 deterrere

149 2437 335 2471 satagens.At
349 2443 401 2462 nott
425 2434 550 2461 sustinttit
570 2432 659 2459 infelix
684 2431 745 2463 ille,
768 2429 815 2457 Sed
837 2429 943 2456 frenum

150 2484 296 2515 mordens,
317 2486 345 2510 ct
359 2481 491 2508 obsistens
502 2501 509 2512 ,
526 2486 639 2513 seseque
666 2477 748 2505 furori
771 2481 799 2504 et
816 2476 943 2508 insaniae,

152 2530 234 2556 misso
246 2532 329 2555 recta;
344 2527 455 2554 rationis
467 2525 567 2560 judicio
577 2545 584 2557 ,
597 2523 708 2555 dedens,
722 2523 747 2549 iu
760 2521 885 2550 barathra
897 2528 945 2547 ex-

157 2583 250 2602 tremae
265 2573 393 2610 perniciei
408 2580 468 2600 sese
482 2571 606 2605 conjecit,
623 2574 799 2603 sanctumque
813 2575 828 2594 e
840 2574 947 2594 carcere

153 2623 298 2652 uinctum,
313 2619 346 2646 ad
362 2618 461 2646 exedein
486 2618 602 2644 vinctum
625 2615 704 2650 jussit
728 2612 833 2640 abduci.
862 2612 947 2646 Atque

153 2669 197 2694 hic
211 2675 253 2698 ea,
269 2674 329 2701 qua:
343 2665 520 2692 cernebantur
534 2685 541 2696 ,
564 2663 596 2690 iis
620 2669 680 2696 qua:
700 2660 798 2688 ﬁebant
816 2658 948 2687 contraria

155 2718 241 2741 erant.
258 2713 304 2740 Ille
318 2711 424 2747 quidem
438 2711 543 2737 vinctus
557 2708 680 2737 omnibus
693 2707 770 2734 simul
784 2705 897 2733 vinculis
907 2713 950 2731 so-

156 2761 228 2787 lutus
241 2763 298 2786 erat
311 2779 318 2791 ,
340 2764 393 2785 tam
408 2757 511 2789 ferreis,
525 2763 604 2790 quam
622 2755 680 2781 aliis
705 2752 883 2788 gravioribus,
898 2751 951 2778 sol-

156 2805 339 2834 licitudinibus
353 2804 454 2831 scilicet
468 2808 546 2837 atque
559 2801 695 2829 laboribus
707 2821 714 2833 ,
736 2799 848 2834 aliisque
863 2797 951 2825 omni-

157 2853 219 2885 bus,
230 2859 290 2886 qua:
306 2857 355 2877 nos
365 2850 391 2876 in
406 2849 456 2876 ltac
471 2847 574 2875 mortali
587 2847 640 2874 vita
656 2846 872 2876 circumsisumt;
889 2850 953 2870 con-

157 2903 200 2926 tra
224 2898 269 2933 qui
290 2896 395 2924 solutus
421 2895 490 2937 ferro
514 2900 540 2922 et
566 2893 705 2921 adamante
721 2891 857 2920 videbatur
872 2889 954 2924 ,aliis

533 164 577 192 DE
595 164 624 192 S.
641 161 787 194 BABYLA,
805 158 943 188 CONTRA
962 156 1132 186 JULlANUM
1151 157 1194 185 ET
1214 157 1391 185 GENTILES.

1710 144 1763 172 530

975 215 1054 250 longe
1074 215 1240 250 gravioribus
1262 215 1376 242 vinculis
1396 215 1557 241 constrictus
1577 219 1650 247 erat,
1663 215 1766 242 catenis

974 264 1143 296 peccatorum
1157 260 1270 287 vinctus.
1283 259 1356 287 (Sindi
1379 259 1513 294 proximus
1537 260 1576 286 vir
1599 259 1691 288 beatus
1703 267 1764 287 cum

973 306 1046 333 ferro
1056 313 1153 340 corpus
1168 312 1244 332 suum
1260 305 1366 338 sepeliri
1380 305 1523 337 mandavit,
1538 305 1636 333 docens
1647 313 1689 338 ea,
1706 313 1766 340 quae

976 351 1149 387 ignominiosa
1162 351 1301 383 videntur,
1315 358 1375 377 cum
1398 355 1506 384 propter
1526 350 1659 379 Christum
1683 352 1763 382 ﬁunt,

977 396 1123 424 ltouoriﬁca
1143 400 1171 423 et
1197 395 1334 431 splendida
1351 403 1410 423 esse
1423 416 1429 428 ,
1445 396 1642 431 patientcmque
1669 397 1765 424 nedum

974 442 1114 477 pudorem,
1128 441 1189 469 hinc
1203 441 1313 477 gloriam
1330 445 1486 475 reportare:
1501 441 1550 468 hac
1567 442 1629 469 item
1649 442 1674 468 in
1692 447 1766 477 parte

975 488 1082 515 beatum
1102 487 1211 515 Paulutn
1230 487 1358 519 imitatus,
1371 488 1416 522 qui
1430 486 1498 514 ultro
1506 487 1625 522 citroque
1633 488 1766 522 stigmata,

976 533 1082 560 vincula
1097 554 1104 566 ,
1128 537 1250 560 catenam
1266 533 1408 565 versabat,
1422 532 1611 567 gloriabundus
1634 534 1767 568 altumque

975 581 1081 615 sapiens
1096 581 1122 608 in
1142 580 1184 613 iis,
1198 588 1310 615 quorum
1324 580 1391 606 alios
1406 579 1526 614 puderet.
1544 580 1618 614 Quod
1636 585 1724 608 autem
1738 589 1768 608 ειη

976 628 1026 655 lios
1042 628 1172 662 puderet,
1201 628 1287 663 palam
1315 627 1391 655 nobis
1412 627 1473 654 fecit
1493 635 1523 654 ea
1537 627 1702 660 defensione,
1718 636 1768 663 qua

976 674 1045 709 apud
1060 675 1203 709 Agrippam
1218 682 1282 701 usus
1302 678 1352 701 est.
1377 673 1424 700 illo
1446 682 1560 708 namque
1584 674 1688 702 dicente
1701 695 1708 706 ,
1735 674 1769 701 1η

978 721 1077 748 modico
1102 722 1192 748 srutdi's
1215 730 1254 748 me
1269 721 1440 749 Christianum
1460 722 1516 756 fieri
1531 742 1538 752 ,
1567 721 1661 748 Paulus
1683 721 1768 755 dixit,

980 767 1046 803 Opto
1057 768 1126 802 apud
1137 767 1218 794 Deum
1231 773 1253 794 ct
1267 768 1399 794 inmodico
1412 774 1435 795 et
1448 769 1474 794 itt
1489 776 1591 803 magno,
1610 776 1660 794 non
1672 772 1769 794 tmttuitt

978 819 1011 846 te,
1027 815 1071 840 sed
1094 814 1168 840 etiam
1187 822 1228 841 eos
1252 814 1294 848 qui
1310 814 1402 841 adsunt
1418 823 1502 841 omnes
1528 815 1583 848 fieri
1604 814 1768 847 Christianos,

978 860 1086 894 acceptis
1106 860 1261 887 vinculis/its
1273 859 1348 896 (Act.
1365 860 1409 889 26.
1426 860 1470 889 28.
1486 859 1551 895 ‘29);
1572 860 1641 894 quod
1656 867 1708 887 non
1720 859 1769 887 ad-

978 906 1097 940 jecisset,
1124 906 1174 932 nisi
1194 906 1220 933 id
1239 906 1444 941 ignominiosum
1466 905 1556 932 ntultis
1569 905 1654 933 visum
1668 906 1769 933 luisset.

985 951 1078 979 Sancti
1094 952 1165 979 enini
1181 951 1321 978 Dominum
1347 957 1466 978 amantes
1477 972 1485 984 ,
1502 959 1632 978 aerumnas
1653 959 1702 986 pro
1726 952 1772 978 illo

980 1004 1074 1032 magna
1090 1004 1150 1023 cum
1164 996 1301 1024 alacritate
1321 996 1501 1031 suscipiebant
1519 1017 1526 1029 ,
1543 1005 1589 1030 per
1603 1004 1669 1031 quas
1691 997 1771 1024 etiam

979 1043 1095 1070 lictiores
1116 1043 1273 1070 evadebant.
1303 1042 1378 1071 Unde
1394 1042 1437 1069 hic
1459 1043 1565 1077 quidem
1596 1043 1649 1075 ait,
1667 1042 1771 1069 Gaudeo

979 1089 1006 1116 in
1022 1088 1195 1124 afﬂictionibus
1213 1089 1274 1115 meis
1288 1088 1297 1124 ί
1312 1088 1367 1116 Col.
1381 1089 1407 1115 t.
1422 1088 1457 1115 ‘24
1469 1088 1477 1123 )
1489 1097 1496 1120 ;
1510 1088 1595 1115 Lucas
1607 1095 1671 1115 vero
1684 1088 1716 1115 de
1729 1096 1773 1115 re-

979 1136 1052 1171 liquo
1091 1135 1272 1170 apostolorum
1310 1140 1380 1162 ccetu
1413 1135 1505 1162 cadent
1537 1135 1593 1169 ipsa
1626 1134 1772 1169 loquitur:

980 1190 1040 1210 nam
1055 1187 1114 1216 post
1127 1183 1209 1208 multa
1222 1181 1324 1217 ﬂagella
1333 1181 1503 1214 recedebant,
1512 1182 1606 1215 inquit,
1617 1181 1771 1215 gaudentes,

980 1229 1106 1263 quoniam
1122 1228 1193 1263 digiti
1208 1228 1290 1255 habiti
1304 1232 1396 1255 essent
1408 1235 1456 1261 pro
1470 1227 1579 1253 nomine
1594 1226 1693 1253 Christi
1706 1234 1772 1253 con-

982 1275 1115 1303 tumeliam
1131 1275 1183 1310 pati
1200 1275 1209 1309 (
1226 1275 1282 1301 Act.
1297 1275 1324 1301 5.
1339 1274 1370 1301 Μ
1389 1273 1410 1308 ).
1425 1273 1463 1300 Ne
1478 1273 1537 1307 quis
1555 1280 1619 1307 ergo
1632 1272 1771 1306 gentilium

983 1326 1097 1356 putaret,
1109 1322 1255 1349 certamina
1272 1329 1319 1356 per
1330 1321 1381 1347 vim
1393 1328 1424 1347 ae
1436 1319 1620 1347 necessitatem
1631 1319 1771 1350 committi,

982 1371 1039 1403 ipsa
1061 1368 1237 1395 certaminum
1264 1367 1384 1403 symbola
1402 1374 1462 1393 cum
1483 1373 1594 1400 corpore
1609 1372 1657 1392 suo
1669 1364 1774 1399 sepeliri

981 1415 1071 1450 jussit,
1087 1414 1235 1441 ostendens
1247 1421 1277 1440 ea
1297 1413 1346 1440 sibi
1361 1411 1502 1440 admodum
1523 1416 1597 1446 grata
1613 1415 1640 1438 et
1652 1410 1775 1438 amabilia

983 1468 1054 1493 esse,
1069 1460 1139 1495 quod
1164 1464 1237 1486 totus
1252 1458 1381 1493 penderet
1398 1465 1413 1484 a
1437 1458 1548 1485 caritate
1561 1456 1671 1485 Christi.
1689 1456 1722 1483 Et
1736 1456 1776 1490 ja-

983 1511 1046 1534 ccttt
1068 1507 1148 1534 etiam
1170 1514 1239 1532 nunc
1251 1514 1311 1532 eniti
1337 1505 1471 1532 cineribus
1487 1498 1633 1538 compedes
1645 1524 1652 1536 ,
1678 1508 1706 1530 ut
1721 1511 1776 1529 tito-

985 1559 1064 1581 neant
1079 1560 1173 1579 ontnes
1200 1551 1379 1579 Ecclesiarum
1408 1550 1549 1586 praefectos
1563 1570 1570 1581 ,
1586 1549 1636 1575 etsi
1649 1548 1752 1575 vincula
1768 1569 1775 1581 ,

984 1599 1084 1626 credent
1100 1603 1126 1625 et
1146 1598 1273 1632 qiuelihet
1287 1596 1337 1623 alia
1350 1596 1405 1631 pati
1418 1600 1541 1629 oporteat
1555 1615 1562 1628 ,
1578 1594 1666 1621 omnia
1682 1594 1777 1620 alacri-

986 1650 1026 1672 ter
1038 1652 1069 1672 ac
1084 1653 1143 1671 cum
1161 1644 1296 1677 voluptate
1316 1642 1398 1669 inulta
1423 1641 1575 1668 sustinenda
1596 1648 1656 1667 esse
1671 1660 1677 1672 ,
1700 1640 1735 1666 ita
1750 1644 1778 1666 ut

986 1691 1168 1719 concreditum
1191 1690 1266 1716 nobis
1283 1689 1432 1716 libertatem
1456 1696 1489 1714 tte
1514 1687 1653 1713 minimum
1669 1686 1775 1721 quidem

987 1737 1130 1771 prodamus
1143 1741 1187 1763 aut
1202 1723 1404 1763 detlecoremus.
1417 1734 1450 1761 Et
1462 1733 1567 1767 quidem
1581 1733 1623 1759 ille
1632 1732 1672 1759 vir
1686 1732 1779 1759 beatus

988 1783 1022 1810 ita
1032 1781 1172 1816 splendide
1184 1781 1264 1808 vitain
1280 1780 1384 1807 clausit.
1403 1779 1480 1806 Putat
1503 1778 1571 1806 forte
1588 1778 1717 1812 quispiam
1731 1785 1780 1805 tios

988 1829 1029 1855 his
1045 1827 1139 1855 orandi
1159 1827 1237 1854 linem
1261 1826 1377 1852 facturos
1392 1832 1462 1857 esse,
1477 1832 1536 1851 cuin
1552 1829 1611 1858 post
1625 1824 1685 1850 vita:
1701 1824 1779 1850 ﬁnem

989 1874 1058 1900 nulla
1071 1873 1106 1900 sit
1121 1872 1221 1907 reliqua
1230 1871 1335 1898 virtutis
1349 1878 1513 1904 operumque
1527 1869 1643 1901 occasio,
1653 1869 1780 1903 quemad-

989 1918 1096 1945 modum
1111 1926 1160 1944 nec
1173 1917 1282 1944 athletis
1303 1920 1397 1943 exacto
1412 1915 1587 1942 certaminum
1606 1919 1725 1949 tetnpore
1734 1923 1781 1941 co—

989 1972 1070 1991 ronas
1084 1968 1191 1990 nectere
1206 1963 1276 1989 licet.
1300 1962 1395 1988 Verum
1426 1961 1450 1987 id
1466 1961 1578 1995 gentiles
1602 1960 1707 1994 quidem
1728 1968 1781 1987 non

990 2010 1038 2036 abs
1051 2017 1080 2035 re
1096 2008 1275 2040 arbitrantur,
1289 2006 1350 2042 quia
1373 2013 1448 2040 spent
1464 2013 1538 2032 suam
1564 2005 1599 2031 illi
1623 2005 1691 2031 intra
1704 2004 1783 2038 hujus

992 2057 1052 2082 vita:
1066 2055 1195 2082 tertninos
1217 2054 1384 2080 incluScruut
1401 2062 1406 2078 :
1423 2059 1471 2079 nus
1488 2059 1552 2078 vero
1568 2072 1574 2082 .
1589 2051 1684 2085 quibus
1697 2052 1784 2078 obitus

991 2102 1102 2129 alterius
1127 2100 1332 2134 illustriorisque
1350 2100 1411 2125 vit-.c
1428 2098 1531 2124 iiiitittiit
1545 2102 1597 2129 est,
1615 2097 1648 2123 ab
1662 2097 1712 2124 hac
1727 2098 1784 2132 opi-

993 2148 1074 2175 nione
1087 2152 1166 2181 atque
1187 2146 1319 2174 sententia
1337 2146 1414 2179 longe
1436 2144 1563 2171 absumus
1578 2153 1584 2174 :
1600 2144 1670 2178 quod
1693 2149 1783 2171 autent

993 2195 1019 2222 id
1032 2195 1092 2229 jure
1112 2202 1144 2222 ac
1166 2194 1274 2225 merito,
1289 2193 1315 2219 in
1329 2193 1379 2219 alia
1398 2191 1518 2218 oratione
1543 2190 1698 2224 probabitur
1716 2199 1723 2217 :
1741 2191 1780 2217 iti-

994 2241 1070 2268 Ierim
1096 2247 1160 2266 vero
1184 2246 1215 2265 ea
1231 2259 1238 2271 ,
1263 2245 1322 2273 quae
1345 2241 1405 2271 post
1420 2240 1533 2264 mortem
1555 2243 1570 2262 a
1589 2242 1720 2269 generoso
1740 2235 1786 2263 illo

995 2285 1094 2321 Babyla
1121 2285 1250 2320 prieclare
1264 2287 1340 2318 gesta
1365 2287 1445 2313 sunt,
1461 2289 1585 2317 magnam
1608 2281 1681 2308 verbi
1708 2280 1787 2307 ﬁderit

996 2335 1125 2366 praestare
1159 2334 1280 2364 possunt.
1306 2328 1372 2362 Quia
1403 2328 1473 2355 enim
1498 2335 1581 2361 usque
1610 2326 1643 2354 ad
1674 2331 1788 2353 ntortent

996 2386 1044 2414 pro
1059 2377 1171 2404 veritate
1191 2376 1326 2407 certavit,
1350 2380 1378 2402 et
1398 2382 1481 2408 usqtte
1505 2373 1538 2400 ad
1564 2373 1719 2408 sanguinem
1743 2381 1788 2401 rc-

996 2425 1063 2452 stilit
1087 2427 1179 2450 contra
1202 2426 1338 2456 peccatum
1363 2420 1534 2455 depuguans,
1553 2424 1581 2446 et
1605 2423 1633 2445 ut
1656 2419 1785 2451 ordinem.

997 2480 1076 2506 quem
1086 2471 1134 2506 ipsi
1145 2469 1319 2497 constituerat
1329 2467 1383 2495 Rex
1393 2467 1437 2494 ille
1448 2474 1568 2501 magnus,
1580 2473 1632 2492 non
1641 2465 1793 2499 desereret],

998 2518 1112 2546 animam
1129 2517 1212 2552 ipsam
1227 2514 1360 2549 deposuit,
1377 2513 1502 2548 omnique
1515 2512 1613 2539 athleta
1628 2511 1794 2546 splendidqu

999 2564 1122 2592 occubuit
1137 2573 1144 2590 :
1159 2563 1232 2590 illutn
1246 2561 1352 2596 quidem
1368 2560 1493 2594 deinceps
1503 2559 1596 2587 caelum
1612 2557 1711 2591 habuit,
1730 2565 1792 2585 cor-

1002 2620 1050 2647 pus
1077 2614 1177 2641 autem,
1193 2609 1263 2644 quod
1290 2607 1322 2634 ad
1338 2611 1474 2634 certamen
1499 2606 1708 2636 ittiitislraverat,
1724 2609 1793 2631 terra

1002 2661 1124 2691 occupat,
1139 2656 1173 2683 ita
1186 2660 1214 2682 ιιι
1229 2659 1352 2681 creatura
1366 2653 1492 2679 athletam
1507 2652 1636 2678 diviserit.
1655 2651 1733 2686 Atqui
1749 2658 1794 2684 p0-

1004 2709 1071 2732 terat
1083 2703 1128 2730 ille
1137 2707 1163 2730 et
1177 2701 1314 2729 transferri
1328 2705 1355 2727 ut
1369 2700 1471 2732 Enoch,
1488 2704 1514 2727 ct
1526 2699 1580 2733 rapi
1594 2705 1622 2726 iit
1637 2698 1735 2729 Helias,
1749 2698 1793 2732 qui

1004 2750 1142 2783 utriusque
1154 2747 1293 2775 aemulator
1307 2746 1410 2773 fuerat:
1426 2750 1453 2772 at
1469 2745 1538 2772 Deus
1552 2744 1595 2771 ille
1608 2744 1736 2775 clemens,
1751 2743 1795 2777 qui

1006 2795 1122 2823 inﬁnitas
1133 2794 1210 2821 nobis
1219 2793 1310 2820 salutis
1318 2792 1473 2819 occasiones
1484 2790 1606 2821 contulit,
1619 2789 1796 2823 hanc-quoque

1007 2842 1083 2869 nobis
1096 2849 1155 2868 cum
1171 2840 1230 2867 aliis
1247 2839 1352 2873 aperttit
1367 2844 1449 2869 vtam,
1473 2844 1531 2870 quae
1546 2843 1594 2862 nos
1607 2835 1690 2870 possit
1702 2834 1735 2860 ad
1747 2835 1796 2860 vir-

1009 2892 1092 2916 tutem
1108 2893 1229 2920 evocare,
1246 2889 1397 2913 sanctorum
1409 2882 1532 2918 reliquias
1543 2881 1612 2917 apud
1628 2888 1677 2909 nos
1691 2880 1798 2908 interim
