1969 3130
179 136 225 163 Si?!

179 196 344 229 relinquens.
360 190 425 219 Nam
449 193 508 224 post
523 187 655 215 sermonis
675 187 801 213 virtutem
827 182 974 212 secundutn

179 245 269 269 tentent
284 239 405 266 ordinem
420 241 571 263 sanctorum
598 233 733 268 sepulcra,
759 231 791 258 ad
806 231 909 258 animos
934 229 975 256 in-

179 287 308 314 tuentium
329 283 466 311 hominum
483 281 515 308 ad
539 280 712 307 imitationem
726 276 912 305 concitandos.
936 276 975 303 Ac

177 332 261 360 sicubi
272 331 331 366 quis
342 328 471 364 ejusmodi
486 334 573 361 capsze
587 325 685 357 adstet,
701 324 790 352 statim
813 323 871 357 ejus
886 321 975 349 effica-

179 378 247 405 ciam
262 383 342 403 sensu
359 374 480 410 percipit.
498 372 601 400 Etenim
617 378 703 405 capsa:
717 374 841 404 aspectus
856 368 973 394 animum

178 430 322 458 occupans,
341 421 429 456 ipsum
451 419 572 455 percellit
583 423 610 445 et
623 418 732 450 excitat,
748 421 828 451 atque
848 415 921 442 illum
936 414 975 441 sie

177 470 269 502 afficit,
283 476 314 496 ac
328 468 350 495 si
367 468 410 494 ille
424 468 468 502 qui
492 467 563 499 jacet
583 464 661 492 simul
680 467 843 499 precaretur.
857 461 973 493 adesset,

178 516 321 542 videretur.
339 514 408 541 Hinc
422 511 560 540 alacritate
577 511 670 545 plenus
680 509 735 541 ille,
750 508 794 543 qui
811 508 850 535 sic
863 507 974 534 allectus

179 567 238 593 est,
263 561 289 588 in
317 560 486 593 alterumque
510 558 597 584 virum
625 560 741 583 mutatus
756 576 763 588 ,
790 555 826 581 ita
851 553 973 581 discedit.

179 609 264 636 Probe
278 613 366 636 autem
381 606 577 634 animadvertet
599 604 784 632 defunctorum
808 603 974 638 phantasiam

180 664 211 682 ex
228 655 293 690 ipsis
316 654 382 682 locis
404 654 431 681 in
447 652 592 680 viventium
616 651 712 678 animis
731 650 842 678 excitari
858 671 865 682 ,
880 650 902 676 si
915 649 975 684 quis

183 701 287 735 cogitet,
299 698 435 734 quomodo
449 699 465 725 ii
487 698 532 732 qui
550 696 657 731 lugendi
675 703 754 724 causa
771 696 901 728 veniunt,
917 700 974 722 sta-

182 746 228 772 tim
242 750 321 780 atque
335 744 368 771 ad
392 744 513 780 sepulcra
535 748 723 774 accesserunt,
739 750 770 769 ac
785 742 808 768 si
829 741 887 768 vice
902 749 975 768 urna:

180 798 227 818 eos
243 791 286 825 qui
304 790 330 816 in
345 797 410 816 urna
422 793 512 824 jacent
522 793 623 815 stantes
638 787 768 819 viderent,
786 787 824 814 sic
838 787 898 813 illos
914 794 929 812 e
945 787 976 812 li-

180 837 250 864 mine
264 837 352 863 statim
363 835 535 870 compellent.
550 834 622 861 Multi
632 833 868 866 vero,iutolerabili
886 832 974 859 affecti

179 885 288 916 dolore,
304 890 385 918 prope
396 883 516 917 sepulcra
544 885 710 908 tnortuorttm
736 879 901 907 domicilium
925 878 975 905 sibi

181 937 295 963 perenne
305 928 500 956 constituerunt
513 948 520 960 ,
537 927 562 954 id
575 934 741 962 nequaquam
754 925 847 952 facturi
857 946 864 957 ,
879 924 930 952 nisi
943 932 975 951 ex

180 977 230 1003 loei
252 981 398 1010 conspectu
417 975 551 1010 quidpiam
577 973 769 1001 consolationis
783 972 975 1007 percepissent.

180 1022 281 1056 Ecquid
296 1022 329 1049 de
342 1022 401 1048 loco
414 1026 440 1048 et
455 1022 580 1056 sepulcro
595 1019 709 1055 loquor?
723 1027 782 1047 eum
798 1019 880 1046 vestis
904 1026 976 1052 sarpe

182 1069 238 1095 Sttltt
260 1073 425 1095 mortuorum
439 1068 505 1099 visa,
522 1072 568 1094 aut
589 1067 698 1094 verbtnn
709 1074 789 1093 unum
806 1070 894 1093 mente
905 1072 978 1100 repe-

180 1115 266 1143 titum.
282 1115 399 1141 animum
414 1114 548 1146 excitarit,
564 1118 590 1140 et
606 1113 739 1140 labentem
759 1112 916 1139 memoriam
932 1119 976 1138 rc-

180 1160 292 1187 dnxerit.
307 1159 368 1187 Ideo
393 1159 519 1194 reliquias
532 1163 684 1186 sanctorum
695 1158 772 1186 nobis
780 1158 850 1185 Deus
863 1157 975 1185 dimisit.

216 1206 259 1232 1:).
271 1206 324 1233 SS.
336 1205 478 1240 Martyrum
488 1205 697 1232 utirucnla.—Me
705 1210 793 1231 autem
802 1212 853 1231 non
863 1204 920 1231 lucc
928 1203 977 1231 frn-

179 1255 232 1278 stra
244 1251 366 1286 jacdtarc
377 1273 383 1283 ,
399 1251 444 1278 sed
456 1251 488 1278 ad
505 1251 644 1278 utilitatem
661 1255 778 1277 nostram
795 1250 829 1278 ita
841 1250 976 1286 provisum

180 1305 239 1324 esse
251 1318 258 1329 ,
283 1297 361 1324 fidem
378 1297 466 1324 facere
483 1301 595 1331 possunt
610 1297 736 1323 tniracula
751 1317 758 1329 ,
772 1304 831 1330 qua:
848 1304 862 1323 ιι
878 1297 977 1322 sanctis

179 1343 297 1378 quotidie
316 1343 477 1378 martyribus
499 1342 615 1370 eduntur
631 1363 637 1372 .
654 1349 758 1369 necnon
779 1342 921 1369 multitudo
941 1342 976 1368 ita

180 1389 395 1416 concurrentium
412 1389 540 1422 virorum,
555 1396 604 1416 nec
618 1389 705 1415 minus
719 1410 726 1420 ,
739 1395 818 1422 quam
833 1387 875 1414 illa
887 1408 893 1419 ,
907 1387 976 1415 beati

182 1434 259 1469 hujus
273 1434 323 1461 viri
337 1435 418 1462 etiam
442 1438 502 1469 post
520 1434 621 1461 obitum
648 1434 775 1469 pra-clara
798 1438 882 1468 gesta.
900 1434 976 1460 Post-

180 1489 258 1514 quam
273 1480 345 1507 enim
359 1480 392 1507 ita
409 1485 436 1506 ιιι
456 1481 628 1508 mandaverat
643 1481 763 1515 sepultus
777 1484 818 1507 est
829 1501 835 1511 ,
854 1480 978 1515 iungunt-

180 1535 231 1560 que
260 1532 364 1560 tempus
393 1531 453 1561 post
478 1527 640 1561 sepulturam
666 1526 790 1558 efﬂuxit,
808 1527 842 1553 ita
868 1532 896 1554 ut
916 1533 976 1553 ossa

181 1579 281 1600 tantum
298 1578 323 1600 et
334 1573 419 1608 pulvis
431 1574 456 1600 in
468 1573 570 1599 tmnnlo
585 1577 750 1606 remaneant,
766 1573 852 1600 visum
868 1577 910 1600 est
922 1573 979 1600 cui-

180 1619 240 1644 dam
254 1626 286 1645 ex
303 1618 351 1650 iis,
367 1619 411 1653 qui
429 1626 519 1653 postea
536 1619 732 1653 imperaverunt
749 1639 756 1649 .
775 1619 800 1645 in
816 1619 867 1646 hoc
879 1619 976 1646 subur-

181 1664 252 1690 biutn
269 1664 397 1699 Daphnen
409 1672 518 1700 capsam
531 1664 628 1692 adduci
639 1674 645 1690 :
657 1665 736 1700 idque
749 1665 835 1692 visum
851 1669 907 1697 est,
923 1664 977 1692 Deo

182 1708 351 1743 Imperatoris
364 1711 479 1737 animum
496 1710 529 1737 ad
545 1718 603 1737 eam
618 1718 674 1737 rem
687 1714 822 1738 movente.
833 1711 976 1738 Cumenitn

181 1756 284 1783 videret
299 1756 386 1784 locum
408 1757 619 1784 adolescentium
635 1757 739 1784 lascivia
756 1778 764 1789 ,
790 1765 840 1785 ceu
863 1758 976 1793 quadam

182 1801 321 1836 tyrannide
334 1822 341 1834 ,
353 1802 492 1828 obsessum
509 1821 516 1835 ,
534 1802 569 1829 ita
582 1807 610 1828 ut
625 1802 771 1836 periculum
786 1807 857 1830 esset
870 1823 877 1834 ,
892 1811 926 1830 ne
944 1803 978 1829 ab

182 1846 390 1877 honcstiot'ibus.
406 1846 490 1881 iisque
500 1847 543 1881 qui
560 1846 642 1881 probe
655 1848 746 1874 vivere
761 1847 859 1874 vellent
875 1868 882 1880 ,
900 1855 976 1882 pror-

181 1899 227 1918 sus
237 1892 407 1919 desereretur
420 1913 426 1924 ,
444 1893 625 1920 misericordia
637 1898 724 1920 motus
735 1900 815 1928 super
828 1893 978 1928 ltujusmodi

181 1939 289 1970 damno,
306 1939 378 1965 misit
392 1939 638 1973 qttilcontumeliant
653 1939 808 1967 vindicaret.
823 1940 892 1967 Deus
907 1940 978 1968 enim

182 1985 270 2011 locum
282 1984 355 2010 illum
366 1992 500 2011 amomum
516 1990 543 2012 et
556 1984 696 2012 amabilem
710 1985 824 2012 reddidit
835 2007 843 2017 ,
857 1990 884 2013 et
894 1993 978 2020 aqua-

183 2039 240 2058 rum
257 2031 332 2065 copia
346 2039 377 2058 ac
392 2031 483 2066 specie
495 2052 501 2063 ,
527 2036 554 2058 et
570 2036 664 2059 natura
678 2032 727 2059 soli
740 2037 819 2068 atque
834 2037 978 2067 tempesta-

183 2082 238 2103 tum
252 2078 389 2112 temperie,
401 2085 451 2104 non
467 2078 553 2104 solum
568 2082 595 2104 ut
607 2077 668 2105 inde
683 2085 874 2109 recrearetnnr,
888 2079 935 2106 sed
952 2083 981 2106 ut

182 2124 262 2151 etiam
278 2131 307 2151 ea
321 2124 355 2151 de
369 2134 397 2152 re
412 2125 539 2159 optimum
553 2124 681 2159 Opificem
704 2125 913 2153 celebrat-emus.
930 2126 980 2154 Sa-

184 2170 246 2196 lutis
260 2177 340 2204 porro
357 2175 456 2197 nostra:
468 2171 591 2198 inimicus
602 2192 609 2202 ,
621 2171 665 2205 (ιιιί
681 2171 726 2198 Dei
740 2171 817 2198 donis
833 2179 940 2206 semper
954 2173 980 2198 in

183 2218 346 2244 contrarium
376 2218 497 2244 abutitur
514 2239 520 2248 ,
549 2223 734 2252 corruptortun
748 2218 876 2253 juvenutn
897 2219 981 2246 turba:

184 2263 389 2297 dtemonumque
411 2263 553 2290 domiciliis
567 2269 726 2297 oecupatum
742 2264 775 2290 ab
788 2272 817 2290 se
832 2264 918 2291 locum
935 2265 982 2291 ad-

183 2309 276 2336 diccns
291 2329 297 2341 ,
311 2309 379 2344 turpi
409 2310 495 2336 fabula
519 2310 615 2336 famam
632 2310 690 2344 ejus
709 2309 895 2337 deltonestavit
906 2331 913 2342 ,
929 2318 981 2344 qua

184 2356 273 2382 fabula
288 2356 406 2382 subnrhii
420 2357 503 2389 gratia
519 2357 632 2384 da-moni
649 2358 864 2384 consecrabatur.
882 2357 981 2384 Fabula

182 2406 274 2428 autem
291 2402 441 2436 hujusmodi
458 2408 508 2429 est.

221 2445 343 2481 Daphnes
369 2447 482 2474 historia.
517 2463 550 2467 -—
578 2448 688 2483 Daphne
712 2449 798 2484 puclla
824 2453 902 2481 erat,
929 2449 981 2477 filia

184 2492 303 2520 Ladonis
316 2493 388 2520 ﬂuvii
404 2502 410 2520 :
424 2502 484 2521 nam
507 2494 648 2522 erronihus
668 2496 720 2522 illis
743 2503 801 2523 mos
813 2503 920 2531 semper
934 2496 983 2523 fuit

184 2539 281 2567 ﬂuvios
300 2540 439 2575 gignentes
452 2540 588 2572 inducere.
604 2541 705 2576 prolem
717 2549 810 2569 eorum
823 2542 848 2568 in
863 2549 906 2569 res
919 2550 984 2570 sett-

186 2596 216 2617 su
241 2593 365 2615 carentes
379 2592 483 2615 mutare
500 2608 508 2619 ,
524 2592 551 2615 et
565 2589 647 2615 multa
663 2588 815 2622 bujusmodi
830 2594 982 2624 portentosa

190 2636 297 2671 ﬁngere.
325 2635 399 2663 llanc
423 2642 503 2670 porro
530 2635 645 2669 puellam
668 2636 812 2663 admodum
838 2635 983 2664 formosam

190 2683 337 2716 Apollinem
352 2681 486 2717 quondam
502 2681 599 2709 vidisse
622 2686 748 2714 narrant,
764 2682 877 2717 ejusque
891 2690 984 2710 amore

187 2735 293 2763 captum
306 2729 386 2756 fuisse
399 2737 405 2760 ;
422 2729 607 2763 insequentem
620 2733 649 2754 ut
662 2733 779 2763 caperet.
793 2728 893 2764 fugisse
907 2730 984 2764 puel-

188 2775 250 2807 lant,
264 2779 291 2802 ct
302 2775 327 2802 in
343 2774 393 2802 hoc
404 2775 532 2803 suburbio
543 2774 705 2802 substitisse.
721 2773 787 2801 Tum
801 2780 913 2802 matrem
925 2775 984 2810 ejus

189 2829 266 2855 opem
281 2822 373 2850 tulisse
384 2821 455 2855 illia).
471 2829 506 2850 ne
520 2821 643 2856 injuriam
655 2826 804 2855 pateretur.
815 2826 894 2857 atque
905 2829 984 2857 aper-

189 2872 216 2895 to
233 2868 320 2896 statim
347 2868 448 2904 gremio
463 2867 593 2903 virginem
607 2867 744 2903 excepisse
759 2888 767 2902 ,
782 2876 812 2897 ac
828 2877 876 2904 pro
893 2869 980 2904 puella

539 129 568 157 S.
588 127 726 157 JOANNIS
741 122 981 154 ClliiYSOSTOMl
999 123 1156 151 ARCHIEI‘.
1177 123 1446 153 CONSTANTINOP.

1772 126 1821 153 ΨΩ

1030 182 1146 217 plantam
1158 181 1277 216 ejusdem
1290 183 1404 210 nominis
1411 183 1543 216 edidisse;
1558 183 1742 217 laseivnmuue
1751 192 1820 212 ama-

1029 234 1114 256 torem
1126 229 1263 256 amoribus
1277 229 1332 256 suis
1345 228 1504 259 fraudatum.
1519 231 1642 257 arborem
1653 235 1822 264 complexum

1028 283 1087 303 esse
1099 297 1105 306 .
1121 283 1153 303 ac
1167 281 1222 303 tum
1241 275 1357 311 plantam
1371 295 1377 307 ι
1395 279 1450 302 tum
1474 275 1560 303 locum
1584 276 1671 310 ipsum
1693 275 1744 302 sibi
1762 284 1821 310 pro-

1029 323 1114 357 prium
1131 322 1268 350 cﬂ'eciSse:
1285 323 1347 350 hinc
1360 322 1499 350 considere
1508 323 1534 350 in
1547 323 1606 350 loco
1614 330 1732 358 semper,
1746 330 1822 349 eum-

1027 377 1079 404 que
1093 369 1207 400 cteteris,
1221 377 1280 404 qua:
1292 376 1340 404 per
1353 369 1444 396 orbem
1459 373 1538 402 sunt,
1554 368 1690 396 anteferre
1702 389 1710 401 ,
1723 376 1755 396 ac
1770 375 1824 402 pra

1028 415 1151 443 omnibus
1166 416 1287 450 diligere.
1315 415 1396 443 Aiunt
1419 416 1483 443 item
1499 423 1590 451 regem
1605 416 1650 451 qui
1665 419 1729 442 tunc
1742 415 1824 450 impe-

1027 463 1103 490 rabat
1117 483 1124 496 ,
1151 463 1277 497 templum
1301 467 1328 489 et
1343 470 1416 490 aram
1439 462 1622 490 eonstruxisse
1635 483 1643 495 ,
1666 470 1720 497 qtto
1734 467 1824 496 posset

1028 509 1132 537 da-mon
1149 510 1278 536 insaniant
1289 517 1365 537 suam
1376 517 1423 544 per
1431 517 1491 536 eum
1504 509 1591 536 locum
1602 509 1748 536 consolari.
1764 508 1824 536 Hzec

1028 560 1069 584 est
1082 555 1180 587 fabula.
1197 556 1323 582 damnum
1340 563 1404 583 vero
1418 562 1451 582 ex
1467 555 1552 582 fabula
1566 559 1688 582 exortum
1704 563 1757 582 non
1768 555 1823 588 jam

1028 601 1116 628 fabula
1141 601 1201 629 fuit.
1228 602 1371 637 Postquam
1386 603 1457 629 enim
1468 602 1582 637 juvenes
1596 602 1688 629 laSeivi
1703 601 1824 629 snburhii

1029 648 1251 683 pulchritudinem
1265 649 1493 680 contaminarunt,
1504 653 1532 676 ut
1543 649 1644 676 dictum
1657 654 1710 681 est,
1725 648 1824 675 ibidem

1029 695 1056 721 in
1075 694 1318 722 comessationibus
1338 699 1365 721 et
1386 694 1516 722 ebrietate
1531 694 1682 721 victitantes
1698 714 1705 726 ,
1722 699 1752 721 ut
1775 693 1825 721 hoc

1028 741 1127 768 malum
1148 741 1173 767 in
1193 741 1251 768 dies
1271 746 1462 776 propagaretur
1477 762 1484 774 ,
1504 741 1627 768 diabolus
1650 740 1770 767 fabulam
1786 741 1825 768 ef-

1028 786 1104 814 liuxit
1119 808 1126 817 .
1141 786 1344 822 dremonetnque
1368 787 1403 814 ibi
1423 787 1560 814 constituit
1575 807 1582 819 ,
1599 791 1628 814 ut
1643 786 1701 814 hmc
1715 786 1825 814 historia

1028 832 1114 866 majus
1134 831 1186 859 illis
1199 832 1314 859 lasciviae
1328 837 1355 859 et
1366 833 1509 867 impietatis
1539 832 1692 860 incendium
1709 837 1825 866 pararet.

1028 877 1068 904 Ad
1083 881 1153 904 tanta
1184 878 1263 912 igitur
1289 878 1403 905 tollemla
1424 878 1492 905 mala
1508 878 1579 905 hunc
1594 878 1824 913 sapientissimum

1029 923 1137 950 modum
1162 924 1323 958 excogitavit
1348 924 1492 958 Imperator
1507 945 1515 957 ,
1542 928 1571 951 ut
1600 928 1724 951 sanctum
1752 924 1826 950 illum

1029 968 1205 1001 transferret,
1219 975 1246 997 et
1260 970 1393 996 medicmn
1408 969 1488 1005 nigris
1501 970 1627 997 mitteret.
1650 969 1717 996 Nam
1734 970 1756 996 si
1770 971 1828 1003 jus-

1029 1015 1105 1042 sione
1118 1020 1144 1042 et
1157 1016 1316 1043 auctoritate
1341 1015 1511 1050 imperatoria
1527 1015 1633 1042 civibus
1649 1016 1700 1042 iter
1713 1015 1747 1042 ad
1762 1015 1826 1042 sub-

1030 1063 1134 1090 urbium
1151 1062 1345 1095 interdixisset,
1360 1063 1384 1089 id
1400 1063 1576 1098 tyrannicnm,
1594 1063 1647 1090 imo
1660 1062 1828 1090 crudelitatis

1030 1108 1194 1144 feritatisqne
1208 1110 1314 1143 plenmn
1339 1110 1425 1136 vismu
1441 1114 1514 1137 esset
1528 1118 1535 1142 ;
1559 1111 1599 1138 sin
1618 1111 1716 1145 probos
1733 1110 1827 1138 mode-

1029 1160 1137 1191 stosque
1157 1156 1241 1183 solum
1261 1157 1335 1184 adire
1351 1158 1533 1192 permisisset,
1556 1158 1663 1185 lascivis
1685 1162 1776 1185 autem
1789 1158 1828 1185 in-

1030 1203 1294 1238 temperantibusqne
1306 1203 1406 1231 aditum
1421 1204 1616 1232 interclusisset
1629 1225 1637 1236 ,
1660 1204 1827 1231 difﬁcultatis

1031 1249 1138 1283 plenum
1150 1249 1241 1277 fuisset
1256 1249 1393 1277 decretum
1407 1271 1413 1281 ,
1432 1251 1501 1277 unde
1512 1250 1632 1285 quotidie
1651 1250 1712 1278 lites
1727 1251 1827 1278 oboriri

1030 1303 1141 1324 necesse
1153 1301 1219 1329 erat,
1232 1296 1295 1323 dum
1313 1297 1478 1330 singulorum
1494 1297 1545 1323 vita
1559 1297 1764 1332 disquireretur.
1781 1297 1828 1324 lta-

1029 1350 1082 1377 que
1096 1342 1180 1369 sancti
1193 1343 1243 1370 viri
1254 1343 1423 1376 prteseutiam
1435 1343 1508 1371 bisce
1519 1344 1597 1371 malis
1617 1345 1749 1380 optimum
1770 1345 1827 1372 exi-

1030 1395 1085 1416 tum
1111 1389 1250 1416 allaturam
1274 1397 1334 1417 esse
1347 1391 1462 1425 putavit:
1479 1396 1624 1427 martyrem
1645 1392 1745 1426 quippe
1773 1393 1827 1420 sol-

1029 1435 1123 1462 venda:
1136 1436 1265 1463 dtemonis
1279 1437 1405 1471 potentia:
1417 1437 1827 1472 jnvenumqueluxuiemendan-

1029 1482 1064 1509 do
1088 1491 1178 1517 parem
1202 1490 1264 1510 esse
1290 1483 1472 1518 iutelligebat:
1498 1492 1584 1519 neque
1609 1492 1657 1520 spe
1672 1485 1764 1519 lapsus
1777 1491 1827 1512 cst.

1030 1529 1125 1556 Statim
1139 1530 1209 1557 enim
1223 1534 1301 1564 atque
1312 1530 1439 1564 Daphnen
1452 1531 1512 1565 quis
1524 1531 1631 1558 advenit
1643 1553 1651 1563 ,
1665 1537 1690 1558 et
1704 1539 1719 1558 a
1732 1531 1830 1559 subur-

1029 1574 1066 1602 bii
1080 1575 1170 1602 limine
1181 1576 1336 1611 martyrimn
1348 1577 1478 1611 conspicit
1494 1598 1501 1608 .
1516 1577 1555 1605 sic
1573 1578 1728 1612 reprimitur
1743 1599 1751 1610 ,
1766 1586 1797 1604 ac
1807 1578 1829 1605 si

1030 1622 1089 1655 quis
1101 1623 1208 1657 juvenis
1231 1623 1256 1650 in
1283 1623 1405 1650 convivio
1432 1625 1604 1659 pmdagogum
1620 1624 1770 1652 adstantem
1792 1625 1832 1651 in-

1032 1673 1124 1700 tuens,
1138 1673 1217 1703 atque
1229 1669 1307 1696 oculo
1322 1670 1520 1704 prtecipientein
1535 1691 1543 1702 ,
1559 1675 1587 1697 ut
1600 1670 1699 1698 decore
1723 1675 1829 1698 servato

1031 1713 1114 1745 bibat,
1131 1714 1263 1746 comedat,
1280 1715 1403 1750 loquatur
1419 1737 1426 1749 ,
1447 1716 1533 1743 rideat
1549 1737 1556 1748 ,
1571 1722 1718 1750 careatque
1732 1725 1766 1745 ne
1775 1726 1831 1744 mo-

1030 1761 1094 1788 dum
1132 1763 1266 1790 excedens
1293 1763 1517 1790 existimationem
1553 1771 1629 1790 snam
1653 1763 1828 1791 dehonestet:

1028 1815 1194 1845 aspectuque
1213 1810 1258 1837 tali
1282 1811 1432 1846 religiosior
1451 1811 1536 1838 factus
1548 1833 1554 1844 ,
1572 1811 1733 1847 beatumque
1756 1812 1829 1838 illum

1031 1855 1121 1882 animo
1132 1856 1181 1883 sibi
1196 1862 1391 1890 rcprmseutaus
1405 1877 1411 1887 ,
1425 1857 1458 1884 ad
1474 1865 1582 1892 capsam
1592 1858 1682 1884 statim
1693 1862 1828 1892 properat;

1031 1911 1084 1937 quo
1105 1910 1167 1930 cum
1195 1904 1346 1938 pervenerit
1362 1924 1368 1935 .
1384 1903 1486 1938 majore
1513 1903 1631 1931 afficitur
1651 1910 1745 1935 metu;
1771 1912 1831 1932 mox

1033 1948 1136 1982 ignavia
1150 1948 1242 1982 procul
1254 1948 1347 1975 abacta
1360 1969 1366 1981 ,
1391 1957 1441 1976 ceu
1456 1949 1570 1977 volatilis
1589 1949 1674 1976 factus
1685 1950 1704 1983 ι,
1728 1951 1762 1978 ita
1778 1950 1831 1977 dis-

1032 1994 1112 2021 cedit.
1124 1995 1212 2030 Atque
1227 2003 1284 2027 eos,
1298 2003 1366 2030 quos
1380 2004 1413 2022 ex
1429 1996 1494 2023 urbe
1505 1996 1682 2023 ascendentes
1695 1997 1719 2023 iu
1735 1997 1777 2023 via
1790 1998 1829 2023 of-

1034 2040 1126 2074 fcndit,
1141 2041 1195 2076 pari
1214 2049 1274 2068 cum
1291 2041 1464 2076 temperantia
1480 2041 1608 2077 Daphnen
1622 2048 1772 2069 recreatum
1789 2050 1830 2069 re-

1033 2087 1124 2119 mittit,
1142 2092 1243 2114 tantum
1258 2096 1310 2114 non
1325 2095 1416 2114 vocem
1433 2088 1502 2114 illam
1515 2088 1674 2120 inclamans.
1697 2088 1831 2115 Exsultule

1035 2133 1144 2160 Domino
1156 2133 1182 2159 in
1196 2133 1395 2169 tremore(Psal.
1411 2133 1438 2160 2.
1452 2133 1506 2169 ll),
1521 2133 1643 2169 illudque
1652 2135 1830 2168 apostolicum

1033 2179 1171 2214 adjicieus,
1182 2177 1242 2206 Sive
1257 2180 1415 2206 manducetis
1425 2201 1432 2211 ,
1447 2180 1497 2206 sive
1511 2180 1607 2211 bibitis,
1625 2180 1676 2207 sive
1688 2181 1762 2217 aliud
1773 2181 1832 2215 quid

1035 2225 1216 2259 facitis,onmia
1231 2224 1265 2251 ad
1279 2225 1386 2259 gloriam
1397 2224 1445 2252 Dei
1457 2225 1534 2260 facile
1544 2225 1581 2260 (Ι.
1599 2224 1767 2261 Cor.l0.5l).
1781 2226 1832 2253 Eos

1034 2276 1122 2298 autem
1136 2272 1180 2306 qui
1195 2276 1301 2306 sumpto
1313 2272 1374 2299 cibo
1392 2272 1418 2299 in
1435 2273 1528 2300 urbem
1546 2273 1724 2304 descendunt,
1735 2273 1757 2301 si
1769 2281 1831 2300 eon-

1035 2318 1117 2353 tingat
1130 2325 1243 2346 excusso
1258 2319 1334 2346 freno
1343 2319 1451 2354 segnius
1458 2319 1554 2354 egisse,
1569 2320 1683 2354 atquein
1697 2321 1832 2355 crapulam

1035 2365 1218 2400 absurdasqne
1227 2364 1336 2392 delicias
1345 2366 1469 2401 delapsos
1481 2373 1550 2398 esse,
1561 2373 1618 2399 eos,
1634 2367 1752 2401 inquam,
1763 2367 1832 2393 ebri-

1035 2418 1066 2438 os
1077 2412 1101 2438 in
1111 2411 1259 2439 diversorio
1269 2419 1317 2439 suo
1323 2417 1449 2447 exceptos
1458 2420 1509 2439 non
1519 2412 1582 2439 sinit
1591 2412 1730 2440 ebrietatis
1736 2412 1834 2439 damno

1036 2459 1146 2486 affectos
1163 2458 1272 2485 domum
1287 2458 1371 2489 abire.
1382 2458 1428 2486 sed
1447 2459 1553 2485 incusso
1567 2459 1704 2486 timoread
1711 2459 1832 2486 eamdem

1038 2504 1243 2539 temperantiam
1258 2503 1384 2536 adducit,
1400 2512 1478 2539 quam
1493 2505 1790 2539 servabautantequam
1807 2505 1831 2532 in

1037 2551 1193 2577 ebrietatem
1208 2550 1438 2586 detnergerentur.
1452 2550 1557 2577 Etenim
1572 2551 1647 2585 quasi
1663 2552 1753 2579 tenuis
1762 2559 1833 2586 qum—

1036 2597 1097 2623 dam
1112 2604 1175 2623 aura
1185 2604 1240 2628 eos,
1249 2596 1292 2631 qui
1307 2598 1332 2623 in
1344 2597 1472 2632 martyrio
1480 2596 1597 2629 fuerunt,
1606 2597 1723 2632 undique
1732 2597 1833 2632 perﬂat;

1043 2651 1118 2676 aura,
1136 2644 1262 2679 inquam,
1278 2652 1330 2670 non
1341 2644 1475 2670 sensibilis
1496 2664 1504 2676 ,
1531 2652 1580 2671 nec
1592 2644 1718 2678 augendo
1728 2645 1834 2679 corpori

1039 2695 1099 2724 apta
1117 2710 1124 2722 ,
1150 2689 1196 2717 sed
1223 2697 1283 2725 qua!
1297 2690 1322 2716 in
1340 2690 1422 2725 ipsam
1431 2690 1547 2717 animam
1565 2695 1689 2724 penetret
1704 2711 1712 2723 .
1724 2697 1834 2724 eantque

1040 2737 1156 2771 nudique
1170 2737 1296 2764 decenter
1304 2741 1446 2770 coiuponat
1455 2756 1463 2769 ,
1474 2744 1580 2763 onmem
1593 2741 1730 2764 terrenam
1740 2737 1832 2764 molem

1040 2783 1200 2818 prtesciudat
1213 2803 1220 2814 ,
1235 2790 1346 2817 eamque
1361 2787 1531 2817 aggravatam
1547 2786 1573 2809 ct
1586 2782 1721 2810 labentem
1734 2787 1832 2810 recreet

1039 2834 1069 2853 ac
1082 2826 1212 2854 leviorem
1227 2826 1332 2853 reddat.

1074 2872 1082 2886 ι
1101 2869 1176 2901 Aliqui
1188 2869 1217 2894 ad
1228 2875 1314 2901 mat-3.,
1327 2867 1423 2894 humilis
1433 2869 1519 2900 factus.
