1969 3130
277 161 327 189 ωε

278 233 346 261 rant,
357 228 509 256 sacerdotes
522 234 548 256 et
561 231 629 257 sacri
644 236 718 258 vates
733 231 822 258 statim
836 231 923 260 effecti
939 240 1035 267 magno
1047 233 1073 260 in

278 275 378 302 hutnore
387 280 471 302 erant.
486 275 519 302 Et
532 275 679 310 Imperator
690 277 797 312 quidem
807 277 887 305 duces
896 285 927 305 ac
935 279 1074 312 prad'ectos

277 322 373 348 missos
384 320 505 351 faciebat,
515 321 634 356 nihilque
644 321 766 354 ducebat,
774 323 889 349 amasios
895 329 983 350 autent
991 324 1071 357 viros,

276 367 483 401 meretriecsque
494 374 509 394 e
521 367 666 394 fornicibtts
678 368 720 394 tibi
735 368 890 403 prostabant
900 369 1020 401 eductas,
1031 377 1073 396 se-

275 420 335 439 cum
348 420 394 447 per
405 414 498 439 urbem
510 417 628 440 totamet
647 413 749 440 viculos
770 413 1003 447 circumducebat;
1021 414 1072 440 itu-

276 460 425 494 peratorius
436 465 526 486 autem
541 467 636 494 equus,
654 466 679 487 et
695 460 846 494 przctoriani
861 468 954 487 omnes
967 468 982 487 a
998 465 1072 495 tergo

273 505 365 539 procul
381 506 574 539 sequebantur;
587 506 696 532 lenones
707 511 734 532 et
745 507 811 533 lena:
825 511 947 541 totusque
958 507 1073 533 amasio-

274 559 333 579 rtttn
340 557 425 578 cmlus
434 552 621 586 Imperatorem
629 553 654 580 in
663 553 749 579 medio
757 554 870 587 positum
877 553 1072 581 circumdantes

275 606 322 632 per
338 597 423 624 forum
436 597 619 630 ambulabant,
638 599 698 624 talia
712 599 791 625 verba
803 598 944 632 jactanlcs,
955 599 1021 626 tales
1031 607 1071 626 ca-

276 643 386 670 chinnos
393 643 570 676 eifundentes,
579 644 670 679 qttales
680 652 726 678 par
734 649 791 671 erat
799 644 948 679 Imjusmodi
957 645 1071 672 ofﬁcinae

274 689 407 717 homines.
420 691 523 717 Scimus
534 698 615 725 porro
625 691 680 717 ha‘c
693 695 814 725 posteros
824 691 987 718 incredibilia
998 696 1069 726 puta-

273 741 348 763 turos
357 744 428 768 esse,
438 736 473 762 ob
483 737 653 763 ahsurdntatis
664 737 872 772 magnitudinem
884 747 890 763 :
902 745 987 772 neque
998 738 1069 765 enim

273 781 315 808 vel
333 783 450 815 privatus
466 781 546 807 ltomo
560 790 592 808 ex
612 782 642 809 iis
657 782 700 816 qui
717 782 794 808 \‘ilem
816 787 973 817 turpemque
988 783 1068 809 vitatn

270 827 415 860 duxerunt,
428 832 481 854 tam
494 828 619 854 indecore
632 828 716 862 palatn
729 836 807 863 agt-re
819 829 891 855 \‘t'Iit.
903 829 955 856 Sed
967 829 999 856 ad
1010 837 1068 862 eos,

270 875 313 908 qui
329 874 475 901 etiamnum
489 875 647 908 superstites
662 879 740 906 sunt,
755 875 826 902 nulla
843 883 909 910 opus
924 876 1046 903 oratione
1060 885 1066 904 :

270 928 331 946 nam
346 921 390 955 qui
409 925 553 955 priesentes
574 921 634 947 talia
650 920 792 954 viderunt,
809 923 865 948 lucc
883 922 938 956 jant
953 922 1068 950 audituri

270 972 342 992 stmt.
366 966 428 994 Ideo
439 967 510 994 enim
526 967 592 993 vivis
605 967 750 994 etiamnum
767 968 878 995 testihns
892 967 950 995 haec
963 968 1067 1002 scribo,

271 1022 304 1040 ne
320 1014 378 1048 quis
401 1021 443 1040 me
463 1019 554 1040 vetera
575 1013 696 1048 quaedam
717 1014 900 1046 ignorantibus
915 1021 1066 1041 narrantem

271 1068 364 1093 magna
380 1060 486 1086 licentia
501 1060 607 1087 mentiri
621 1060 764 1088 existimet.
789 1060 826 1087 Ex
843 1061 875 1087 iis
893 1061 963 1088 enim
978 1061 1021 1096 qui
1035 1069 1066 1089 ea

270 1106 392 1132 viderunt
412 1110 438 1132 et
459 1113 538 1133 senes
556 1111 583 1133 et
596 1106 708 1140 juvenes
720 1107 807 1133 adhuc
822 1112 984 1141 supersunt,
999 1115 1067 1142 quos

270 1159 334 1186 rogo
349 1159 453 1184 omnes,
469 1156 497 1178 ut
512 1153 533 1178 si
547 1152 609 1187 quid
623 1159 637 1178 a
652 1160 694 1179 me
707 1152 824 1179 additum
840 1152 927 1186 fuerit,
939 1153 1067 1181 accedant

270 1206 365 1233 tneque
380 1198 541 1233 redarguam
555 1208 562 1225 :
577 1198 626 1226 sed
642 1199 711 1234 quod
727 1199 826 1234 aliquid
840 1199 987 1227 addiderim
999 1221 1006 1233 ,
1022 1208 1066 1228 me

268 1251 382 1279 arguere
397 1252 449 1271 non
472 1250 599 1279 possunt;
615 1245 685 1279 quod
701 1245 853 1277 omiserim,
869 1251 979 1280 possunt
995 1256 1000 1273 :
1017 1255 1066 1274 ne-

267 1298 320 1325 que.
333 1290 403 1316 cnim
418 1290 586 1326 turpitudinis
597 1298 724 1318 excessus
738 1296 825 1325 potest
835 1293 956 1319 oratione
966 1301 1066 1327 repnc-

267 1338 376 1364 lenlari.
400 1336 518 1364 Posteris
539 1344 604 1363 vero
625 1344 677 1363 non
698 1336 838 1364 crcdituris
858 1337 910 1365 hoe
930 1338 1063 1372 dixerim,

268 1384 417 1410 da-mouem
434 1383 506 1410 illum
525 1382 594 1417 apud
610 1390 658 1410 vos
669 1404 677 1416 ,
691 1391 771 1418 quem
791 1384 920 1411 Venerem
941 1385 1040 1412 vocatis
1055 1407 1063 1418 ,

267 1437 319 1456 nou
335 1429 435 1464 pudere
451 1429 547 1455 talibus
562 1429 598 1455 uti
615 1429 753 1456 ministris.
769 1429 839 1456 Nihil
858 1430 947 1465 itaque
968 1432 1063 1458 tnirutn

268 1480 310 1502 est
324 1475 346 1502 si
361 1476 441 1502 miser
453 1475 496 1502 ille
507 1496 513 1507 ,
528 1475 571 1510 qui
585 1475 735 1502 dicmonutn
750 1475 864 1502 ludibrio
879 1484 939 1503 sese
954 1484 1064 1511 prorsus

266 1521 407 1548 addixerat
419 1541 426 1553 ,
439 1529 490 1547 non
510 1520 609 1554 pudore
624 1521 778 1548 afficeretur
791 1520 823 1548 de
834 1521 930 1555 quibus
944 1522 992 1556 ipsi
1008 1522 1061 1555 dii,

265 1575 332 1602 quos
342 1567 398 1602 ipse
408 1567 519 1599 coleret,
530 1566 720 1601 gloriabantur.
733 1566 791 1594 Jam
802 1568 860 1602 quis
871 1573 1009 1595 recenseat
1021 1577 1062 1596 ne-

264 1614 425 1640 crotnautias
433 1620 629 1648 puerorumque
635 1613 722 1640 cades
729 1613 740 1639 ?
748 1613 810 1640 Haec
816 1613 913 1649 quippe
921 1615 1061 1648 sacriﬁcat,

265 1668 325 1695 quae
335 1667 396 1686 ante
404 1660 502 1686 Christi
511 1658 654 1686 adventum
665 1659 787 1686 homines
800 1659 898 1687 oﬂ'crre
912 1660 968 1686 ausi
982 1666 1042 1687 suttt
1053 1681 1060 1692 ,

265 1713 377 1741 postque
395 1705 453 1740 ejus
470 1705 613 1734 adventum
628 1711 823 1739 cessaverunt,
839 1713 946 1733 rursum
965 1707 1062 1734 instau-

265 1759 325 1779 rare
338 1759 480 1786 aggressus
492 1757 533 1779 est
542 1773 549 1784 ,
562 1760 614 1779 non
627 1752 736 1787 quidem
750 1751 837 1786 palam
851 1760 858 1778 :
870 1752 974 1779 etiamsi
989 1753 1060 1780 enim

266 1800 411 1833 Imperator
418 1804 489 1826 esset
497 1804 524 1825 ct
531 1799 660 1826 arbitratu
670 1806 719 1826 suo
728 1798 817 1825 omnia
827 1797 935 1830 faceret,
943 1803 1060 1826 attamen

266 1845 390 1872 :acinoris
409 1845 531 1879 impietas
547 1845 753 1880 humanitasque
773 1845 831 1879 ejus
845 1845 982 1879 potestatis
1001 1853 1060 1872 nta-

263 1890 427 1921 ;uitudinem
444 1891 596 1924 superabat.
612 1890 675 1917 lllud
691 1896 778 1916 tamen
793 1890 881 1918 facere
892 1890 949 1917 ausi
965 1895 1037 1917 sunt.

299 1936 343 1963 15.
366 1935 523 1970 Responsum
546 1936 668 1963 da’uwuis
687 1935 833 1962 ridiculum.
856 1951 890 1955 —
911 1936 958 1963 llic
980 1936 1059 1971 igitur

266 1982 415 2017 Imperator
433 1982 565 2016 Daphnen
589 1983 740 2017 frequenter
759 1990 819 2010 cum
835 1982 925 2009 multis
939 1983 1059 2010 donariis

263 2028 427 2060 ascendens,
443 2028 562 2062 plurimis
583 2028 679 2055 oblatis
700 2028 856 2061 sacriﬁciis.
873 2033 1059 2064 torrentesque

262 2075 399 2109 sanguinis
408 2083 438 2100 ex
452 2075 581 2109 pecudum
594 2076 754 2101 mactatione
767 2074 876 2106 faciens,
887 2076 1058 2102 vehementer

265 2121 378 2146 in~taliat
392 2121 528 2147 oraculum
544 2129 558 2146 a
573 2121 695 2148 da-monc
707 2129 840 2155 quaireus,
857 2129 1005 2156 rogansque
1015 2130 1058 2150 re-

263 2166 325 2194 ferri
337 2168 406 2194 circa
417 2176 458 2199 ea,
471 2176 530 2203 qua'
542 2168 567 2194 in
580 2172 668 2194 mente
677 2168 810 2194 versabat.
820 2169 854 2195 At
866 2173 992 2196 strenuus
1001 2169 1055 2203 ille,

325 2224 364 2253 Qui
374 2231 456 2248 arente
468 2230 596 2248 numerum
608 2224 674 2248 novit
684 2230 873 2255 mensuramque
882 2225 964 2254 maris,

325 2258 352 2279 Et.
367 2255 468 2279 surdum
480 2255 605 2286 intelligit,
619 2259 644 2280 et
656 2259 748 2279 mutum
763 2255 838 2284 audit.

265 2312 294 2334 ut
314 2307 370 2343 ipse
391 2308 448 2339 ait,
466 2307 550 2334 noluit
563 2307 669 2342 quidem
684 2312 775 2342 aperte
791 2307 931 2342 palamque
945 2307 1036 2335 dicere
1047 2329 1055 2341 ,

263 2363 292 2382 se
305 2355 340 2381 ob
355 2356 461 2382 beatqu
478 2354 602 2390 Bahylatn
614 2375 621 2385 ,
637 2354 806 2388 vieinamque
822 2354 894 2381 illam
909 2355 1034 2381 virtutem
1047 2374 1055 2387 ,

261 2401 399 2427 obstructo
416 2407 476 2427 esse
490 2407 537 2427 ore
549 2420 556 2432 ,
573 2407 603 2426 ac
622 2399 694 2434 loqui
717 2407 770 2426 non
793 2407 871 2434 posse
883 2421 890 2432 ,
905 2401 1005 2427 veritus
1023 2408 1056 2427 ne

263 2447 409 2474 cultoribus
423 2447 478 2474 suis
492 2447 573 2474 risum
590 2451 708 2473 moveret
722 2466 728 2477 ,
744 2454 794 2472 neu
809 2446 893 2472 victus
908 2446 992 2480 palam
1007 2445 1056 2472 de-

262 2493 494 2524 nrehemlcretur,
518 2501 626 2520 causam
650 2491 748 2520 silentii
771 2491 877 2526 aperuit
897 2500 903 2517 :
921 2491 974 2518 imo
996 2499 1056 2519 St'Se

265 2539 347 2574 magis
362 2538 513 2571 ridiculum,
529 2546 608 2572 quam
622 2538 707 2572 ipsum
722 2537 872 2568 siieutium,
887 2537 1032 2564 declaravit
1047 2546 1054 2564 :

263 2592 324 2611 nam
343 2584 451 2612 silentio
467 2583 574 2619 quidem
597 2583 778 2610 inlirmitatem
800 2587 900 2609 tantum
917 2590 991 2610 suam
1006 2582 1056 2610 de-

258 2629 442 2660 monstrabat,
458 2633 513 2656 tum
529 2637 592 2656 vero
607 2628 788 2656 inﬁrmitatem
803 2628 882 2654 simul
892 2649 900 2660 ,
917 2628 1056 2662 turpitudi-

258 2685 322 2703 nem
333 2680 360 2703 et
368 2676 557 2710 impudentiam
570 2683 623 2710 prte
635 2682 664 2702 se
677 2675 789 2708 ferebat,
799 2675 860 2701 dum
870 2683 900 2702 ea
909 2675 1053 2707 occultare,

257 2731 321 2758 quae
331 2722 458 2750 occultari
470 2730 523 2748 tton
534 2726 666 2756 poterant,
677 2727 827 2748 conaretur.
838 2721 964 2754 Quaenam
976 2721 1056 2756 igitur

258 2769 318 2795 ha-c
337 2767 435 2795 silentii
450 2767 551 2794 causa?
566 2766 676 2801 Daphne
687 2786 695 2798 ,
712 2766 815 2801 inquit,
831 2766 904 2793 locus
919 2771 961 2793 est
974 2766 1055 2793 cada-

261 2814 368 2840 veribus
384 2813 476 2847 plcnus
490 2833 498 2846 ,
514 2812 592 2847 idque
613 2811 750 2838 oraculum
767 2812 885 2846 impedit.
910 2813 945 2839 At
958 2818 1056 2847 quanto

260 2859 356 2885 melius
383 2858 485 2890 fuisset,
507 2859 587 2884 tuiser
599 2877 606 2890 ,
623 2857 748 2892 martyris
766 2857 890 2884 virtutem
910 2859 1031 2885 eouliteri
1047 2879 1054 2891 ,

260 2913 339 2938 quam
360 2906 417 2933 lucc
438 2905 604 2940 impudenter
619 2904 784 2938 prwtexerc?
810 2904 871 2932 Ilaec
891 2904 994 2932 daunou
1011 2913 1054 2933 re-

670 162 693 190 S.
717 162 856 192 JOANNIS
874 163 1111 194 CIIRYSOSTOMI
1132 168 1291 198 ARCIIIEP.
1313 167 1578 197 CONSTANTINOP.
1871 172 1916 200 επ

1130 225 1235 259 spondit
1245 247 1253 257 ,
1269 226 1364 254 stultus
1379 231 1467 254 autem
1482 227 1628 262 Imperator
1639 249 1647 261 ,
1659 230 1735 264 quasi
1750 230 1778 257 in
1791 237 1868 257 scena
1883 231 1914 258 lu-

1128 272 1196 299 dens
1217 272 1385 308 fabulamque
1403 281 1484 309 agens
1496 295 1504 307 ,
1518 274 1551 302 ad
1565 275 1671 302 beatum
1686 277 1778 303 statim
1799 276 1916 312 Babyloni

1127 320 1250 346 accessit.
1265 320 1355 354 Atqui,
1371 328 1386 347 o
1399 321 1520 347 scelerati
1534 329 1566 347 ac
1578 322 1798 355 sceleratissimi,
1814 323 1863 349 nisi
1877 332 1916 351 Vos

1128 368 1219 391 tnutuo
1232 370 1380 399 sponteque
1393 365 1552 400 deciperetis
1564 371 1591 393 et
1603 367 1634 394 ad
1648 367 1765 394 aliorum
1779 368 1915 402 perniciem

1127 410 1296 438 simulatione
1315 411 1454 438 utcremini
1466 432 1474 445 ,
1490 419 1573 446 quare
1587 417 1615 439 tu
1630 413 1862 440 indiscriminatitn
1877 421 1915 441 ca-

1126 455 1222 483 davera
1234 464 1377 489 memoras,
1389 461 1415 483 tu
1428 465 1501 488 vero,
1510 458 1585 492 qttasi
1598 458 1755 485 nominatim
1764 458 1916 486 etdislincte

1125 503 1256 536 audisses,
1268 503 1368 530 relictis
1381 503 1439 530 aliis
1451 510 1572 531 sanetum
1585 504 1670 531 solum
1683 505 1826 533 removes‘.’
1839 505 1916 540 Opor-

1125 549 1198 576 tebat
1220 549 1291 576 enim
1318 550 1465 576 secundum
1488 549 1618 576 dmmonis
1635 551 1798 578 sententiam
1831 559 1916 578 omnis

1124 594 1151 621 in
1174 595 1284 629 Daphne
1305 595 1421 622 tumulos
1444 595 1580 628 effodere,
1595 600 1623 623 et
1644 596 1802 623 terriequm
1826 597 1886 623 illud
1902 605 1915 624 a

1123 640 1234 668 deorum
1250 646 1358 676 aspectu
1372 649 1451 676 quam
1468 642 1621 676 longissime
1641 651 1794 670 removere.
1820 644 1854 670 At
1868 651 1914 670 non

1123 687 1157 714 de
1171 687 1293 714 omnibus
1304 708 1311 720 ,
1327 688 1429 722 inquies
1439 709 1446 719 ,
1462 689 1635 716 cadaveribus
1650 692 1778 724 loquutus
1792 694 1845 717 est.
1868 689 1915 718 Cur

1123 741 1187 769 ergo
1202 734 1226 760 id
1243 742 1294 761 non
1310 735 1445 768 professus
1459 740 1500 762 cst
1514 735 1608 762 clare?
1620 736 1689 762 Sane
1705 735 1752 762 tibi
1767 736 1837 763 hanc
1847 744 1915 763 erro-

1123 781 1161 807 ris
1184 781 1297 808 faliulam
1315 782 1401 816 agenti
1417 782 1467 809 hoc
1480 783 1591 817 aenigma
1605 783 1721 819 reliquit.
1742 783 1803 818 Ego
1815 805 1822 815 ,
1837 785 1915 819 inquit

1122 827 1237 858 da-nton,
1251 827 1381 854 cadavera
1396 828 1474 859 dico,
1490 836 1525 855 ne
1540 836 1583 856 me
1597 829 1695 856 victum
1710 834 1806 864 aperte
1818 831 1911 862 fatear,

1121 878 1149 900 et
1162 873 1278 908 alioquin
1301 874 1381 901 timeo
1398 881 1517 901 sanctum
1541 876 1695 902 nominatim
1721 876 1845 911 proferre
1863 885 1870 904 :
1890 883 1913 904 ιιι

1121 919 1191 953 qttod
1204 919 1303 946 dictum
1318 925 1358 946 cst
1371 920 1487 955 intellige
1499 942 1506 953 ,
1522 926 1547 948 et
1561 927 1679 948 sanctum
1695 923 1784 949 solum
1797 930 1888 950 amove
1906 932 1912 950 :

1122 965 1165 992 ille
1181 966 1278 1000 quippe
1292 973 1322 992 os
1335 966 1411 993 nobis
1425 967 1570 994 obstruxit.
1596 967 1706 995 Tantam
1723 977 1823 1004 nempe
1834 970 1913 998 culto-

1119 1019 1178 1038 rum
1203 1019 1311 1038 suorum
1333 1011 1492 1039 dementiam
1515 1015 1640 1047 agnovit,
1665 1020 1694 1040 ut
1719 1019 1775 1041 tam
1798 1022 1913 1049 apertam

1120 1056 1239 1083 fraudein
1263 1057 1403 1084 advertere
1428 1066 1480 1084 ttott
1505 1064 1613 1092 possent
1629 1068 1636 1086 :
1653 1059 1705 1086 etsi
1727 1061 1801 1087 enim
1825 1069 1913 1090 omnes

1120 1109 1210 1130 tuente
1230 1104 1299 1136 capti
1319 1104 1458 1139 insanique
1478 1109 1586 1137 essent,
1603 1113 1636 1132 ne
1650 1106 1690 1133 sie
1709 1107 1821 1141 quidem
1836 1108 1913 1135 eladis

1118 1156 1174 1175 sua:
1191 1149 1312 1175 notitiam
1334 1149 1458 1184 obtegere
1479 1154 1601 1184 poterant
1615 1159 1621 1177 :
1637 1151 1672 1178 ita
1691 1159 1792 1186 nempe
1807 1152 1876 1179 clara
1889 1157 1912 1180 et

1118 1202 1209 1229 aperta
1221 1196 1345 1223 omnibus
1360 1202 1427 1223 erat.
1451 1196 1517 1224 Nam
1531 1197 1552 1224 si
1569 1197 1668 1232 polluta
1683 1199 1809 1233 quasdam
1828 1205 1855 1227 et
1868 1208 1911 1227 ωι-

1117 1242 1244 1269 seeranda
1255 1250 1298 1270 res
1308 1247 1381 1275 sunt,
1391 1249 1420 1270 ut
1429 1243 1503 1274 dicis.
1519 1244 1654 1271 hominum
1665 1244 1809 1278 cadavera,
1819 1252 1911 1281 quanto

1118 1288 1202 1323 magis
1218 1289 1367 1322 brutorum,
1384 1294 1457 1316 tanto
1472 1290 1574 1317 scilicet
1588 1295 1686 1325 quanto
1701 1291 1754 1319 hoc
1770 1299 1856 1326 genus
1869 1293 1909 1320 illo

1117 1335 1195 1361 vilius
1208 1339 1250 1362 est
1267 1343 1274 1362 :
1289 1335 1371 1362 multa
1389 1343 1454 1363 vero
1471 1344 1585 1368 canum,
1602 1337 1742 1364 simiarum
1755 1358 1762 1370 ,
1779 1339 1908 1366 asinorum

1116 1382 1244 1408 cadavera
1259 1381 1380 1417 proxime
1394 1382 1520 1417 templum
1535 1381 1640 1410 defossa
1655 1388 1717 1410 sunt
1730 1405 1737 1415 ,
1753 1392 1815 1418 qua:
1829 1386 1909 1419 potius

1117 1434 1299 1455 trausmovere
1318 1429 1476 1463 oportebat,
1490 1429 1539 1455 uisi
1558 1429 1671 1456 fortasse
1687 1429 1813 1457 homines
1828 1431 1908 1459 sitniis

1115 1481 1209 1501 censes
1220 1481 1280 1501 esse
1293 1474 1410 1501 viliores.
1427 1474 1476 1502 Ubi
1492 1482 1563 1502 nunc
1577 1479 1648 1508 sunt,
1665 1476 1708 1510 qui
1722 1476 1863 1510 pulchrum
1878 1477 1906 1505 il-

1116 1519 1160 1546 Iud
1175 1519 1220 1547 Dei
1233 1520 1377 1554 opiﬁcium,
1394 1519 1428 1547 ad
1443 1520 1619 1548 ministerium
1633 1527 1757 1548 nostrum
1773 1528 1887 1549 creatum
1899 1545 1905 1555 ,

1115 1574 1212 1600 nempe
1222 1567 1316 1599 solent,
1326 1566 1485 1593 contumelia
1496 1566 1615 1593 afficiunt
1625 1588 1632 1598 ,
1645 1571 1672 1594 et
1682 1567 1801 1594 dmmoni
1813 1573 1906 1595 astrum

1116 1613 1182 1640 illud
1195 1613 1360 1645 adscribunt,
1374 1617 1454 1648 atque
1467 1613 1539 1641 ltunc
1551 1613 1613 1640 illud
1625 1622 1686 1641 esse
1699 1615 1853 1642 afﬁrmant?
1865 1616 1906 1643 Sol

1115 1660 1186 1687 enim
1197 1681 1204 1693 ,
1218 1660 1391 1687 cadaveribus
1405 1660 1550 1687 innumeris
1563 1660 1590 1687 in
1604 1665 1673 1687 terra
1682 1662 1851 1695 jacentibus,
1865 1670 1907 1696 per

1115 1707 1266 1733 universum
1282 1706 1373 1734 orbem
1388 1707 1543 1733 dilfunditur
1554 1728 1562 1737 .
1579 1715 1628 1734 nec
1649 1707 1752 1742 uspiam
1769 1707 1857 1734 radios
1869 1708 1906 1735 vel

1114 1753 1247 1779 radiorum
1261 1752 1406 1780 efficaciam
1421 1753 1576 1787 pollutionis
1591 1758 1663 1780 metu
1675 1753 1814 1781 contrahit
1825 1763 1832 1781 :
1845 1754 1906 1781 deus

1113 1804 1203 1827 atttem
1218 1804 1307 1827 vester
1319 1807 1369 1827 nec
1383 1804 1485 1834 turpem
1501 1800 1581 1826 vitam
1591 1821 1599 1832 ,
1615 1808 1664 1826 nec
1679 1800 1846 1834 praestigias,
1861 1808 1907 1828 nec

1114 1846 1203 1874 ca‘dcs
1216 1851 1356 1874 aversatur
1368 1847 1408 1874 vel
1421 1847 1483 1874 odio
1496 1846 1592 1879 habet;
1606 1846 1652 1873 sed
1667 1847 1765 1880 diligit,
1779 1848 1907 1881 amplecti-

1113 1897 1156 1919 tur
1168 1897 1195 1920 et
1208 1897 1295 1925 autat;
1312 1901 1403 1918 vertnn
1417 1899 1527 1927 corpora
1543 1898 1630 1920 tamen
1645 1898 1736 1919 nostra
1752 1898 1904 1920 aversmnr:

1114 1946 1272 1973 quamquam
1289 1938 1396 1965 malitia:
1410 1938 1522 1972 species,
1537 1938 1616 1964 etiam
1631 1938 1704 1965 illam
1721 1938 1906 1973 peragentihns

1111 1991 1214 2010 summa
1223 1984 1431 2018 reprehensione
1439 1983 1517 2018 digna
1526 1991 1585 2010 esse
1592 1983 1729 2015 videatur;
1739 1989 1768 2010 at
1775 1989 1905 2011 mortuum

1112 2030 1301 2064 immobileque
1324 2037 1420 2064 corpus
1443 2038 1493 2057 nec
1514 2031 1599 2065 culpa:
1625 2038 1675 2057 nec
1704 2030 1906 2064 reprehensioni

1110 2077 1255 2104 obnoxium
1270 2082 1320 2103 est.
1346 2077 1399 2104 Sed
1414 2076 1464 2103 hoc
1481 2081 1523 2103 est
1536 2076 1647 2104 deorum
1663 2082 1814 2104 vestrorum
1830 2078 1905 2104 insti-

1111 2128 1194 2150 tututn
1207 2143 1214 2154 ,
1231 2129 1258 2149 ut
1270 2123 1473 2155 abominetttur,
1490 2131 1548 2157 qua:
1562 2130 1614 2149 non
1631 2122 1810 2149 abominanda
1825 2128 1886 2149 stitit
1897 2142 1905 2154 ,

1108 2169 1200 2196 eolant
1218 2174 1306 2196 autent
1327 2173 1354 2196 et
1375 2169 1522 2204 approbent
1543 2176 1573 2195 ea
1587 2188 1595 2201 ,
1611 2177 1670 2203 qua:
1683 2169 1757 2196 omni
1772 2173 1833 2196 sunt
1845 2169 1906 2196 odio

1110 2220 1137 2242 et
1149 2215 1332 2242 exsecratione
1347 2215 1435 2248 digna.
1461 2215 1492 2241 Et
1512 2214 1596 2241 bonus
1610 2215 1717 2249 quidem
1733 2216 1775 2242 vir
1794 2223 1880 2250 neque
1890 2223 1905 2242 ι

1109 2268 1175 2288 sano
1187 2261 1310 2292 consilio,
1323 2268 1409 2295 neque
1420 2261 1453 2287 ab
1468 2260 1578 2286 honesta
1591 2261 1698 2288 aelione
1712 2268 1760 2295 per
1774 2267 1905 2288 mortuum

1109 2314 1206 2342 corpus
1224 2307 1419 2337 deterrebitur;
1443 2306 1491 2333 sed
1510 2307 1533 2333 si
1554 2307 1644 2333 animo
1659 2307 1694 2333 sit
1709 2314 1777 2334 sano
1788 2327 1794 2338 ,
1810 2308 1860 2334 etsi
1873 2308 1904 2334 ad

1109 2353 1164 2387 ipsa
1181 2353 1301 2387 sepulcra
1322 2353 1483 2379 domicilium
1500 2352 1596 2379 habeat
1609 2373 1617 2384 ,
1633 2357 1660 2380 ct
1680 2354 1883 2387 temperantiam
1895 2375 1903 2386 ,

1108 2405 1135 2426 et
1154 2400 1303 2432 justitiam,
1319 2405 1346 2426 et
1368 2400 1491 2426 virtutem
1513 2407 1619 2426 omnem
1640 2399 1790 2427 exhibebit.
1815 2401 1903 2434 Quiris

1109 2445 1171 2471 item
1183 2445 1286 2476 artifex,
1300 2453 1358 2480 qua:
1371 2445 1404 2471 ad
1418 2450 1500 2471 artem
1514 2449 1636 2479 spectant
1647 2451 1735 2478 suam,
1747 2446 1834 2472 omnia
1847 2446 1902 2473 sine

1107 2491 1183 2517 obice
1205 2491 1293 2523 faciet,
1317 2495 1344 2517 et
1365 2490 1519 2524 rogantibus
1540 2499 1569 2518 se
1591 2490 1740 2525 praebebit,
1759 2498 1810 2518 non
1826 2491 1901 2517 tundo

1108 2544 1190 2572 prope
1204 2536 1332 2563 cadavera
1349 2536 1455 2567 sedens,
1472 2536 1517 2563 sed
1530 2536 1633 2563 etiamsi
1648 2537 1704 2570 ipsa
1717 2536 1898 2564 defunctorum

1107 2583 1227 2617 sepulcra
1238 2587 1395 2610 construere
1408 2590 1475 2617 opus
1488 2582 1577 2614 fuerit,
1588 2587 1615 2610 et
1626 2583 1723 2617 pictor,
1741 2588 1769 2610 et
1779 2583 1896 2615 latemus,

1108 2634 1134 2655 et
1152 2629 1224 2655 faber
1236 2649 1243 2661 ,
1260 2633 1286 2656 et
1304 2629 1415 2655 :crarius
1433 2629 1550 2663 sculptor
1562 2649 1569 2660 ,
1583 2628 1700 2663 denique
1719 2637 1815 2656 omnes
1829 2637 1897 2656 suam

1107 2682 1216 2708 operam
1230 2674 1386 2706 conferunt;
1401 2682 1469 2701 unus
1484 2679 1572 2701 autem
1588 2674 1708 2701 onmium
1723 2675 1820 2710 Apollo
1832 2683 1846 2701 a
1858 2682 1897 2701 ca-

1107 2720 1248 2747 daveribus
1261 2720 1383 2754 itnpediri
1398 2728 1426 2747 se
1437 2719 1482 2751 ait,
1495 2722 1637 2755 quominus
1647 2720 1736 2748 futura
1748 2721 1895 2755 prospiciat.

1109 2766 1188 2801 Atqui
1201 2770 1228 2793 et
1239 2766 1310 2801 apud
1325 2773 1374 2793 nos
1388 2766 1436 2793 viri
1451 2766 1525 2793 fuere
1540 2767 1629 2801 magni
1643 2772 1672 2794 et
1686 2767 1825 2794 mirabiles
1836 2788 1842 2797 ,
1855 2767 1894 2800 qui

1108 2817 1170 2839 ante
1184 2813 1256 2840 inille
1269 2817 1296 2840 et
1310 2813 1516 2848 quadringentos
1531 2819 1615 2841 annos
1629 2821 1673 2841 res
1689 2814 1793 2841 futuras
1807 2814 1895 2849 pta-di-

1109 2863 1214 2889 xcruut,
1227 2863 1253 2885 et
1267 2859 1441 2886 vaticinantes
1455 2860 1518 2886 nihil
1535 2862 1629 2886 horum
1643 2861 1834 2895 reqttisiertmt,
1847 2869 1892 2886 non

1109 2905 1247 2939 conquesti
1261 2910 1321 2932 sunt
1333 2925 1340 2939 ,
1356 2913 1408 2933 non
1424 2905 1608 2934 defunctorum
1629 2908 1753 2942 sepulcra
1767 2908 1832 2936 dirui
1842 2907 1891 2942 jus-
