1969 3130
82 164 130 191 557

81 227 171 249 scruut
181 243 188 254 ,
205 229 259 249 non
273 222 402 251 cadavera
415 222 494 258 abjici
504 243 512 255 .
526 230 578 250 non
593 223 777 258 sepulcrorum
791 222 878 249 viola-

82 266 158 292 tionis
183 275 283 294 novum
308 267 542 303 impudentemque
565 268 674 295 modum
699 266 843 302 excogitari
870 276 877 294 :

81 317 196 339 attamen
211 320 246 340 ex
261 313 300 340 eis
315 314 359 341 alii
377 321 437 341 cum
459 314 548 348 impiis
566 313 740 348 scclestisque
758 313 880 348 gentibus

82 358 251 391 habitantes,
268 359 313 386 alii
327 359 352 386 in
367 359 455 386 medio
468 359 640 387 barbarorum
651 380 659 393 ,
675 359 718 387 ubi
733 359 821 386 omnia
837 359 879 386 in-

82 403 190 437 quinata
214 410 242 431 et
261 405 441 432 contaminata
464 399 541 433 erant.
554 426 561 436 ,
580 413 640 432 eum
660 406 771 433 veritate
792 405 880 432 omnia

81 449 275 483 praedicebat".
289 458 375 485 neque
388 451 501 478 aliorum
517 451 628 486 pollutio
641 459 734 479 eorum
749 452 881 479 vaticiniis

81 496 182 522 uberat.
207 496 264 523 Cur
284 497 355 524 hoc?
369 497 435 531 Quia
459 498 497 525 illi
515 497 605 525 divina
624 499 722 526 virtute
739 499 802 525 moti
819 506 880 526 vere

82 540 279 574 loquebantur;
294 542 399 569 daemon
413 548 502 570 autem
516 563 524 576 ,
539 542 564 570 vi
579 543 622 570 illa
638 550 735 570 vacuus
753 550 785 570 ac
798 543 881 570 desti—

82 590 154 613 tutus
168 607 175 620 ,
192 587 259 614 nihil
279 589 458 623 przenuntiare
481 593 584 623 poterat
599 598 605 616 :
621 597 654 616 ne
669 594 757 617 autem
778 589 882 617 hrcrere

82 632 220 660 videretur
232 653 240 665 ,
255 634 408 661 verisimilia
429 635 550 669 quaedam
562 656 569 668 ,
584 635 631 662 sed
647 635 758 662 ridicula
780 635 881 670 ﬁngere

82 679 238 713 cogebatur.
260 678 312 707 Cur
329 681 399 707 enim
411 702 418 714 ,
433 689 539 716 qtueso,
555 681 620 708 nihil
635 681 784 716 ltujusmodi
801 687 880 708 antea

82 723 197 757 dixerat,
212 725 256 751 vel
269 725 420 753 ell'utierat?
433 726 500 760 Quia
513 731 576 754 tunc
589 732 745 762 prmtextum
761 727 881 761 proferre

82 774 200 804 poterat,
217 770 287 805 quod
300 771 400 798 scilicet
414 779 466 798 non
479 772 626 805 coleretur;
644 773 694 800 ltac
706 780 786 808 porro
800 780 881 800 excu-

82 815 187 842 satione
197 815 320 850 adempta
331 837 338 849 ,
350 817 382 844 ad
397 823 516 844 mortuos
527 818 654 853 confugit,
666 820 759 846 anxius
770 827 803 846 ne
816 819 877 854 quid

83 861 133 888 sibi
150 862 213 888 mali
231 862 396 897 contingeret
412 873 418 889 :
436 872 496 890 nam
510 872 524 890 a
539 865 638 892 decoro
659 865 784 893 recedere
804 866 880 893 nole-

83 905 146 938 bat;
171 906 219 933 Sed
234 915 281 934 vos
295 908 366 934 llltllll
380 910 504 944 eoegistis
517 931 523 942 ,
538 911 582 944 qui
598 918 693 944 magno
709 911 753 937 illo
765 911 836 938 cultu
851 912 876 939 ei

86 953 288 980 excusationem
303 954 440 982 ademistis
452 976 459 986 ,
476 963 525 983 nec
540 957 697 990 permisistis
710 964 772 984 eum
793 957 826 984 ad
840 965 883 985 sa-

86 997 250 1025 crificiorum
267 1000 403 1033 penuriam
417 1001 568 1036 confugere.

123 1044 168 1071 l6.
185 1044 217 1071 S.
248 1044 355 1080 Babylo:
376 1054 468 1082 corpus
485 1048 617 1083 transferri
633 1048 737 1083 jubetur
749 1058 764 1075 a
778 1049 884 1077 Iuliana

87 1089 221 1125 Apostata.
240 1107 275 1111 —-
296 1092 350 1119 Hoc
371 1093 463 1120 audito
486 1093 582 1121 histrio
605 1095 650 1122 ille
671 1095 750 1129 jussit
775 1103 882 1130 capsum

88 1135 150 1163 inde
165 1136 284 1171 auferri,
301 1143 328 1164 ut
345 1139 443 1166 victum
459 1147 519 1167 esse
541 1141 691 1169 datmouem
714 1149 793 1168 nemo
808 1142 884 1181 igne.-

89 1187 172 1209 raret.
190 1182 296 1210 Etenim
312 1184 333 1211 si
349 1184 459 1212 dixisset
471 1184 531 1218 ille,
546 1185 658 1220 Propter
677 1191 797 1214 sanctum
812 1187 884 1222 loqui

88 1236 142 1255 non
157 1237 277 1263 possum.
292 1230 338 1257 sed
353 1230 416 1257 nihil
430 1236 543 1262 movete,
556 1232 621 1259 nihil
636 1233 763 1260 tumultus
777 1233 883 1267 inferte,

88 1273 114 1300 id
137 1275 194 1301 suis
216 1279 317 1303 tantum
339 1276 485 1304 cultoribus
508 1282 599 1304 notum
620 1278 734 1306 fuisset:
750 1279 886 1313 puduisset

88 1320 160 1347 enim
179 1320 276 1348 factum
292 1322 324 1349 ad
345 1323 412 1350 alios
430 1323 553 1356 deferre;
571 1323 627 1358 jam
642 1332 706 1352 vero
719 1325 793 1360 quasi
810 1325 885 1352 infir-

88 1365 208 1392 mitatem
233 1374 307 1394 suam
327 1368 466 1395 traducere
480 1369 574 1402 vellet,
598 1369 637 1396 sic
656 1371 744 1397 omnia
766 1371 885 1399 facienda

87 1412 202 1444 curavit,
221 1413 316 1447 quibus
330 1422 364 1441 ne
376 1415 474 1441 volenti
490 1415 596 1449 quidem
611 1423 668 1442 rem
682 1416 808 1452 obtegere
821 1417 885 1445 lice-

88 1457 135 1483 bat
151 1467 158 1483 :
176 1466 262 1493 neque
275 1459 345 1485 enim
359 1459 414 1494 jam
427 1460 560 1487 simulatio
575 1461 675 1488 servari
695 1467 798 1496 potest,
814 1462 885 1497 quod

90 1501 192 1528 nullum
215 1503 286 1530 aliud
300 1503 431 1537 cadaver,
453 1504 500 1532 sed
515 1505 587 1532 solus
604 1510 707 1541 martyr
721 1506 781 1534 inde
796 1511 884 1534 trans—

89 1545 192 1574 feratur
208 1556 215 1574 :
231 1556 281 1575 nec
300 1549 385 1576 solum
407 1549 452 1584 qui
469 1550 561 1578 urbem
572 1571 580 1583 ν
597 1551 752 1579 suburbium
767 1557 794 1579 et
807 1560 885 1587 agros

89 1592 253 1624 incolebant,
279 1593 326 1621 sed
348 1595 428 1622 etiam
450 1596 494 1630 qui
515 1596 695 1624 remotissime
719 1597 884 1632 habitabant,

89 1645 151 1664 eum
164 1638 298 1672 jacentem
314 1647 420 1674 capsum
442 1649 494 1668 non
511 1647 671 1674 cernerent,
687 1643 777 1670 statim
792 1644 886 1670 scisci-

90 1687 178 1710 tantes
193 1683 355 1717 audiebant,
380 1686 485 1714 daemon
507 1687 540 1714 ab
555 1687 715 1722 ltuperatore
738 1694 845 1724 rogatus
859 1694 887 1716 ut

89 1729 292 1762 vaticinaretur,
306 1730 373 1757 dixit
386 1739 414 1758 se
428 1739 479 1759 non
496 1740 589 1766 posse,
603 1733 689 1760 donec
703 1734 809 1761 beatum
826 1735 887 1762 hinc

90 1773 218 1809 Babyiam
234 1776 293 1810 quis
306 1778 461 1805 amovisset.
486 1779 581 1814 Atqui,
599 1787 615 1806 ο
635 1780 763 1813 ridicule,
779 1786 887 1816 poteras

90 1820 122 1847 ad
137 1821 205 1848 alias
219 1823 405 1850 excusationes
418 1824 570 1860 confugere,
583 1832 612 1852 ut
626 1834 697 1861 sa‘pe
711 1828 790 1859 soles,
808 1828 886 1854 inuti-

90 1867 173 1894 meris
196 1875 304 1902 semper
326 1869 445 1897 artificiis
459 1870 539 1898 dubia
561 1879 687 1906 responsa
702 1873 885 1907 concinnaus;

90 1911 166 1948 Lydo
181 1921 278 1948 nempe
293 1914 386 1942 dicens
399 1915 454 1952 (α),
471 1917 492 1943 si
515 1917 598 1954 fialyn
614 1917 723 1946 fluvium
747 1921 884 1947 transmit-

91 1961 178 1989 teret,
194 1966 317 1994 magnum
334 1960 472 1994 imperium
487 1962 635 1990 soluturum
651 1971 711 1991 esse
722 1985 729 1996 ,
747 1965 887 2000 ipsumque

90 2008 183 2037 p05tea
199 2012 272 2039 pyra).
295 2005 448 2040 impositum
463 2008 611 2042 exhibens;
635 2010 660 2036 in
674 2009 807 2038 Salamine
823 2012 885 2038 item

89 2047 186 2076 eodem
199 2056 263 2076 usus
273 2057 303 2077 es
313 2051 436 2083 artiﬁcio.
449 2053 560 2080 ridicula
571 2054 672 2089 adjeeta
684 2055 885 2090 conjunctione:

91 2101 152 2121 nam
167 2094 268 2128 dicere,

128 2149 228 2179 Pet-des
242 2156 270 2178 tu
284 2153 352 2187 ﬁlios
368 2154 512 2188 mulierum,

91 2205 180 2234 simile
198 2207 224 2234 ei
238 2212 310 2242 erat,
327 2210 397 2244 quod
413 2210 487 2246 Lydo
501 2211 626 2248 dixeras;
648 2213 764 2249 adjicere
785 2220 886 2250 autem,

127 2261 189 2288 Siue
202 2270 293 2296 sparsa
306 2263 403 2297 Cerere,
419 2266 470 2293 sive
482 2273 602 2302 coeunte,

91 2317 194 2352 majore
209 2319 235 2346 id
255 2326 328 2348 certe
340 2322 396 2349 risu
410 2323 519 2359 dignum
535 2325 600 2359 fuit,
620 2327 689 2361 qttod
710 2336 774 2356 sane
787 2337 887 2357 conve-

90 2364 144 2390 niat
158 2365 363 2394 circulatoribus
376 2369 401 2395 in
417 2370 518 2403 triviis;
543 2371 590 2399 sed
605 2380 692 2408 neque
704 2375 755 2402 hoc
770 2375 815 2402 tibi
830 2376 888 2411 pla-

90 2410 154 2436 cuit.
175 2410 286 2439 Licebat
299 2418 326 2440 et
341 2415 386 2442 tibi
402 2423 552 2444 sermonem
568 2419 709 2455 obtegere,
733 2422 805 2456 quod
824 2410 890 2450 arti-

91 2455 181 2483 ficium
202 2457 248 2484 tibi
269 2465 377 2494 semper
400 2462 511 2490 solenne
533 2468 583 2491 est.
610 2465 707 2493 Verum
730 2455 889 2496 institissent

91 2507 205 2536 omnes,
233 2511 286 2531 non
310 2506 451 2536 intellectae
475 2509 514 2536 rei
544 2511 703 2540 solutionem
727 2521 886 2549 quaerentes.

91 2547 201 2576 Licebat
223 2558 329 2586 quoque
352 2553 396 2581 tibi
419 2555 453 2583 ad
474 2561 545 2584 astra
569 2558 713 2595 c0nfugere
765 2562 789 2589 id
815 2564 886 2591 enim

91 2601 164 2642 ert-pe
178 2595 275 2642 Afacis,
299 2606 385 2634 neque
411 2602 511 2635 pudore
535 2605 686 2641 ruborequc
708 2609 887 2642 perfunderis.

91 2639 230 2674 Siquidem
244 2650 297 2670 non
316 2652 376 2672 cum
395 2647 460 2675 viris
480 2655 569 2677 mente
583 2639 764 2686 pra‘ditis-tt‘bi
781 2663 824 2682 res
837 2660 886 2688 est,

90 2686 137 2713 sed
151 2694 214 2714 cum
229 2690 377 2723 pecudibus
387 2712 395 2725 ,
417 2698 444 2720 et
459 2702 537 2729 qnatn
553 2697 669 2731 pecudes
688 2699 752 2734 ipsa:
773 2686 889 2728 crassio;

91 2733 165 2782 ribus
184 2743 191 2760 :
214 2743 268 2762 non
292 2742 369 2765 erant
391 2739 428 2766 illi
451 2740 550 2769 Graecis
573 2733 747 2778 sapientiores
769 2746 820 2779 iis,
843 2747 888 2782 qui

90 2776 148 2805 haec
162 2779 324 2814 audierunt,
343 2790 392 2810 nec
408 2788 496 2813 tamen
510 2794 524 2813 a
541 2786 634 2816 fraude
647 2797 705 2818 sese
720 2776 886 2820 exemerunt.

83 2823 127 2850 -At
141 2824 314 2853 mendacium
336 2827 548 2860 intellexissent?
570 2834 640 2869 Ergo
653 2837 769 2871 oportuit
784 2837 828 2865 uni
844 2845 887 2866 sa-

122 2878 158 2909 (α)
176 2882 210 2904 De
222 2883 306 2906 αωςο
317 2880 433 2915 loquitur.

494 164 538 192 DE
557 163 586 192 S.
607 163 751 197 BABYLA,
771 161 907 191 CONTRA
926 160 1095 190 JULIANUM
1115 163 1158 190 ΕΤ
1177 164 1352 193 GENTILES.

1673 170 1724 199 558

934 221 1034 249 cerdoti
1047 223 1183 250 veritatem
1195 225 1309 258 aperire,
1322 231 1347 253 ct
1362 227 1417 261 ipse
1432 227 1533 255 cladem
1545 234 1614 256 tuam
1630 231 1738 263 melius.

932 274 1011 301 quam
1026 272 1053 294 tu
1067 269 1237 296 occultasset.
1259 271 1317 297 Jam
1332 279 1397 298 vero
1409 274 1468 307 quis
1481 278 1516 306 te,
1534 275 1625 308 miser,
1639 276 1725 302 addu~

934 313 981 343 xit.
994 318 1023 340 ut
1036 318 1061 340 te
1072 314 1098 340 in
1115 318 1167 341 tam
1179 315 1346 343 manifestatn
1359 318 1546 352 impudentiam
1561 322 1727 356 conjiceres?

934 358 968 384 At
990 359 1102 386 fortasse
1124 365 1152 386 tu
1172 361 1238 387 nihil
1263 363 1397 396 peccasti;
1421 364 1565 399 Imperator
1581 376 1642 394 vero
1658 369 1727 395 male

934 402 1091 431 histrionem
1106 406 1170 440 egit,
1185 407 1229 440 qui
1243 415 1303 434 cum
1317 408 1546 438 indiscriminatim
1568 412 1601 440 de
1614 414 1727 441 cadave-

934 450 1009 477 ribus
1029 451 1167 484 audisset,
1190 458 1311 480 sanctum
1335 455 1408 482 illum
1430 456 1565 485 dumtaxat
1586 467 1727 493 aggressus

933 499 975 521 est
991 505 997 522 :
1013 495 1055 523 ille
1070 501 1094 523 te
1116 498 1235 533 coarguit
1248 503 1275 526 ct
1296 499 1416 528 fraudem
1431 502 1538 530 nudavit
1551 525 1558 534 ,
1572 505 1618 531 sed
1634 513 1685 531 non
1702 506 1725 531 id

934 541 1020 569 libens
1036 543 1096 570 fecit
1114 553 1120 571 :
1135 552 1221 579 neque
1235 546 1306 572 enim
1327 547 1404 574 unius
1419 548 1593 584 ejusdemque
1606 557 1663 577 erat
1677 551 1726 577 do-

934 588 1008 614 naria
1024 588 1121 616 all'erre
1145 595 1171 617 et
1193 592 1356 619 contumelia
1381 593 1505 626 afficere;
1532 595 1579 622 sed
1604 597 1728 632 martyris

933 633 1018 661 virtus
1032 642 1126 662 omnes
1139 637 1219 663 simul
1233 638 1346 672 caligine
1362 639 1472 672 offudit,
1490 648 1540 668 nec
1554 650 1585 669 ea
1600 651 1658 676 qua:
1674 648 1727 670 tum

933 679 1094 714 gerebantur
1115 681 1208 710 videre
1233 684 1370 717 permisit;
1397 693 1488 712 verum
1511 687 1599 713 omnia
1621 689 1727 722 quidem

934 732 982 752 ceu
998 731 1090 753 contra
1106 726 1271 755 Christianos
1287 729 1401 761 fiebant,
1427 735 1454 757 at
1475 739 1526 758 non
1544 732 1568 758 in
1585 733 1727 765 patientes.

935 772 981 798 sed
1005 773 1029 799 in
1049 779 1157 807 agentes
1179 775 1249 801 risus
1273 777 1489 804 convertebatur.
1515 778 1561 805 Sic
1584 783 1611 805 et
1635 780 1728 806 furiosi

934 817 1058 844 videntur
1077 819 1126 845 sibi
1149 827 1255 854 semper
1278 821 1414 855 proximos
1431 823 1521 850 ulcisci
1535 845 1542 855 ,
1558 824 1621 851 dum
1636 830 1728 852 contra

936 865 1050 898 parietes
1064 865 1212 899 calcittumt,
1226 875 1257 893 ac
1271 867 1347 894 fanda
1363 869 1529 903 nefandoque
1543 870 1568 896 in
1584 876 1729 904 pra‘setttes

933 909 1073 944 jactitant;
1100 911 1175 938 factis
1200 917 1290 939 autent
1317 914 1371 940 suis
1397 923 1448 940 non
1475 915 1533 942 illos
1557 917 1603 943 sed
1626 917 1730 951 scipsos

936 955 1038 989 pudore
1051 955 1169 983 afficiunt
1183 966 1190 984 :
1205 958 1274 992 quod
1291 963 1353 986 tunc
1368 960 1447 986 etiam
1461 961 1580 996 contigit.
1595 961 1730 989 Traheba-

936 1005 980 1028 ιω·
994 1001 1066 1028 cnim
1089 1010 1167 1036 capsa
1192 1010 1239 1037 per
1261 1008 1343 1032 totum
1360 1006 1447 1038 t'iatn;
1474 1013 1574 1042 martyr
1595 1015 1660 1034 vero
1680 1016 1730 1036 ceu

937 1047 1044 1082 quidam
1061 1048 1158 1076 athleta
1176 1050 1200 1076 itt
1217 1058 1290 1077 suam
1305 1052 1396 1078 urbem
1415 1053 1611 1086 revertebatur,
1632 1062 1728 1082 secun-

937 1093 999 1121 dam
1015 1095 1134 1122 referens
1147 1103 1284 1130 coronam,
1303 1098 1327 1124 in
1342 1107 1392 1133 qua
1409 1099 1473 1126 urbe
1489 1101 1572 1133 primo
1587 1107 1730 1130 coronatus

937 1138 1032 1166 fuerat.
1048 1140 1224 1173 Quamobrem
1240 1142 1261 1168 si
1275 1143 1332 1177 quis
1346 1143 1523 1177 splendidiora
1540 1152 1598 1180 post
1612 1153 1725 1173 mortem

937 1186 1062 1221 martyris
1078 1193 1159 1221 opera
1172 1189 1350 1222 conspicatus,
1366 1192 1587 1218 resurrectionem
1609 1201 1660 1219 non
1683 1194 1731 1219 atl-

938 1231 1043 1264 tnittat,
1070 1232 1095 1259 in
1120 1238 1254 1267 posterutn
1278 1235 1426 1262 erubescat.
1454 1236 1507 1263 Ceu
1530 1238 1600 1264 enim
1624 1239 1730 1274 quidam

937 1280 1062 1304 strenuus
1083 1277 1196 1306 bellator
1218 1280 1325 1314 troparis
1341 1284 1439 1315 tropica
1459 1282 1612 1316 eonjunxit,
1630 1285 1732 1318 magnis

938 1323 1039 1358 majora
1062 1329 1090 1351 et
1114 1325 1279 1353 mirabilibus
1302 1327 1474 1355 mirabiliora.
1501 1328 1575 1356 Tune
1588 1331 1658 1357 enim
1672 1339 1730 1357 eum

938 1369 1103 1404 lmpcratore
1123 1372 1180 1398 solo
1202 1373 1346 1407 pugnabat,
1369 1382 1439 1401 nunc
1455 1382 1514 1402 cum
1530 1375 1692 1410 imperatore
1706 1381 1733 1404 et

938 1415 1060 1443 dcemone
1074 1425 1081 1444 :
1097 1421 1159 1444 tunc
1183 1426 1197 1444 a
1220 1419 1303 1446 sacris
1326 1420 1409 1453 septis
1432 1419 1618 1454 Imperatorem
1635 1421 1730 1456 abi-git,

938 1470 1009 1489 ntmc
1024 1470 1037 1489 a
1053 1467 1109 1490 toto
1120 1463 1244 1499 Daphnes
1259 1465 1317 1491 loco
1333 1467 1510 1500 perniciosum
1526 1467 1600 1494 illurn
1613 1467 1732 1501 abduxit,

938 1516 990 1535 non
1005 1517 1085 1536 manu
1100 1518 1164 1537 usus
1180 1514 1210 1538 ut
1224 1516 1300 1538 antea
1312 1532 1318 1543 ,
1335 1512 1381 1539 sed
1398 1513 1521 1540 invisibili
1535 1514 1631 1541 virtute
1645 1515 1733 1541 invisi-

938 1553 1019 1581 bilem
1035 1562 1200 1590 expugnans.
1226 1556 1310 1590 llujus
1326 1558 1438 1584 viventis
1458 1558 1562 1585 dicendi
1584 1560 1731 1587 libertatem

939 1607 991 1627 non
1008 1600 1067 1627 tulit
1092 1601 1223 1628 homicida
1248 1603 1292 1629 ille
1307 1625 1313 1635 ,
1337 1604 1433 1630 mortui
1457 1612 1520 1631 vero
1543 1605 1659 1632 cinerem
1681 1613 1733 1633 non

939 1646 1065 1674 sustinuit
1087 1651 1140 1674 tum
1156 1648 1302 1683 Imperator
1313 1670 1319 1680 .
1344 1655 1398 1676 tum
1412 1650 1515 1677 daemon
1532 1652 1574 1685 qui
1589 1650 1734 1686 Imperato-

939 1699 997 1719 rem
1012 1692 1045 1719 ad
1061 1693 1118 1720 iure
1131 1694 1231 1728 agenda
1254 1696 1346 1722 movit.
1371 1695 1445 1729 Quod
1462 1702 1549 1723 autem
1567 1702 1664 1724 tnetnm
1680 1706 1735 1724 ma-

937 1739 1024 1774 jorem
1050 1739 1091 1767 itis
1120 1742 1312 1775 posterioribus
1344 1742 1447 1770 duobus
1469 1743 1629 1776 incusserit,
1655 1752 1733 1779 quam

939 1785 1021 1819 priori
1037 1785 1201 1818 incusserat,
1218 1786 1281 1814 hinc
1303 1787 1388 1821 palam
1403 1792 1454 1814 est.
1471 1787 1519 1815 ille
1541 1789 1638 1823 quippe
1658 1797 1734 1816 rom-

941 1829 1100 1864 prehensum
1125 1831 1197 1857 illum
1214 1831 1328 1859 vinculis
1344 1833 1504 1859 constrinxit
1525 1839 1552 1860 ct
1571 1833 1685 1865 occidit,
1709 1834 1735 1861 hi

940 1882 1004 1902 vero
1020 1876 1178 1903 transtulere
1202 1881 1314 1903 tantum.
1338 1877 1393 1904 Cur
1414 1877 1484 1904 enim
1500 1885 1607 1912 capsum
1622 1879 1647 1905 in
1663 1887 1736 1905 mare

940 1921 1106 1956 pra‘cipitare
1127 1929 1212 1956 neque
1235 1922 1279 1949 ille
1299 1922 1388 1956 jussit,
1413 1931 1499 1957 neque
1514 1923 1556 1950 hic
1567 1924 1667 1950 voluit?
1688 1931 1736 1951 cur

941 1975 993 1994 tton
1007 1968 1133 1994 contrivit
1148 1973 1193 1995 aut
1207 1969 1375 1996 cornbussit?
1393 1977 1441 1996 cur
1455 1978 1506 1996 non
1521 1969 1547 1996 in
1561 1970 1695 1997 desertum
1710 1975 1736 1997 et

941 2013 1113 2040 inhabitatum
1139 2014 1225 2041 locum
1249 2015 1333 2050 ipsam
1354 2015 1489 2043 transferri
1509 2016 1608 2050 jussit?
1632 2016 1697 2043 Nam
1713 2017 1735 2044 si

940 2067 970 2086 ea
987 2059 1149 2087 exsecranda
1165 2065 1192 2088 et
1208 2061 1306 2096 polluta
1322 2069 1365 2089 res
1379 2061 1489 2094 fuisset,
1505 2069 1618 2097 eamque
1632 2063 1733 2089 abanti-

940 2109 1027 2138 natus,
1051 2113 1104 2133 non
1127 2106 1312 2140 reformidans,
1337 2107 1399 2134 inde
1419 2107 1488 2134 illam
1509 2109 1617 2140 amovit,
1641 2109 1734 2136 nonin

940 2151 1033 2178 urbem
1065 2153 1183 2186 oportuit
1211 2161 1268 2180 rem
1296 2153 1486 2180 exsecrandum
1518 2153 1662 2187 inducere,
1688 2155 1736 2182 sed

940 2197 1084 2225 amandare
1098 2199 1123 2225 in
1139 2204 1244 2226 montes
1257 2204 1284 2226 et
1295 2200 1389 2226 saltus.

976 2245 1019 2271 17.
1036 2244 1193 2272 Maximinus
1207 2245 1350 2280 Imperator
1371 2247 1438 2281 quod
1451 2252 1550 2274 vexaret
1565 2246 1732 2280 Christianos,

940 2298 1027 2325 poenas
1039 2290 1117 2317 dedit.
1129 2306 1165 2310 —
1180 2291 1214 2318 At
1229 2291 1309 2318 miser
1322 2292 1366 2319 ille
1381 2300 1433 2319 non
1447 2293 1535 2320 minus
1548 2300 1628 2327 quatn
1639 2293 1735 2328 Apollo

941 2337 1011 2365 beati
1035 2338 1083 2365 viri
1109 2338 1190 2366 robur
1216 2344 1243 2366 et
1267 2339 1389 2366 fiduciam
1414 2347 1476 2374 erga
1503 2340 1586 2367 Deum
1613 2344 1732 2372 noverat.

941 2385 1082 2420 timuitque
1104 2393 1138 2413 ne
1160 2386 1182 2412 si
1207 2385 1233 2412 id
1259 2385 1357 2413 faceret
1370 2390 1416 2413 aut
1434 2386 1532 2413 fulmen
1554 2390 1600 2413 aut
1613 2387 1734 2414 morbum

940 2431 1055 2466 aliquem
1068 2431 1094 2459 in
1108 2439 1137 2459 se
1153 2436 1319 2466 provocaret.
1334 2432 1414 2459 Multa
1429 2433 1526 2467 quippe
1540 2431 1637 2460 Christi
1653 2433 1736 2460 virtu-

941 2477 975 2504 tis
987 2477 1060 2512 signa
1083 2477 1197 2505 habebat
1207 2499 1214 2510 ,
1232 2483 1286 2504 tum
1301 2478 1327 2505 in
1348 2478 1533 2506 dccessoribus
1547 2480 1604 2506 suis
1617 2478 1735 2513 impera-

941 2523 1043 2551 toribus
1057 2523 1184 2556 cxhibita,
1200 2528 1255 2550 tum
1270 2523 1296 2550 in
1313 2524 1345 2551 iis
1359 2524 1438 2551 etiam
1452 2525 1496 2559 qui
1510 2524 1580 2551 idem
1594 2524 1732 2559 imperiur:

941 2575 1031 2595 secum
1045 2568 1272 2595 administrabant.
1291 2569 1397 2596 Etenim
1412 2578 1444 2596 ex
1464 2570 1516 2596 illis
1536 2569 1599 2596 olim
1617 2569 1729 2604 Impera-

942 2615 1043 2642 toribns
1056 2615 1101 2650 qui
1116 2615 1176 2642 talia
1192 2616 1249 2642 ausi
1264 2620 1336 2648 sunt,
1355 2620 1415 2650 post
1427 2615 1523 2642 multas
1539 2615 1732 2643 intolerabiles-

940 2668 992 2696 que
1003 2661 1176 2693 calamitates,
1193 2662 1304 2696 turpiter
1316 2668 1347 2688 ac
1360 2661 1458 2689 misere
1470 2662 1550 2688 vitam
1571 2662 1732 2691 clauserunt.

940 2705 1008 2733 adeo
1021 2710 1049 2732 ut
1061 2705 1139 2732 unius
1153 2706 1240 2732 adhuc
1254 2706 1366 2733 viventis
1379 2707 1484 2742 pupilla:
1497 2715 1529 2734 ex
1543 2707 1627 2733 oculis
1639 2712 1733 2740 sponte

941 2753 1086 2780 exsilierint
1100 2761 1106 2779 ι
1123 2752 1166 2780 hic
1179 2758 1266 2780 autem
1281 2753 1439 2780 Maximinus
1452 2758 1528 2785 erat;
1543 2753 1610 2779 alius
1623 2753 1648 2778 in
1662 2752 1733 2779 furo-

941 2806 997 2826 rem
1011 2803 1101 2830 actus,
1115 2798 1181 2826 alius
1204 2798 1230 2825 in
1253 2799 1366 2826 similem
1383 2798 1471 2833 lapsus
1485 2798 1678 2826 calamitatem.
1695 2797 1733 2824 sic

941 2849 1055 2872 mortem
1076 2843 1199 2872 obierint.
1215 2844 1345 2872 (ltelermu
1366 2844 1443 2872 exiis
1457 2844 1500 2878 qui
1516 2849 1578 2870 tunc
1596 2850 1656 2869 eum
1676 2843 1733 2876 ipso

945 2894 1028 2924 crant,
1048 2894 1166 2926 patruus,
1182 2897 1242 2918 cum
1256 2890 1415 2926 petulantius
1428 2894 1519 2917 contra
1535 2897 1582 2916 nos
1595 2887 1694 2916 fureret
1707 2893 1733 2914 et
