1969 3130
235 150 287 178 559

235 214 310 234 Sacra
326 214 385 233 vasa
402 206 538 234 sceleratis
551 207 673 234 manibus
686 207 840 242 contingere
852 214 933 234 ausus
947 211 1030 239 esset,

238 260 323 287 neque
338 252 379 279 his
394 258 550 284 contentus,
565 253 725 280 contumelia
748 253 858 280 ulterius
877 260 1034 288 progressus

237 304 308 325 esset
330 298 412 333 (ipsis
427 299 498 325 enim
515 299 627 326 inversis
648 304 675 326 et
690 299 715 326 itt
736 300 887 334 pavimento
901 300 994 335 positis
1007 304 1035 326 et

236 347 372 379 extensis,
393 346 425 374 iis
450 346 579 381 insedit),
591 347 735 381 derepettle
762 347 858 382 iniqua:
881 347 1032 381 huiusmodi

235 392 365 420 sessionis
388 400 481 426 poenas
496 393 568 420 dedit
584 402 590 419 :
607 393 666 427 ejus
686 393 758 419 enim
772 393 889 420 verenda
910 398 1033 426 corrupta

237 438 374 465 vermibus
388 439 536 472 scatt-hant,
553 439 587 466 ita
603 444 631 466 ιιι
647 439 732 474 palam
744 443 815 465 esset
830 438 951 465 morbum
967 438 1034 464 divi-

237 486 309 512 nitus
325 486 479 512 immissunr
491 485 571 512 fuisse
584 494 590 517 ;
614 485 646 511 ad
660 485 754 512 vulnus
769 485 917 511 cttrattdttttt
939 484 1033 511 tttcdici

238 537 366 559 mactatas
380 540 442 559 aves
456 533 565 567 pingues
579 537 658 567 atque
673 531 825 567 peregrinas
840 532 872 558 ad
889 531 1034 566 putrefacta

237 578 359 605 membra
372 577 558 612 adtttovcntes,
570 578 730 605 vermiculos
743 578 888 605 evocabant
901 587 907 605 :
924 578 959 604 illi
971 586 1035 605 vero

239 632 292 651 tton
316 624 520 657 abscesserunt,
545 624 592 652 sed
618 625 752 652 mordicus
776 624 890 660 putridis
918 625 1035 660 partibus

243 671 380 698 ha-rcbant
394 680 400 698 :
414 677 494 706 atque
508 671 543 698 ita
559 671 632 698 illum
647 671 736 698 tnultis
748 671 841 698 diebus
853 672 1033 705 absumptum,

239 717 311 745 male
337 716 520 752 perdiderunt.
543 717 618 744 Alius
642 724 706 744 vero
727 717 856 752 quispiam
872 717 1035 752 imperatorii

238 763 325 790 terat-ii
344 768 434 789 custos
447 762 607 789 constitutus
617 782 624 794 ,
642 762 794 796 priusquam
810 762 877 788 aula:
891 762 1036 796 imperato-

240 809 287 836 ria:
302 809 382 836 litttctt
400 809 556 843 pra-teriret.
571 809 661 836 statim
675 809 778 842 crepuit
793 808 912 841 tnedius,
929 809 1036 836 similis-

207 847 213 870 ἶ
240 863 291 889 que
305 855 442 890 cujusdam
457 854 548 890 ﬂagitii
571 862 662 889 pinnas
684 855 766 882 dedit.
783 854 847 882 Haec
865 860 891 882 et
906 854 947 882 his
963 854 1036 889 plura

211 900 217 907 ‘
241 902 250 936 (
263 909 315 928 non
330 903 400 928 enim
420 901 475 936 jam
489 901 578 928 omnia
595 909 735 929 recensere
757 906 859 936 tempus
873 902 930 936 est)
945 909 1037 928 secum

239 952 366 982 reputans
386 947 515 974 scelestus
538 947 603 980 tlle,
628 947 806 974 tetneritatem
827 955 901 974 suam
927 946 1038 974 ulterius

239 1000 399 1028 promovere
414 1000 466 1020 tton
479 993 602 1020 audebat.
620 992 696 1026 Quod
709 997 798 1020 autettt
818 993 874 1019 tunc
886 999 937 1019 non
952 999 967 1018 a
981 999 1038 1018 nte-

239 1039 298 1073 ipso
311 1039 409 1072 dicant,
422 1047 454 1066 ex
471 1039 503 1066 iis
518 1047 578 1074 qua:
592 1039 626 1066 ab
644 1039 702 1073 ipso
721 1044 811 1074 postea
827 1043 900 1074 gesta
918 1043 997 1071 sunt,
1012 1038 1037 1065 id

239 1085 412 1119 conspicuum
429 1086 499 1118 crit;
521 1085 626 1113 interim
643 1093 707 1112 vero
726 1085 845 1112 historia:
864 1085 962 1112 seriem
975 1092 1037 1120 pcr-

242 1137 397 1165 sequamur.

280 1175 415 1211 Templum
433 1182 457 1204 et
470 1181 554 1204 statua
568 1177 694 1212 Apollini:
714 1177 772 1212 igne
792 1177 824 1204 de
837 1177 900 1204 calo
914 1180 990 1203 tacta.
1003 1191 1040 1196 —

239 1221 309 1255 Quid
332 1222 411 1257 igitur
434 1223 531 1250 exinde
551 1223 662 1251 evenit?
680 1223 874 1250 Admiraudutn
889 1230 954 1250 sane
975 1222 1038 1250 illud

239 1272 292 1301 est,
303 1267 373 1303 quod
388 1275 442 1295 nun
458 1269 603 1303 potentiam
620 1268 709 1302 modo,
722 1269 768 1296 sed
783 1269 861 1295 etiam
878 1268 1038 1295 ineffabilem

242 1315 288 1342 Dei
307 1315 496 1349 benignitatem
511 1315 637 1342 ostendit.
654 1314 720 1342 Nam
734 1320 841 1341 sanctus
855 1319 956 1351 martyr
970 1314 1038 1342 intra

243 1365 319 1395 septa
334 1365 401 1393 erat,
420 1360 462 1387 ubi
478 1361 551 1395 prius
564 1361 630 1388 situs
644 1360 741 1394 fuerat,
753 1365 895 1396 antequam
912 1360 1038 1395 Daphnen

241 1405 365 1438 veniret;
391 1406 522 1441 malignus
545 1414 609 1434 vero
630 1407 736 1434 datmon
760 1407 849 1434 statim
872 1406 985 1440 didicit,
1010 1414 1040 1434 se

241 1449 340 1478 frustra
363 1451 469 1479 fraudes
483 1459 546 1479 suas
566 1453 688 1479 utolitum
704 1460 782 1485 esse;
806 1460 893 1487 neque
906 1453 955 1479 sibi
978 1460 1039 1480 cum

242 1502 348 1524 mortuo
363 1505 477 1532 pugnant
500 1497 557 1525 fore
568 1518 576 1529 ,
600 1498 648 1525 sed
663 1506 723 1525 ettnt
738 1498 843 1526 vivente
855 1519 861 1529 ,
884 1506 916 1526 ac
930 1498 1041 1526 viriliter

243 1548 347 1578 agente,
364 1551 395 1570 ac
408 1551 462 1570 non
477 1551 506 1570 se
521 1548 634 1574 tantum.
649 1544 695 1571 sed
707 1544 831 1571 omnibus
844 1543 923 1571 simul
938 1544 1039 1571 daemo-

243 1589 322 1616 nibus
335 1588 457 1616 fortiore.
475 1589 558 1616 Dettttt
573 1589 644 1616 enim
659 1595 781 1624 precatus
795 1595 823 1617 ut
837 1590 923 1625 ignem
936 1591 961 1617 in
974 1596 1041 1618 tem-

244 1634 316 1669 pltttn
332 1634 507 1666 immitteret,
524 1640 607 1662 tottttn
624 1639 721 1662 tectum
737 1636 901 1668 combussit,
916 1636 1041 1671 idolotiue

243 1681 278 1708 ad
291 1685 426 1708 extremos
445 1689 528 1716 ttsque
551 1682 633 1716 pedes
655 1681 818 1716 absumpto,
844 1683 879 1709 ita
904 1687 933 1710 ut
955 1683 1041 1718 pulvis

245 1731 347 1753 tantum
365 1731 392 1753 et.
416 1727 482 1754 cinis
504 1733 654 1755 remaneret
667 1748 675 1762 ,
699 1728 813 1762 parietes
832 1729 919 1755 solunt
940 1734 1041 1756 stantes

243 1771 415 1807 intactosque
428 1773 543 1808 reliquit.
559 1774 586 1800 Si
601 1774 661 1808 quis
674 1781 739 1801 vero
755 1781 826 1801 nunc
846 1774 933 1801 locum
952 1775 1040 1808 adeat,

243 1827 411 1855 nequaquam
433 1820 501 1855 ignis
522 1820 547 1847 id
569 1828 637 1856 opus
658 1829 718 1848 esse
732 1821 852 1849 dixerit:
869 1830 955 1856 neque
969 1822 1040 1850 enim

244 1866 396 1894 incendium
418 1867 483 1894 illud
498 1867 557 1895 sine
578 1868 666 1903 aliquo
680 1868 773 1895 ordine
783 1889 791 1902 ,
806 1876 891 1903 neque
906 1877 936 1896 ex
953 1869 1041 1896 inarti-

245 1918 318 1940 mata
335 1914 445 1940 materia
468 1913 564 1940 factum
587 1921 648 1941 esse
661 1914 781 1946 videtur;
806 1914 854 1942 sed
870 1915 945 1950 quasi
962 1923 1041 1942 tnattu

245 1959 359 1993 qttadam
372 1959 459 1994 ignem
473 1960 699 1992 circumduccttte,
713 1968 745 1987 ac
756 1966 921 1988 monstrante
933 1961 1042 1996 quibus-

243 2014 305 2034 nam
329 2013 457 2041 parcere,
480 2014 602 2041 quaenam
625 2007 767 2034 absumere
791 2012 945 2042 oporteret,
969 2012 1041 2034 tanta

247 2060 343 2087 nempe
356 2052 547 2085 concinnitate,
557 2057 631 2080 tanto
644 2052 757 2080 artificio
770 2053 896 2087 tentplutn
907 2053 1041 2080 detectum

245 2103 306 2131 est;
330 2106 416 2132 neque
430 2106 494 2125 vero
508 2098 596 2125 simile
613 2102 656 2125 est
676 2098 799 2124 incendio
813 2097 931 2128 affectis.
948 2098 994 2125 sed
1011 2099 1042 2125 iis

219 2152 225 2174 ς
245 2154 357 2178 quorum
370 2146 470 2180 integra
486 2151 570 2180 srpta,
594 2154 653 2180 qua:
674 2146 732 2173 solo
752 2150 821 2172 tecto
843 2146 942 2172 habent
964 2153 1041 2181 opus.

247 2191 357 2226 Reliqua
372 2193 443 2219 enim
459 2198 538 2226 atque
553 2192 700 2224 columna),
716 2197 769 2219 tum
786 2201 845 2227 quae
861 2198 970 2224 tectum,
987 2197 1041 2220 tum

246 2245 305 2270 qua:
320 2238 478 2264 vestibulum
501 2238 660 2271 fulciebant,
677 2246 728 2266 una
748 2244 858 2273 excepta
873 2247 932 2274 qua:
947 2240 979 2266 ad
995 2247 1041 2274 po-

247 2285 386 2312 steriorem
410 2286 499 2319 templi
516 2290 617 2319 parteut
641 2286 724 2319 posita
747 2291 822 2318 erat,
843 2291 916 2313 stant
937 2293 1040 2312 omnes.

249 2329 311 2357 llarc
334 2335 421 2358 tamen
443 2339 494 2357 ttott
518 2335 618 2358 temere
640 2336 704 2358 tunc
718 2331 801 2358 fracta
823 2337 881 2365 est,
896 2333 942 2359 scd
963 2341 993 2360 ea
1009 2332 1043 2360 de

247 2385 345 2408 causa,
368 2386 448 2412 quam
469 2386 529 2406 mox
544 2379 639 2406 dicturi
659 2386 761 2406 smnus.
788 2379 845 2406 Iloc
868 2380 911 2407 ubi
935 2380 1042 2411 accidit,

247 2424 337 2450 statim
352 2423 482 2450 damonis
497 2425 623 2452 sacerdos
644 2425 676 2453 ad
702 2426 815 2453 tribunal
839 2427 940 2461 rapitur
959 2431 985 2453 et
1000 2427 1043 2453 in-

247 2469 334 2496 cendii
355 2475 491 2496 auctorem
515 2471 632 2498 indicare
653 2473 766 2506 cogitur.
789 2472 854 2499 Cum
880 2481 932 2499 non
953 2477 1045 2507 posset

247 2519 348 2546 autent.
371 2523 443 2547 cum,
467 2516 585 2544 distortis
607 2522 684 2545 antea
708 2518 821 2550 cubitis.
845 2518 936 2545 multis
961 2519 1043 2554 plagis

247 2560 396 2588 efﬁcientes
406 2582 413 2595 ,
428 2561 526 2590 deinde
548 2562 688 2590 sublimem
703 2568 813 2599 agentes
826 2564 904 2591 catsis
918 2564 1044 2591 lateribus

249 2607 314 2634 nihil
339 2607 453 2642 amplius
467 2608 619 2635 didicerunt
639 2618 646 2635 :
669 2616 700 2636 ac
725 2610 834 2643 perittde
855 2610 951 2637 accidit
965 2615 1044 2645 atque

249 2653 275 2679 in
291 2654 487 2681 resurrectione
499 2654 607 2681 Clu-isti.
622 2654 690 2681 Tum
703 2655 774 2682 enim
795 2656 894 2683 milites
908 2656 940 2682 ad
956 2661 1045 2683 custo-

249 2700 320 2726 diant
336 2701 456 2735 corporis
471 2700 533 2728 Jesu
553 2701 690 2729 censtituti
706 2707 783 2734 sunt,
808 2711 840 2729 ne
861 2707 985 2737 possent,
1002 2705 1044 2730 itt-

249 2745 317 2779 quit,
330 2745 453 2780 discipuli
474 2746 537 2773 illud
552 2747 648 2774 callide
662 2747 784 2775 sulfurari
800 2747 907 2781 (Matth.
918 2748 963 2774 ‘27.
978 2748 1023 2784 64)
1037 2757 1043 2776 :

249 2797 376 2820 ett-terum
391 2792 413 2820 is
428 2792 476 2820 fuit
490 2793 526 2820 rei
541 2799 653 2821 eventus
663 2815 670 2826 ,
687 2799 715 2820 ιιι
736 2794 807 2821 nulla
823 2794 864 2822 vel
882 2795 1044 2830 impudenti-

250 2839 300 2866 bus
314 2839 420 2875 quidem
434 2841 540 2868 occasio
555 2842 767 2875 relinqueretur,
783 2843 827 2877 qui
840 2843 939 2870 vellent
954 2849 1045 2870 resur-

251 2886 377 2914 rectiOnis
392 2885 471 2915 fidem
486 2886 589 2915 tollcrc.
607 2887 654 2915 llic
668 2895 772 2922 quoque
789 2888 942 2916 trahebatur
955 2896 1045 2916 sacer.

607 148 635 176 S.
656 147 796 177 JOANNIS
815 148 1054 177 CllRYSOSTOMl
1074 147 1236 176 ARClllEP.
1256 148 1521 178 CONSTANTINOP.

1827 152 1882 180 560

1085 205 1152 240 (los,
1166 211 1195 234 ut
1209 215 1260 233 non
1275 207 1363 234 divina
1380 207 1417 234 ira
1427 228 1435 239 ,
1450 208 1495 235 sed
1510 208 1625 235 humana
1639 209 1757 243 nequitia
1771 209 1797 236 id
1812 211 1870 237 acci

1086 253 1159 280 disse
1173 252 1371 281 testiﬁcaretur.
1385 253 1528 281 Contortus
1541 258 1628 282 tamen
1645 259 1726 290 atque
1738 255 1884 289 laceratus,

1085 306 1146 325 cuttt
1167 299 1270 326 nullum
1295 304 1385 334 posset
1415 299 1552 332 indicare,
1577 300 1706 328 divinitus
1734 301 1884 329 immissum

1089 344 1169 371 fuisse
1182 345 1270 380 ignem
1284 349 1394 372 testatus
1409 351 1459 378 est,
1480 351 1509 373 ut
1528 346 1617 374 nullus
1635 346 1691 381 jam
1707 347 1782 374 locus
1797 347 1886 380 itnptt-

1086 390 1183 417 denter
1195 391 1334 425 agentibus
1350 392 1552 427 relinqueretur.
1573 392 1626 420 Sed
1640 393 1712 428 qttod
1728 393 1809 428 paulo
1822 398 1886 420 ante

1086 435 1168 462 alium
1184 437 1210 463 itt
1227 436 1314 464 locum
1330 438 1420 464 retttisi
1432 458 1438 469 ,
1458 446 1528 464 nuttc
1549 444 1681 473 oportune
1701 438 1800 466 dicant.
1816 438 1885 471 Quid

1087 481 1150 508 illud
1164 481 1227 509 est?
1242 481 1278 508 lta
1294 482 1364 510 illius
1377 483 1494 509 animum
1509 484 1639 510 exterruit
1660 489 1771 519 martyr.
1788 489 1818 510 ut
1831 492 1886 510 non

1088 528 1155 554 ultra
1169 529 1292 563 progredi
1308 528 1428 556 auderet.
1446 528 1537 564 Neque
1551 530 1621 556 enim
1637 534 1776 565 postquam
1793 537 1885 557 sacer-

1088 575 1188 607 dotem,
1201 583 1280 610 quem
1295 576 1368 610 prius
1382 580 1455 602 tanto
1475 576 1500 602 itt
1519 576 1620 604 honore
1634 576 1760 609 habebat,
1783 576 1886 603 incensi

1088 622 1148 648 tecti
1165 628 1243 648 causa
1257 626 1295 648 tot
1309 622 1387 649 malis
1398 622 1533 655 affecerat,
1548 622 1583 649 ita
1596 627 1626 650 ut
1638 623 1790 655 immanius,
1805 630 1888 656 quan

1088 667 1255 701 sanguinaria
1273 666 1327 694 fera
1340 687 1348 700 ,
1371 667 1405 694 ab
1417 667 1475 702 ejus
1490 667 1603 696 fortasse
1617 668 1744 695 vorandis
1757 669 1886 695 carnibus

1088 720 1142 740 non
1157 713 1346 746 abstinuisset,
1372 714 1422 741 nisi
1444 722 1487 741 res
1500 715 1662 742 exsecranda
1684 715 1810 742 omnibus
1831 715 1887 742 visa

1089 764 1182 787 esset:
1198 766 1318 787 sanctum
1343 761 1416 788 illttttt
1439 762 1485 796 qui
1507 769 1537 788 os
1554 762 1681 789 da-monis
1703 762 1885 791 obstruxerat.

1089 814 1184 833 rursus
1205 807 1230 834 itt
1253 808 1346 834 urbem
1368 807 1538 840 deduxisset,
1563 814 1591 835 ut
1613 809 1714 843 majore
1736 809 1762 835 in
1784 808 1888 835 honore

1089 858 1160 879 esset
1176 861 1183 880 :
1197 860 1256 879 nam
1272 854 1293 880 si
1310 861 1363 880 nott
1375 858 1464 886 antea,
1477 861 1537 880 cunt
1549 853 1654 881 dtemOn
1667 861 1697 880 se
1710 854 1810 880 victum
1823 861 1888 880 con-

1089 898 1178 926 fessus
1192 904 1231 926 est
1243 920 1250 932 ,
1266 905 1292 926 at
1305 903 1378 927 certe
1393 905 1452 933 post
1473 900 1626 927 incendium
1641 900 1729 926 omnia
1745 900 1888 926 evertisset

1089 948 1117 971 et
1131 944 1302 979 perdidisset,
1317 953 1424 980 eapsam
1439 950 1466 972 ct
1484 950 1626 981 utrumque
1640 946 1798 981 tnartyrittttt
1814 953 1888 972 cetu-

1091 990 1239 1022 bussissct,
1255 995 1310 1017 tttttt
1326 991 1397 1026 quod
1421 991 1447 1018 in
1469 992 1595 1026 Daphne,
1612 996 1666 1018 tuttt
1689 991 1760 1026 quod
1780 992 1806 1018 itt
1823 991 1888 1018 urbe

1090 1040 1149 1063 erat
1160 1055 1168 1068 ,
1192 1036 1242 1063 nisi
1259 1041 1346 1064 metus
1362 1037 1428 1064 iram
1442 1042 1596 1072 superasset
1613 1045 1645 1064 ac
1659 1036 1774 1064 formido
1788 1044 1887 1064 matro-

1090 1089 1148 1109 rem
1162 1082 1278 1109 vicisset.
1295 1082 1390 1110 Solent
1404 1083 1475 1110 enim
1489 1083 1584 1116 multi,
1599 1090 1661 1110 cum
1678 1083 1716 1109 ira
1730 1087 1759 1110 et
1772 1089 1889 1110 maerore

1090 1129 1280 1163 corripiuntur.
1302 1129 1325 1156 si
1348 1130 1513 1165 aegritudinis
1534 1135 1657 1157 auctores
1680 1129 1885 1164 apprehendere

1092 1182 1146 1202 nott
1161 1175 1284 1208 valeant,
1309 1176 1335 1203 in
1357 1176 1449 1204 obvios
1465 1183 1585 1212 quosque
1607 1184 1639 1204 ac
1660 1181 1800 1210 suspectos
1822 1176 1888 1202 iram

1092 1220 1239 1248 elfundere.
1263 1221 1321 1248 Non
1336 1223 1426 1256 procul
1442 1227 1532 1249 autem
1553 1222 1604 1249 ltac
1620 1222 1774 1256 suspiciette
1789 1227 1890 1256 martyr

1091 1273 1149 1294 erat
1164 1275 1171 1294 :
1188 1275 1249 1294 natn
1273 1267 1350 1295 simul
1373 1273 1452 1303 atque
1476 1269 1502 1294 in
1525 1268 1617 1295 urbem
1633 1267 1776 1302 pervenit,
1800 1267 1888 1293 statim

1092 1313 1161 1348 iytis
1177 1314 1306 1348 templum
1321 1314 1427 1341 invasit.
1451 1313 1503 1341 Sed
1520 1313 1590 1348 quod
1605 1313 1678 1345 dixi,
1702 1312 1816 1339 affectus
1829 1319 1889 1338 cum

1091 1360 1188 1387 allectu
1210 1361 1508 1395 pugnabat,'iramque
1529 1359 1652 1387 vincebat
1676 1364 1774 1386 metus.
1798 1358 1889 1393 Cogita

1093 1408 1165 1435 enim
1178 1408 1264 1442 qualis
1278 1415 1338 1435 esse
1353 1412 1456 1442 poterat
1472 1407 1516 1434 ille
1530 1408 1570 1434 vir
1584 1407 1668 1434 bettus
1678 1426 1685 1438 ,
1701 1413 1763 1433 cttm
1780 1405 1806 1431 in
1826 1405 1889 1432 sub-

1092 1454 1198 1481 urbium
1221 1454 1389 1487 ascendens,
1415 1455 1571 1489 martyrium
1597 1458 1672 1480 stans
1694 1457 1835 1484 cerneret,
1861 1460 1891 1480 ac

1094 1502 1223 1536 tetuplum
1238 1502 1388 1532 incensum,
1403 1501 1501 1528 idolum
1516 1501 1644 1531 deletum,
1659 1500 1771 1527 donaria
1785 1500 1893 1526 absunt-

1095 1553 1138 1583 pta
1152 1569 1159 1580 ,
1183 1548 1347 1575 liberalitatis
1368 1555 1424 1575 sua:
1439 1552 1466 1575 et
1485 1547 1609 1574 satanicm
1630 1554 1736 1582 pompm
1760 1546 1892 1572 sublatam

1093 1595 1262 1621 metnoriatn.
1290 1593 1398 1621 Etiamsi
1413 1594 1484 1620 enint
1500 1601 1562 1620 eum
1579 1592 1639 1619 talia
1655 1593 1792 1619 videntem
1809 1599 1894 1625 neque

1094 1640 1132 1667 ira
1150 1647 1236 1675 neque
1259 1640 1365 1667 tristitia
1388 1639 1566 1670 invasissent,
1595 1638 1725 1673 pudorem
1752 1643 1826 1664 certe
1842 1645 1892 1663 non

1096 1685 1215 1717 tulisset,
1233 1686 1368 1720 risutnque
1388 1690 1509 1717 tantum;
1526 1685 1571 1711 sed
1587 1684 1613 1711 iu
1634 1684 1703 1710 beati
1729 1684 1800 1710 illius
1821 1691 1894 1710 mar-

1095 1732 1191 1766 tyrium
1207 1731 1313 1766 iniquas
1326 1738 1419 1758 tnauus
1432 1730 1607 1762 extendissct,
1625 1730 1674 1756 nisi
1690 1729 1726 1761 id,
1743 1730 1813 1764 quod
1829 1729 1892 1761 dixi,

1094 1777 1259 1804 cohibuisset
1280 1777 1363 1804 illutn.
1385 1777 1476 1811 Neque
1498 1777 1570 1803 enim
1594 1775 1730 1803 modicum
1754 1780 1811 1801 erat
1824 1775 1892 1809 quod

1096 1827 1159 1850 tune
1179 1823 1317 1858 agebatur,
1341 1823 1388 1850 sed
1410 1831 1516 1850 omnem
1539 1823 1678 1858 gentilium
1701 1821 1891 1849 euntidetttiant

1095 1869 1263 1904 pra‘cidcrat,
1279 1877 1385 1896 omucnt
1401 1869 1518 1896 Lt‘litittm
1533 1869 1717 1898 exstinxerat:
1740 1873 1893 1902 tantamque

1095 1914 1149 1942 illis
1162 1915 1294 1942 maestitia:
1309 1915 1450 1950 caliginem
1464 1914 1611 1947 oll'uderat,
1626 1918 1755 1948 qttatttant
1769 1913 1792 1940 si
1806 1914 1891 1940 omnia

1096 1960 1173 1986 simul
1188 1960 1284 1993 templa
1299 1961 1449 1994 periissem.

1131 2006 1175 2033 18.
1196 2005 1296 2032 Libanii
1314 2005 1442 2032 mouodiu.
1457 2005 1580 2038 ——Quod
1594 2011 1683 2032 autem
1705 2004 1767 2032 hare
1788 2012 1840 2032 non
1853 2004 1894 2037 ja-

1095 2052 1242 2079 ctabundus
1263 2052 1387 2084 efferam,
1412 2052 1468 2086 ipsa
1484 2051 1563 2078 verba
1585 2051 1695 2078 latnenti
1710 2055 1740 2077 et
1762 2050 1894 2077 ntOttOdltl:

1096 2099 1228 2133 proferam
1241 2118 1248 2129 ,
1264 2106 1342 2132 qttatn
1359 2097 1431 2124 urbis
1447 2097 1565 2131 sepltista
1581 2103 1644 2124 tunc
1660 2096 1686 2123 iu
1705 2096 1779 2123 ltunc
1793 2096 1894 2122 daemo-

1097 2153 1157 2172 neut
1182 2145 1275 2172 edidit.
1292 2145 1336 2172 Sic
1353 2151 1441 2172 autem
1466 2144 1548 2172 habet
1565 2145 1659 2171 omnia:
1680 2144 1786 2171 initium
1804 2152 1810 2170 :
1829 2143 1893 2176 Viri,

1096 2199 1202 2226 quorum
1218 2191 1298 2217 oculis
1308 2211 1316 2224 ,
1340 2199 1410 2225 wque
1434 2199 1464 2217 uc
1483 2191 1561 2223 tneir,
1577 2191 1659 2225 caligo
1674 2190 1761 2223 effusa
1775 2195 1809 2217 est
1819 2211 1827 2222 ,
1850 2198 1895 2215 nec

1098 2238 1231 2272 pulchrum
1241 2257 1248 2268 ,
1263 2245 1308 2263 uec
1323 2245 1440 2271 magnam
1454 2237 1570 2271 deinceps
1584 2237 1649 2263 ltauc
1665 2237 1752 2263 urbem
1769 2245 1893 2263 uocemus.

1099 2283 1200 2310 Deinde
1219 2291 1279 2309 cum
1299 2283 1424 2310 nonnulla
1439 2283 1548 2310 dixiSSet
1562 2284 1775 2317 asseruisSt-tque
1793 2282 1826 2309 de
1845 2282 1894 2308 Da-

1097 2330 1182 2364 phnes
1199 2329 1284 2356 fabula
1300 2329 1397 2365 (neque
1419 2332 1490 2357 ettittt
1508 2335 1589 2356 totam
1611 2331 1762 2357 oratioucttt
1788 2329 1830 2356 hic
1853 2329 1894 2355 in-

1098 2381 1189 2404 texere
1207 2382 1311 2411 tempus
1326 2377 1439 2411 patitur,
1455 2385 1489 2404 tte
1510 2378 1643 2412 longiores
1655 2398 1662 2406 ,
1678 2385 1759 2411 quam
1776 2385 1823 2411 par
1835 2381 1892 2406 est.

1097 2423 1214 2457 simus),
1227 2423 1378 2455 Persarum,
1395 2424 1489 2458 inquit,
1503 2423 1548 2450 ille
1563 2431 1620 2455 rex,
1637 2423 1682 2458 qui
1698 2424 1833 2450 civitatem
1848 2430 1893 2449 cc-

1098 2471 1146 2505 pil,
1164 2471 1264 2504 templo
1285 2471 1422 2504 pepercit:
1440 2471 1495 2505 ipsa
1522 2477 1602 2504 porro
1627 2471 1710 2497 Verba
1738 2470 1795 2496 hzre
1813 2464 1907 2495 suutz‘

1101 2517 1152 2551 Qui
1172 2518 1308 2543 exercitum
1328 2523 1415 2543 contra
1437 2526 1482 2543 nos
1502 2517 1593 2547 movit,
1617 2521 1739 2548 pra-stare
1761 2517 1853 2550 putarit
1868 2519 1894 2540 ut

1099 2563 1218 2599 templum
1238 2568 1393 2593 servaretur,
1410 2567 1547 2594 statua-que
1566 2562 1641 2588 τίω-υτ
1661 2563 1795 2588 burtmriro
1817 2560 1894 2596 [tueri

1099 2610 1240 2645 prwt'uluit.
1256 2609 1332 2635 Nunc
1353 2614 1451 2638 autent,
1468 2617 1483 2635 ο
1496 2610 1551 2640 sol,
1568 2617 1582 2634 ο
1597 2614 1664 2635 terra
1677 2609 1687 2634 !
1701 2609 1757 2642 quia
1776 2609 1814 2634 vel
1832 2607 1893 2633 unde

1101 2656 1140 2682 hic
1156 2656 1244 2687 hostia,
1256 2656 1298 2691 qui
1312 2664 1356 2682 uec
1367 2656 1449 2690 gravis
1464 2660 1600 2681 armatum
1613 2655 1735 2680 militibus
1747 2675 1754 2686 ,
1769 2662 1813 2680 nec
1827 2653 1893 2687 (qui.

1101 2703 1166 2730 tibus
1178 2723 1185 2735 ,
1202 2711 1246 2729 nec
1260 2703 1372 2730 velitibus
1386 2710 1449 2736 opus
1467 2701 1575 2733 lmbcns,
1591 2709 1670 2735 parva
1687 2700 1799 2727 scintilla
1812 2699 1892 2725 omnia

1101 2749 1263 2784 absumpsit?
1278 2749 1370 2776 Postea
1386 2749 1428 2775 ubi
1443 2747 1588 2774 declaravit
1608 2746 1761 2773 ila-monent
1784 2751 1841 2772 tunc
1859 2744 1893 2771 ab

1101 2797 1146 2824 illo
1160 2796 1279 2832 (ltabyla)
1293 2797 1371 2823 fuisse
1384 2795 1493 2827 victutn,
1503 2801 1564 2821 cum
1576 2801 1619 2820 res
1631 2793 1771 2828 gentilium
1785 2791 1893 2818 maxime

1101 2842 1227 2870 ﬂorerent
1241 2842 1380 2869 sacriﬁciis
1392 2845 1419 2868 et
1432 2839 1625 2868 initiationibus
1639 2847 1646 2866 :
1663 2838 1696 2865 Et
1712 2843 1835 2865 nostrum.
1853 2835 1889 2862 lt-

1101 2888 1174 2922 quit,
1190 2887 1310 2922 templum
1331 2888 1417 2922 ingens
1439 2886 1505 2914 illud
1525 2885 1649 2912 diturinm
1666 2892 1717 2912 non
1732 2883 1817 2920 deiecit
1829 2904 1835 2915 ,
1852 2883 1893 2908 ad
