1969 3130
80 171 122 198 561
461 169 505 196 DE
524 169 552 196 S.
575 162 722 201 BABYLA,
743 161 877 195 CONTRA
899 166 1066 195 JULIANUM
1087 158 1132 194 ΕΤ
1153 166 1331 194 GENTILES.

78 234 157 254 sereno
170 230 279 260 tempore
289 245 295 257 ,
311 230 368 251 cum
384 224 458 251 nubes
480 224 639 260 pra-teriisset
649 244 656 254 ,
671 223 795 258 dejectum
815 226 861 249 est.

78 272 174 299 Nubem
198 276 225 297 et
246 270 372 297 diluvium
394 275 470 297 vocat
496 268 670 304 prrccedentis
693 267 864 303 Imperatoris

77 323 185 351 tempus.
202 315 303 343 Rursus
317 315 423 350 paulum
441 319 596 350 progressus
610 314 662 342 hoc
682 314 767 348 ipsum
787 320 863 340 ama-

78 361 201 389 rulentius
221 361 343 395 deplorat
361 361 402 388 his
426 361 533 388 verbis:
550 359 648 387 Deinde
666 365 722 386 cum
742 364 795 386 arte
814 363 865 386 tum

76 407 217 442 sanguinem
237 407 346 438 sitirent,
369 406 510 442 neglectus,
525 414 539 432 ο
552 406 658 441 Apollo,
681 405 785 432 sedulus
806 404 863 432 Da-

79 454 150 488 phnes
169 457 252 480 custos
271 453 407 484 monebas;
427 452 565 487 aliquando
579 453 654 479 etiam
675 452 807 479 lacessitus
821 456 861 478 at-

77 507 120 534 que
131 503 231 525 externa
244 498 367 533 spoliatus
382 503 473 524 ornatu
488 498 609 532 patienter
624 497 702 524 tulisti
717 505 727 524 :
739 505 806 524 nunc
818 505 864 524 au-

77 549 121 571 tem
133 549 167 570 tot
178 543 264 570 ovibus
276 543 402 576 bobasque
415 544 537 576 mactatis,
549 551 576 570 os
586 543 752 579 Imperatoris
763 550 864 570 sacrum

79 590 135 625 pede
145 589 281 624 excepisti,
297 589 402 616 intuitus
417 594 489 624 quem
511 589 662 624 prtedicebas
672 610 679 622 ,
691 589 759 615 visus
772 589 803 615 ab
816 597 844 615 eo
854 609 861 621 ,

77 644 143 671 quem
163 636 394 671 prwnuntiaueras,
411 635 478 662 malo
504 635 585 662 vicino
611 635 743 668 liberatus,
764 639 863 662 mortuo

77 681 179 716 quodam
195 689 297 716 nempe,
314 682 356 716 qui
369 681 413 707 tibi
427 680 569 708 molestiam
590 680 690 707 creabat
711 701 718 712 ,
730 687 762 707 επ
782 680 863 707 medio

77 727 139 753 cultu
157 727 284 753 exsiliisti.
304 726 436 754 Undenum
451 727 519 754 ultra
537 725 701 761 gloriahimur
714 725 784 761 apud
798 725 863 752 viros

77 781 201 800 sacrarunt
216 778 406 806 statuarumque
417 777 517 799 tuarum
529 778 649 799 memores
658 772 671 799 ?
684 772 751 806 Quid
764 773 813 804 ais,
827 772 864 798 lus

77 818 161 852 gubris
183 817 360 846 decantator?
373 818 446 846 itane
465 818 625 846 contumelia
641 823 667 845 et
687 818 781 852 injuria
797 817 862 845 aﬂ‘c-

77 869 132 892 ctus
143 869 214 891 tutus
229 866 327 892 mansit
343 865 465 900 Daphnes
477 869 585 897 custos;
601 870 661 892 cum
676 869 763 891 autem
778 863 864 891 honor

78 911 123 946 ipsi
144 916 225 947 atque
248 912 335 939 cultus
360 912 535 944 redderetur,
551 919 584 939 ne
609 911 734 946 templum
757 910 862 946 quidem

77 964 148 983 suum
160 964 273 984 servare
287 957 370 991 potuit
383 965 390 990 ;
406 957 552 992 praesertim
567 963 626 984 cum
640 957 730 989 sciret,
745 955 864 990 collapso

78 1001 134 1033 illo.
149 1002 278 1036 majorem
302 1002 351 1029 sibi
371 1002 542 1036 ignominiam
560 1002 674 1029 futuram
695 1001 776 1028 esse?
799 1001 864 1035 Quis

78 1052 158 1074 autem
173 1047 220 1074 ille
232 1052 362 1081 mortuus,
375 1055 392 1075 ο
404 1047 534 1083 sophista,
545 1047 589 1082 qui
602 1047 654 1075 deo
667 1047 703 1074 illi
715 1047 863 1074 molestiam

78 1093 199 1120 creabat?
213 1101 297 1128 ecqua
310 1093 354 1120 illa
368 1094 437 1120 mala
452 1093 594 1121 vicinitas?
607 1093 656 1120 Hic
670 1093 740 1120 enitn
754 1093 780 1120 in
794 1093 863 1120 beati

79 1138 176 1174 Babylte
188 1139 300 1167 virtutes
313 1147 372 1167 cum
386 1140 532 1173 incidisset,
549 1147 598 1167 nec
613 1140 783 1174 ignominiam
795 1146 864 1174 pra:-

79 1185 152 1212 terire
164 1189 266 1219 posset,
279 1193 337 1213 eam
350 1194 404 1221 pra:
414 1186 517 1220 pudore
527 1193 556 1213 se
569 1186 706 1213 occultans
720 1185 862 1219 przcteriit:

79 1235 184 1258 testatus
198 1235 288 1259 autem
309 1232 457 1259 dtemouem
472 1240 488 1260 a
503 1237 619 1268 martyre
639 1231 760 1259 molestia
784 1235 864 1266 atque

78 1284 188 1304 erumna
208 1277 332 1305 aﬂ‘ectum
351 1278 433 1306 fuisse
443 1300 450 1312 ,
465 1286 515 1306 nec
536 1278 664 1313 adjicicus
674 1299 681 1310 ,
695 1277 843 1305 daemonem
854 1297 861 1310 ,

78 1329 131 1350 cum
153 1323 258 1350 cladem
283 1331 357 1350 suam
386 1328 475 1359 tegere
496 1324 596 1356 vellet,
611 1324 696 1359 magis
718 1323 789 1350 illam
815 1323 864 1350 dc-

79 1368 186 1402 texisse,
201 1368 359 1404 simpliciter
370 1369 448 1403 dixit,
463 1377 478 1396 a
493 1370 560 1397 mala
572 1370 709 1397 vicinitate
722 1369 864 1397 liberatum

77 1421 143 1441 esse.
156 1413 210 1441 Cur
226 1423 279 1442 non
295 1415 378 1448 dicis,
394 1423 410 1443 ο
425 1416 583 1451 sapientium
600 1416 791 1451 nugacissime,
805 1416 866 1450 quis

78 1459 119 1488 ille
132 1465 254 1489 mortuus
267 1467 338 1489 esset
348 1483 356 1494 ,
372 1466 399 1489 et
413 1469 494 1497 quare
507 1462 581 1490 solus
595 1461 646 1489 deo
658 1467 703 1489 tuo
716 1461 864 1489 molestiam

77 1507 194 1534 crearet?
207 1507 297 1542 Quare
319 1508 480 1536 vicinitatem
503 1508 575 1536 illam
591 1509 688 1536 malam
707 1508 810 1536 vocas?
830 1516 864 1536 an

79 1551 134 1586 quia
147 1552 278 1580 daemonis
295 1553 413 1581 fraudem
437 1554 580 1590 arguebat?
594 1554 673 1589 Atqui
695 1553 721 1581 id
741 1562 793 1581 non
807 1557 866 1582 crat

79 1597 149 1625 malae
161 1598 306 1626 vicinitatis
329 1607 414 1634 opus;
434 1600 658 1635 quemadmodum
679 1608 730 1629 nec
746 1601 864 1634 mortui,

79 1643 121 1670 sed
134 1644 255 1678 viventis,
268 1646 403 1680 operantis
415 1666 423 1679 ,
439 1646 530 1681 probi,
544 1645 735 1680 patrocinantis
749 1651 776 1674 ct
788 1654 866 1675 cura-

79 1688 138 1715 toris
149 1708 157 1721 ,
173 1694 256 1725 atque
269 1690 358 1717 omnia
377 1698 426 1725 pro
436 1691 522 1719 salute
536 1695 623 1718 vestra
635 1692 736 1727 agentis
746 1712 754 1724 ,
770 1693 792 1719 si
805 1692 864 1727 qui-

80 1732 134 1761 dem
149 1734 311 1763 voluissetis.
327 1735 432 1764 Etenim
446 1744 480 1764 ne
499 1737 572 1764 vobis
588 1737 698 1765 ulterius
711 1737 804 1765 liceret
817 1745 866 1765 vos

79 1778 146 1813 ipsos
161 1780 289 1816 decipere
301 1789 333 1810 ac
346 1782 435 1811 dicere
455 1783 543 1818 ipsum
566 1784 660 1812 iratam
671 1805 678 1817 ,
695 1789 721 1811 et
734 1784 769 1812 ob
783 1784 865 1812 inter-

80 1825 154 1853 missa
167 1827 299 1855 sacriﬁcia
318 1829 540 1863 expostulantem,
552 1829 638 1865 deque
651 1830 754 1865 reliquo
768 1829 866 1865 pariter

80 1872 172 1900 omisso
185 1873 260 1901 cultu
273 1879 482 1910 conquerentem
492 1896 499 1909 ,
515 1876 585 1904 ultro
602 1877 763 1905 abscessisse
780 1886 787 1904 :
804 1877 865 1905 ideo

79 1922 173 1954 martyr
185 1926 248 1947 eum
270 1927 304 1948 ex
327 1921 385 1948 loco
405 1929 514 1956 prorsus
538 1922 634 1957 ejecit,
649 1923 693 1959 qui
716 1923 790 1951 locus
814 1923 865 1959 ipsi

80 1964 187 1992 maxime
199 1966 321 1993 omnium
334 1971 423 2001 gratus
437 1972 494 1996 erat
503 1989 510 2001 ,
527 1976 659 2004 quemque
673 1968 733 1996 aliis
749 1969 815 1997 locis
827 1970 865 1997 ita

78 2010 237 2039 anteferebat
247 2033 255 2045 ,
269 2017 299 2041 ut
311 2014 352 2040 vel
366 2013 540 2042 inhonoratus
555 2015 590 2042 ibi
610 2015 747 2044 insideret.
760 2015 826 2043 Nam
838 2015 865 2043 id

79 2059 103 2082 tu
123 2064 229 2092 quoque
252 2058 342 2086 dicere
360 2060 519 2094 pnevertisti
534 2069 541 2087 :
556 2062 635 2094 Atque
658 2061 705 2088 hoc
722 2061 779 2095 ipso
799 2066 864 2089 tem-

79 2110 142 2137 pore,
154 2112 204 2139 quo
216 2105 311 2132 multas
329 2105 379 2140 ipsi
399 2114 455 2133 oves
468 2112 492 2134 et
511 2107 604 2134 multos
626 2106 698 2134 boves
719 2107 865 2135 immolabat

79 2147 216 2184 Imperator
230 2149 344 2186 (Libanii
357 2151 441 2188 verba)
454 2161 461 2179 :
478 2157 508 2180 ut
519 2153 607 2188 palam
622 2153 656 2180 sit
669 2153 843 2188 undequaque
855 2173 863 2186 ,

79 2193 158 2229 ipsum
179 2201 303 2224 coactum
323 2197 476 2233 majoreque
489 2198 513 2225 vi
535 2198 639 2233 pulsum
653 2198 781 2234 Daphnen
800 2199 865 2226 reli-

79 2240 171 2275 quisse.
186 2241 321 2270 Potutsset
332 2243 438 2278 quidem
456 2244 568 2280 Babylas
588 2245 628 2272 vel
643 2248 766 2272 manente
779 2249 865 2273 statua

79 2285 158 2321 ipsum
174 2288 233 2315 loco
248 2289 365 2324 pellere;
381 2295 409 2317 at
423 2298 470 2318 vos
485 2298 539 2318 non
559 2291 756 2324 credidissctis,
772 2297 866 2327 quem-

78 2332 213 2361 admodum
235 2342 321 2370 neque
342 2336 424 2370 olim,
446 2343 507 2364 cum
531 2337 565 2365 ab
585 2345 618 2365 eo
633 2337 737 2365 vinctus
752 2337 863 2371 fuisset,

78 2385 171 2413 vosque
194 2381 303 2408 assiduo
333 2383 405 2410 cultu
428 2383 574 2411 instaretis.
599 2383 776 2417 Quamobrem
803 2392 864 2411 cum

79 2425 144 2458 prius
157 2426 330 2455 simulacrum
349 2433 420 2456 stare
440 2429 623 2464 permisisset,
638 2434 700 2458 tunc
715 2429 778 2457 illud
791 2430 865 2465 deje-

79 2472 129 2504 cit,
154 2481 215 2500 cum
245 2475 359 2503 maxime
385 2475 491 2504 ﬂamma
518 2477 660 2512 impietatis
688 2482 864 2513 exsurgeret,

79 2519 217 2547 ostendens
237 2520 365 2548 victorem
391 2526 445 2548 tum
461 2522 566 2549 vincere
581 2527 721 2557 oportere,
738 2531 790 2550 non
806 2530 866 2550 curn

79 2564 162 2591 afﬂicti
175 2573 206 2593 ac
217 2566 349 2601 depressi,
362 2567 410 2595 sed
424 2575 483 2595 cum
495 2568 621 2596 ﬂorentes
635 2574 713 2603 atque
726 2569 788 2596 elati
803 2573 866 2596 sunt

79 2610 228 2639 adversarii.
245 2612 299 2640 Cur
314 2613 395 2646 enim,
410 2621 471 2641 cum
486 2614 613 2650 Daphnen
629 2618 865 2649 transportaretur,

79 2653 228 2690 Imperatori
242 2666 272 2685 se
284 2658 453 2687 transferenti
469 2667 522 2688 non
536 2660 685 2694 mandavit,
696 2664 725 2687 ut
738 2660 865 2694 templum

79 2700 191 2730 dirueret
209 2711 241 2731 ac
255 2709 370 2732 statuam
394 2705 570 2738 transferret,
587 2709 616 2733 ut
630 2713 736 2740 capsum
753 2705 867 2733 transfe-

79 2747 167 2774 rebat?
179 2748 246 2783 Quia
261 2750 384 2777 nimirum
403 2750 468 2778 nihil
492 2751 526 2778 ab
540 2751 584 2779 illa
600 2751 745 2779 lzedebatur
756 2771 764 2783 ,
779 2758 866 2785 neque

79 2794 173 2821 carnali
186 2795 282 2830 egebat
293 2796 411 2829 auxilio;
428 2796 474 2824 sed
487 2801 514 2824 et
529 2801 591 2824 tunc
607 2802 636 2824 ct
656 2803 727 2823 nunc
745 2797 802 2823 sine
817 2795 867 2823 hu-

81 2844 150 2866 mana
167 2848 246 2868 manu
260 2841 368 2876 dcjecit.
383 2842 415 2869 Et
429 2843 540 2878 primam
552 2842 658 2878 quidem
672 2842 717 2870 ille
729 2841 866 2869 victoriam

82 2890 129 2913 nou
150 2886 294 2916 declaravit
315 2888 412 2922 nobis;
432 2888 478 2917 sed
492 2896 552 2916 cum
575 2889 611 2916 illi
629 2895 658 2917 os
674 2887 864 2922 obStruxisset,

1654 163 1707 198 ἐξεὲ

916 220 1026 256 quievit.
1042 222 1197 257 Hujusmodi
1212 227 1274 250 sunt
1295 223 1380 250 sancti
1397 232 1404 250 :
1420 230 1451 251 ea
1473 224 1577 257 solum,
1591 232 1651 259 quae
1676 225 1707 252 ad

917 267 1054 295 hominum
1066 268 1178 296 salutem
1193 273 1323 303 spectant,
1338 268 1429 303 perlici
1443 269 1544 302 volunt,
1557 278 1606 298 nec
1619 276 1707 297 tamen

917 313 1007 340 multis
1019 313 1076 341 haec
1091 320 1136 340 sua
1150 321 1209 341 esse
1221 321 1301 349 opera
1318 313 1458 346 declarari,
1474 315 1523 342 nisi
1538 321 1649 350 urgente
1663 321 1709 342 ne:

916 359 1053 391 cessitate;
1069 359 1254 387 necessitatem
1270 363 1349 394 p‘orro
1362 367 1430 387 voco
1443 361 1634 388 servandomm
1657 362 1706 388 lm-

916 405 1017 432 minum
1032 405 1142 432 salutem
1158 413 1165 435 :
1180 405 1250 440 quod
1266 410 1293 433 ct
1313 411 1385 433 tunc-
1395 405 1491 433 factum
1510 411 1562 435 est.
1576 407 1706 440 Quoniam

916 451 986 478 enim
1002 450 1103 477 fraudis
1115 451 1184 478 mala
1198 450 1277 478 latius
1289 452 1446 486 serpebant,
1462 456 1524 480 tunc
1538 452 1644 480 demum
1658 461 1706 480 no-

915 495 957 523 bis
977 495 1086 522 victoria
1100 495 1235 523 revelatur
1249 504 1255 521 :
1273 501 1299 523 et
1313 496 1418 531 quidem
1434 504 1487 524 uon
1500 505 1515 524 a
1529 498 1628 525 victore
1639 518 1646 531 ,
1659 492 1706 525 sed

915 542 949 568 ab
961 541 1018 576 ipso
1031 541 1109 569 victo.
1125 542 1182 569 lloc
1202 547 1292 570 autem
1306 542 1387 570 modo
1402 543 1582 570 testimonium
1597 551 1630 571 ne
1643 543 1706 578 ipsil

915 589 1021 624 quidem
1037 589 1157 616 hostibus
1177 594 1329 625 suspectum
1350 594 1493 623 crat,eum
1516 594 1624 618 sanctus
1642 591 1687 617 ille
1698 611 1707 622 ,

916 635 956 662 vel
972 639 1081 670 urgente
1093 636 1252 663 necessitate
1264 656 1272 668 ,
1287 643 1346 671 qua:
1358 635 1391 663 ad
1403 644 1432 664 se
1443 636 1596 671 spectabant
1609 636 1706 671 prmdié

914 688 976 708 care
991 685 1133 709 renueret:
1150 686 1177 709 at
1191 689 1254 709 vero
1268 690 1328 710 cum
1343 691 1376 710 ne
1389 683 1427 710 sic
1440 683 1546 718 quidem
1561 691 1637 711 error
1650 692 1708 710 ces-

915 731 986 753 saret
996 747 1003 759 ,
1017 726 1062 753 sed
1079 734 1172 754 rursus
1187 727 1317 754 instarent
1331 728 1379 761 illi,
1395 729 1435 755 vel
1455 729 1526 755 saxis
1546 729 1609 764 ipsis
1622 730 1708 764 stupi-

914 772 1020 804 diores,
1036 772 1168 799 devictum
1184 772 1332 800 dtemonent
1357 774 1545 808 implorantes,
1561 778 1587 801 et
1608 773 1640 801 ad
1655 775 1706 800 tam

915 823 1033 853 apertam
1045 819 1183 846 veritatem
1204 819 1390 853 caccutientcs,
1411 824 1472 847 tunc
1488 826 1598 848 necesse
1612 819 1660 846 luit
1681 821 1706 846 in

915 869 1027 891 statuam
1042 864 1128 899 ignem
1139 865 1262 899 jaeulari,
1277 865 1495 892 uthociitcendio
1507 866 1630 898 alterum,
1645 865 1705 892 ido-

916 911 1027 938 lolatria:
1039 915 1144 946 nempe,
1160 911 1310 939 incendium
1326 912 1548 947 cxstinguerctur.

951 957 994 985 19.
1008 957 1063 984 Cur
1076 962 1140 991 ergo
1153 957 1302 985 dmmone’m
1316 958 1466 985 criminaris
1485 958 1586 991 dicens,
1604 958 1642 986 De
1655 967 1708 986 me-

915 1002 957 1030 dio
969 1003 1039 1030 cultu
1063 1008 1086 1030 te
1101 1003 1266 1031 subtraxisti?
1279 1003 1336 1031 Non
1353 1004 1438 1032 libens
1450 1011 1479 1032 se
1500 1004 1641 1038 subtraxit,
1661 1005 1708 1032 sed

916 1050 1013 1077 invitus
1025 1055 1053 1077 et
1065 1053 1182 1082 coactus,
1197 1050 1299 1084 cjectus
1310 1055 1337 1077 et
1350 1049 1441 1085 pulsus
1453 1054 1504 1082 est,
1517 1057 1576 1077 cum
1592 1051 1708 1078 maxime

915 1100 1033 1129 manere,
1050 1095 1143 1124 nidore
1164 1101 1192 1124 et
1213 1096 1351 1124 sacriﬁciis
1371 1097 1557 1129 allieientilms,
1572 1097 1708 1126 voluisset.

916 1143 954 1169 Ac
968 1142 989 1169 si
1005 1143 1075 1169 enim
1091 1142 1124 1169 ad
1140 1141 1191 1170 hoc
1206 1143 1348 1176 imperaret
1364 1142 1510 1177 Imperator
1524 1143 1578 1177 ille,
1595 1147 1623 1171 ut
1636 1144 1709 1171 orhis

917 1197 1011 1224 pecora
1024 1189 1113 1216 omnia
1134 1189 1305 1222 absumeret,
1319 1189 1357 1216 sic
1373 1188 1471 1216 affatim
1495 1196 1559 1216 Oves
1574 1195 1601 1217 ct
1629 1189 1710 1217 boves

915 1234 949 1261 ad
964 1242 1025 1262 aras
1037 1234 1181 1267 mactabat,
1198 1241 1231 1261 eo
1242 1234 1351 1261 insania:
1365 1241 1533 1269 progressus,
1546 1240 1575 1261 ut
1588 1235 1664 1261 multi
1677 1242 1709 1262 ex

917 1281 949 1308 iis
972 1281 1015 1315 qui
1036 1280 1116 1307 ctiam
1129 1287 1200 1307 nunc
1213 1279 1283 1315 apud
1299 1287 1346 1307 eos
1361 1279 1543 1314 philosophari
1564 1279 1688 1307 videntur
1701 1301 1708 1313 ,

916 1331 1030 1362 coquum
1045 1327 1130 1362 ipsum
1140 1347 1148 1358 ,
1173 1326 1292 1353 carnium
1308 1334 1467 1361 cauponem,
1481 1330 1508 1353 et
1523 1323 1652 1354 similibus
1665 1335 1710 1352 vo-

916 1372 1018 1399 cabulis
1031 1372 1206 1406 appellarent.
1219 1371 1298 1399 Certe
1312 1379 1327 1398 a
1341 1376 1393 1398 tam
1410 1371 1480 1398 lauta
1494 1378 1596 1403 mensa,
1606 1371 1710 1404 nidore,

917 1418 990 1446 fumo
1003 1438 1010 1451 ,
1023 1422 1051 1445 et
1070 1417 1207 1453 sanguinis
1222 1417 1384 1445 torrentibus
1397 1417 1482 1445 libens
1496 1425 1548 1445 non
1568 1416 1711 1452 aufugisset

917 1464 1023 1491 dmmon
1035 1484 1043 1497 ,
1057 1463 1101 1498 qui
1111 1483 1118 1495 ,
1134 1467 1164 1490 ut
1175 1468 1202 1490 tu
1217 1463 1324 1491 dicebas
1336 1484 1343 1495 ,
1359 1463 1401 1490 his
1419 1462 1561 1490 destitutus
1572 1483 1579 1495 ,
1603 1466 1711 1498 propter

918 1510 1040 1538 insanum
1054 1509 1152 1544 puellae
1166 1516 1285 1536 amorem
1299 1508 1335 1536 ibi
1350 1508 1484 1536 manebat.

952 1554 1041 1582 Jovem
1050 1554 1185 1590 contpellat
1198 1553 1341 1586 Libanius;
1354 1553 1456 1581 Libanit'
1466 1553 1549 1581 verba.
1562 1569 1597 1574 —
1610 1553 1710 1581 Verum

917 1602 1128 1637 higintermissa
1142 1601 1272 1636 tantisper
1291 1601 1411 1628 oratione
1423 1621 1431 1634 ,
1447 1601 1575 1635 sophista:
1595 1599 1712 1627 lamenta

917 1649 1013 1676 iterum
1026 1648 1166 1675 audiamus
1176 1668 1183 1681 ,
1199 1647 1243 1683 qui
1256 1647 1338 1675 misso
1354 1647 1409 1682 jam
1424 1647 1563 1682 Apolline,
1579 1646 1649 1682 apud
1662 1645 1708 1673 Jo-

916 1701 975 1721 vem
994 1693 1167 1729 conqueritur
1181 1693 1223 1720 his
1233 1691 1321 1720 verbis
1338 1702 1345 1720 :
1367 1690 1465 1725 Quale,
1478 1700 1493 1719 ο
1504 1690 1606 1727 Jupiter
1616 1711 1624 1725 ,
1643 1690 1712 1719 labo-

916 1740 996 1766 rantis
1019 1739 1098 1766 animi
1127 1739 1297 1766 laxatnenlum
1323 1737 1584 1771 perdidiutus!quam
1605 1738 1712 1765 tumultu

916 1793 1011 1812 vacuus
1031 1784 1152 1820 Daphnes
1173 1781 1260 1811 locus!
1279 1788 1373 1819 quanto
1397 1783 1477 1818 magis
1498 1786 1603 1810 vacuum
1625 1783 1710 1817 ipsum

918 1831 1059 1867 templum!
1069 1839 1118 1866 quo
1131 1830 1223 1858 inloco
1233 1835 1324 1856 natura
1338 1837 1382 1856 cett
1399 1833 1498 1863 portum
1509 1829 1535 1855 in
1554 1833 1629 1863 portu
1644 1831 1711 1864 [ece-

917 1881 974 1910 rat,
988 1877 1110 1911 ﬂuctuant
1125 1880 1252 1910 expertem
1269 1879 1409 1910 utrumque,
1424 1874 1467 1900 sed
1479 1873 1615 1901 secundum
1627 1874 1711 1908 majo-

916 1930 970 1950 rem
994 1919 1200 1956 tranquillitatem
1219 1917 1375 1953 offerentem.
1393 1917 1456 1952 Quis
1479 1917 1514 1945 ibi
1533 1918 1646 1945 morbum
1661 1926 1712 1944 nou

917 1967 1120 2003 deposuit?quis
1142 1974 1193 1993 non
1217 1965 1334 1992 metum?
1353 1964 1409 2000 quis
1436 1972 1487 1991 non
1514 1963 1631 1991 luctum?
1655 1964 1711 1998 quis

917 2015 1059 2049 fortunatas
1087 2011 1185 2039 insulas
1214 2011 1364 2038 desiderauit
1383 2010 1397 2037 7
1420 2010 1504 2044 Quale
1531 2010 1711 2037 laxamentum

917 2059 1092 2095 perdidimus,
1106 2066 1123 2085 ο
1138 2057 1272 2085 sceleste?
1283 2056 1418 2092 quom'bdo
1438 2056 1552 2083 tumultu
1567 2056 1651 2090 magis
1662 2063 1710 2082 va-

916 2113 995 2133 cuum
1016 2104 1158 2140 templum,
1180 2103 1314 2139 quomodo
1337 2107 1428 2137 portus
1448 2102 1573 2130 ﬂuctuum
1595 2109 1710 2136 expers,

917 2150 962 2178 ubi
992 2150 1083 2182 tibiae,
1112 2155 1253 2184 tympana,
1284 2148 1419 2183 crapulm,
1447 2148 1656 2175 comessationes
1683 2152 1711 2174 et

917 2196 1080 2224 ebrietates?
1095 2196 1158 2230 Quis
1181 2204 1231 2222 non
1252 2195 1287 2222 ibi
1310 2195 1423 2222 morbum
1446 2194 1583 2227 deposuit,
1606 2193 1713 2228 inquit?

918 2242 974 2269 lino
995 2242 1055 2277 quis
1076 2241 1210 2270 cultorum
1233 2246 1338 2268 tuorum
1365 2248 1418 2268 non
1442 2240 1478 2268 ibi
1498 2240 1620 2268 morbum
1642 2247 1709 2267 cou-

918 2289 1008 2321 traxit,
1022 2287 1127 2316 etiamsi
1143 2287 1215 2322 prius
1230 2286 1297 2314 bene
1313 2286 1422 2316 valeret.
1439 2285 1573 2320 morbum,
1589 2286 1709 2320 inquam,

917 2335 1036 2362 omnituu
1059 2333 1245 2368 gravissimum
1258 2333 1270 2359 ?
1285 2332 1349 2360 Nam
1360 2333 1405 2367 qui
1426 2332 1575 2359 daemonem
1599 2331 1710 2364 adorat,

917 2385 944 2408 et
964 2380 1086 2415 Daphnes
1098 2379 1214 2406 fabulam
1229 2378 1313 2412 audit,
1327 2383 1481 2414 tantamque
1494 2378 1624 2405 daemonis
1637 2378 1709 2405 insa-

917 2426 988 2453 niam
1002 2425 1090 2458 videt,
1104 2428 1133 2452 ttt
1144 2425 1188 2452 vcl
1200 2425 1324 2459 absorpta
1344 2425 1428 2451 amica
1446 2424 1533 2451 adhuc
1546 2424 1605 2451 loco
1619 2427 1647 2451 et
1664 2431 1710 2450 ar-

917 2473 976 2500 bori
1000 2472 1128 2504 insideat,
1142 2477 1267 2506 quantam
1289 2471 1350 2498 hinc
1374 2470 1484 2497 insania:
1505 2469 1639 2497 ﬂammam
1656 2477 1710 2496 non

918 2519 1210 2554 cortcipiathuantam
1231 2521 1416 2552 tempestatem
1429 2538 1435 2549 ,
1460 2522 1588 2551 quantum
1612 2516 1711 2543 tumul-

918 2570 974 2595 tum
987 2586 994 2598 ,
1006 2568 1133 2600 quantum
1156 2563 1278 2590 morbum
1288 2583 1296 2596 ,
1310 2567 1436 2596 quantam
1461 2561 1687 2597 perturbationem
1699 2561 1711 2587 ΐ

918 2611 983 2638 Idne
1004 2617 1084 2638 vocas
1102 2609 1182 2637 animi
1203 2609 1394 2640 laxamentum,
1407 2612 1434 2636 et
1455 2612 1560 2642 portum
1583 2607 1710 2634 ﬂuctuum

918 2655 1074 2690 expertem?
1088 2655 1151 2682 idne
1172 2654 1258 2681 morbi
1280 2653 1420 2680 levamen?
1443 2651 1544 2687 Ecquid
1571 2652 1666 2679 tnirum
1687 2652 1711 2678 si

919 2702 1052 2730 contraria
1067 2700 1209 2728 contrariis
1224 2699 1367 2735 apponas?
1390 2698 1456 2726 Nam
1476 2698 1521 2734 qui
1543 2697 1632 2725 furore
1653 2704 1712 2724 cor-

918 2749 986 2784 repti
1004 2752 1075 2781 sunt,
1090 2747 1188 2775 nullius
1204 2747 1242 2775 rei
1258 2750 1378 2773 naturam
1392 2746 1428 2773 uti
1444 2753 1473 2773 se
1489 2745 1568 2772 habet
1580 2744 1709 2774 sentiunt,

918 2795 964 2822 sed
984 2794 1133 2822 contrarios
1150 2793 1188 2820 rei
1204 2792 1308 2820 veritati
1329 2791 1448 2819 calculos
1464 2794 1574 2826 ponunt.
1591 2789 1712 2824 Olympia

918 2840 1039 2875 siquidem
1060 2847 1111 2866 non
1129 2840 1266 2866 admodum
1284 2837 1397 2873 procul:
1412 2843 1505 2864 rursus
1527 2835 1597 2863 enim
1618 2835 1650 2862 ad
1673 2835 1723 2870 lit-ﬁ

920 2890 1037 2914 mentum
1062 2888 1195 2918 revertar,
1226 2889 1253 2911 ut
1287 2883 1424 2911 ostendam
1451 2886 1574 2917 quantam
1602 2879 1730 2921 gentilcu_
