  <div class='ocr_page' id='page_1' title='image "/cluster/home/n/w/nwhite01/storage/ocr_20150623/49-50/njp.32101077772620/567.png"; bbox 0 0 1969 3130; ppageno 0'>
   <div class='ocr_carea' id='block_1_1' title="bbox 230 137 283 166">
    <p class='ocr_par' dir='ltr' id='par_1_1' title="bbox 230 137 283 166">
     <span class='ocr_line' id='line_1_1' title="bbox 230 137 283 166; baseline -0.038 0"><span class='ocrx_word' id='word_1_1' title='bbox 230 137 283 166; x_wconf 75' lang='lat'><strong>563</strong></span> 
     </span>
    </p>
   </div>
   <div class='ocr_carea' id='block_1_2' title="bbox 230 193 1022 229">
    <p class='ocr_par' dir='ltr' id='par_1_2' title="bbox 230 193 1022 229">
     <span class='ocr_line' id='line_1_2' title="bbox 230 193 1022 229; baseline 0 -9"><span class='ocrx_word' id='word_1_2' title='bbox 230 201 324 221; x_wconf 82' lang='lat' dir='ltr'><strong>omnes</strong></span> <span class='ocrx_word' id='word_1_3' title='bbox 344 198 406 221; x_wconf 89' lang='lat' dir='ltr'><strong>tunc</strong></span> <span class='ocrx_word' id='word_1_4' title='bbox 431 193 523 222; x_wconf 83' lang='lat' dir='ltr'><strong>urbem</strong></span> <span class='ocrx_word' id='word_1_5' title='bbox 550 193 696 221; x_wconf 89' lang='lat' dir='ltr'><strong>incolentes</strong></span> <span class='ocrx_word' id='word_1_6' title='bbox 722 194 825 228; x_wconf 81' lang='lat' dir='ltr'><strong>plagam</strong></span> <span class='ocrx_word' id='word_1_7' title='bbox 849 193 1022 229; x_wconf 85' lang='lat' dir='ltr'><strong>acceperint;</strong></span> 
     </span>
    </p>
   </div>
   <div class='ocr_carea' id='block_1_3' title="bbox 231 239 1023 275">
    <p class='ocr_par' dir='ltr' id='par_1_3' title="bbox 231 239 1023 275">
     <span class='ocr_line' id='line_1_3' title="bbox 231 239 1023 275; baseline 0.001 -9"><span class='ocrx_word' id='word_1_8' title='bbox 231 240 370 274; x_wconf 89' lang='lat' dir='ltr'><strong>palamque</strong></span> <span class='ocrx_word' id='word_1_9' title='bbox 392 239 486 268; x_wconf 87' lang='lat' dir='ltr'><strong>faciam</strong></span> <span class='ocrx_word' id='word_1_10' title='bbox 511 239 701 275; x_wconf 81' lang='lat' dir='ltr'><strong>Imperatorem</strong></span> <span class='ocrx_word' id='word_1_11' title='bbox 724 247 777 266; x_wconf 91' lang='lat' dir='ltr'><strong>non</strong></span> <span class='ocrx_word' id='word_1_12' title='bbox 796 239 821 267; x_wconf 98' lang='lat' dir='ltr'><strong>id</strong></span> <span class='ocrx_word' id='word_1_13' title='bbox 843 247 919 274; x_wconf 75' lang='lat' dir='ltr'><strong>:t-quo</strong></span> <span class='ocrx_word' id='word_1_14' title='bbox 933 239 1023 267; x_wconf 88' lang='lat' dir='ltr'><strong>animo</strong></span> 
     </span>
    </p>
   </div>
   <div class='ocr_carea' id='block_1_4' title="bbox 232 284 1025 320">
    <p class='ocr_par' dir='ltr' id='par_1_4' title="bbox 232 284 1025 320">
     <span class='ocr_line' id='line_1_4' title="bbox 232 284 1025 320; baseline 0.003 -10"><span class='ocrx_word' id='word_1_15' title='bbox 232 285 358 317; x_wconf 77' lang='lat' dir='ltr'><strong>latllrtlln,</strong></span> <span class='ocrx_word' id='word_1_16' title='bbox 373 284 419 312; x_wconf 85' lang='lat' dir='ltr'><strong>sed</strong></span> <span class='ocrx_word' id='word_1_17' title='bbox 436 289 519 312; x_wconf 89' lang='lat' dir='ltr'><strong>totum</strong></span> <span class='ocrx_word' id='word_1_18' title='bbox 540 285 657 312; x_wconf 86' lang='lat' dir='ltr'><strong>furorem</strong></span> <span class='ocrx_word' id='word_1_19' title='bbox 678 285 703 311; x_wconf 88' lang='lat' dir='ltr'><strong>in</strong></span> <span class='ocrx_word' id='word_1_20' title='bbox 719 285 844 320; x_wconf 86' lang='lat' dir='ltr'><strong>martyris</strong></span> <span class='ocrx_word' id='word_1_21' title='bbox 856 291 945 312; x_wconf 88' lang='lat' dir='ltr'><strong>arcam</strong></span> <span class='ocrx_word' id='word_1_22' title='bbox 958 284 1025 312; x_wconf 80' lang='lat' dir='ltr'><strong>ellu-</strong></span> 
     </span>
    </p>
   </div>
   <div class='ocr_carea' id='block_1_5' title="bbox 231 328 1025 364">
    <p class='ocr_par' dir='ltr' id='par_1_5' title="bbox 231 328 1025 364">
     <span class='ocr_line' id='line_1_5' title="bbox 231 328 1025 364; baseline 0.003 -9"><span class='ocrx_word' id='word_1_23' title='bbox 231 337 322 356; x_wconf 81' lang='lat' dir='ltr'><strong>surum</strong></span> <span class='ocrx_word' id='word_1_24' title='bbox 346 328 445 362; x_wconf 87' lang='lat' dir='ltr'><strong>fuisse,</strong></span> <span class='ocrx_word' id='word_1_25' title='bbox 461 330 512 358; x_wconf 84' lang='lat' dir='ltr'><strong>nisi</strong></span> <span class='ocrx_word' id='word_1_26' title='bbox 534 337 594 357; x_wconf 88' lang='lat' dir='ltr'><strong>eum</strong></span> <span class='ocrx_word' id='word_1_27' title='bbox 619 330 706 364; x_wconf 80' lang='lat' dir='ltr'><strong>major</strong></span> <span class='ocrx_word' id='word_1_28' title='bbox 729 334 815 357; x_wconf 86' lang='lat' dir='ltr'><strong>metus</strong></span> <span class='ocrx_word' id='word_1_29' title='bbox 840 329 1025 357; x_wconf 80' lang='lat' dir='ltr'><strong>cohibuisset?</strong></span> 
     </span>
    </p>
   </div>
   <div class='ocr_carea' id='block_1_6' title="bbox 232 374 1025 411">
    <p class='ocr_par' dir='ltr' id='par_1_6' title="bbox 232 374 1025 411">
     <span class='ocr_line' id='line_1_6' title="bbox 232 374 1025 411; baseline 0.003 -11"><span class='ocrx_word' id='word_1_30' title='bbox 232 374 300 407; x_wconf 79' lang='lat' dir='ltr'><strong>Quid</strong></span> <span class='ocrx_word' id='word_1_31' title='bbox 315 374 394 410; x_wconf 73' lang='lat' dir='ltr'><strong>igitur</strong></span> <span class='ocrx_word' id='word_1_32' title='bbox 404 376 438 402; x_wconf 89' lang='lat' dir='ltr'><strong>ait</strong></span> <span class='ocrx_word' id='word_1_33' title='bbox 451 375 462 402; x_wconf 68' lang='grc' dir='ltr'><strong>ἒ)</strong></span> <span class='ocrx_word' id='word_1_34' title='bbox 477 375 596 410; x_wconf 81' lang='lat' dir='ltr'><strong>Olympia</strong></span> <span class='ocrx_word' id='word_1_35' title='bbox 610 383 660 402; x_wconf 87' lang='lat' dir='ltr'><strong>non</strong></span> <span class='ocrx_word' id='word_1_36' title='bbox 679 375 816 402; x_wconf 81' lang='lat' dir='ltr'><strong>admodum</strong></span> <span class='ocrx_word' id='word_1_37' title='bbox 832 375 921 411; x_wconf 84' lang='lat' dir='ltr'><strong>procul</strong></span> <span class='ocrx_word' id='word_1_38' title='bbox 936 383 946 402; x_wconf 89' lang='lat'><strong><em>:</em></strong></span> <span class='ocrx_word' id='word_1_39' title='bbox 960 375 1025 402; x_wconf 85' lang='lat' dir='ltr'><strong>cele-</strong></span> 
     </span>
    </p>
   </div>
   <div class='ocr_carea' id='block_1_7' title="bbox 232 421 1025 457">
    <p class='ocr_par' dir='ltr' id='par_1_7' title="bbox 232 421 1025 457">
     <span class='ocr_line' id='line_1_7' title="bbox 232 421 1025 457; baseline 0 -9"><span class='ocrx_word' id='word_1_40' title='bbox 232 421 309 448; x_wconf 81' lang='lat' dir='ltr'><strong>britas</strong></span> <span class='ocrx_word' id='word_1_41' title='bbox 323 421 395 449; x_wconf 84' lang='lat' dir='ltr'><strong>urbes</strong></span> <span class='ocrx_word' id='word_1_42' title='bbox 408 422 551 449; x_wconf 74' lang='lat' dir='ltr'><strong>convocabit</strong></span> <span class='ocrx_word' id='word_1_43' title='bbox 563 429 572 453; x_wconf 87' lang='grc'><em>;</em></span> <span class='ocrx_word' id='word_1_44' title='bbox 584 421 624 449; x_wconf 66' lang='lat' dir='ltr'><strong>ha:</strong></span> <span class='ocrx_word' id='word_1_45' title='bbox 637 422 734 449; x_wconf 84' lang='lat' dir='ltr'><strong>venient</strong></span> <span class='ocrx_word' id='word_1_46' title='bbox 747 423 818 449; x_wconf 84' lang='lat' dir='ltr'><strong>boves</strong></span> <span class='ocrx_word' id='word_1_47' title='bbox 831 425 931 457; x_wconf 79' lang='lat' dir='ltr'><strong>agentes</strong></span> <span class='ocrx_word' id='word_1_48' title='bbox 945 421 1025 456; x_wconf 77' lang='lat' dir='ltr'><strong>Apol-</strong></span> 
     </span>
    </p>
   </div>
   <div class='ocr_carea' id='block_1_8' title="bbox 232 466 1026 501">
    <p class='ocr_par' dir='ltr' id='par_1_8' title="bbox 232 466 1026 501">
     <span class='ocr_line' id='line_1_8' title="bbox 232 466 1026 501; baseline 0.001 -9"><span class='ocrx_word' id='word_1_49' title='bbox 232 467 277 494; x_wconf 84' lang='lat' dir='ltr'><strong>lini</strong></span> <span class='ocrx_word' id='word_1_50' title='bbox 300 467 492 500; x_wconf 80' lang='lat' dir='ltr'><strong>sacriﬁcandos.</strong></span> <span class='ocrx_word' id='word_1_51' title='bbox 515 467 582 500; x_wconf 83' lang='lat' dir='ltr'><strong>Quid</strong></span> <span class='ocrx_word' id='word_1_52' title='bbox 603 467 723 501; x_wconf 78' lang='lat' dir='ltr'><strong>facimus</strong></span> <span class='ocrx_word' id='word_1_53' title='bbox 736 467 748 493; x_wconf 67' lang='lat'><strong>.9</strong></span> <span class='ocrx_word' id='word_1_54' title='bbox 762 475 811 501; x_wconf 87' lang='lat' dir='ltr'><strong>quo</strong></span> <span class='ocrx_word' id='word_1_55' title='bbox 835 474 880 493; x_wconf 83' lang='lat' dir='ltr'><strong>nos</strong></span> <span class='ocrx_word' id='word_1_56' title='bbox 901 466 1026 493; x_wconf 86' lang='lat' dir='ltr'><strong>subduce-</strong></span> 
     </span>
    </p>
   </div>
   <div class='ocr_carea' id='block_1_9' title="bbox 233 511 1028 548">
    <p class='ocr_par' dir='ltr' id='par_1_9' title="bbox 233 511 1028 548">
     <span class='ocr_line' id='line_1_9' title="bbox 233 511 1028 548; baseline 0 -10"><span class='ocrx_word' id='word_1_57' title='bbox 233 513 309 540; x_wconf 80' lang='lat' dir='ltr'><strong>mus?</strong></span> <span class='ocrx_word' id='word_1_58' title='bbox 320 513 376 548; x_wconf 85' lang='lat' dir='ltr'><strong>quis</strong></span> <span class='ocrx_word' id='word_1_59' title='bbox 389 512 494 540; x_wconf 85' lang='lat' dir='ltr'><strong>deorum</strong></span> <span class='ocrx_word' id='word_1_60' title='bbox 508 513 579 539; x_wconf 85' lang='lat' dir='ltr'><strong>nobis</strong></span> <span class='ocrx_word' id='word_1_61' title='bbox 598 517 690 539; x_wconf 74' lang='lat' dir='ltr'><strong>terram</strong></span> <span class='ocrx_word' id='word_1_62' title='bbox 704 512 830 539; x_wconf 82' lang='lat' dir='ltr'><strong>dehiscere</strong></span> <span class='ocrx_word' id='word_1_63' title='bbox 839 511 935 547; x_wconf 77' lang='lat' dir='ltr'><strong>jubebit</strong></span> <span class='ocrx_word' id='word_1_64' title='bbox 945 512 959 538; x_wconf 66' lang='grc'><strong><em>7</em></strong></span> <span class='ocrx_word' id='word_1_65' title='bbox 971 512 1028 547; x_wconf 69' lang='lat' dir='ltr'><strong>quis</strong></span> 
     </span>
    </p>
   </div>
   <div class='ocr_carea' id='block_1_10' title="bbox 234 557 1028 593">
    <p class='ocr_par' dir='ltr' id='par_1_10' title="bbox 234 557 1028 593">
     <span class='ocr_line' id='line_1_10' title="bbox 234 557 1028 593; baseline 0 -9"><span class='ocrx_word' id='word_1_66' title='bbox 234 566 327 592; x_wconf 72' lang='lat' dir='ltr'><strong>prwco,</strong></span> <span class='ocrx_word' id='word_1_67' title='bbox 340 566 396 593; x_wconf 79' lang='lat' dir='ltr'><strong>qua:</strong></span> <span class='ocrx_word' id='word_1_68' title='bbox 409 559 467 586; x_wconf 87' lang='lat' dir='ltr'><strong>tuba</strong></span> <span class='ocrx_word' id='word_1_69' title='bbox 481 566 531 585; x_wconf 88' lang='lat' dir='ltr'><strong>non</strong></span> <span class='ocrx_word' id='word_1_70' title='bbox 545 558 669 593; x_wconf 84' lang='lat' dir='ltr'><strong>lacrymas</strong></span> <span class='ocrx_word' id='word_1_71' title='bbox 682 557 823 593; x_wconf 71' lang='lat' dir='ltr'><strong>exprimet?</strong></span> <span class='ocrx_word' id='word_1_72' title='bbox 835 557 891 593; x_wconf 85' lang='lat' dir='ltr'><strong>quis</strong></span> <span class='ocrx_word' id='word_1_73' title='bbox 908 557 1028 593; x_wconf 77' lang='lat' dir='ltr'><strong>Olympia</strong></span> 
     </span>
    </p>
   </div>
   <div class='ocr_carea' id='block_1_11' title="bbox 235 603 1028 639">
    <p class='ocr_par' dir='ltr' id='par_1_11' title="bbox 235 603 1028 639">
     <span class='ocr_line' id='line_1_11' title="bbox 235 603 1028 639; baseline -0.003 -8"><span class='ocrx_word' id='word_1_74' title='bbox 235 605 326 637; x_wconf 78' lang='lat' dir='ltr'><strong>festum</strong></span> <span class='ocrx_word' id='word_1_75' title='bbox 339 604 435 631; x_wconf 85' lang='lat' dir='ltr'><strong>vocabit</strong></span> <span class='ocrx_word' id='word_1_76' title='bbox 447 625 454 638; x_wconf 85' lang='lat'><strong>,</strong></span> <span class='ocrx_word' id='word_1_77' title='bbox 465 604 533 638; x_wconf 87' lang='lat' dir='ltr'><strong>quod</strong></span> <span class='ocrx_word' id='word_1_78' title='bbox 546 604 674 639; x_wconf 73' lang='lat' dir='ltr'><strong>proximus</strong></span> <span class='ocrx_word' id='word_1_79' title='bbox 687 612 760 630; x_wconf 85' lang='lat' dir='ltr'><strong>casus</strong></span> <span class='ocrx_word' id='word_1_80' title='bbox 774 604 870 630; x_wconf 84' lang='lat' dir='ltr'><strong>luctum</strong></span> <span class='ocrx_word' id='word_1_81' title='bbox 883 603 1003 631; x_wconf 72' lang='lat' dir='ltr'><strong>invexerit</strong></span> <span class='ocrx_word' id='word_1_82' title='bbox 1016 603 1028 629; x_wconf 73' lang='lat'><strong>2&#39;</strong></span> 
     </span>
    </p>
   </div>
   <div class='ocr_carea' id='block_1_12' title="bbox 236 649 1028 685">
    <p class='ocr_par' dir='ltr' id='par_1_12' title="bbox 236 649 1028 685">
     <span class='ocr_line' id='line_1_12' title="bbox 236 649 1028 685; baseline 0 -9"><span class='ocrx_word' id='word_1_83' title='bbox 236 650 277 676; x_wconf 85' lang='lat' dir='ltr'><strong>Da</strong></span> <span class='ocrx_word' id='word_1_84' title='bbox 290 650 352 677; x_wconf 89' lang='lat' dir='ltr'><strong>mihi</strong></span> <span class='ocrx_word' id='word_1_85' title='bbox 365 658 452 677; x_wconf 87' lang='lat' dir='ltr'><strong>arcum</strong></span> <span class='ocrx_word' id='word_1_86' title='bbox 466 658 585 677; x_wconf 90' lang='lat' dir='ltr'><strong>corneum</strong></span> <span class='ocrx_word' id='word_1_87' title='bbox 594 650 614 683; x_wconf 77' lang='grc'><strong>⁸,</strong></span> <span class='ocrx_word' id='word_1_88' title='bbox 629 649 709 685; x_wconf 81' lang='lat' dir='ltr'><strong>inquit</strong></span> <span class='ocrx_word' id='word_1_89' title='bbox 727 649 857 684; x_wconf 67' lang='lat' dir='ltr'><strong>(ragadia.</strong></span> <span class='ocrx_word' id='word_1_90' title='bbox 875 649 931 685; x_wconf 85' lang='lat' dir='ltr'><strong>Ego</strong></span> <span class='ocrx_word' id='word_1_91' title='bbox 944 653 1028 676; x_wconf 89' lang='lat' dir='ltr'><strong>autsm</strong></span> 
     </span>
    </p>
   </div>
   <div class='ocr_carea' id='block_1_13' title="bbox 235 695 1029 731">
    <p class='ocr_par' dir='ltr' id='par_1_13' title="bbox 235 695 1029 731">
     <span class='ocr_line' id='line_1_13' title="bbox 235 695 1029 731; baseline -0.001 -8"><span class='ocrx_word' id='word_1_92' title='bbox 235 697 307 729; x_wconf 82' lang='lat' dir='ltr'><strong>dico,</strong></span> <span class='ocrx_word' id='word_1_93' title='bbox 319 701 342 723; x_wconf 89' lang='lat' dir='ltr'><strong>et</strong></span> <span class='ocrx_word' id='word_1_94' title='bbox 355 697 465 723; x_wconf 80' lang='lat' dir='ltr'><strong>vaticinii</strong></span> <span class='ocrx_word' id='word_1_95' title='bbox 479 696 595 723; x_wconf 81' lang='lat' dir='ltr'><strong>nonnihil</strong></span> <span class='ocrx_word' id='word_1_96' title='bbox 607 717 615 729; x_wconf 87' lang='lat'><strong>,</strong></span> <span class='ocrx_word' id='word_1_97' title='bbox 630 699 658 723; x_wconf 87' lang='lat' dir='ltr'><strong>ut</strong></span> <span class='ocrx_word' id='word_1_98' title='bbox 672 695 717 723; x_wconf 89' lang='lat' dir='ltr'><strong>illo</strong></span> <span class='ocrx_word' id='word_1_99' title='bbox 736 695 850 731; x_wconf 86' lang='lat' dir='ltr'><strong>capiam,</strong></span> <span class='ocrx_word' id='word_1_100' title='bbox 865 696 911 722; x_wconf 87' lang='lat' dir='ltr'><strong>hoc</strong></span> <span class='ocrx_word' id='word_1_101' title='bbox 931 695 1029 731; x_wconf 78' lang='lat' dir='ltr'><strong>sagittis</strong></span> 
     </span>
    </p>
   </div>
   <div class='ocr_carea' id='block_1_14' title="bbox 234 741 1028 777">
    <p class='ocr_par' dir='ltr' id='par_1_14' title="bbox 234 741 1028 777">
     <span class='ocr_line' id='line_1_14' title="bbox 234 741 1028 777; baseline -0.001 -9"><span class='ocrx_word' id='word_1_102' title='bbox 234 743 353 777; x_wconf 72' lang='lat' dir='ltr'><strong>impetum</strong></span> <span class='ocrx_word' id='word_1_103' title='bbox 372 742 493 777; x_wconf 84' lang='lat' dir='ltr'><strong>facinoris</strong></span> <span class='ocrx_word' id='word_1_104' title='bbox 517 746 654 768; x_wconf 81' lang='lat' dir='ltr'><strong>auctorem.</strong></span> <span class='ocrx_word' id='word_1_105' title='bbox 676 741 698 768; x_wconf 91' lang='grc' dir='ltr'><em>Ο</em></span> <span class='ocrx_word' id='word_1_106' title='bbox 722 741 827 776; x_wconf 85' lang='lat' dir='ltr'><strong>impiam</strong></span> <span class='ocrx_word' id='word_1_107' title='bbox 848 741 1001 768; x_wconf 87' lang='lat' dir='ltr'><strong>audaciam!</strong></span> <span class='ocrx_word' id='word_1_108' title='bbox 1014 749 1028 768; x_wconf 92' lang='lat' dir='ltr'><strong>o</strong></span> 
     </span>
    </p>
   </div>
   <div class='ocr_carea' id='block_1_15' title="bbox 235 786 1029 822">
    <p class='ocr_par' dir='ltr' id='par_1_15' title="bbox 235 786 1029 822">
     <span class='ocr_line' id='line_1_15' title="bbox 235 786 1029 822; baseline 0 -8"><span class='ocrx_word' id='word_1_109' title='bbox 235 788 363 821; x_wconf 85' lang='lat' dir='ltr'><strong>impuram</strong></span> <span class='ocrx_word' id='word_1_110' title='bbox 376 788 508 814; x_wconf 86' lang='lat' dir='ltr'><strong>animam!</strong></span> <span class='ocrx_word' id='word_1_111' title='bbox 522 796 536 814; x_wconf 90' lang='grc' dir='ltr'><strong><em>ο</em></strong></span> <span class='ocrx_word' id='word_1_112' title='bbox 550 787 708 814; x_wconf 80' lang='lat' dir='ltr'><strong>temerariam</strong></span> <span class='ocrx_word' id='word_1_113' title='bbox 723 795 826 814; x_wconf 88' lang='lat' dir='ltr'><strong>manum</strong></span> <span class='ocrx_word' id='word_1_114' title='bbox 840 787 850 814; x_wconf 91' lang='lat'><strong>.’</strong></span> <span class='ocrx_word' id='word_1_115' title='bbox 864 786 952 822; x_wconf 83' lang='lat' dir='ltr'><strong>Tityus</strong></span> <span class='ocrx_word' id='word_1_116' title='bbox 965 787 1029 814; x_wconf 84' lang='lat' dir='ltr'><strong>alter</strong></span> 
     </span>
    </p>
   </div>
   <div class='ocr_carea' id='block_1_16' title="bbox 236 833 1028 869">
    <p class='ocr_par' dir='ltr' id='par_1_16' title="bbox 236 833 1028 869">
     <span class='ocr_line' id='line_1_16' title="bbox 236 833 1028 869; baseline 0 -9"><span class='ocrx_word' id='word_1_117' title='bbox 236 833 276 860; x_wconf 84' lang='lat' dir='ltr'><strong>hic</strong></span> <span class='ocrx_word' id='word_1_118' title='bbox 290 838 344 865; x_wconf 79' lang='lat' dir='ltr'><strong>est,</strong></span> <span class='ocrx_word' id='word_1_119' title='bbox 361 834 398 861; x_wconf 87' lang='lat' dir='ltr'><strong>vel</strong></span> <span class='ocrx_word' id='word_1_120' title='bbox 417 833 479 861; x_wconf 86' lang='lat' dir='ltr'><strong>Idas</strong></span> <span class='ocrx_word' id='word_1_121' title='bbox 498 833 591 869; x_wconf 83' lang='lat' dir='ltr'><strong>Lyncei</strong></span> <span class='ocrx_word' id='word_1_122' title='bbox 608 834 704 868; x_wconf 83' lang='lat' dir='ltr'><strong>frater;</strong></span> <span class='ocrx_word' id='word_1_123' title='bbox 719 842 769 861; x_wconf 87' lang='lat' dir='ltr'><strong>non</strong></span> <span class='ocrx_word' id='word_1_124' title='bbox 791 842 897 869; x_wconf 84' lang='lat' dir='ltr'><strong>magnus</strong></span> <span class='ocrx_word' id='word_1_125' title='bbox 918 839 945 860; x_wconf 93' lang='lat' dir='ltr'><strong>ut</strong></span> <span class='ocrx_word' id='word_1_126' title='bbox 966 833 1028 867; x_wconf 86' lang='lat' dir='ltr'><strong>ille,</strong></span> 
     </span>
    </p>
   </div>
   <div class='ocr_carea' id='block_1_17' title="bbox 235 879 1030 914">
    <p class='ocr_par' dir='ltr' id='par_1_17' title="bbox 235 879 1030 914">
     <span class='ocr_line' id='line_1_17' title="bbox 235 879 1030 914; baseline 0.001 -9"><span class='ocrx_word' id='word_1_127' title='bbox 235 887 286 905; x_wconf 74' lang='lat' dir='ltr'><strong>non</strong></span> <span class='ocrx_word' id='word_1_128' title='bbox 294 880 424 914; x_wconf 83' lang='lat' dir='ltr'><strong>jaculator</strong></span> <span class='ocrx_word' id='word_1_129' title='bbox 438 885 464 906; x_wconf 87' lang='lat' dir='ltr'><strong>ut</strong></span> <span class='ocrx_word' id='word_1_130' title='bbox 478 880 533 913; x_wconf 85' lang='lat' dir='ltr'><strong>hic,</strong></span> <span class='ocrx_word' id='word_1_131' title='bbox 548 879 591 906; x_wconf 85' lang='lat' dir='ltr'><strong>sed</strong></span> <span class='ocrx_word' id='word_1_132' title='bbox 605 880 631 906; x_wconf 89' lang='lat' dir='ltr'><strong>in</strong></span> <span class='ocrx_word' id='word_1_133' title='bbox 645 887 722 906; x_wconf 87' lang='lat' dir='ltr'><strong>unum</strong></span> <span class='ocrx_word' id='word_1_134' title='bbox 735 879 837 906; x_wconf 83' lang='lat' dir='ltr'><strong>edoctus</strong></span> <span class='ocrx_word' id='word_1_135' title='bbox 849 900 857 911; x_wconf 94' lang='lat'><strong>,</strong></span> <span class='ocrx_word' id='word_1_136' title='bbox 872 884 960 906; x_wconf 85' lang='lat' dir='ltr'><strong>contra</strong></span> <span class='ocrx_word' id='word_1_137' title='bbox 971 879 1030 906; x_wconf 88' lang='lat' dir='ltr'><strong>deos</strong></span> 
     </span>
    </p>
   </div>
   <div class='ocr_carea' id='block_1_18' title="bbox 235 925 1027 961">
    <p class='ocr_par' dir='ltr' id='par_1_18' title="bbox 235 925 1027 961">
     <span class='ocr_line' id='line_1_18' title="bbox 235 925 1027 961; baseline 0.001 -9"><span class='ocrx_word' id='word_1_138' title='bbox 235 926 355 952; x_wconf 79' lang='lat' dir='ltr'><strong>insanire.</strong></span> <span class='ocrx_word' id='word_1_139' title='bbox 381 925 452 952; x_wconf 79' lang='lat' dir='ltr'><strong>Aloei</strong></span> <span class='ocrx_word' id='word_1_140' title='bbox 475 926 541 960; x_wconf 79' lang='lat' dir='ltr'><strong>ﬁlios</strong></span> <span class='ocrx_word' id='word_1_141' title='bbox 567 926 615 952; x_wconf 90' lang='lat' dir='ltr'><strong>diis</strong></span> <span class='ocrx_word' id='word_1_142' title='bbox 639 925 745 953; x_wconf 73' lang='lat' dir='ltr'><strong>insidias</strong></span> <span class='ocrx_word' id='word_1_143' title='bbox 768 930 864 953; x_wconf 85' lang='lat' dir='ltr'><strong>struere</strong></span> <span class='ocrx_word' id='word_1_144' title='bbox 889 926 1027 961; x_wconf 73' lang='lat' dir='ltr'><strong>cogitantes</strong></span> 
     </span>
    </p>
   </div>
   <div class='ocr_carea' id='block_1_19' title="bbox 236 970 1030 1006">
    <p class='ocr_par' dir='ltr' id='par_1_19' title="bbox 236 970 1030 1006">
     <span class='ocr_line' id='line_1_19' title="bbox 236 970 1030 1006; baseline 0 -9"><span class='ocrx_word' id='word_1_145' title='bbox 236 975 316 997; x_wconf 84' lang='lat' dir='ltr'><strong>morte</strong></span> <span class='ocrx_word' id='word_1_146' title='bbox 339 970 447 1003; x_wconf 84' lang='lat' dir='ltr'><strong>sedasli,</strong></span> <span class='ocrx_word' id='word_1_147' title='bbox 471 970 580 1005; x_wconf 77' lang='lat' dir='ltr'><strong>Apollo;</strong></span> <span class='ocrx_word' id='word_1_148' title='bbox 595 970 652 997; x_wconf 86' lang='lat' dir='ltr'><strong>huic</strong></span> <span class='ocrx_word' id='word_1_149' title='bbox 670 978 728 997; x_wconf 84' lang='lat' dir='ltr'><strong>vero</strong></span> <span class='ocrx_word' id='word_1_150' title='bbox 742 971 825 1006; x_wconf 82' lang='lat' dir='ltr'><strong>ignem</strong></span> <span class='ocrx_word' id='word_1_151' title='bbox 840 971 928 1005; x_wconf 79' lang='lat' dir='ltr'><strong>procul</strong></span> <span class='ocrx_word' id='word_1_152' title='bbox 941 970 1030 1005; x_wconf 87' lang='lat' dir='ltr'><strong>ferenti</strong></span> 
     </span>
    </p>
   </div>
   <div class='ocr_carea' id='block_1_20' title="bbox 237 1017 1030 1052">
    <p class='ocr_par' dir='ltr' id='par_1_20' title="bbox 237 1017 1030 1052">
     <span class='ocr_line' id='line_1_20' title="bbox 237 1017 1030 1052; baseline 0.003 -10"><span class='ocrx_word' id='word_1_153' title='bbox 237 1025 286 1043; x_wconf 87' lang='lat' dir='ltr'><strong>non</strong></span> <span class='ocrx_word' id='word_1_154' title='bbox 300 1017 408 1043; x_wconf 78' lang='lat' dir='ltr'><strong>accurrit</strong></span> <span class='ocrx_word' id='word_1_155' title='bbox 422 1017 512 1052; x_wconf 76' lang='lat' dir='ltr'><strong>sagitta</strong></span> <span class='ocrx_word' id='word_1_156' title='bbox 531 1017 558 1044; x_wconf 89' lang='lat' dir='ltr'><strong>in</strong></span> <span class='ocrx_word' id='word_1_157' title='bbox 577 1025 620 1044; x_wconf 84' lang='lat' dir='ltr'><strong>cor</strong></span> <span class='ocrx_word' id='word_1_158' title='bbox 635 1017 714 1052; x_wconf 82' lang='lat' dir='ltr'><strong>ipsius</strong></span> <span class='ocrx_word' id='word_1_159' title='bbox 726 1017 849 1045; x_wconf 85' lang='lat' dir='ltr'><strong>inuolans.</strong></span> <span class='ocrx_word' id='word_1_160' title='bbox 866 1017 889 1044; x_wconf 90' lang='lat'><em>0</em></span> <span class='ocrx_word' id='word_1_161' title='bbox 899 1017 1030 1044; x_wconf 67' lang='lat' dir='ltr'><strong>dexteram</strong></span> 
     </span>
    </p>
   </div>
   <div class='ocr_carea' id='block_1_21' title="bbox 237 1063 1030 1099">
    <p class='ocr_par' dir='ltr' id='par_1_21' title="bbox 237 1063 1030 1099">
     <span class='ocr_line' id='line_1_21' title="bbox 237 1063 1030 1099; baseline 0.003 -10"><span class='ocrx_word' id='word_1_162' title='bbox 237 1063 381 1097; x_wconf 87' lang='lat' dir='ltr'><strong>furiosam!</strong></span> <span class='ocrx_word' id='word_1_163' title='bbox 393 1072 407 1090; x_wconf 91' lang='grc' dir='ltr'>ο</span> <span class='ocrx_word' id='word_1_164' title='bbox 422 1063 535 1098; x_wconf 82' lang='lat' dir='ltr'><strong>iniquum</strong></span> <span class='ocrx_word' id='word_1_165' title='bbox 550 1063 652 1099; x_wconf 86' lang='lat' dir='ltr'><strong>ignem!</strong></span> <span class='ocrx_word' id='word_1_166' title='bbox 666 1071 774 1098; x_wconf 84' lang='lat' dir='ltr'><strong>quonam</strong></span> <span class='ocrx_word' id='word_1_167' title='bbox 789 1063 899 1098; x_wconf 87' lang='lat' dir='ltr'><strong>primum</strong></span> <span class='ocrx_word' id='word_1_168' title='bbox 918 1063 1030 1091; x_wconf 76' lang='lat' dir='ltr'><strong>incidit?</strong></span> 
     </span>
    </p>
   </div>
   <div class='ocr_carea' id='block_1_22' title="bbox 235 1108 1031 1144">
    <p class='ocr_par' dir='ltr' id='par_1_22' title="bbox 235 1108 1031 1144">
     <span class='ocr_line' id='line_1_22' title="bbox 235 1108 1031 1144; baseline 0.004 -9"><span class='ocrx_word' id='word_1_169' title='bbox 235 1108 303 1143; x_wconf 83' lang='lat' dir='ltr'><strong>quod</strong></span> <span class='ocrx_word' id='word_1_170' title='bbox 322 1109 384 1136; x_wconf 80' lang='lat' dir='ltr'><strong>ntali</strong></span> <span class='ocrx_word' id='word_1_171' title='bbox 400 1109 531 1136; x_wconf 72' lang='lat' dir='ltr'><strong>exordium</strong></span> <span class='ocrx_word' id='word_1_172' title='bbox 543 1110 555 1136; x_wconf 83' lang='lat'><strong><em>?</em></strong></span> <span class='ocrx_word' id='word_1_173' title='bbox 567 1117 626 1136; x_wconf 82' lang='lat' dir='ltr'><strong>nunt</strong></span> <span class='ocrx_word' id='word_1_174' title='bbox 641 1118 656 1136; x_wconf 91' lang='lat' dir='ltr'><strong>a</strong></span> <span class='ocrx_word' id='word_1_175' title='bbox 673 1114 736 1136; x_wconf 83' lang='lat' dir='ltr'><strong>tecto</strong></span> <span class='ocrx_word' id='word_1_176' title='bbox 755 1118 860 1137; x_wconf 76' lang='lat' dir='ltr'><strong>exorsus</strong></span> <span class='ocrx_word' id='word_1_177' title='bbox 878 1110 912 1137; x_wconf 87' lang='lat' dir='ltr'><strong>ad</strong></span> <span class='ocrx_word' id='word_1_178' title='bbox 933 1110 1031 1144; x_wconf 77' lang='lat' dir='ltr'><strong>reliqua</strong></span> 
     </span>
    </p>
   </div>
   <div class='ocr_carea' id='block_1_23' title="bbox 237 1154 1031 1190">
    <p class='ocr_par' dir='ltr' id='par_1_23' title="bbox 237 1154 1031 1190">
     <span class='ocr_line' id='line_1_23' title="bbox 237 1154 1031 1190; baseline 0.003 -10"><span class='ocrx_word' id='word_1_179' title='bbox 237 1155 357 1189; x_wconf 74' lang='lat' dir='ltr'><strong>processit</strong></span> <span class='ocrx_word' id='word_1_180' title='bbox 370 1154 383 1181; x_wconf 69' lang='lat'><strong>.9</strong></span> <span class='ocrx_word' id='word_1_181' title='bbox 395 1154 429 1181; x_wconf 88' lang='lat' dir='ltr'><strong>ad</strong></span> <span class='ocrx_word' id='word_1_182' title='bbox 449 1159 524 1189; x_wconf 86' lang='lat' dir='ltr'><strong>caput</strong></span> <span class='ocrx_word' id='word_1_183' title='bbox 543 1154 608 1181; x_wconf 87' lang='lat' dir='ltr'><strong>illud</strong></span> <span class='ocrx_word' id='word_1_184' title='bbox 617 1175 624 1187; x_wconf 92' lang='lat'><strong>,</strong></span> <span class='ocrx_word' id='word_1_185' title='bbox 639 1155 673 1181; x_wconf 91' lang='lat' dir='ltr'><strong>ad</strong></span> <span class='ocrx_word' id='word_1_186' title='bbox 685 1155 790 1189; x_wconf 82' lang='lat' dir='ltr'><strong>faciem,</strong></span> <span class='ocrx_word' id='word_1_187' title='bbox 804 1155 840 1182; x_wconf 78' lang='lat' dir='ltr'><strong>ad</strong></span> <span class='ocrx_word' id='word_1_188' title='bbox 851 1155 964 1190; x_wconf 85' lang='lat' dir='ltr'><strong>phialam</strong></span> <span class='ocrx_word' id='word_1_189' title='bbox 975 1176 983 1188; x_wconf 93' lang='lat'><strong>,</strong></span> <span class='ocrx_word' id='word_1_190' title='bbox 996 1155 1031 1182; x_wconf 90' lang='lat' dir='ltr'><strong>ad</strong></span> 
     </span>
    </p>
   </div>
   <div class='ocr_carea' id='block_1_24' title="bbox 234 1201 1033 1238">
    <p class='ocr_par' dir='ltr' id='par_1_24' title="bbox 234 1201 1033 1238">
     <span class='ocr_line' id='line_1_24' title="bbox 234 1201 1033 1238; baseline 0.003 -11"><span class='ocrx_word' id='word_1_191' title='bbox 234 1201 352 1234; x_wconf 86' lang='lat' dir='ltr'><strong>cidarim,</strong></span> <span class='ocrx_word' id='word_1_192' title='bbox 362 1202 396 1228; x_wconf 85' lang='lat' dir='ltr'><strong>ad</strong></span> <span class='ocrx_word' id='word_1_193' title='bbox 409 1202 513 1228; x_wconf 84' lang='lat' dir='ltr'><strong>talarem</strong></span> <span class='ocrx_word' id='word_1_194' title='bbox 527 1207 617 1228; x_wconf 82' lang='lat' dir='ltr'><strong>vestem</strong></span> <span class='ocrx_word' id='word_1_195' title='bbox 628 1203 640 1229; x_wconf 88' lang='lat'><strong><em>?</em></strong></span> <span class='ocrx_word' id='word_1_196' title='bbox 652 1201 791 1236; x_wconf 83' lang='lat' dir='ltr'><strong>Vulcanus,</strong></span> <span class='ocrx_word' id='word_1_197' title='bbox 803 1202 868 1238; x_wconf 75' lang='lat' dir='ltr'><strong>ignis</strong></span> <span class='ocrx_word' id='word_1_198' title='bbox 880 1202 1033 1237; x_wconf 59' lang='lat' dir='ltr'><strong>pecuarius,</strong></span> 
     </span>
    </p>
   </div>
   <div class='ocr_carea' id='block_1_25' title="bbox 236 1247 1030 1282">
    <p class='ocr_par' dir='ltr' id='par_1_25' title="bbox 236 1247 1030 1282">
     <span class='ocr_line' id='line_1_25' title="bbox 236 1247 1030 1282; baseline 0.001 -9"><span class='ocrx_word' id='word_1_199' title='bbox 236 1255 287 1273; x_wconf 86' lang='lat' dir='ltr'><strong>non</strong></span> <span class='ocrx_word' id='word_1_200' title='bbox 301 1247 468 1273; x_wconf 80' lang='lat' dir='ltr'><strong>comminatus</strong></span> <span class='ocrx_word' id='word_1_201' title='bbox 488 1252 524 1274; x_wconf 83' lang='lat' dir='ltr'><strong>est</strong></span> <span class='ocrx_word' id='word_1_202' title='bbox 544 1247 598 1282; x_wconf 88' lang='lat' dir='ltr'><strong>igni</strong></span> <span class='ocrx_word' id='word_1_203' title='bbox 617 1248 742 1282; x_wconf 82' lang='lat' dir='ltr'><strong>grassanti</strong></span> <span class='ocrx_word' id='word_1_204' title='bbox 752 1269 759 1279; x_wconf 94' lang='lat'><strong>,</strong></span> <span class='ocrx_word' id='word_1_205' title='bbox 773 1256 830 1275; x_wconf 86' lang='lat' dir='ltr'><strong>cum</strong></span> <span class='ocrx_word' id='word_1_206' title='bbox 843 1248 950 1282; x_wconf 70' lang='lat' dir='ltr'><strong>gratiam</strong></span> <span class='ocrx_word' id='word_1_207' title='bbox 963 1249 1030 1282; x_wconf 82' lang='lat' dir='ltr'><strong>refe-</strong></span> 
     </span>
    </p>
   </div>
   <div class='ocr_carea' id='block_1_26' title="bbox 236 1291 1030 1321">
    <p class='ocr_par' dir='ltr' id='par_1_26' title="bbox 236 1291 1030 1321">
     <span class='ocr_line' id='line_1_26' title="bbox 236 1291 1030 1321; baseline 0.004 -3"><span class='ocrx_word' id='word_1_208' title='bbox 236 1291 342 1319; x_wconf 84' lang='lat' dir='ltr'><strong>rendam</strong></span> <span class='ocrx_word' id='word_1_209' title='bbox 356 1292 457 1320; x_wconf 82' lang='lat' dir='ltr'><strong>haberat</strong></span> <span class='ocrx_word' id='word_1_210' title='bbox 471 1293 517 1320; x_wconf 83' lang='lat' dir='ltr'><strong>dco</strong></span> <span class='ocrx_word' id='word_1_211' title='bbox 536 1294 567 1320; x_wconf 87' lang='lat' dir='ltr'><strong>ob</strong></span> <span class='ocrx_word' id='word_1_212' title='bbox 579 1293 626 1320; x_wconf 88' lang='lat' dir='ltr'><strong>sibi</strong></span> <span class='ocrx_word' id='word_1_213' title='bbox 646 1295 733 1320; x_wconf 87' lang='lat' dir='ltr'><strong>datum</strong></span> <span class='ocrx_word' id='word_1_214' title='bbox 748 1293 809 1320; x_wconf 87' lang='lat' dir='ltr'><strong>olim</strong></span> <span class='ocrx_word' id='word_1_215' title='bbox 827 1293 958 1321; x_wconf 83' lang='lat' dir='ltr'><strong>indicium.</strong></span> <span class='ocrx_word' id='word_1_216' title='bbox 977 1293 1030 1321; x_wconf 85' lang='lat' dir='ltr'><strong>Sed</strong></span> 
     </span>
    </p>
   </div>
   <div class='ocr_carea' id='block_1_27' title="bbox 238 1336 1032 1374">
    <p class='ocr_par' dir='ltr' id='par_1_27' title="bbox 238 1336 1032 1374">
     <span class='ocr_line' id='line_1_27' title="bbox 238 1336 1032 1374; baseline 0.004 -11"><span class='ocrx_word' id='word_1_217' title='bbox 238 1345 315 1372; x_wconf 89' lang='lat' dir='ltr'><strong>neque</strong></span> <span class='ocrx_word' id='word_1_218' title='bbox 327 1336 428 1372; x_wconf 84' lang='lat' dir='ltr'><strong>Jupiter</strong></span> <span class='ocrx_word' id='word_1_219' title='bbox 441 1338 558 1365; x_wconf 87' lang='lat' dir='ltr'><strong>imbrium</strong></span> <span class='ocrx_word' id='word_1_220' title='bbox 570 1338 713 1366; x_wconf 81' lang='lat' dir='ltr'><strong>moderator</strong></span> <span class='ocrx_word' id='word_1_221' title='bbox 723 1347 815 1374; x_wconf 85' lang='lat' dir='ltr'><strong>aquam</strong></span> <span class='ocrx_word' id='word_1_222' title='bbox 826 1339 906 1366; x_wconf 71' lang='lat' dir='ltr'><strong>entisit</strong></span> <span class='ocrx_word' id='word_1_223' title='bbox 919 1339 946 1366; x_wconf 89' lang='lat' dir='ltr'><strong>in</strong></span> <span class='ocrx_word' id='word_1_224' title='bbox 955 1339 1032 1374; x_wconf 79' lang='lat' dir='ltr'><strong>ﬂam-</strong></span> 
     </span>
    </p>
   </div>
   <div class='ocr_carea' id='block_1_28' title="bbox 237 1383 1032 1420">
    <p class='ocr_par' dir='ltr' id='par_1_28' title="bbox 237 1383 1032 1420">
     <span class='ocr_line' id='line_1_28' title="bbox 237 1383 1032 1420; baseline 0.006 -12"><span class='ocrx_word' id='word_1_225' title='bbox 237 1391 315 1414; x_wconf 84' lang='lat' dir='ltr'><strong>mam,</strong></span> <span class='ocrx_word' id='word_1_226' title='bbox 324 1383 366 1418; x_wconf 83' lang='lat' dir='ltr'><strong>qui</strong></span> <span class='ocrx_word' id='word_1_227' title='bbox 377 1388 459 1411; x_wconf 86' lang='lat' dir='ltr'><strong>tamen</strong></span> <span class='ocrx_word' id='word_1_228' title='bbox 470 1383 601 1419; x_wconf 83' lang='lat' dir='ltr'><strong>Lydorum</strong></span> <span class='ocrx_word' id='word_1_229' title='bbox 612 1384 665 1420; x_wconf 89' lang='lat' dir='ltr'><strong>regi</strong></span> <span class='ocrx_word' id='word_1_230' title='bbox 675 1385 824 1420; x_wconf 83' lang='lat' dir='ltr'><strong>periclitanti</strong></span> <span class='ocrx_word' id='word_1_231' title='bbox 833 1393 922 1420; x_wconf 81' lang='lat' dir='ltr'><strong>pyram</strong></span> <span class='ocrx_word' id='word_1_232' title='bbox 936 1387 1032 1413; x_wconf 71' lang='lat' dir='ltr'><strong>exstin-</strong></span> 
     </span>
    </p>
   </div>
   <div class='ocr_carea' id='block_1_29' title="bbox 238 1428 1030 1467">
    <p class='ocr_par' dir='ltr' id='par_1_29' title="bbox 238 1428 1030 1467">
     <span class='ocr_line' id='line_1_29' title="bbox 238 1428 1030 1467; baseline 0.006 -13"><span class='ocrx_word' id='word_1_233' title='bbox 238 1429 313 1455; x_wconf 76' lang='lat' dir='ltr'><strong>a&#39;erit.</strong></span> <span class='ocrx_word' id='word_1_234' title='bbox 331 1428 398 1462; x_wconf 84' lang='lat' dir='ltr'><strong>Quid</strong></span> <span class='ocrx_word' id='word_1_235' title='bbox 411 1430 519 1464; x_wconf 87' lang='lat' dir='ltr'><strong>primum</strong></span> <span class='ocrx_word' id='word_1_236' title='bbox 532 1429 565 1456; x_wconf 87' lang='lat' dir='ltr'><strong>ad</strong></span> <span class='ocrx_word' id='word_1_237' title='bbox 578 1430 651 1457; x_wconf 87' lang='lat' dir='ltr'><strong>illum</strong></span> <span class='ocrx_word' id='word_1_238' title='bbox 666 1430 746 1462; x_wconf 76' lang='lat' dir='ltr'><strong>dixit,</strong></span> <span class='ocrx_word' id='word_1_239' title='bbox 760 1431 802 1466; x_wconf 86' lang='lat' dir='ltr'><strong>qui</strong></span> <span class='ocrx_word' id='word_1_240' title='bbox 816 1431 908 1458; x_wconf 76' lang='lat' dir='ltr'><strong>bellant</strong></span> <span class='ocrx_word' id='word_1_241' title='bbox 927 1439 1030 1467; x_wconf 83' lang='lat' dir='ltr'><strong>aggres-</strong></span> 
     </span>
    </p>
   </div>
   <div class='ocr_carea' id='block_1_30' title="bbox 240 1475 1031 1513">
    <p class='ocr_par' dir='ltr' id='par_1_30' title="bbox 240 1475 1031 1513">
     <span class='ocr_line' id='line_1_30' title="bbox 240 1475 1031 1513; baseline 0.004 -12"><span class='ocrx_word' id='word_1_242' title='bbox 240 1483 283 1501; x_wconf 85' lang='lat' dir='ltr'><strong>sus</strong></span> <span class='ocrx_word' id='word_1_243' title='bbox 295 1476 352 1502; x_wconf 75' lang='lat' dir='ltr'><strong>est!</strong></span> <span class='ocrx_word' id='word_1_244' title='bbox 365 1475 491 1502; x_wconf 79' lang='lat' dir='ltr'><strong>undenam</strong></span> <span class='ocrx_word' id='word_1_245' title='bbox 513 1476 560 1503; x_wconf 87' lang='lat' dir='ltr'><strong>illa</strong></span> <span class='ocrx_word' id='word_1_246' title='bbox 581 1476 732 1510; x_wconf 79' lang='lat' dir='ltr'><strong>conﬁdentia</strong></span> <span class='ocrx_word' id='word_1_247' title='bbox 741 1477 756 1503; x_wconf 68' lang='lat'><strong>7‘</strong></span> <span class='ocrx_word' id='word_1_248' title='bbox 765 1477 890 1511; x_wconf 79' lang='lat' dir='ltr'><strong>quomodo</strong></span> <span class='ocrx_word' id='word_1_249' title='bbox 910 1477 1031 1513; x_wconf 85' lang='lat' dir='ltr'><strong>impetum</strong></span> 
     </span>
    </p>
   </div>
   <div class='ocr_carea' id='block_1_31' title="bbox 236 1520 1030 1557">
    <p class='ocr_par' dir='ltr' id='par_1_31' title="bbox 236 1520 1030 1557">
     <span class='ocr_line' id='line_1_31' title="bbox 236 1520 1030 1557; baseline 0.004 -10"><span class='ocrx_word' id='word_1_250' title='bbox 236 1520 364 1548; x_wconf 82' lang='lat' dir='ltr'><strong>servavit?</strong></span> <span class='ocrx_word' id='word_1_251' title='bbox 378 1529 423 1548; x_wconf 89' lang='lat' dir='ltr'><strong>cur</strong></span> <span class='ocrx_word' id='word_1_252' title='bbox 437 1521 565 1549; x_wconf 81' lang='lat' dir='ltr'><strong>decretum</strong></span> <span class='ocrx_word' id='word_1_253' title='bbox 581 1529 655 1549; x_wconf 86' lang='lat' dir='ltr'><strong>suum</strong></span> <span class='ocrx_word' id='word_1_254' title='bbox 669 1530 720 1549; x_wconf 85' lang='lat' dir='ltr'><strong>non</strong></span> <span class='ocrx_word' id='word_1_255' title='bbox 733 1522 817 1556; x_wconf 83' lang='lat' dir='ltr'><strong>solvit,</strong></span> <span class='ocrx_word' id='word_1_256' title='bbox 832 1522 873 1549; x_wconf 87' lang='lat' dir='ltr'><strong>dei</strong></span> <span class='ocrx_word' id='word_1_257' title='bbox 888 1522 1030 1557; x_wconf 82' lang='lat' dir='ltr'><strong>pulchritu-</strong></span> 
     </span>
    </p>
   </div>
   <div class='ocr_carea' id='block_1_32' title="bbox 239 1565 1033 1602">
    <p class='ocr_par' dir='ltr' id='par_1_32' title="bbox 239 1565 1033 1602">
     <span class='ocr_line' id='line_1_32' title="bbox 239 1565 1033 1602; baseline 0.006 -11"><span class='ocrx_word' id='word_1_258' title='bbox 239 1565 323 1592; x_wconf 82' lang='lat' dir='ltr'><strong>dinem</strong></span> <span class='ocrx_word' id='word_1_259' title='bbox 335 1567 453 1594; x_wconf 83' lang='lat' dir='ltr'><strong>reveritus</strong></span> <span class='ocrx_word' id='word_1_260' title='bbox 465 1567 478 1594; x_wconf 81' lang='lat'><strong>?.</strong></span> <span class='ocrx_word' id='word_1_261' title='bbox 492 1566 635 1602; x_wconf 84' lang='lat' dir='ltr'><strong>Quousque</strong></span> <span class='ocrx_word' id='word_1_262' title='bbox 653 1567 736 1596; x_wconf 82' lang='lat' dir='ltr'><strong>miser</strong></span> <span class='ocrx_word' id='word_1_263' title='bbox 748 1573 775 1596; x_wconf 79' lang='lat' dir='ltr'><strong>et</strong></span> <span class='ocrx_word' id='word_1_264' title='bbox 799 1567 890 1596; x_wconf 79' lang='lat' dir='ltr'><strong>infelix</strong></span> <span class='ocrx_word' id='word_1_265' title='bbox 904 1576 964 1597; x_wconf 82' lang='lat' dir='ltr'><strong>rem</strong></span> <span class='ocrx_word' id='word_1_266' title='bbox 976 1577 1033 1597; x_wconf 80' lang='lat' dir='ltr'><strong>non</strong></span> 
     </span>
    </p>
   </div>
   <div class='ocr_carea' id='block_1_33' title="bbox 238 1611 1031 1650">
    <p class='ocr_par' dir='ltr' id='par_1_33' title="bbox 238 1611 1031 1650">
     <span class='ocr_line' id='line_1_33' title="bbox 238 1611 1031 1650; baseline 0.008 -12"><span class='ocrx_word' id='word_1_267' title='bbox 238 1611 379 1647; x_wconf 82' lang='lat' dir='ltr'><strong>intelliges,</strong></span> <span class='ocrx_word' id='word_1_268' title='bbox 393 1612 439 1647; x_wconf 90' lang='lat' dir='ltr'><strong>qui</strong></span> <span class='ocrx_word' id='word_1_269' title='bbox 450 1612 517 1641; x_wconf 86' lang='lat' dir='ltr'><strong>dicis</strong></span> <span class='ocrx_word' id='word_1_270' title='bbox 530 1613 588 1642; x_wconf 69' lang='lat' dir='ltr'><strong>hinc</strong></span> <span class='ocrx_word' id='word_1_271' title='bbox 597 1613 721 1642; x_wconf 71' lang='lat' dir='ltr'><strong>humana:</strong></span> <span class='ocrx_word' id='word_1_272' title='bbox 733 1621 800 1650; x_wconf 90' lang='lat' dir='ltr'><strong>opus</strong></span> <span class='ocrx_word' id='word_1_273' title='bbox 813 1622 909 1642; x_wconf 85' lang='lat' dir='ltr'><strong>manus</strong></span> <span class='ocrx_word' id='word_1_274' title='bbox 921 1622 991 1649; x_wconf 83' lang='lat' dir='ltr'><strong>esse,</strong></span> <span class='ocrx_word' id='word_1_275' title='bbox 1003 1620 1031 1644; x_wconf 85' lang='lat' dir='ltr'><strong>et</strong></span> 
     </span>
    </p>
   </div>
   <div class='ocr_carea' id='block_1_34' title="bbox 238 1657 1031 1696">
    <p class='ocr_par' dir='ltr' id='par_1_34' title="bbox 238 1657 1031 1696">
     <span class='ocr_line' id='line_1_34' title="bbox 238 1657 1031 1696; baseline 0.006 -13"><span class='ocrx_word' id='word_1_276' title='bbox 238 1664 289 1684; x_wconf 83' lang='lat' dir='ltr'><strong>ceu</strong></span> <span class='ocrx_word' id='word_1_277' title='bbox 314 1657 466 1693; x_wconf 88' lang='lat' dir='ltr'><strong>lymphatus</strong></span> <span class='ocrx_word' id='word_1_278' title='bbox 490 1663 577 1687; x_wconf 87' lang='lat' dir='ltr'><strong>tecum</strong></span> <span class='ocrx_word' id='word_1_279' title='bbox 602 1659 659 1694; x_wconf 87' lang='lat' dir='ltr'><strong>ipse</strong></span> <span class='ocrx_word' id='word_1_280' title='bbox 682 1667 785 1695; x_wconf 79' lang='lat' dir='ltr'><strong>pugnas</strong></span> <span class='ocrx_word' id='word_1_281' title='bbox 808 1664 835 1688; x_wconf 84' lang='lat' dir='ltr'><strong>et</strong></span> <span class='ocrx_word' id='word_1_282' title='bbox 858 1660 1031 1696; x_wconf 73' lang='lat' dir='ltr'><strong>digladiaris?</strong></span> 
     </span>
    </p>
   </div>
   <div class='ocr_carea' id='block_1_35' title="bbox 239 1703 1030 1741">
    <p class='ocr_par' dir='ltr' id='par_1_35' title="bbox 239 1703 1030 1741">
     <span class='ocr_line' id='line_1_35' title="bbox 239 1703 1030 1741; baseline 0.006 -11"><span class='ocrx_word' id='word_1_283' title='bbox 239 1703 304 1730; x_wconf 81' lang='lat' dir='ltr'><strong>Nam</strong></span> <span class='ocrx_word' id='word_1_284' title='bbox 318 1704 340 1731; x_wconf 94' lang='lat' dir='ltr'><strong>si</strong></span> <span class='ocrx_word' id='word_1_285' title='bbox 355 1704 498 1732; x_wconf 83' lang='lat' dir='ltr'><strong>Persarum</strong></span> <span class='ocrx_word' id='word_1_286' title='bbox 510 1713 599 1741; x_wconf 73' lang='lat' dir='ltr'><strong>regem</strong></span> <span class='ocrx_word' id='word_1_287' title='bbox 612 1726 619 1739; x_wconf 92' lang='lat'><strong>,</strong></span> <span class='ocrx_word' id='word_1_288' title='bbox 639 1710 741 1733; x_wconf 86' lang='lat' dir='ltr'><strong>tantum</strong></span> <span class='ocrx_word' id='word_1_289' title='bbox 764 1706 905 1735; x_wconf 83' lang='lat' dir='ltr'><strong>ducentem</strong></span> <span class='ocrx_word' id='word_1_290' title='bbox 926 1707 1030 1735; x_wconf 82' lang='lat' dir='ltr'><strong>excrci—</strong></span> 
     </span>
    </p>
   </div>
   <div class='ocr_carea' id='block_1_36' title="bbox 240 1750 1031 1789">
    <p class='ocr_par' dir='ltr' id='par_1_36' title="bbox 240 1750 1031 1789">
     <span class='ocr_line' id='line_1_36' title="bbox 240 1750 1031 1789; baseline 0.008 -13"><span class='ocrx_word' id='word_1_291' title='bbox 240 1754 295 1776; x_wconf 89' lang='lat' dir='ltr'><strong>tum</strong></span> <span class='ocrx_word' id='word_1_292' title='bbox 307 1770 315 1783; x_wconf 96' lang='lat'><strong>,</strong></span> <span class='ocrx_word' id='word_1_293' title='bbox 330 1750 374 1785; x_wconf 92' lang='lat' dir='ltr'><strong>qui</strong></span> <span class='ocrx_word' id='word_1_294' title='bbox 398 1750 491 1779; x_wconf 83' lang='lat' dir='ltr'><strong>urbem</strong></span> <span class='ocrx_word' id='word_1_295' title='bbox 513 1757 636 1787; x_wconf 78' lang='lat' dir='ltr'><strong>ceperat,</strong></span> <span class='ocrx_word' id='word_1_296' title='bbox 655 1757 806 1789; x_wconf 58' lang='lat' dir='ltr'><strong>ceteraque</strong></span> <span class='ocrx_word' id='word_1_297' title='bbox 824 1754 912 1781; x_wconf 85' lang='lat' dir='ltr'><strong>omnia</strong></span> <span class='ocrx_word' id='word_1_298' title='bbox 932 1754 1031 1789; x_wconf 89' lang='lat' dir='ltr'><strong>templa</strong></span> 
     </span>
    </p>
   </div>
   <div class='ocr_carea' id='block_1_37' title="bbox 239 1796 1032 1834">
    <p class='ocr_par' dir='ltr' id='par_1_37' title="bbox 239 1796 1032 1834">
     <span class='ocr_line' id='line_1_37' title="bbox 239 1796 1032 1834; baseline 0.006 -12"><span class='ocrx_word' id='word_1_299' title='bbox 239 1799 396 1830; x_wconf 80' lang='lat' dir='ltr'><strong>cxusserat,</strong></span> <span class='ocrx_word' id='word_1_300' title='bbox 416 1796 499 1824; x_wconf 90' lang='lat' dir='ltr'><strong>facem</strong></span> <span class='ocrx_word' id='word_1_301' title='bbox 511 1798 635 1826; x_wconf 89' lang='lat' dir='ltr'><strong>manibus</strong></span> <span class='ocrx_word' id='word_1_302' title='bbox 647 1798 799 1833; x_wconf 81' lang='lat' dir='ltr'><strong>gerebat,et</strong></span> <span class='ocrx_word' id='word_1_303' title='bbox 809 1799 918 1834; x_wconf 89' lang='lat' dir='ltr'><strong>jamjam</strong></span> <span class='ocrx_word' id='word_1_304' title='bbox 933 1800 1032 1834; x_wconf 87' lang='lat' dir='ltr'><strong>templo</strong></span> 
     </span>
    </p>
   </div>
   <div class='ocr_carea' id='block_1_38' title="bbox 239 1840 1030 1876">
    <p class='ocr_par' dir='ltr' id='par_1_38' title="bbox 239 1840 1030 1876">
     <span class='ocr_line' id='line_1_38' title="bbox 239 1840 1030 1876; baseline 0.006 -9"><span class='ocrx_word' id='word_1_305' title='bbox 239 1840 394 1868; x_wconf 83' lang='lat' dir='ltr'><strong>admoturus</strong></span> <span class='ocrx_word' id='word_1_306' title='bbox 418 1845 490 1875; x_wconf 87' lang='lat' dir='ltr'><strong>erat,</strong></span> <span class='ocrx_word' id='word_1_307' title='bbox 507 1842 613 1870; x_wconf 67' lang='lat' dir='ltr'><strong>dmmon</strong></span> <span class='ocrx_word' id='word_1_308' title='bbox 637 1844 762 1876; x_wconf 83' lang='lat' dir='ltr'><strong>mutavit;</strong></span> <span class='ocrx_word' id='word_1_309' title='bbox 784 1844 834 1871; x_wconf 92' lang='lat' dir='ltr'><strong>hoc</strong></span> <span class='ocrx_word' id='word_1_310' title='bbox 857 1845 928 1872; x_wconf 84' lang='lat' dir='ltr'><strong>enim</strong></span> <span class='ocrx_word' id='word_1_311' title='bbox 955 1845 1030 1872; x_wconf 83' lang='lat' dir='ltr'><strong>initio</strong></span> 
     </span>
    </p>
   </div>
   <div class='ocr_carea' id='block_1_39' title="bbox 240 1886 1031 1925">
    <p class='ocr_par' dir='ltr' id='par_1_39' title="bbox 240 1886 1031 1925">
     <span class='ocr_line' id='line_1_39' title="bbox 240 1886 1031 1925; baseline 0.006 -13"><span class='ocrx_word' id='word_1_312' title='bbox 240 1886 335 1913; x_wconf 62' lang='lat' dir='ltr'><strong>nania:</strong></span> <span class='ocrx_word' id='word_1_313' title='bbox 357 1891 409 1913; x_wconf 75' lang='lat' dir='ltr'><strong>tua:</strong></span> <span class='ocrx_word' id='word_1_314' title='bbox 435 1886 528 1922; x_wconf 73' lang='lat' dir='ltr'><strong>lugens</strong></span> <span class='ocrx_word' id='word_1_315' title='bbox 541 1887 649 1915; x_wconf 82' lang='lat' dir='ltr'><strong>dicebas</strong></span> <span class='ocrx_word' id='word_1_316' title='bbox 666 1897 671 1915; x_wconf 90' lang='lat'>:</span> <span class='ocrx_word' id='word_1_317' title='bbox 689 1887 826 1916; x_wconf 77' lang='lat' dir='ltr'><strong>Persarum</strong></span> <span class='ocrx_word' id='word_1_318' title='bbox 838 1897 940 1925; x_wconf 73' lang='lat' dir='ltr'><strong>regem,</strong></span> <span class='ocrx_word' id='word_1_319' title='bbox 952 1898 1031 1917; x_wconf 88' lang='lat' dir='ltr'><strong>unum</strong></span> 
     </span>
    </p>
   </div>
   <div class='ocr_carea' id='block_1_40' title="bbox 239 1931 1032 1971">
    <p class='ocr_par' dir='ltr' id='par_1_40' title="bbox 239 1931 1032 1971">
     <span class='ocr_line' id='line_1_40' title="bbox 239 1931 1032 1971; baseline 0.008 -14"><span class='ocrx_word' id='word_1_320' title='bbox 239 1939 270 1958; x_wconf 70' lang='lat' dir='ltr'><strong>ex</strong></span> <span class='ocrx_word' id='word_1_321' title='bbox 282 1931 419 1966; x_wconf 79' lang='lat' dir='ltr'><strong>majoribus</strong></span> <span class='ocrx_word' id='word_1_322' title='bbox 432 1933 497 1967; x_wconf 88' lang='lat' dir='ltr'><strong>ejus,</strong></span> <span class='ocrx_word' id='word_1_323' title='bbox 509 1933 552 1968; x_wconf 84' lang='lat' dir='ltr'><strong>qui</strong></span> <span class='ocrx_word' id='word_1_324' title='bbox 563 1933 690 1960; x_wconf 85' lang='lat' dir='ltr'><strong>nobiscum</strong></span> <span class='ocrx_word' id='word_1_325' title='bbox 704 1933 797 1960; x_wconf 90' lang='lat' dir='ltr'><strong>bellum</strong></span> <span class='ocrx_word' id='word_1_326' title='bbox 810 1935 884 1970; x_wconf 76' lang='lat' dir='ltr'><strong>gerit,</strong></span> <span class='ocrx_word' id='word_1_327' title='bbox 900 1943 956 1962; x_wconf 89' lang='lat' dir='ltr'><strong>cum</strong></span> <span class='ocrx_word' id='word_1_328' title='bbox 972 1943 1032 1971; x_wconf 70' lang='lat' dir='ltr'><strong>pro&lt;</strong></span> 
     </span>
    </p>
   </div>
   <div class='ocr_carea' id='block_1_41' title="bbox 240 1973 1032 2017">
    <p class='ocr_par' dir='ltr' id='par_1_41' title="bbox 240 1973 1032 2017">
     <span class='ocr_line' id='line_1_41' title="bbox 240 1973 1032 2017; baseline 0.006 -13"><span class='ocrx_word' id='word_1_329' title='bbox 240 1978 333 2005; x_wconf 87' lang='lat' dir='ltr'><strong>ditione</strong></span> <span class='ocrx_word' id='word_1_330' title='bbox 346 1973 549 2013; x_wconf 32' lang='lat' dir='ltr'><strong>urbem-cepisset</strong></span> <span class='ocrx_word' id='word_1_331' title='bbox 565 1984 589 2006; x_wconf 91' lang='lat' dir='ltr'><strong>et</strong></span> <span class='ocrx_word' id='word_1_332' title='bbox 608 1979 767 2014; x_wconf 83' lang='lat' dir='ltr'><strong>incendisset,</strong></span> <span class='ocrx_word' id='word_1_333' title='bbox 786 1980 909 2016; x_wconf 84' lang='lat' dir='ltr'><strong>Daphnen</strong></span> <span class='ocrx_word' id='word_1_334' title='bbox 920 1981 1032 2017; x_wconf 82' lang='lat' dir='ltr'><strong>idipsum</strong></span> 
     </span>
    </p>
   </div>
   <div class='ocr_carea' id='block_1_42' title="bbox 237 2026 1033 2063">
    <p class='ocr_par' dir='ltr' id='par_1_42' title="bbox 237 2026 1033 2063">
     <span class='ocr_line' id='line_1_42' title="bbox 237 2026 1033 2063; baseline 0.008 -14"><span class='ocrx_word' id='word_1_335' title='bbox 237 2026 363 2058; x_wconf 79' lang='lat' dir='ltr'><strong>facturum</strong></span> <span class='ocrx_word' id='word_1_336' title='bbox 384 2030 575 2060; x_wconf 84' lang='lat' dir='ltr'><strong>properantem,</strong></span> <span class='ocrx_word' id='word_1_337' title='bbox 587 2027 700 2053; x_wconf 72' lang='lat' dir='ltr'><strong>mutavit</strong></span> <span class='ocrx_word' id='word_1_338' title='bbox 722 2027 799 2059; x_wconf 82' lang='lat' dir='ltr'><strong>deus,</strong></span> <span class='ocrx_word' id='word_1_339' title='bbox 816 2032 843 2054; x_wconf 87' lang='lat' dir='ltr'><strong>ut</strong></span> <span class='ocrx_word' id='word_1_340' title='bbox 861 2027 958 2062; x_wconf 71' lang='lat' dir='ltr'><strong>objecta</strong></span> <span class='ocrx_word' id='word_1_341' title='bbox 978 2029 1033 2063; x_wconf 85' lang='lat' dir='ltr'><strong>face</strong></span> 
     </span>
    </p>
   </div>
   <div class='ocr_carea' id='block_1_43' title="bbox 240 2070 1031 2107">
    <p class='ocr_par' dir='ltr' id='par_1_43' title="bbox 240 2070 1031 2107">
     <span class='ocr_line' id='line_1_43' title="bbox 240 2070 1031 2107; baseline 0.006 -11"><span class='ocrx_word' id='word_1_342' title='bbox 240 2070 382 2104; x_wconf 79' lang='lat' dir='ltr'><strong>Apollinem</strong></span> <span class='ocrx_word' id='word_1_343' title='bbox 396 2072 513 2098; x_wconf 67' lang='lat' dir='ltr'><strong>adorare!</strong></span> <span class='ocrx_word' id='word_1_344' title='bbox 528 2079 538 2098; x_wconf 80' lang='lat'><strong>:~</strong></span> <span class='ocrx_word' id='word_1_345' title='bbox 551 2072 614 2099; x_wconf 86' lang='lat' dir='ltr'><strong>adeo</strong></span> <span class='ocrx_word' id='word_1_346' title='bbox 633 2072 705 2099; x_wconf 89' lang='lat' dir='ltr'><strong>illum</strong></span> <span class='ocrx_word' id='word_1_347' title='bbox 723 2078 856 2107; x_wconf 78' lang='lat' dir='ltr'><strong>conspectu</strong></span> <span class='ocrx_word' id='word_1_348' title='bbox 871 2082 916 2101; x_wconf 90' lang='lat' dir='ltr'><strong>suo</strong></span> <span class='ocrx_word' id='word_1_349' title='bbox 930 2075 1031 2102; x_wconf 85' lang='lat' dir='ltr'><strong>emolli-</strong></span> 
     </span>
    </p>
   </div>
   <div class='ocr_carea' id='block_1_44' title="bbox 240 2116 1034 2155">
    <p class='ocr_par' dir='ltr' id='par_1_44' title="bbox 240 2116 1034 2155">
     <span class='ocr_line' id='line_1_44' title="bbox 240 2116 1034 2155; baseline 0.008 -13"><span class='ocrx_word' id='word_1_350' title='bbox 240 2116 273 2142; x_wconf 75' lang='lat' dir='ltr'><strong>vit</strong></span> <span class='ocrx_word' id='word_1_351' title='bbox 287 2121 362 2151; x_wconf 82' lang='lat' dir='ltr'><strong>atque</strong></span> <span class='ocrx_word' id='word_1_352' title='bbox 375 2117 514 2150; x_wconf 85' lang='lat' dir='ltr'><strong>convertit;</strong></span> <span class='ocrx_word' id='word_1_353' title='bbox 528 2117 582 2151; x_wconf 83' lang='lat' dir='ltr'><strong>ille,</strong></span> <span class='ocrx_word' id='word_1_354' title='bbox 598 2117 716 2153; x_wconf 82' lang='lat' dir='ltr'><strong>inquam,</strong></span> <span class='ocrx_word' id='word_1_355' title='bbox 727 2119 843 2152; x_wconf 69' lang='lat' dir='ltr'><strong>dmnion,</strong></span> <span class='ocrx_word' id='word_1_356' title='bbox 857 2120 901 2155; x_wconf 88' lang='lat' dir='ltr'><strong>qui</strong></span> <span class='ocrx_word' id='word_1_357' title='bbox 913 2119 1034 2148; x_wconf 86' lang='lat' dir='ltr'><strong>furorem</strong></span> 
     </span>
    </p>
   </div>
   <div class='ocr_carea' id='block_1_45' title="bbox 242 2162 1031 2200">
    <p class='ocr_par' dir='ltr' id='par_1_45' title="bbox 242 2162 1031 2200">
     <span class='ocr_line' id='line_1_45' title="bbox 242 2162 1031 2200; baseline 0.008 -12"><span class='ocrx_word' id='word_1_358' title='bbox 242 2162 408 2189; x_wconf 88' lang='lat' dir='ltr'><strong>barbaricum</strong></span> <span class='ocrx_word' id='word_1_359' title='bbox 423 2168 449 2190; x_wconf 91' lang='lat' dir='ltr'><strong>et</strong></span> <span class='ocrx_word' id='word_1_360' title='bbox 463 2167 563 2190; x_wconf 89' lang='lat' dir='ltr'><strong>tantum</strong></span> <span class='ocrx_word' id='word_1_361' title='bbox 587 2164 733 2191; x_wconf 82' lang='lat' dir='ltr'><strong>exercitum</strong></span> <span class='ocrx_word' id='word_1_362' title='bbox 749 2172 890 2200; x_wconf 86' lang='lat' dir='ltr'><strong>superare,</strong></span> <span class='ocrx_word' id='word_1_363' title='bbox 907 2171 935 2193; x_wconf 91' lang='lat' dir='ltr'><strong>ut</strong></span> <span class='ocrx_word' id='word_1_364' title='bbox 956 2166 1031 2194; x_wconf 88' lang='lat' dir='ltr'><strong>dicc-</strong></span> 
     </span>
    </p>
   </div>
   <div class='ocr_carea' id='block_1_46' title="bbox 240 2208 1034 2247">
    <p class='ocr_par' dir='ltr' id='par_1_46' title="bbox 240 2208 1034 2247">
     <span class='ocr_line' id='line_1_46' title="bbox 240 2208 1034 2247; baseline 0.005 -12"><span class='ocrx_word' id='word_1_365' title='bbox 240 2208 299 2240; x_wconf 84' lang='lat' dir='ltr'><strong>bas,</strong></span> <span class='ocrx_word' id='word_1_366' title='bbox 312 2211 339 2234; x_wconf 92' lang='lat' dir='ltr'><strong>ct</strong></span> <span class='ocrx_word' id='word_1_367' title='bbox 352 2212 452 2235; x_wconf 89' lang='lat' dir='ltr'><strong>tantum</strong></span> <span class='ocrx_word' id='word_1_368' title='bbox 464 2213 525 2236; x_wconf 89' lang='lat' dir='ltr'><strong>tunc</strong></span> <span class='ocrx_word' id='word_1_369' title='bbox 540 2209 684 2243; x_wconf 87' lang='lat' dir='ltr'><strong>periculum</strong></span> <span class='ocrx_word' id='word_1_370' title='bbox 697 2210 812 2246; x_wconf 78' lang='lat' dir='ltr'><strong>effugere</strong></span> <span class='ocrx_word' id='word_1_371' title='bbox 825 2211 920 2246; x_wconf 85' lang='lat' dir='ltr'><strong>potuit,</strong></span> <span class='ocrx_word' id='word_1_372' title='bbox 934 2212 991 2247; x_wconf 80' lang='lat' dir='ltr'><strong>qui,</strong></span> <span class='ocrx_word' id='word_1_373' title='bbox 1005 2216 1034 2239; x_wconf 80' lang='lat' dir='ltr'><strong>ut</strong></span> 
     </span>
    </p>
   </div>
   <div class='ocr_carea' id='block_1_47' title="bbox 239 2253 1030 2288">
    <p class='ocr_par' dir='ltr' id='par_1_47' title="bbox 239 2253 1030 2288">
     <span class='ocr_line' id='line_1_47' title="bbox 239 2253 1030 2288; baseline 0.008 -8"><span class='ocrx_word' id='word_1_374' title='bbox 239 2253 344 2288; x_wconf 78' lang='lat' dir='ltr'><strong>adjicis,</strong></span> <span class='ocrx_word' id='word_1_375' title='bbox 359 2254 467 2282; x_wconf 83' lang='lat' dir='ltr'><strong>Aloidas</strong></span> <span class='ocrx_word' id='word_1_376' title='bbox 480 2255 530 2283; x_wconf 88' lang='lat' dir='ltr'><strong>diis</strong></span> <span class='ocrx_word' id='word_1_377' title='bbox 544 2255 653 2283; x_wconf 88' lang='lat' dir='ltr'><strong>insidias</strong></span> <span class='ocrx_word' id='word_1_378' title='bbox 663 2261 795 2284; x_wconf 82' lang='lat' dir='ltr'><strong>struentes</strong></span> <span class='ocrx_word' id='word_1_379' title='bbox 810 2261 896 2285; x_wconf 87' lang='lat' dir='ltr'><strong>morte</strong></span> <span class='ocrx_word' id='word_1_380' title='bbox 910 2258 1030 2286; x_wconf 87' lang='lat' dir='ltr'><strong>sedavit:</strong></span> 
     </span>
    </p>
   </div>
   <div class='ocr_carea' id='block_1_48' title="bbox 241 2300 1032 2338">
    <p class='ocr_par' dir='ltr' id='par_1_48' title="bbox 241 2300 1032 2338">
     <span class='ocr_line' id='line_1_48' title="bbox 241 2300 1032 2338; baseline 0.008 -12"><span class='ocrx_word' id='word_1_381' title='bbox 241 2300 390 2334; x_wconf 75' lang='lat' dir='ltr'><strong>quormdo,</strong></span> <span class='ocrx_word' id='word_1_382' title='bbox 404 2308 504 2335; x_wconf 59' lang='lat' dir='ltr'><strong>quaeso.</strong></span> <span class='ocrx_word' id='word_1_383' title='bbox 514 2302 537 2328; x_wconf 87' lang='lat' dir='ltr'><strong>is</strong></span> <span class='ocrx_word' id='word_1_384' title='bbox 547 2303 591 2336; x_wconf 89' lang='lat' dir='ltr'><strong>qui</strong></span> <span class='ocrx_word' id='word_1_385' title='bbox 603 2306 673 2330; x_wconf 83' lang='lat' dir='ltr'><strong>tanta</strong></span> <span class='ocrx_word' id='word_1_386' title='bbox 684 2303 778 2338; x_wconf 85' lang='lat' dir='ltr'><strong>potuit,</strong></span> <span class='ocrx_word' id='word_1_387' title='bbox 787 2303 851 2330; x_wconf 87' lang='lat' dir='ltr'><strong>nihil</strong></span> <span class='ocrx_word' id='word_1_388' title='bbox 862 2304 948 2332; x_wconf 89' lang='lat' dir='ltr'><strong>simile</strong></span> <span class='ocrx_word' id='word_1_389' title='bbox 962 2313 1032 2332; x_wconf 83' lang='lat' dir='ltr'><strong>nunc</strong></span> 
     </span>
    </p>
   </div>
   <div class='ocr_carea' id='block_1_49' title="bbox 239 2345 1032 2385">
    <p class='ocr_par' dir='ltr' id='par_1_49' title="bbox 239 2345 1032 2385">
     <span class='ocr_line' id='line_1_49' title="bbox 239 2345 1032 2385; baseline 0.008 -14"><span class='ocrx_word' id='word_1_390' title='bbox 239 2345 328 2372; x_wconf 64' lang='lat' dir='ltr'><strong>edacis</strong></span> <span class='ocrx_word' id='word_1_391' title='bbox 340 2346 353 2373; x_wconf 69' lang='grc' dir='ltr'><strong>ἱλ</strong></span> <span class='ocrx_word' id='word_1_392' title='bbox 365 2346 443 2381; x_wconf 77' lang='lat' dir='ltr'><strong>Atqui</strong></span> <span class='ocrx_word' id='word_1_393' title='bbox 458 2346 480 2374; x_wconf 88' lang='lat' dir='ltr'><strong>si</strong></span> <span class='ocrx_word' id='word_1_394' title='bbox 495 2346 561 2374; x_wconf 87' lang='lat' dir='ltr'><strong>nihil</strong></span> <span class='ocrx_word' id='word_1_395' title='bbox 573 2347 654 2381; x_wconf 80' lang='lat' dir='ltr'><strong>aliud,</strong></span> <span class='ocrx_word' id='word_1_396' title='bbox 664 2353 736 2376; x_wconf 87' lang='lat' dir='ltr'><strong>certe</strong></span> <span class='ocrx_word' id='word_1_397' title='bbox 756 2349 920 2376; x_wconf 85' lang='lat' dir='ltr'><strong>sacerdotem</strong></span> <span class='ocrx_word' id='word_1_398' title='bbox 936 2349 1032 2385; x_wconf 84' lang='lat' dir='ltr'><strong>injuste</strong></span> 
     </span>
    </p>
   </div>
   <div class='ocr_carea' id='block_1_50' title="bbox 239 2389 1032 2431">
    <p class='ocr_par' dir='ltr' id='par_1_50' title="bbox 239 2389 1032 2431">
     <span class='ocr_line' id='line_1_50' title="bbox 239 2389 1032 2431; baseline 0.009 -15"><span class='ocrx_word' id='word_1_399' title='bbox 239 2389 395 2424; x_wconf 78' lang='lat' dir='ltr'><strong>laceratum,</strong></span> <span class='ocrx_word' id='word_1_400' title='bbox 411 2391 540 2426; x_wconf 90' lang='lat' dir='ltr'><strong>producto</strong></span> <span class='ocrx_word' id='word_1_401' title='bbox 555 2392 678 2421; x_wconf 87' lang='lat' dir='ltr'><strong>facinoris</strong></span> <span class='ocrx_word' id='word_1_402' title='bbox 690 2399 809 2426; x_wconf 86' lang='lat' dir='ltr'><strong>auctore,</strong></span> <span class='ocrx_word' id='word_1_403' title='bbox 821 2395 941 2422; x_wconf 87' lang='lat' dir='ltr'><strong>miserari</strong></span> <span class='ocrx_word' id='word_1_404' title='bbox 953 2403 1032 2431; x_wconf 89' lang='lat' dir='ltr'><strong>opor-</strong></span> 
     </span>
    </p>
   </div>
   <div class='ocr_carea' id='block_1_51' title="bbox 239 2436 1032 2476">
    <p class='ocr_par' dir='ltr' id='par_1_51' title="bbox 239 2436 1032 2476">
     <span class='ocr_line' id='line_1_51' title="bbox 239 2436 1032 2476; baseline 0.008 -14"><span class='ocrx_word' id='word_1_405' title='bbox 239 2436 334 2463; x_wconf 85' lang='lat' dir='ltr'><strong>tuit.Et</strong></span> <span class='ocrx_word' id='word_1_406' title='bbox 342 2437 363 2464; x_wconf 86' lang='lat' dir='ltr'><strong>si</strong></span> <span class='ocrx_word' id='word_1_407' title='bbox 372 2437 477 2471; x_wconf 81' lang='lat' dir='ltr'><strong>quidem</strong></span> <span class='ocrx_word' id='word_1_408' title='bbox 488 2438 601 2466; x_wconf 83' lang='lat' dir='ltr'><strong>incendii</strong></span> <span class='ocrx_word' id='word_1_409' title='bbox 611 2439 884 2474; x_wconf 74' lang='lat' dir='ltr'><strong>temporeell‘ugitille,</strong></span> <span class='ocrx_word' id='word_1_410' title='bbox 893 2441 1032 2476; x_wconf 85' lang='lat' dir='ltr'><strong>atquando</strong></span> 
     </span>
    </p>
   </div>
   <div class='ocr_carea' id='block_1_52' title="bbox 239 2482 1029 2522">
    <p class='ocr_par' dir='ltr' id='par_1_52' title="bbox 239 2482 1029 2522">
     <span class='ocr_line' id='line_1_52' title="bbox 239 2482 1029 2522; baseline 0.005 -12"><span class='ocrx_word' id='word_1_411' title='bbox 239 2482 321 2510; x_wconf 87' lang='lat' dir='ltr'><strong>miser</strong></span> <span class='ocrx_word' id='word_1_412' title='bbox 329 2482 372 2509; x_wconf 90' lang='lat' dir='ltr'><strong>illc</strong></span> <span class='ocrx_word' id='word_1_413' title='bbox 383 2490 528 2518; x_wconf 87' lang='lat' dir='ltr'><strong>suspensus</strong></span> <span class='ocrx_word' id='word_1_414' title='bbox 537 2483 617 2511; x_wconf 84' lang='lat' dir='ltr'><strong>latera</strong></span> <span class='ocrx_word' id='word_1_415' title='bbox 630 2485 821 2519; x_wconf 85' lang='lat' dir='ltr'><strong>perfoderetur,</strong></span> <span class='ocrx_word' id='word_1_416' title='bbox 829 2494 942 2521; x_wconf 90' lang='lat' dir='ltr'><strong>cumque</strong></span> <span class='ocrx_word' id='word_1_417' title='bbox 952 2494 1029 2522; x_wconf 77' lang='lat' dir='ltr'><strong>roga-</strong></span> 
     </span>
    </p>
   </div>
   <div class='ocr_carea' id='block_1_53' title="bbox 242 2528 1030 2567">
    <p class='ocr_par' dir='ltr' id='par_1_53' title="bbox 242 2528 1030 2567">
     <span class='ocr_line' id='line_1_53' title="bbox 242 2528 1030 2567; baseline 0.006 -13"><span class='ocrx_word' id='word_1_418' title='bbox 242 2532 285 2555; x_wconf 89' lang='lat' dir='ltr'><strong>tus</strong></span> <span class='ocrx_word' id='word_1_419' title='bbox 307 2528 430 2555; x_wconf 88' lang='lat' dir='ltr'><strong>facinoris</strong></span> <span class='ocrx_word' id='word_1_420' title='bbox 442 2533 577 2556; x_wconf 82' lang='lat' dir='ltr'><strong>auctorem</strong></span> <span class='ocrx_word' id='word_1_421' title='bbox 591 2530 739 2564; x_wconf 86' lang='lat' dir='ltr'><strong>declarare,</strong></span> <span class='ocrx_word' id='word_1_422' title='bbox 754 2539 806 2558; x_wconf 93' lang='lat' dir='ltr'><strong>non</strong></span> <span class='ocrx_word' id='word_1_423' title='bbox 823 2531 934 2559; x_wconf 84' lang='lat' dir='ltr'><strong>haberet</strong></span> <span class='ocrx_word' id='word_1_424' title='bbox 952 2539 1030 2567; x_wconf 88' lang='lat' dir='ltr'><strong>quem</strong></span> 
     </span>
    </p>
   </div>
   <div class='ocr_carea' id='block_1_54' title="bbox 241 2573 1029 2611">
    <p class='ocr_par' dir='ltr' id='par_1_54' title="bbox 241 2573 1029 2611">
     <span class='ocr_line' id='line_1_54' title="bbox 241 2573 1029 2611; baseline 0.006 -12"><span class='ocrx_word' id='word_1_425' title='bbox 241 2573 401 2606; x_wconf 86' lang='lat' dir='ltr'><strong>nominaret,</strong></span> <span class='ocrx_word' id='word_1_426' title='bbox 415 2578 477 2601; x_wconf 92' lang='lat' dir='ltr'><strong>tunc</strong></span> <span class='ocrx_word' id='word_1_427' title='bbox 491 2578 562 2602; x_wconf 86' lang='lat' dir='ltr'><strong>certe</strong></span> <span class='ocrx_word' id='word_1_428' title='bbox 575 2575 670 2603; x_wconf 83' lang='lat' dir='ltr'><strong>sistere</strong></span> <span class='ocrx_word' id='word_1_429' title='bbox 679 2575 856 2604; x_wconf 88' lang='lat' dir='ltr'><strong>facinorosum</strong></span> <span class='ocrx_word' id='word_1_430' title='bbox 869 2577 1029 2611; x_wconf 86' lang='lat' dir='ltr'><strong>producere-</strong></span> 
     </span>
    </p>
   </div>
   <div class='ocr_carea' id='block_1_55' title="bbox 240 2620 1029 2658">
    <p class='ocr_par' dir='ltr' id='par_1_55' title="bbox 240 2620 1029 2658">
     <span class='ocr_line' id='line_1_55' title="bbox 240 2620 1029 2658; baseline 0.006 -13"><span class='ocrx_word' id='word_1_431' title='bbox 240 2627 292 2654; x_wconf 85' lang='lat' dir='ltr'><strong>quc</strong></span> <span class='ocrx_word' id='word_1_432' title='bbox 307 2620 440 2654; x_wconf 90' lang='lat' dir='ltr'><strong>oportuit,</strong></span> <span class='ocrx_word' id='word_1_433' title='bbox 457 2621 499 2648; x_wconf 87' lang='lat' dir='ltr'><strong>vel</strong></span> <span class='ocrx_word' id='word_1_434' title='bbox 513 2621 606 2649; x_wconf 87' lang='lat' dir='ltr'><strong>saltem</strong></span> <span class='ocrx_word' id='word_1_435' title='bbox 621 2621 754 2655; x_wconf 88' lang='lat' dir='ltr'><strong>indicare,</strong></span> <span class='ocrx_word' id='word_1_436' title='bbox 769 2623 791 2649; x_wconf 87' lang='lat' dir='ltr'><strong>si</strong></span> <span class='ocrx_word' id='word_1_437' title='bbox 811 2622 956 2658; x_wconf 89' lang='lat' dir='ltr'><strong>producere</strong></span> <span class='ocrx_word' id='word_1_438' title='bbox 977 2631 1029 2650; x_wconf 91' lang='lat' dir='ltr'><strong>non</strong></span> 
     </span>
    </p>
   </div>
   <div class='ocr_carea' id='block_1_56' title="bbox 242 2665 1030 2703">
    <p class='ocr_par' dir='ltr' id='par_1_56' title="bbox 242 2665 1030 2703">
     <span class='ocr_line' id='line_1_56' title="bbox 242 2665 1030 2703; baseline 0.005 -11"><span class='ocrx_word' id='word_1_439' title='bbox 242 2670 354 2700; x_wconf 75' lang='lat' dir='ltr'><strong>poterat.</strong></span> <span class='ocrx_word' id='word_1_440' title='bbox 369 2665 446 2694; x_wconf 87' lang='lat' dir='ltr'><strong>Nunc</strong></span> <span class='ocrx_word' id='word_1_441' title='bbox 457 2674 521 2695; x_wconf 88' lang='lat' dir='ltr'><strong>vero</strong></span> <span class='ocrx_word' id='word_1_442' title='bbox 534 2668 643 2703; x_wconf 80' lang='lat' dir='ltr'><strong>negligit</strong></span> <span class='ocrx_word' id='word_1_443' title='bbox 655 2668 773 2703; x_wconf 81' lang='lat' dir='ltr'><strong>ingratus</strong></span> <span class='ocrx_word' id='word_1_444' title='bbox 791 2669 940 2696; x_wconf 90' lang='lat' dir='ltr'><strong>ministrum</strong></span> <span class='ocrx_word' id='word_1_445' title='bbox 954 2677 1030 2697; x_wconf 86' lang='lat' dir='ltr'><strong>suum</strong></span> 
     </span>
    </p>
   </div>
   <div class='ocr_carea' id='block_1_57' title="bbox 242 2711 1030 2750">
    <p class='ocr_par' dir='ltr' id='par_1_57' title="bbox 242 2711 1030 2750">
     <span class='ocr_line' id='line_1_57' title="bbox 242 2711 1030 2750; baseline 0.005 -12"><span class='ocrx_word' id='word_1_446' title='bbox 242 2711 338 2745; x_wconf 75' lang='lat' dir='ltr'><strong>injuste</strong></span> <span class='ocrx_word' id='word_1_447' title='bbox 352 2712 511 2740; x_wconf 88' lang='lat' dir='ltr'><strong>lancinatum</strong></span> <span class='ocrx_word' id='word_1_448' title='bbox 527 2713 652 2746; x_wconf 87' lang='lat' dir='ltr'><strong>intuitus,</strong></span> <span class='ocrx_word' id='word_1_449' title='bbox 664 2713 771 2749; x_wconf 80' lang='lat' dir='ltr'><strong>negligit</strong></span> <span class='ocrx_word' id='word_1_450' title='bbox 785 2715 870 2750; x_wconf 87' lang='lat' dir='ltr'><strong>ipsum</strong></span> <span class='ocrx_word' id='word_1_451' title='bbox 885 2715 1030 2750; x_wconf 88' lang='lat' dir='ltr'><strong>Imperato-</strong></span> 
     </span>
    </p>
   </div>
   <div class='ocr_carea' id='block_1_58' title="bbox 242 2758 1029 2796">
    <p class='ocr_par' dir='ltr' id='par_1_58' title="bbox 242 2758 1029 2796">
     <span class='ocr_line' id='line_1_58' title="bbox 242 2758 1029 2796; baseline 0.006 -12"><span class='ocrx_word' id='word_1_452' title='bbox 242 2765 297 2784; x_wconf 83' lang='lat' dir='ltr'><strong>n-m</strong></span> <span class='ocrx_word' id='word_1_453' title='bbox 315 2762 352 2784; x_wconf 89' lang='lat' dir='ltr'><strong>tot</strong></span> <span class='ocrx_word' id='word_1_454' title='bbox 363 2758 477 2786; x_wconf 86' lang='lat' dir='ltr'><strong>victimis</strong></span> <span class='ocrx_word' id='word_1_455' title='bbox 490 2759 573 2787; x_wconf 90' lang='lat' dir='ltr'><strong>risum</strong></span> <span class='ocrx_word' id='word_1_456' title='bbox 588 2759 637 2787; x_wconf 85' lang='lat' dir='ltr'><strong>sibi</strong></span> <span class='ocrx_word' id='word_1_457' title='bbox 653 2765 800 2794; x_wconf 83' lang='lat' dir='ltr'><strong>parantem.</strong></span> <span class='ocrx_word' id='word_1_458' title='bbox 819 2760 955 2796; x_wconf 83' lang='lat' dir='ltr'><strong>Siquidem</strong></span> <span class='ocrx_word' id='word_1_459' title='bbox 968 2769 1029 2789; x_wconf 86' lang='lat' dir='ltr'><strong>eum</strong></span> 
     </span>
    </p>
   </div>
   <div class='ocr_carea' id='block_1_59' title="bbox 271 2824 1032 2859">
    <p class='ocr_par' dir='ltr' id='par_1_59' title="bbox 271 2824 1032 2859">
     <span class='ocr_line' id='line_1_59' title="bbox 271 2824 1032 2859; baseline 0.007 -10"><span class='ocrx_word' id='word_1_460' title='bbox 271 2826 278 2840; x_wconf 81' lang='grc' dir='ltr'><strong>ι</strong></span> <span class='ocrx_word' id='word_1_461' title='bbox 296 2829 332 2859; x_wconf 69' lang='lat' dir='ltr'><strong>sic</strong></span> <span class='ocrx_word' id='word_1_462' title='bbox 342 2825 473 2859; x_wconf 16' lang='lat' dir='ltr'><strong>unus‘Cod.</strong></span> <span class='ocrx_word' id='word_1_463' title='bbox 486 2828 512 2850; x_wconf 88' lang='lat' dir='ltr'><strong>et</strong></span> <span class='ocrx_word' id='word_1_464' title='bbox 525 2824 599 2859; x_wconf 73' lang='lat' dir='ltr'><strong>Savil.</strong></span> <span class='ocrx_word' id='word_1_465' title='bbox 621 2827 646 2851; x_wconf 88' lang='lat' dir='ltr'><strong>in</strong></span> <span class='ocrx_word' id='word_1_466' title='bbox 656 2827 775 2859; x_wconf 80' lang='lat' dir='ltr'><strong>margine.</strong></span> <span class='ocrx_word' id='word_1_467' title='bbox 789 2828 831 2852; x_wconf 81' lang='lat' dir='ltr'><strong>Alii</strong></span> <span class='ocrx_word' id='word_1_468' title='bbox 845 2828 912 2857; x_wconf 85' lang='lat' dir='ltr'><strong>editi.</strong></span> <span class='ocrx_word' id='word_1_469' title='bbox 926 2835 997 2854; x_wconf 81' lang='lat' dir='ltr'><strong>arcus</strong></span> <span class='ocrx_word' id='word_1_470' title='bbox 1008 2831 1032 2854; x_wconf 75' lang='lat' dir='ltr'><strong>et</strong></span> 
     </span>
    </p>
   </div>
   <div class='ocr_carea' id='block_1_60' title="bbox 245 2854 896 2890">
    <p class='ocr_par' dir='ltr' id='par_1_60' title="bbox 245 2854 896 2890">
     <span class='ocr_line' id='line_1_60' title="bbox 245 2854 896 2890; baseline 0.009 -12"><span class='ocrx_word' id='word_1_471' title='bbox 245 2854 380 2882; x_wconf 76' lang='lat' dir='ltr'><strong>c/ia&#39;nircm.</strong></span> <span class='ocrx_word' id='word_1_472' title='bbox 394 2857 429 2882; x_wconf 82' lang='lat' dir='ltr'><strong>sic</strong></span> <span class='ocrx_word' id='word_1_473' title='bbox 441 2857 549 2881; x_wconf 84' lang='lat' dir='ltr'><strong>etiamin</strong></span> <span class='ocrx_word' id='word_1_474' title='bbox 561 2860 595 2887; x_wconf 71' lang='grc' dir='ltr'><strong>Β..</strong></span> <span class='ocrx_word' id='word_1_475' title='bbox 605 2863 660 2890; x_wconf 78' lang='lat' dir='ltr'><strong>qua:</strong></span> <span class='ocrx_word' id='word_1_476' title='bbox 669 2854 742 2883; x_wconf 73' lang='lat' dir='ltr'><strong>leciio</strong></span> <span class='ocrx_word' id='word_1_477' title='bbox 750 2858 838 2883; x_wconf 83' lang='lat' dir='ltr'><strong>absona</strong></span> <span class='ocrx_word' id='word_1_478' title='bbox 850 2863 896 2884; x_wconf 77' lang='lat' dir='ltr'><strong>est.</strong></span> 
     </span>
    </p>
   </div>
   <div class='ocr_carea' id='block_1_61' title="bbox 616 133 1516 164">
    <p class='ocr_par' dir='ltr' id='par_1_61' title="bbox 616 133 1516 164">
     <span class='ocr_line' id='line_1_61' title="bbox 616 133 1516 164; baseline -0.002 -1"><span class='ocrx_word' id='word_1_479' title='bbox 616 134 645 163; x_wconf 92' lang='lat' dir='ltr'><strong>S.</strong></span> <span class='ocrx_word' id='word_1_480' title='bbox 665 133 803 163; x_wconf 75' lang='lat' dir='ltr'><strong>JOANNIS</strong></span> <span class='ocrx_word' id='word_1_481' title='bbox 815 134 1052 164; x_wconf 70' lang='lat' dir='ltr'><strong>CIIRYSOS&#39;I&#39;OMI</strong></span> <span class='ocrx_word' id='word_1_482' title='bbox 1071 134 1230 164; x_wconf 78' lang='lat' dir='ltr'><strong>ARCHIEP.</strong></span> <span class='ocrx_word' id='word_1_483' title='bbox 1250 133 1516 162; x_wconf 77' lang='lat' dir='ltr'><strong>CONSTANTINOP.</strong></span> 
     </span>
    </p>
   </div>
   <div class='ocr_carea' id='block_1_62' title="bbox 1819 134 1874 161">
    <p class='ocr_par' dir='ltr' id='par_1_62' title="bbox 1819 134 1874 161">
     <span class='ocr_line' id='line_1_62' title="bbox 1819 134 1874 161; baseline 0 0"><span class='ocrx_word' id='word_1_484' title='bbox 1819 134 1874 161; x_wconf 63' lang='grc' dir='ltr'><strong>εει</strong></span> 
     </span>
    </p>
   </div>
   <div class='ocr_carea' id='block_1_63' title="bbox 1079 191 1876 227">
    <p class='ocr_par' dir='ltr' id='par_1_63' title="bbox 1079 191 1876 227">
     <span class='ocr_line' id='line_1_63' title="bbox 1079 191 1876 227; baseline 0 -8"><span class='ocrx_word' id='word_1_485' title='bbox 1079 200 1128 221; x_wconf 89' lang='lat' dir='ltr'><strong>ceu</strong></span> <span class='ocrx_word' id='word_1_486' title='bbox 1143 193 1270 221; x_wconf 87' lang='lat' dir='ltr'><strong>furiosum</strong></span> <span class='ocrx_word' id='word_1_487' title='bbox 1292 198 1319 220; x_wconf 90' lang='lat' dir='ltr'><strong>et</strong></span> <span class='ocrx_word' id='word_1_488' title='bbox 1342 198 1432 220; x_wconf 87' lang='lat' dir='ltr'><strong>mente</strong></span> <span class='ocrx_word' id='word_1_489' title='bbox 1455 196 1560 227; x_wconf 88' lang='lat' dir='ltr'><strong>captum</strong></span> <span class='ocrx_word' id='word_1_490' title='bbox 1582 198 1677 218; x_wconf 87' lang='lat' dir='ltr'><strong>omnes</strong></span> <span class='ocrx_word' id='word_1_491' title='bbox 1695 191 1876 225; x_wconf 82' lang='lat' dir='ltr'><strong>deridebant,</strong></span> 
     </span>
    </p>
   </div>
   <div class='ocr_carea' id='block_1_64' title="bbox 1078 237 1876 271">
    <p class='ocr_par' dir='ltr' id='par_1_64' title="bbox 1078 237 1876 271">
     <span class='ocr_line' id='line_1_64' title="bbox 1078 237 1876 271; baseline -0.001 -5"><span class='ocrx_word' id='word_1_492' title='bbox 1078 246 1139 266; x_wconf 87' lang='lat' dir='ltr'><strong>cum</strong></span> <span class='ocrx_word' id='word_1_493' title='bbox 1153 239 1219 266; x_wconf 89' lang='lat' dir='ltr'><strong>iram</strong></span> <span class='ocrx_word' id='word_1_494' title='bbox 1243 246 1318 266; x_wconf 81' lang='lat' dir='ltr'><strong>suam</strong></span> <span class='ocrx_word' id='word_1_495' title='bbox 1339 239 1366 265; x_wconf 88' lang='lat' dir='ltr'><strong>in</strong></span> <span class='ocrx_word' id='word_1_496' title='bbox 1390 238 1515 265; x_wconf 88' lang='lat' dir='ltr'><strong>miserum</strong></span> <span class='ocrx_word' id='word_1_497' title='bbox 1536 237 1610 264; x_wconf 90' lang='lat' dir='ltr'><strong>illum</strong></span> <span class='ocrx_word' id='word_1_498' title='bbox 1628 237 1788 264; x_wconf 79' lang='lat' dir='ltr'><strong>effunderct.</strong></span> <span class='ocrx_word' id='word_1_499' title='bbox 1801 237 1876 271; x_wconf 71' lang='lat' dir='ltr'><strong>Quo-</strong></span> 
     </span>
    </p>
   </div>
   <div class='ocr_carea' id='block_1_65' title="bbox 1079 283 1876 319">
    <p class='ocr_par' dir='ltr' id='par_1_65' title="bbox 1079 283 1876 319">
     <span class='ocr_line' id='line_1_65' title="bbox 1079 283 1876 319; baseline -0.004 -7"><span class='ocrx_word' id='word_1_500' title='bbox 1079 283 1158 312; x_wconf 90' lang='lat' dir='ltr'><strong>modo</strong></span> <span class='ocrx_word' id='word_1_501' title='bbox 1171 287 1260 312; x_wconf 88' lang='lat' dir='ltr'><strong>autem</strong></span> <span class='ocrx_word' id='word_1_502' title='bbox 1275 283 1298 310; x_wconf 82' lang='lat' dir='ltr'><strong>is</strong></span> <span class='ocrx_word' id='word_1_503' title='bbox 1318 284 1363 319; x_wconf 92' lang='lat' dir='ltr'><strong>qui</strong></span> <span class='ocrx_word' id='word_1_504' title='bbox 1377 283 1547 318; x_wconf 89' lang='lat' dir='ltr'><strong>Imperatoris</strong></span> <span class='ocrx_word' id='word_1_505' title='bbox 1567 283 1654 309; x_wconf 89' lang='lat' dir='ltr'><strong>adhuc</strong></span> <span class='ocrx_word' id='word_1_506' title='bbox 1667 283 1758 317; x_wconf 88' lang='lat' dir='ltr'><strong>procul</strong></span> <span class='ocrx_word' id='word_1_507' title='bbox 1772 284 1876 318; x_wconf 71' lang='lat' dir='ltr'><strong>agentis</strong></span> 
     </span>
    </p>
   </div>
   <div class='ocr_carea' id='block_1_66' title="bbox 1079 327 1877 364">
    <p class='ocr_par' dir='ltr' id='par_1_66' title="bbox 1079 327 1877 364">
     <span class='ocr_line' id='line_1_66' title="bbox 1079 327 1877 364; baseline 0 -8"><span class='ocrx_word' id='word_1_508' title='bbox 1079 329 1222 357; x_wconf 83' lang='lat' dir='ltr'><strong>adventum</strong></span> <span class='ocrx_word' id='word_1_509' title='bbox 1239 329 1401 364; x_wconf 64' lang='lat' dir='ltr'><strong>pcatdicebat</strong></span> <span class='ocrx_word' id='word_1_510' title='bbox 1414 330 1423 363; x_wconf 87' lang='lat'><strong>(</strong></span> <span class='ocrx_word' id='word_1_511' title='bbox 1436 336 1496 355; x_wconf 88' lang='lat' dir='ltr'><strong>nam</strong></span> <span class='ocrx_word' id='word_1_512' title='bbox 1518 333 1546 355; x_wconf 87' lang='lat' dir='ltr'><strong>et</strong></span> <span class='ocrx_word' id='word_1_513' title='bbox 1560 327 1623 355; x_wconf 90' lang='lat' dir='ltr'><strong>illud</strong></span> <span class='ocrx_word' id='word_1_514' title='bbox 1642 328 1766 363; x_wconf 88' lang='lat' dir='ltr'><strong>superius</strong></span> <span class='ocrx_word' id='word_1_515' title='bbox 1783 328 1877 363; x_wconf 51' lang='lat' dir='ltr'><strong>Mens</strong></span> 
     </span>
    </p>
   </div>
   <div class='ocr_carea' id='block_1_67' title="bbox 1079 373 1877 410">
    <p class='ocr_par' dir='ltr' id='par_1_67' title="bbox 1079 373 1877 410">
     <span class='ocr_line' id='line_1_67' title="bbox 1079 373 1877 410; baseline 0 -8"><span class='ocrx_word' id='word_1_516' title='bbox 1079 374 1220 410; x_wconf 86' lang='lat' dir='ltr'><strong>dicebas),</strong></span> <span class='ocrx_word' id='word_1_517' title='bbox 1234 382 1295 402; x_wconf 87' lang='lat' dir='ltr'><strong>eum</strong></span> <span class='ocrx_word' id='word_1_518' title='bbox 1310 374 1354 409; x_wconf 90' lang='lat' dir='ltr'><strong>qui</strong></span> <span class='ocrx_word' id='word_1_519' title='bbox 1369 374 1488 408; x_wconf 75' lang='lat' dir='ltr'><strong>proxime</strong></span> <span class='ocrx_word' id='word_1_520' title='bbox 1499 373 1587 401; x_wconf 89' lang='lat' dir='ltr'><strong>stabat</strong></span> <span class='ocrx_word' id='word_1_521' title='bbox 1598 381 1680 408; x_wconf 87' lang='lat' dir='ltr'><strong>seque</strong></span> <span class='ocrx_word' id='word_1_522' title='bbox 1700 374 1877 402; x_wconf 82' lang='lat' dir='ltr'><strong>comburebat</strong></span> 
     </span>
    </p>
   </div>
   <div class='ocr_carea' id='block_1_68' title="bbox 1080 419 1874 455">
    <p class='ocr_par' dir='ltr' id='par_1_68' title="bbox 1080 419 1874 455">
     <span class='ocr_line' id='line_1_68' title="bbox 1080 419 1874 455; baseline -0.001 -7"><span class='ocrx_word' id='word_1_523' title='bbox 1080 428 1133 448; x_wconf 86' lang='lat' dir='ltr'><strong>non</strong></span> <span class='ocrx_word' id='word_1_524' title='bbox 1155 420 1238 448; x_wconf 76' lang='lat' dir='ltr'><strong>vidit?</strong></span> <span class='ocrx_word' id='word_1_525' title='bbox 1251 421 1414 455; x_wconf 80' lang='lat' dir='ltr'><strong>Quamquam</strong></span> <span class='ocrx_word' id='word_1_526' title='bbox 1436 424 1464 447; x_wconf 88' lang='lat' dir='ltr'><strong>et</strong></span> <span class='ocrx_word' id='word_1_527' title='bbox 1484 420 1558 447; x_wconf 90' lang='lat' dir='ltr'><strong>illum</strong></span> <span class='ocrx_word' id='word_1_528' title='bbox 1575 424 1660 447; x_wconf 84' lang='lat' dir='ltr'><strong>vatem</strong></span> <span class='ocrx_word' id='word_1_529' title='bbox 1687 427 1747 447; x_wconf 81' lang='lat' dir='ltr'><strong>esse</strong></span> <span class='ocrx_word' id='word_1_530' title='bbox 1766 419 1874 452; x_wconf 83' lang='lat' dir='ltr'><strong>dicitis,</strong></span> 
     </span>
    </p>
   </div>
   <div class='ocr_carea' id='block_1_69' title="bbox 1080 465 1876 501">
    <p class='ocr_par' dir='ltr' id='par_1_69' title="bbox 1080 465 1876 501">
     <span class='ocr_line' id='line_1_69' title="bbox 1080 465 1876 501; baseline 0 -8"><span class='ocrx_word' id='word_1_531' title='bbox 1080 467 1198 501; x_wconf 86' lang='lat' dir='ltr'><strong>aliasque</strong></span> <span class='ocrx_word' id='word_1_532' title='bbox 1209 466 1266 493; x_wconf 91' lang='lat' dir='ltr'><strong>aliis</strong></span> <span class='ocrx_word' id='word_1_533' title='bbox 1281 466 1332 493; x_wconf 90' lang='lat' dir='ltr'><strong>diis</strong></span> <span class='ocrx_word' id='word_1_534' title='bbox 1342 466 1438 493; x_wconf 87' lang='lat' dir='ltr'><strong>vestris</strong></span> <span class='ocrx_word' id='word_1_535' title='bbox 1447 486 1454 497; x_wconf 96' lang='lat'><strong>,</strong></span> <span class='ocrx_word' id='word_1_536' title='bbox 1469 469 1604 501; x_wconf 86' lang='lat' dir='ltr'><strong>tamquam</strong></span> <span class='ocrx_word' id='word_1_537' title='bbox 1618 465 1770 493; x_wconf 82' lang='lat' dir='ltr'><strong>hominibus</strong></span> <span class='ocrx_word' id='word_1_538' title='bbox 1781 486 1794 499; x_wconf 76' lang='lat'><strong>,</strong></span> <span class='ocrx_word' id='word_1_539' title='bbox 1805 471 1876 494; x_wconf 84' lang='lat' dir='ltr'><strong>artes</strong></span> 
     </span>
    </p>
   </div>
   <div class='ocr_carea' id='block_1_70' title="bbox 1080 511 1872 548">
    <p class='ocr_par' dir='ltr' id='par_1_70' title="bbox 1080 511 1872 548">
     <span class='ocr_line' id='line_1_70' title="bbox 1080 511 1872 548; baseline -0.001 -8"><span class='ocrx_word' id='word_1_540' title='bbox 1080 513 1240 548; x_wconf 79' lang='lat' dir='ltr'><strong>assignatis:</strong></span> <span class='ocrx_word' id='word_1_541' title='bbox 1259 512 1296 539; x_wconf 76' lang='lat' dir='ltr'><strong>itii</strong></span> <span class='ocrx_word' id='word_1_542' title='bbox 1318 512 1478 539; x_wconf 80' lang='lat' dir='ltr'><strong>vaticinandi</strong></span> <span class='ocrx_word' id='word_1_543' title='bbox 1501 511 1652 539; x_wconf 79' lang='lat' dir='ltr'><strong>facultatem</strong></span> <span class='ocrx_word' id='word_1_544' title='bbox 1677 511 1872 547; x_wconf 81' lang='lat' dir='ltr'><strong>adscripsistis.</strong></span> 
     </span>
    </p>
   </div>
   <div class='ocr_carea' id='block_1_71' title="bbox 1081 558 1874 586">
    <p class='ocr_par' dir='ltr' id='par_1_71' title="bbox 1081 558 1874 586">
     <span class='ocr_line' id='line_1_71' title="bbox 1081 558 1874 586; baseline 0.001 -1"><span class='ocrx_word' id='word_1_545' title='bbox 1081 566 1130 585; x_wconf 89' lang='lat' dir='ltr'><strong>nec</strong></span> <span class='ocrx_word' id='word_1_546' title='bbox 1146 563 1232 586; x_wconf 82' lang='lat' dir='ltr'><strong>tamen</strong></span> <span class='ocrx_word' id='word_1_547' title='bbox 1246 566 1307 586; x_wconf 90' lang='lat' dir='ltr'><strong>eum</strong></span> <span class='ocrx_word' id='word_1_548' title='bbox 1326 563 1413 586; x_wconf 90' lang='lat' dir='ltr'><strong>tecum</strong></span> <span class='ocrx_word' id='word_1_549' title='bbox 1427 562 1512 585; x_wconf 69' lang='lat' dir='ltr'><strong>artem</strong></span> <span class='ocrx_word' id='word_1_550' title='bbox 1527 565 1603 585; x_wconf 85' lang='lat' dir='ltr'><strong>suam</strong></span> <span class='ocrx_word' id='word_1_551' title='bbox 1616 558 1817 586; x_wconf 75' lang='lat' dir='ltr'><strong>communicare</strong></span> <span class='ocrx_word' id='word_1_552' title='bbox 1831 566 1874 586; x_wconf 77' lang='grc'><strong>1⁵0·</strong></span> 
     </span>
    </p>
   </div>
   <div class='ocr_carea' id='block_1_72' title="bbox 1079 603 1875 640">
    <p class='ocr_par' dir='ltr' id='par_1_72' title="bbox 1079 603 1875 640">
     <span class='ocr_line' id='line_1_72' title="bbox 1079 603 1875 640; baseline 0.001 -9"><span class='ocrx_word' id='word_1_553' title='bbox 1079 611 1137 639; x_wconf 73' lang='lat' dir='ltr'><strong>gas.</strong></span> <span class='ocrx_word' id='word_1_554' title='bbox 1153 604 1292 638; x_wconf 78' lang='lat' dir='ltr'><strong>Quomodo</strong></span> <span class='ocrx_word' id='word_1_555' title='bbox 1307 603 1426 639; x_wconf 83' lang='lat' dir='ltr'><strong>proprias</strong></span> <span class='ocrx_word' id='word_1_556' title='bbox 1448 611 1500 632; x_wconf 92' lang='lat' dir='ltr'><strong>non</strong></span> <span class='ocrx_word' id='word_1_557' title='bbox 1515 604 1589 631; x_wconf 90' lang='lat' dir='ltr'><strong>novit</strong></span> <span class='ocrx_word' id='word_1_558' title='bbox 1605 604 1771 632; x_wconf 78' lang='lat' dir='ltr'><strong>calamitates</strong></span> <span class='ocrx_word' id='word_1_559' title='bbox 1782 625 1790 637; x_wconf 98' lang='lat'><strong>,</strong></span> <span class='ocrx_word' id='word_1_560' title='bbox 1807 606 1875 640; x_wconf 90' lang='lat' dir='ltr'><strong>quod</strong></span> 
     </span>
    </p>
   </div>
   <div class='ocr_carea' id='block_1_73' title="bbox 1081 649 1876 685">
    <p class='ocr_par' dir='ltr' id='par_1_73' title="bbox 1081 649 1876 685">
     <span class='ocr_line' id='line_1_73' title="bbox 1081 649 1876 685; baseline -0.001 -8"><span class='ocrx_word' id='word_1_561' title='bbox 1081 657 1116 677; x_wconf 84' lang='lat' dir='ltr'><strong>ne</strong></span> <span class='ocrx_word' id='word_1_562' title='bbox 1137 650 1306 685; x_wconf 83' lang='lat' dir='ltr'><strong>vir-quidem</strong></span> <span class='ocrx_word' id='word_1_563' title='bbox 1327 649 1485 685; x_wconf 78' lang='lat' dir='ltr'><strong>ignoraret?</strong></span> <span class='ocrx_word' id='word_1_564' title='bbox 1500 650 1596 676; x_wconf 77' lang='lat' dir='ltr'><strong>Annon</strong></span> <span class='ocrx_word' id='word_1_565' title='bbox 1617 650 1729 677; x_wconf 83' lang='lat' dir='ltr'><strong>fortasse</strong></span> <span class='ocrx_word' id='word_1_566' title='bbox 1751 649 1876 677; x_wconf 70' lang='lat' dir='ltr'><strong>dormivit</strong></span> 
     </span>
    </p>
   </div>
   <div class='ocr_carea' id='block_1_74' title="bbox 1081 695 1876 731">
    <p class='ocr_par' dir='ltr' id='par_1_74' title="bbox 1081 695 1876 731">
     <span class='ocr_line' id='line_1_74' title="bbox 1081 695 1876 731; baseline -0.003 -7"><span class='ocrx_word' id='word_1_567' title='bbox 1081 704 1141 724; x_wconf 94' lang='lat' dir='ltr'><strong>cum</strong></span> <span class='ocrx_word' id='word_1_568' title='bbox 1164 697 1231 731; x_wconf 82' lang='lat' dir='ltr'><strong>ignis</strong></span> <span class='ocrx_word' id='word_1_569' title='bbox 1252 696 1464 724; x_wconf 84' lang='lat' dir='ltr'><strong>accenderetur?</strong></span> <span class='ocrx_word' id='word_1_570' title='bbox 1480 695 1515 723; x_wconf 83' lang='lat' dir='ltr'><strong>At</strong></span> <span class='ocrx_word' id='word_1_571' title='bbox 1530 703 1582 722; x_wconf 91' lang='lat' dir='ltr'><strong>non</strong></span> <span class='ocrx_word' id='word_1_572' title='bbox 1599 696 1634 722; x_wconf 86' lang='lat' dir='ltr'><strong>ita</strong></span> <span class='ocrx_word' id='word_1_573' title='bbox 1656 703 1751 723; x_wconf 88' lang='lat' dir='ltr'><strong>sensus</strong></span> <span class='ocrx_word' id='word_1_574' title='bbox 1765 703 1876 731; x_wconf 79' lang='lat' dir='ltr'><strong>exspcrs</strong></span> 
     </span>
    </p>
   </div>
   <div class='ocr_carea' id='block_1_75' title="bbox 1081 742 1876 777">
    <p class='ocr_par' dir='ltr' id='par_1_75' title="bbox 1081 742 1876 777">
     <span class='ocr_line' id='line_1_75' title="bbox 1081 742 1876 777; baseline -0.003 -7"><span class='ocrx_word' id='word_1_575' title='bbox 1081 747 1122 770; x_wconf 89' lang='lat' dir='ltr'><strong>cst</strong></span> <span class='ocrx_word' id='word_1_576' title='bbox 1132 764 1138 772; x_wconf 80' lang='lat'><strong>.</strong></span> <span class='ocrx_word' id='word_1_577' title='bbox 1150 748 1179 770; x_wconf 91' lang='lat' dir='ltr'><strong>ut</strong></span> <span class='ocrx_word' id='word_1_578' title='bbox 1192 742 1297 770; x_wconf 85' lang='lat' dir='ltr'><strong>admota</strong></span> <span class='ocrx_word' id='word_1_579' title='bbox 1313 742 1418 770; x_wconf 83' lang='lat' dir='ltr'><strong>ﬂamma</strong></span> <span class='ocrx_word' id='word_1_580' title='bbox 1434 749 1486 769; x_wconf 92' lang='lat' dir='ltr'><strong>non</strong></span> <span class='ocrx_word' id='word_1_581' title='bbox 1509 742 1599 768; x_wconf 85' lang='lat' dir='ltr'><strong>statim</strong></span> <span class='ocrx_word' id='word_1_582' title='bbox 1619 746 1727 777; x_wconf 77' lang='lat' dir='ltr'><strong>surgat,</strong></span> <span class='ocrx_word' id='word_1_583' title='bbox 1742 747 1769 770; x_wconf 88' lang='lat' dir='ltr'><strong>et</strong></span> <span class='ocrx_word' id='word_1_584' title='bbox 1783 742 1876 769; x_wconf 81' lang='lat' dir='ltr'><strong>admo-</strong></span> 
     </span>
    </p>
   </div>
   <div class='ocr_carea' id='block_1_76' title="bbox 1083 787 1874 823">
    <p class='ocr_par' dir='ltr' id='par_1_76' title="bbox 1083 787 1874 823">
     <span class='ocr_line' id='line_1_76' title="bbox 1083 787 1874 823; baseline 0 -9"><span class='ocrx_word' id='word_1_585' title='bbox 1083 793 1188 816; x_wconf 79' lang='lat' dir='ltr'><strong>ventem</strong></span> <span class='ocrx_word' id='word_1_586' title='bbox 1200 788 1418 823; x_wconf 87' lang='lat' dir='ltr'><strong>comprehendat.</strong></span> <span class='ocrx_word' id='word_1_587' title='bbox 1434 787 1503 814; x_wconf 70' lang='lat' dir='ltr'><strong>Vere</strong></span> <span class='ocrx_word' id='word_1_588' title='bbox 1518 787 1600 815; x_wconf 69' lang='lat' dir='ltr'><strong>Graeci</strong></span> <span class='ocrx_word' id='word_1_589' title='bbox 1619 795 1717 823; x_wconf 85' lang='lat' dir='ltr'><strong>semper</strong></span> <span class='ocrx_word' id='word_1_590' title='bbox 1729 789 1815 823; x_wconf 73' lang='lat' dir='ltr'><strong>pueri.</strong></span> <span class='ocrx_word' id='word_1_591' title='bbox 1836 796 1874 814; x_wconf 86' lang='lat' dir='ltr'><strong>se-</strong></span> 
     </span>
    </p>
   </div>
   <div class='ocr_carea' id='block_1_77' title="bbox 1082 832 1876 868">
    <p class='ocr_par' dir='ltr' id='par_1_77' title="bbox 1082 832 1876 868">
     <span class='ocr_line' id='line_1_77' title="bbox 1082 832 1876 868; baseline 0 -8"><span class='ocrx_word' id='word_1_592' title='bbox 1082 841 1130 860; x_wconf 77' lang='lat' dir='ltr'><strong>nea:</strong></span> <span class='ocrx_word' id='word_1_593' title='bbox 1145 833 1246 861; x_wconf 75' lang='lat' dir='ltr'><strong>Griecus</strong></span> <span class='ocrx_word' id='word_1_594' title='bbox 1268 841 1340 860; x_wconf 85' lang='lat' dir='ltr'><strong>nemo</strong></span> <span class='ocrx_word' id='word_1_595' title='bbox 1354 832 1402 868; x_wconf 80' lang='grc' dir='ltr'><strong>(α).</strong></span> <span class='ocrx_word' id='word_1_596' title='bbox 1418 832 1485 860; x_wconf 86' lang='lat' dir='ltr'><strong>Cum</strong></span> <span class='ocrx_word' id='word_1_597' title='bbox 1498 833 1569 860; x_wconf 87' lang='lat' dir='ltr'><strong>enim</strong></span> <span class='ocrx_word' id='word_1_598' title='bbox 1584 833 1720 868; x_wconf 86' lang='lat' dir='ltr'><strong>propriam</strong></span> <span class='ocrx_word' id='word_1_599' title='bbox 1735 832 1876 867; x_wconf 75' lang='lat' dir='ltr'><strong>deplorare</strong></span> 
     </span>
    </p>
   </div>
   <div class='ocr_carea' id='block_1_78' title="bbox 1081 878 1876 914">
    <p class='ocr_par' dir='ltr' id='par_1_78' title="bbox 1081 878 1876 914">
     <span class='ocr_line' id='line_1_78' title="bbox 1081 878 1876 914; baseline -0.001 -8"><span class='ocrx_word' id='word_1_600' title='bbox 1081 879 1220 907; x_wconf 83' lang='lat' dir='ltr'><strong>stultitiam</strong></span> <span class='ocrx_word' id='word_1_601' title='bbox 1242 882 1393 914; x_wconf 83' lang='lat' dir='ltr'><strong>oporteretl</strong></span> <span class='ocrx_word' id='word_1_602' title='bbox 1405 878 1477 913; x_wconf 90' lang='lat' dir='ltr'><strong>quod</strong></span> <span class='ocrx_word' id='word_1_603' title='bbox 1499 878 1564 913; x_wconf 86' lang='lat' dir='ltr'><strong>ipsis</strong></span> <span class='ocrx_word' id='word_1_604' title='bbox 1583 878 1663 905; x_wconf 87' lang='lat' dir='ltr'><strong>etiam</strong></span> <span class='ocrx_word' id='word_1_605' title='bbox 1677 878 1758 906; x_wconf 88' lang='lat' dir='ltr'><strong>rebus</strong></span> <span class='ocrx_word' id='word_1_606' title='bbox 1778 878 1876 906; x_wconf 69' lang='lat' dir='ltr'><strong>daemo-</strong></span> 
     </span>
    </p>
   </div>
   <div class='ocr_carea' id='block_1_79' title="bbox 1083 924 1878 959">
    <p class='ocr_par' dir='ltr' id='par_1_79' title="bbox 1083 924 1878 959">
     <span class='ocr_line' id='line_1_79' title="bbox 1083 924 1878 959; baseline -0.001 -7"><span class='ocrx_word' id='word_1_607' title='bbox 1083 933 1146 952; x_wconf 93' lang='lat' dir='ltr'><strong>num</strong></span> <span class='ocrx_word' id='word_1_608' title='bbox 1162 924 1292 952; x_wconf 86' lang='lat' dir='ltr'><strong>fallaciam</strong></span> <span class='ocrx_word' id='word_1_609' title='bbox 1305 924 1525 957; x_wconf 81' lang='lat' dir='ltr'><strong>inclamanlihus,</strong></span> <span class='ocrx_word' id='word_1_610' title='bbox 1541 931 1626 959; x_wconf 86' lang='lat' dir='ltr'><strong>neque</strong></span> <span class='ocrx_word' id='word_1_611' title='bbox 1637 924 1677 952; x_wconf 86' lang='lat' dir='ltr'><strong>sic</strong></span> <span class='ocrx_word' id='word_1_612' title='bbox 1690 924 1816 958; x_wconf 85' lang='lat' dir='ltr'><strong>resilitis,</strong></span> <span class='ocrx_word' id='word_1_613' title='bbox 1830 925 1878 952; x_wconf 83' lang='lat' dir='ltr'><strong>sed</strong></span> 
     </span>
    </p>
   </div>
   <div class='ocr_carea' id='block_1_80' title="bbox 1083 970 1877 1006">
    <p class='ocr_par' dir='ltr' id='par_1_80' title="bbox 1083 970 1877 1006">
     <span class='ocr_line' id='line_1_80' title="bbox 1083 970 1877 1006; baseline 0 -9"><span class='ocrx_word' id='word_1_614' title='bbox 1083 978 1130 999; x_wconf 83' lang='lat' dir='ltr'><strong>vos</strong></span> <span class='ocrx_word' id='word_1_615' title='bbox 1145 971 1172 998; x_wconf 92' lang='lat' dir='ltr'><strong>in</strong></span> <span class='ocrx_word' id='word_1_616' title='bbox 1187 970 1333 1006; x_wconf 85' lang='lat' dir='ltr'><strong>perniciem</strong></span> <span class='ocrx_word' id='word_1_617' title='bbox 1343 970 1482 1003; x_wconf 84' lang='lat' dir='ltr'><strong>dedentes,</strong></span> <span class='ocrx_word' id='word_1_618' title='bbox 1499 975 1668 1005; x_wconf 86' lang='lat' dir='ltr'><strong>vestramque</strong></span> <span class='ocrx_word' id='word_1_619' title='bbox 1681 970 1828 1005; x_wconf 85' lang='lat' dir='ltr'><strong>prodentes</strong></span> <span class='ocrx_word' id='word_1_620' title='bbox 1839 978 1877 997; x_wconf 83' lang='lat' dir='ltr'><strong>sa-</strong></span> 
     </span>
    </p>
   </div>
   <div class='ocr_carea' id='block_1_81' title="bbox 1083 1015 1878 1052">
    <p class='ocr_par' dir='ltr' id='par_1_81' title="bbox 1083 1015 1878 1052">
     <span class='ocr_line' id='line_1_81' title="bbox 1083 1015 1878 1052; baseline -0.003 -8"><span class='ocrx_word' id='word_1_621' title='bbox 1083 1016 1176 1050; x_wconf 90' lang='lat' dir='ltr'><strong>lutem,</strong></span> <span class='ocrx_word' id='word_1_622' title='bbox 1191 1018 1273 1044; x_wconf 85' lang='lat' dir='ltr'><strong>instar</strong></span> <span class='ocrx_word' id='word_1_623' title='bbox 1286 1016 1417 1052; x_wconf 89' lang='lat' dir='ltr'><strong>pecudum</strong></span> <span class='ocrx_word' id='word_1_624' title='bbox 1428 1015 1608 1052; x_wconf 73' lang='lat' dir='ltr'><strong>aguniiii,lqiio</strong></span> <span class='ocrx_word' id='word_1_625' title='bbox 1621 1015 1658 1042; x_wconf 89' lang='lat' dir='ltr'><strong>illi</strong></span> <span class='ocrx_word' id='word_1_626' title='bbox 1669 1015 1770 1043; x_wconf 90' lang='lat' dir='ltr'><strong>ducere</strong></span> <span class='ocrx_word' id='word_1_627' title='bbox 1783 1015 1878 1048; x_wconf 77' lang='lat' dir='ltr'><strong>velint,</strong></span> 
     </span>
    </p>
   </div>
   <div class='ocr_carea' id='block_1_82' title="bbox 1082 1061 1878 1098">
    <p class='ocr_par' dir='ltr' id='par_1_82' title="bbox 1082 1061 1878 1098">
     <span class='ocr_line' id='line_1_82' title="bbox 1082 1061 1878 1098; baseline -0.001 -8"><span class='ocrx_word' id='word_1_628' title='bbox 1082 1062 1127 1098; x_wconf 86' lang='lat' dir='ltr'><strong>qui</strong></span> <span class='ocrx_word' id='word_1_629' title='bbox 1141 1061 1265 1090; x_wconf 86' lang='lat' dir='ltr'><strong>sedentes</strong></span> <span class='ocrx_word' id='word_1_630' title='bbox 1284 1067 1433 1090; x_wconf 85' lang='lat' dir='ltr'><strong>statuarum</strong></span> <span class='ocrx_word' id='word_1_631' title='bbox 1446 1062 1557 1090; x_wconf 81' lang='lat' dir='ltr'><strong>exitium</strong></span> <span class='ocrx_word' id='word_1_632' title='bbox 1579 1061 1686 1097; x_wconf 72' lang='lat' dir='ltr'><strong>lugetis.</strong></span> <span class='ocrx_word' id='word_1_633' title='bbox 1702 1061 1742 1089; x_wconf 87' lang='lat' dir='ltr'><strong>Tu</strong></span> <span class='ocrx_word' id='word_1_634' title='bbox 1757 1069 1823 1089; x_wconf 84' lang='lat' dir='ltr'><strong>vero</strong></span> <span class='ocrx_word' id='word_1_635' title='bbox 1837 1069 1878 1089; x_wconf 78' lang='lat' dir='ltr'><strong>ar-</strong></span> 
     </span>
    </p>
   </div>
   <div class='ocr_carea' id='block_1_83' title="bbox 1082 1107 1876 1144">
    <p class='ocr_par' dir='ltr' id='par_1_83' title="bbox 1082 1107 1876 1144">
     <span class='ocr_line' id='line_1_83' title="bbox 1082 1107 1876 1144; baseline -0.003 -7"><span class='ocrx_word' id='word_1_636' title='bbox 1082 1117 1144 1137; x_wconf 89' lang='lat' dir='ltr'><strong>cum</strong></span> <span class='ocrx_word' id='word_1_637' title='bbox 1164 1109 1282 1144; x_wconf 79' lang='lat' dir='ltr'><strong>ﬂagitas,</strong></span> <span class='ocrx_word' id='word_1_638' title='bbox 1298 1109 1416 1144; x_wconf 86' lang='lat' dir='ltr'><strong>nihilque</strong></span> <span class='ocrx_word' id='word_1_639' title='bbox 1433 1108 1526 1136; x_wconf 78' lang='lat' dir='ltr'><strong>differs</strong></span> <span class='ocrx_word' id='word_1_640' title='bbox 1544 1107 1578 1136; x_wconf 82' lang='lat' dir='ltr'><strong>ab</strong></span> <span class='ocrx_word' id='word_1_641' title='bbox 1591 1116 1634 1141; x_wconf 89' lang='lat' dir='ltr'><strong>eo,</strong></span> <span class='ocrx_word' id='word_1_642' title='bbox 1649 1109 1694 1143; x_wconf 92' lang='lat' dir='ltr'><strong>qui</strong></span> <span class='ocrx_word' id='word_1_643' title='bbox 1708 1108 1767 1135; x_wconf 59' lang='lat' dir='ltr'><strong>hanc</strong></span> <span class='ocrx_word' id='word_1_644' title='bbox 1782 1108 1809 1135; x_wconf 92' lang='lat' dir='ltr'><strong>in</strong></span> <span class='ocrx_word' id='word_1_645' title='bbox 1822 1112 1876 1136; x_wconf 81' lang='lat' dir='ltr'><strong>tra-</strong></span> 
     </span>
    </p>
   </div>
   <div class='ocr_carea' id='block_1_84' title="bbox 1082 1153 1878 1190">
    <p class='ocr_par' dir='ltr' id='par_1_84' title="bbox 1082 1153 1878 1190">
     <span class='ocr_line' id='line_1_84' title="bbox 1082 1153 1878 1190; baseline -0.004 -7"><span class='ocrx_word' id='word_1_646' title='bbox 1082 1154 1170 1190; x_wconf 74' lang='lat' dir='ltr'><strong>gtedia</strong></span> <span class='ocrx_word' id='word_1_647' title='bbox 1184 1154 1309 1190; x_wconf 81' lang='lat' dir='ltr'><strong>loquitur.</strong></span> <span class='ocrx_word' id='word_1_648' title='bbox 1326 1154 1385 1188; x_wconf 90' lang='lat' dir='ltr'><strong>Quo</strong></span> <span class='ocrx_word' id='word_1_649' title='bbox 1397 1158 1475 1189; x_wconf 89' lang='lat' dir='ltr'><strong>pacto</strong></span> <span class='ocrx_word' id='word_1_650' title='bbox 1496 1154 1568 1182; x_wconf 89' lang='lat' dir='ltr'><strong>enim</strong></span> <span class='ocrx_word' id='word_1_651' title='bbox 1582 1153 1609 1181; x_wconf 91' lang='lat' dir='ltr'><strong>id</strong></span> <span class='ocrx_word' id='word_1_652' title='bbox 1623 1161 1676 1181; x_wconf 92' lang='lat' dir='ltr'><strong>non</strong></span> <span class='ocrx_word' id='word_1_653' title='bbox 1698 1153 1776 1180; x_wconf 85' lang='lat' dir='ltr'><strong>furor</strong></span> <span class='ocrx_word' id='word_1_654' title='bbox 1795 1153 1878 1180; x_wconf 88' lang='lat' dir='ltr'><strong>mani-</strong></span> 
     </span>
    </p>
   </div>
   <div class='ocr_carea' id='block_1_85' title="bbox 1083 1199 1874 1234">
    <p class='ocr_par' dir='ltr' id='par_1_85' title="bbox 1083 1199 1874 1234">
     <span class='ocr_line' id='line_1_85' title="bbox 1083 1199 1874 1234; baseline -0.003 -6"><span class='ocrx_word' id='word_1_655' title='bbox 1083 1200 1167 1228; x_wconf 88' lang='lat' dir='ltr'><strong>festus</strong></span> <span class='ocrx_word' id='word_1_656' title='bbox 1188 1199 1266 1227; x_wconf 84' lang='lat' dir='ltr'><strong>fuerit</strong></span> <span class='ocrx_word' id='word_1_657' title='bbox 1288 1201 1324 1227; x_wconf 82' lang='lat' dir='ltr'><strong>de</strong></span> <span class='ocrx_word' id='word_1_658' title='bbox 1342 1200 1423 1227; x_wconf 83' lang='lat' dir='ltr'><strong>armis</strong></span> <span class='ocrx_word' id='word_1_659' title='bbox 1437 1199 1568 1234; x_wconf 87' lang='lat' dir='ltr'><strong>ejusmodi</strong></span> <span class='ocrx_word' id='word_1_660' title='bbox 1587 1199 1686 1234; x_wconf 89' lang='lat' dir='ltr'><strong>aliquid</strong></span> <span class='ocrx_word' id='word_1_661' title='bbox 1699 1203 1874 1233; x_wconf 79' lang='lat' dir='ltr'><strong>exspectare,</strong></span> 
     </span>
    </p>
   </div>
   <div class='ocr_carea' id='block_1_86' title="bbox 1083 1245 1879 1281">
    <p class='ocr_par' dir='ltr' id='par_1_86' title="bbox 1083 1245 1879 1281">
     <span class='ocr_line' id='line_1_86' title="bbox 1083 1245 1879 1281; baseline 0 -8"><span class='ocrx_word' id='word_1_662' title='bbox 1083 1253 1142 1281; x_wconf 63' lang='lat' dir='ltr'><strong>quae</strong></span> <span class='ocrx_word' id='word_1_663' title='bbox 1161 1253 1196 1273; x_wconf 90' lang='lat' dir='ltr'><strong>ne</strong></span> <span class='ocrx_word' id='word_1_664' title='bbox 1214 1246 1361 1280; x_wconf 86' lang='lat' dir='ltr'><strong>possidenti</strong></span> <span class='ocrx_word' id='word_1_665' title='bbox 1383 1245 1490 1280; x_wconf 88' lang='lat' dir='ltr'><strong>quidem</strong></span> <span class='ocrx_word' id='word_1_666' title='bbox 1509 1252 1540 1272; x_wconf 87' lang='lat' dir='ltr'><strong>se</strong></span> <span class='ocrx_word' id='word_1_667' title='bbox 1554 1252 1632 1280; x_wconf 88' lang='lat' dir='ltr'><strong>opem</strong></span> <span class='ocrx_word' id='word_1_668' title='bbox 1646 1245 1751 1272; x_wconf 82' lang='lat' dir='ltr'><strong>tulere?</strong></span> <span class='ocrx_word' id='word_1_669' title='bbox 1765 1245 1841 1278; x_wconf 82' lang='lat' dir='ltr'><strong>Quod</strong></span> <span class='ocrx_word' id='word_1_670' title='bbox 1854 1246 1879 1273; x_wconf 77' lang='lat' dir='ltr'><strong>si</strong></span> 
     </span>
    </p>
   </div>
   <div class='ocr_carea' id='block_1_87' title="bbox 1083 1290 1878 1326">
    <p class='ocr_par' dir='ltr' id='par_1_87' title="bbox 1083 1290 1878 1326">
     <span class='ocr_line' id='line_1_87' title="bbox 1083 1290 1878 1326; baseline 0.001 -9"><span class='ocrx_word' id='word_1_671' title='bbox 1083 1295 1112 1318; x_wconf 92' lang='lat' dir='ltr'><strong>tu</strong></span> <span class='ocrx_word' id='word_1_672' title='bbox 1134 1291 1182 1319; x_wconf 89' lang='lat' dir='ltr'><strong>tibi</strong></span> <span class='ocrx_word' id='word_1_673' title='bbox 1196 1290 1324 1326; x_wconf 87' lang='lat' dir='ltr'><strong>majorem</strong></span> <span class='ocrx_word' id='word_1_674' title='bbox 1342 1295 1370 1318; x_wconf 88' lang='lat' dir='ltr'><strong>et</strong></span> <span class='ocrx_word' id='word_1_675' title='bbox 1385 1294 1469 1318; x_wconf 86' lang='lat' dir='ltr'><strong>artem</strong></span> <span class='ocrx_word' id='word_1_676' title='bbox 1483 1295 1510 1318; x_wconf 88' lang='lat' dir='ltr'><strong>et</strong></span> <span class='ocrx_word' id='word_1_677' title='bbox 1524 1290 1715 1325; x_wconf 79' lang='lat' dir='ltr'><strong>experientiam</strong></span> <span class='ocrx_word' id='word_1_678' title='bbox 1735 1290 1825 1318; x_wconf 85' lang='lat' dir='ltr'><strong>inesse</strong></span> <span class='ocrx_word' id='word_1_679' title='bbox 1838 1290 1878 1318; x_wconf 91' lang='lat' dir='ltr'><strong>di-</strong></span> 
     </span>
    </p>
   </div>
   <div class='ocr_carea' id='block_1_88' title="bbox 1082 1337 1878 1373">
    <p class='ocr_par' dir='ltr' id='par_1_88' title="bbox 1082 1337 1878 1373">
     <span class='ocr_line' id='line_1_88' title="bbox 1082 1337 1878 1373; baseline 0 -9"><span class='ocrx_word' id='word_1_680' title='bbox 1082 1345 1138 1370; x_wconf 86' lang='lat' dir='ltr'><strong>cas,</strong></span> <span class='ocrx_word' id='word_1_681' title='bbox 1154 1345 1232 1373; x_wconf 84' lang='lat' dir='ltr'><strong>quam</strong></span> <span class='ocrx_word' id='word_1_682' title='bbox 1247 1337 1363 1365; x_wconf 72' lang='lat' dir='ltr'><strong>daemoni</strong></span> <span class='ocrx_word' id='word_1_683' title='bbox 1375 1358 1383 1370; x_wconf 90' lang='lat'><strong>,</strong></span> <span class='ocrx_word' id='word_1_684' title='bbox 1396 1337 1483 1372; x_wconf 70' lang='lat' dir='ltr'><strong>ipsum</strong></span> <span class='ocrx_word' id='word_1_685' title='bbox 1496 1342 1570 1365; x_wconf 88' lang='lat' dir='ltr'><strong>certe</strong></span> <span class='ocrx_word' id='word_1_686' title='bbox 1588 1337 1678 1364; x_wconf 83' lang='lat' dir='ltr'><strong>colere</strong></span> <span class='ocrx_word' id='word_1_687' title='bbox 1699 1344 1753 1364; x_wconf 88' lang='lat' dir='ltr'><strong>non</strong></span> <span class='ocrx_word' id='word_1_688' title='bbox 1769 1342 1878 1372; x_wconf 87' lang='lat' dir='ltr'><strong>oporte-</strong></span> 
     </span>
    </p>
   </div>
   <div class='ocr_carea' id='block_1_89' title="bbox 1083 1383 1878 1419">
    <p class='ocr_par' dir='ltr' id='par_1_89' title="bbox 1083 1383 1878 1419">
     <span class='ocr_line' id='line_1_89' title="bbox 1083 1383 1878 1419; baseline 0 -8"><span class='ocrx_word' id='word_1_689' title='bbox 1083 1383 1144 1416; x_wconf 82' lang='lat' dir='ltr'><strong>bat,</strong></span> <span class='ocrx_word' id='word_1_690' title='bbox 1160 1388 1250 1418; x_wconf 86' lang='lat' dir='ltr'><strong>utpote</strong></span> <span class='ocrx_word' id='word_1_691' title='bbox 1263 1383 1454 1416; x_wconf 81' lang='lat' dir='ltr'><strong>imperitiorem</strong></span> <span class='ocrx_word' id='word_1_692' title='bbox 1468 1387 1496 1411; x_wconf 83' lang='lat' dir='ltr'><strong>et</strong></span> <span class='ocrx_word' id='word_1_693' title='bbox 1514 1383 1707 1416; x_wconf 79' lang='lat' dir='ltr'><strong>inﬁrmiorem,</strong></span> <span class='ocrx_word' id='word_1_694' title='bbox 1723 1384 1766 1411; x_wconf 86' lang='lat' dir='ltr'><strong>vel</strong></span> <span class='ocrx_word' id='word_1_695' title='bbox 1780 1383 1806 1411; x_wconf 92' lang='lat' dir='ltr'><strong>in</strong></span> <span class='ocrx_word' id='word_1_696' title='bbox 1820 1384 1878 1419; x_wconf 85' lang='lat' dir='ltr'><strong>qui-</strong></span> 
     </span>
    </p>
   </div>
   <div class='ocr_carea' id='block_1_90' title="bbox 1083 1429 1879 1466">
    <p class='ocr_par' dir='ltr' id='par_1_90' title="bbox 1083 1429 1879 1466">
     <span class='ocr_line' id='line_1_90' title="bbox 1083 1429 1879 1466; baseline 0.001 -9"><span class='ocrx_word' id='word_1_697' title='bbox 1083 1429 1133 1457; x_wconf 88' lang='lat' dir='ltr'><strong>bus</strong></span> <span class='ocrx_word' id='word_1_698' title='bbox 1162 1430 1235 1457; x_wconf 92' lang='lat' dir='ltr'><strong>illum</strong></span> <span class='ocrx_word' id='word_1_699' title='bbox 1259 1430 1412 1466; x_wconf 64' lang='lat' dir='ltr'><strong>praecellere</strong></span> <span class='ocrx_word' id='word_1_700' title='bbox 1436 1429 1535 1458; x_wconf 80' lang='lat' dir='ltr'><strong>dicitis.</strong></span> <span class='ocrx_word' id='word_1_701' title='bbox 1560 1430 1638 1464; x_wconf 88' lang='lat' dir='ltr'><strong>Quod</strong></span> <span class='ocrx_word' id='word_1_702' title='bbox 1667 1430 1689 1457; x_wconf 89' lang='lat' dir='ltr'><strong>si</strong></span> <span class='ocrx_word' id='word_1_703' title='bbox 1714 1431 1815 1465; x_wconf 86' lang='lat' dir='ltr'><strong>primas</strong></span> <span class='ocrx_word' id='word_1_704' title='bbox 1841 1431 1879 1458; x_wconf 84' lang='lat' dir='ltr'><strong>illi</strong></span> 
     </span>
    </p>
   </div>
   <div class='ocr_carea' id='block_1_91' title="bbox 1083 1475 1875 1512">
    <p class='ocr_par' dir='ltr' id='par_1_91' title="bbox 1083 1475 1875 1512">
     <span class='ocr_line' id='line_1_91' title="bbox 1083 1475 1875 1512; baseline 0.003 -10"><span class='ocrx_word' id='word_1_705' title='bbox 1083 1475 1225 1508; x_wconf 83' lang='lat' dir='ltr'><strong>concedis,</strong></span> <span class='ocrx_word' id='word_1_706' title='bbox 1240 1475 1297 1503; x_wconf 87' lang='lat' dir='ltr'><strong>sive</strong></span> <span class='ocrx_word' id='word_1_707' title='bbox 1307 1475 1418 1510; x_wconf 74' lang='lat' dir='ltr'><strong>iaculari</strong></span> <span class='ocrx_word' id='word_1_708' title='bbox 1436 1475 1492 1504; x_wconf 88' lang='lat' dir='ltr'><strong>sive</strong></span> <span class='ocrx_word' id='word_1_709' title='bbox 1504 1475 1645 1504; x_wconf 84' lang='lat' dir='ltr'><strong>vaticinari</strong></span> <span class='ocrx_word' id='word_1_710' title='bbox 1654 1480 1778 1511; x_wconf 81' lang='lat' dir='ltr'><strong>oporteat</strong></span> <span class='ocrx_word' id='word_1_711' title='bbox 1787 1497 1795 1510; x_wconf 92' lang='lat'><strong>,</strong></span> <span class='ocrx_word' id='word_1_712' title='bbox 1809 1484 1875 1512; x_wconf 82' lang='lat' dir='ltr'><strong>quo-</strong></span> 
     </span>
    </p>
   </div>
   <div class='ocr_carea' id='block_1_92' title="bbox 1083 1521 1877 1558">
    <p class='ocr_par' dir='ltr' id='par_1_92' title="bbox 1083 1521 1877 1558">
     <span class='ocr_line' id='line_1_92' title="bbox 1083 1521 1877 1558; baseline 0.004 -10"><span class='ocrx_word' id='word_1_713' title='bbox 1083 1521 1164 1549; x_wconf 93' lang='lat' dir='ltr'><strong>modo</strong></span> <span class='ocrx_word' id='word_1_714' title='bbox 1174 1522 1239 1549; x_wconf 87' lang='lat' dir='ltr'><strong>artis</strong></span> <span class='ocrx_word' id='word_1_715' title='bbox 1263 1522 1349 1550; x_wconf 87' lang='lat' dir='ltr'><strong>solum</strong></span> <span class='ocrx_word' id='word_1_716' title='bbox 1373 1526 1449 1557; x_wconf 87' lang='lat' dir='ltr'><strong>parte</strong></span> <span class='ocrx_word' id='word_1_717' title='bbox 1470 1522 1617 1558; x_wconf 75' lang='lat' dir='ltr'><strong>praeditus,</strong></span> <span class='ocrx_word' id='word_1_718' title='bbox 1634 1522 1683 1550; x_wconf 69' lang='lat' dir='ltr'><strong>illa</strong></span> <span class='ocrx_word' id='word_1_719' title='bbox 1704 1527 1731 1550; x_wconf 83' lang='lat' dir='ltr'><strong>te</strong></span> <span class='ocrx_word' id='word_1_720' title='bbox 1752 1529 1877 1558; x_wconf 63' lang='lat' dir='ltr'><strong>praestare</strong></span> 
     </span>
    </p>
   </div>
   <div class='ocr_carea' id='block_1_93' title="bbox 1084 1567 1879 1604">
    <p class='ocr_par' dir='ltr' id='par_1_93' title="bbox 1084 1567 1879 1604">
     <span class='ocr_line' id='line_1_93' title="bbox 1084 1567 1879 1604; baseline 0.001 -9"><span class='ocrx_word' id='word_1_721' title='bbox 1084 1574 1162 1602; x_wconf 85' lang='lat' dir='ltr'><strong>posse</strong></span> <span class='ocrx_word' id='word_1_722' title='bbox 1184 1567 1299 1602; x_wconf 83' lang='lat' dir='ltr'><strong>putasti,</strong></span> <span class='ocrx_word' id='word_1_723' title='bbox 1320 1575 1380 1603; x_wconf 80' lang='lat' dir='ltr'><strong>quas</strong></span> <span class='ocrx_word' id='word_1_724' title='bbox 1401 1575 1454 1596; x_wconf 89' lang='lat' dir='ltr'><strong>non</strong></span> <span class='ocrx_word' id='word_1_725' title='bbox 1476 1568 1561 1603; x_wconf 88' lang='lat' dir='ltr'><strong>potuit</strong></span> <span class='ocrx_word' id='word_1_726' title='bbox 1582 1567 1606 1596; x_wconf 87' lang='lat' dir='ltr'><strong>is</strong></span> <span class='ocrx_word' id='word_1_727' title='bbox 1627 1568 1673 1604; x_wconf 90' lang='lat' dir='ltr'><strong>qui</strong></span> <span class='ocrx_word' id='word_1_728' title='bbox 1698 1573 1781 1596; x_wconf 88' lang='lat' dir='ltr'><strong>totam</strong></span> <span class='ocrx_word' id='word_1_729' title='bbox 1807 1573 1879 1597; x_wconf 85' lang='lat' dir='ltr'><strong>tenet</strong></span> 
     </span>
    </p>
   </div>
   <div class='ocr_carea' id='block_1_94' title="bbox 1083 1613 1195 1641">
    <p class='ocr_par' dir='ltr' id='par_1_94' title="bbox 1083 1613 1195 1641">
     <span class='ocr_line' id='line_1_94' title="bbox 1083 1613 1195 1641; baseline -0.009 0"><span class='ocrx_word' id='word_1_730' title='bbox 1083 1618 1168 1641; x_wconf 84' lang='lat' dir='ltr'><strong>artem</strong></span> <span class='ocrx_word' id='word_1_731' title='bbox 1183 1613 1195 1640; x_wconf 70' lang='grc' dir='ltr'>ἵ</span> 
     </span>
    </p>
   </div>
   <div class='ocr_carea' id='block_1_95' title="bbox 1118 1658 1878 1696">
    <p class='ocr_par' dir='ltr' id='par_1_95' title="bbox 1118 1658 1878 1696">
     <span class='ocr_line' id='line_1_95' title="bbox 1118 1658 1878 1696; baseline 0.003 -10"><span class='ocrx_word' id='word_1_732' title='bbox 1118 1659 1163 1686; x_wconf 75' lang='grc'><strong>20.</strong></span> <span class='ocrx_word' id='word_1_733' title='bbox 1184 1659 1246 1687; x_wconf 72' lang='lat' dir='ltr'><strong>llmc</strong></span> <span class='ocrx_word' id='word_1_734' title='bbox 1268 1659 1398 1691; x_wconf 74' lang='lat' dir='ltr'><strong>ridicula.</strong></span> <span class='ocrx_word' id='word_1_735' title='bbox 1415 1658 1472 1687; x_wconf 59' lang='lat' dir='ltr'><strong>huic</strong></span> <span class='ocrx_word' id='word_1_736' title='bbox 1486 1667 1562 1695; x_wconf 59' lang='lat' dir='ltr'><strong>nugas</strong></span> <span class='ocrx_word' id='word_1_737' title='bbox 1589 1666 1669 1693; x_wconf 88' lang='lat' dir='ltr'><strong>sunt;</strong></span> <span class='ocrx_word' id='word_1_738' title='bbox 1694 1668 1782 1696; x_wconf 82' lang='lat' dir='ltr'><strong>neque</strong></span> <span class='ocrx_word' id='word_1_739' title='bbox 1807 1661 1878 1688; x_wconf 87' lang='lat' dir='ltr'><strong>enim</strong></span> 
     </span>
    </p>
   </div>
   <div class='ocr_carea' id='block_1_96' title="bbox 1085 1705 1876 1742">
    <p class='ocr_par' dir='ltr' id='par_1_96' title="bbox 1085 1705 1876 1742">
     <span class='ocr_line' id='line_1_96' title="bbox 1085 1705 1876 1742; baseline 0.003 -10"><span class='ocrx_word' id='word_1_740' title='bbox 1085 1705 1128 1733; x_wconf 85' lang='lat' dir='ltr'><strong>ille</strong></span> <span class='ocrx_word' id='word_1_741' title='bbox 1144 1706 1303 1733; x_wconf 83' lang='lat' dir='ltr'><strong>vaticinandi</strong></span> <span class='ocrx_word' id='word_1_742' title='bbox 1324 1710 1408 1733; x_wconf 83' lang='lat' dir='ltr'><strong>artem</strong></span> <span class='ocrx_word' id='word_1_743' title='bbox 1433 1707 1585 1741; x_wconf 88' lang='lat' dir='ltr'><strong>quampiam</strong></span> <span class='ocrx_word' id='word_1_744' title='bbox 1609 1706 1719 1740; x_wconf 86' lang='lat' dir='ltr'><strong>habuit,</strong></span> <span class='ocrx_word' id='word_1_745' title='bbox 1745 1715 1831 1742; x_wconf 83' lang='lat' dir='ltr'><strong>neque</strong></span> <span class='ocrx_word' id='word_1_746' title='bbox 1854 1708 1876 1734; x_wconf 86' lang='lat' dir='ltr'><strong>si</strong></span> 
     </span>
    </p>
   </div>
   <div class='ocr_carea' id='block_1_97' title="bbox 1084 1751 1877 1787">
    <p class='ocr_par' dir='ltr' id='par_1_97' title="bbox 1084 1751 1877 1787">
     <span class='ocr_line' id='line_1_97' title="bbox 1084 1751 1877 1787; baseline 0.003 -9"><span class='ocrx_word' id='word_1_747' title='bbox 1084 1751 1235 1785; x_wconf 83' lang='lat' dir='ltr'><strong>habuisset,</strong></span> <span class='ocrx_word' id='word_1_748' title='bbox 1259 1751 1331 1779; x_wconf 87' lang='lat' dir='ltr'><strong>illam</strong></span> <span class='ocrx_word' id='word_1_749' title='bbox 1347 1759 1473 1780; x_wconf 76' lang='lat' dir='ltr'><strong>exercere</strong></span> <span class='ocrx_word' id='word_1_750' title='bbox 1493 1753 1632 1787; x_wconf 86' lang='lat' dir='ltr'><strong>potuisset.</strong></span> <span class='ocrx_word' id='word_1_751' title='bbox 1649 1752 1706 1780; x_wconf 80' lang='lat' dir='ltr'><strong>Non</strong></span> <span class='ocrx_word' id='word_1_752' title='bbox 1727 1752 1801 1780; x_wconf 88' lang='lat' dir='ltr'><strong>enim</strong></span> <span class='ocrx_word' id='word_1_753' title='bbox 1825 1753 1877 1786; x_wconf 83' lang='lat' dir='ltr'><strong>vir,</strong></span> 
     </span>
    </p>
   </div>
   <div class='ocr_carea' id='block_1_98' title="bbox 1084 1797 1878 1832">
    <p class='ocr_par' dir='ltr' id='par_1_98' title="bbox 1084 1797 1878 1832">
     <span class='ocr_line' id='line_1_98' title="bbox 1084 1797 1878 1832; baseline 0.001 -9"><span class='ocrx_word' id='word_1_754' title='bbox 1084 1804 1138 1824; x_wconf 93' lang='lat' dir='ltr'><strong>non</strong></span> <span class='ocrx_word' id='word_1_755' title='bbox 1152 1797 1243 1832; x_wconf 85' lang='lat' dir='ltr'><strong>utique</strong></span> <span class='ocrx_word' id='word_1_756' title='bbox 1256 1797 1313 1824; x_wconf 75' lang='lat' dir='ltr'><strong>ha2c</strong></span> <span class='ocrx_word' id='word_1_757' title='bbox 1327 1800 1452 1832; x_wconf 83' lang='lat' dir='ltr'><strong>operatus</strong></span> <span class='ocrx_word' id='word_1_758' title='bbox 1467 1802 1519 1829; x_wconf 86' lang='lat' dir='ltr'><strong>est,</strong></span> <span class='ocrx_word' id='word_1_759' title='bbox 1534 1797 1581 1825; x_wconf 82' lang='lat' dir='ltr'><strong>sed</strong></span> <span class='ocrx_word' id='word_1_760' title='bbox 1596 1797 1683 1825; x_wconf 80' lang='lat' dir='ltr'><strong>divina</strong></span> <span class='ocrx_word' id='word_1_761' title='bbox 1698 1797 1799 1829; x_wconf 84' lang='lat' dir='ltr'><strong>virtus;</strong></span> <span class='ocrx_word' id='word_1_762' title='bbox 1814 1805 1878 1824; x_wconf 86' lang='lat' dir='ltr'><strong>cau-</strong></span> 
     </span>
    </p>
   </div>
   <div class='ocr_carea' id='block_1_99' title="bbox 1084 1842 1880 1877">
    <p class='ocr_par' dir='ltr' id='par_1_99' title="bbox 1084 1842 1880 1877">
     <span class='ocr_line' id='line_1_99' title="bbox 1084 1842 1880 1877; baseline 0.004 -9"><span class='ocrx_word' id='word_1_763' title='bbox 1084 1849 1140 1869; x_wconf 84' lang='lat' dir='ltr'><strong>sam</strong></span> <span class='ocrx_word' id='word_1_764' title='bbox 1151 1847 1239 1869; x_wconf 86' lang='lat' dir='ltr'><strong>autem</strong></span> <span class='ocrx_word' id='word_1_765' title='bbox 1254 1847 1345 1877; x_wconf 86' lang='lat' dir='ltr'><strong>postea</strong></span> <span class='ocrx_word' id='word_1_766' title='bbox 1359 1843 1488 1877; x_wconf 85' lang='lat' dir='ltr'><strong>aperiam.</strong></span> <span class='ocrx_word' id='word_1_767' title='bbox 1502 1842 1611 1870; x_wconf 82' lang='lat' dir='ltr'><strong>Interim</strong></span> <span class='ocrx_word' id='word_1_768' title='bbox 1622 1850 1686 1870; x_wconf 88' lang='lat' dir='ltr'><strong>vero</strong></span> <span class='ocrx_word' id='word_1_769' title='bbox 1699 1850 1749 1877; x_wconf 88' lang='lat' dir='ltr'><strong>par</strong></span> <span class='ocrx_word' id='word_1_770' title='bbox 1758 1847 1800 1870; x_wconf 84' lang='lat' dir='ltr'><strong>est</strong></span> <span class='ocrx_word' id='word_1_771' title='bbox 1821 1843 1880 1870; x_wconf 85' lang='lat' dir='ltr'><strong>edi-</strong></span> 
     </span>
    </p>
   </div>
   <div class='ocr_carea' id='block_1_100' title="bbox 1083 1888 1881 1924">
    <p class='ocr_par' dir='ltr' id='par_1_100' title="bbox 1083 1888 1881 1924">
     <span class='ocr_line' id='line_1_100' title="bbox 1083 1888 1881 1924; baseline 0.001 -9"><span class='ocrx_word' id='word_1_772' title='bbox 1083 1895 1158 1915; x_wconf 85' lang='lat' dir='ltr'><strong>scere</strong></span> <span class='ocrx_word' id='word_1_773' title='bbox 1168 1888 1242 1923; x_wconf 86' lang='lat' dir='ltr'><strong>cujus</strong></span> <span class='ocrx_word' id='word_1_774' title='bbox 1253 1889 1291 1915; x_wconf 85' lang='lat' dir='ltr'><strong>rei</strong></span> <span class='ocrx_word' id='word_1_775' title='bbox 1305 1896 1390 1916; x_wconf 86' lang='lat' dir='ltr'><strong>causa.</strong></span> <span class='ocrx_word' id='word_1_776' title='bbox 1399 1888 1494 1924; x_wconf 71' lang='lat' dir='ltr'><strong>ingrati</strong></span> <span class='ocrx_word' id='word_1_777' title='bbox 1509 1889 1590 1917; x_wconf 76' lang='lat' dir='ltr'><strong>animi</strong></span> <span class='ocrx_word' id='word_1_778' title='bbox 1604 1889 1752 1917; x_wconf 75' lang='lat' dir='ltr'><strong>Vulcanum</strong></span> <span class='ocrx_word' id='word_1_779' title='bbox 1773 1893 1881 1916; x_wconf 81' lang='lat' dir='ltr'><strong>accuset</strong></span> 
     </span>
    </p>
   </div>
   <div class='ocr_carea' id='block_1_101' title="bbox 1085 1933 1878 1970">
    <p class='ocr_par' dir='ltr' id='par_1_101' title="bbox 1085 1933 1878 1970">
     <span class='ocr_line' id='line_1_101' title="bbox 1085 1933 1878 1970; baseline 0.001 -10"><span class='ocrx_word' id='word_1_780' title='bbox 1085 1933 1127 1960; x_wconf 81' lang='lat' dir='ltr'><strong>his</strong></span> <span class='ocrx_word' id='word_1_781' title='bbox 1143 1934 1253 1962; x_wconf 84' lang='lat' dir='ltr'><strong>verbis:</strong></span> <span class='ocrx_word' id='word_1_782' title='bbox 1283 1934 1411 1961; x_wconf 81' lang='lat' dir='ltr'><strong>Vulcanus</strong></span> <span class='ocrx_word' id='word_1_783' title='bbox 1433 1940 1531 1968; x_wconf 79' lang='lat' dir='ltr'><strong>autem,</strong></span> <span class='ocrx_word' id='word_1_784' title='bbox 1558 1935 1624 1970; x_wconf 69' lang='lat' dir='ltr'><strong>ignis</strong></span> <span class='ocrx_word' id='word_1_785' title='bbox 1649 1935 1806 1969; x_wconf 59' lang='lat' dir='ltr'><strong>penuariae,</strong></span> <span class='ocrx_word' id='word_1_786' title='bbox 1828 1943 1878 1961; x_wconf 80' lang='lat' dir='ltr'><strong>non</strong></span> 
     </span>
    </p>
   </div>
   <div class='ocr_carea' id='block_1_102' title="bbox 1084 1979 1881 2016">
    <p class='ocr_par' dir='ltr' id='par_1_102' title="bbox 1084 1979 1881 2016">
     <span class='ocr_line' id='line_1_102' title="bbox 1084 1979 1881 2016; baseline 0.001 -11"><span class='ocrx_word' id='word_1_787' title='bbox 1084 1979 1249 2007; x_wconf 84' lang='lat' dir='ltr'><strong>comminatus</strong></span> <span class='ocrx_word' id='word_1_788' title='bbox 1261 1985 1297 2007; x_wconf 84' lang='lat' dir='ltr'><strong>est</strong></span> <span class='ocrx_word' id='word_1_789' title='bbox 1310 1980 1362 2015; x_wconf 85' lang='lat' dir='ltr'><strong>igni</strong></span> <span class='ocrx_word' id='word_1_790' title='bbox 1371 1981 1497 2016; x_wconf 84' lang='lat' dir='ltr'><strong>grassanti</strong></span> <span class='ocrx_word' id='word_1_791' title='bbox 1506 2001 1514 2013; x_wconf 92' lang='lat'><strong>,</strong></span> <span class='ocrx_word' id='word_1_792' title='bbox 1524 1989 1582 2008; x_wconf 85' lang='lat' dir='ltr'><strong>cum</strong></span> <span class='ocrx_word' id='word_1_793' title='bbox 1591 1980 1674 2016; x_wconf 66' lang='lat' dir='ltr'><strong>gratia</strong></span> <span class='ocrx_word' id='word_1_794' title='bbox 1686 1981 1736 2015; x_wconf 84' lang='lat' dir='ltr'><strong>ipsi</strong></span> <span class='ocrx_word' id='word_1_795' title='bbox 1747 1980 1881 2015; x_wconf 72' lang='lat' dir='ltr'><strong>referenda</strong></span> 
     </span>
    </p>
   </div>
   <div class='ocr_carea' id='block_1_103' title="bbox 1084 2025 1878 2061">
    <p class='ocr_par' dir='ltr' id='par_1_103' title="bbox 1084 2025 1878 2061">
     <span class='ocr_line' id='line_1_103' title="bbox 1084 2025 1878 2061; baseline 0.003 -10"><span class='ocrx_word' id='word_1_796' title='bbox 1084 2030 1147 2051; x_wconf 84' lang='lat' dir='ltr'><strong>esset</strong></span> <span class='ocrx_word' id='word_1_797' title='bbox 1161 2026 1208 2052; x_wconf 83' lang='lat' dir='ltr'><strong>deo</strong></span> <span class='ocrx_word' id='word_1_798' title='bbox 1223 2025 1254 2052; x_wconf 91' lang='lat' dir='ltr'><strong>ob</strong></span> <span class='ocrx_word' id='word_1_799' title='bbox 1274 2025 1364 2052; x_wconf 89' lang='lat' dir='ltr'><strong>datum</strong></span> <span class='ocrx_word' id='word_1_800' title='bbox 1375 2026 1435 2052; x_wconf 92' lang='lat' dir='ltr'><strong>olim</strong></span> <span class='ocrx_word' id='word_1_801' title='bbox 1449 2026 1583 2054; x_wconf 83' lang='lat' dir='ltr'><strong>indicium.</strong></span> <span class='ocrx_word' id='word_1_802' title='bbox 1598 2026 1664 2060; x_wconf 65' lang='lat' dir='ltr'><strong>Quia</strong></span> <span class='ocrx_word' id='word_1_803' title='bbox 1686 2026 1788 2061; x_wconf 77' lang='lat' dir='ltr'><strong>gratia?</strong></span> <span class='ocrx_word' id='word_1_804' title='bbox 1807 2025 1878 2061; x_wconf 78' lang='lat' dir='ltr'><strong>quod</strong></span> 
     </span>
    </p>
   </div>
   <div class='ocr_carea' id='block_1_104' title="bbox 1085 2070 1877 2106">
    <p class='ocr_par' dir='ltr' id='par_1_104' title="bbox 1085 2070 1877 2106">
     <span class='ocr_line' id='line_1_104' title="bbox 1085 2070 1877 2106; baseline 0.001 -9"><span class='ocrx_word' id='word_1_805' title='bbox 1085 2070 1147 2097; x_wconf 84' lang='lat' dir='ltr'><strong>olim</strong></span> <span class='ocrx_word' id='word_1_806' title='bbox 1163 2070 1288 2098; x_wconf 87' lang='lat' dir='ltr'><strong>indicium</strong></span> <span class='ocrx_word' id='word_1_807' title='bbox 1297 2073 1308 2096; x_wconf 87' lang='lat'><strong>&#39;!</strong></span> <span class='ocrx_word' id='word_1_808' title='bbox 1321 2078 1404 2105; x_wconf 86' lang='lat' dir='ltr'><strong>quare</strong></span> <span class='ocrx_word' id='word_1_809' title='bbox 1418 2071 1544 2105; x_wconf 82' lang='lat' dir='ltr'><strong>praeclara</strong></span> <span class='ocrx_word' id='word_1_810' title='bbox 1557 2071 1669 2100; x_wconf 87' lang='lat' dir='ltr'><strong>deorum</strong></span> <span class='ocrx_word' id='word_1_811' title='bbox 1684 2077 1790 2099; x_wconf 82' lang='lat' dir='ltr'><strong>tuorum</strong></span> <span class='ocrx_word' id='word_1_812' title='bbox 1805 2075 1877 2106; x_wconf 78' lang='lat' dir='ltr'><strong>gesta</strong></span> 
     </span>
    </p>
   </div>
   <div class='ocr_carea' id='block_1_105' title="bbox 1084 2115 1878 2151">
    <p class='ocr_par' dir='ltr' id='par_1_105' title="bbox 1084 2115 1878 2151">
     <span class='ocr_line' id='line_1_105' title="bbox 1084 2115 1878 2151; baseline 0.003 -9"><span class='ocrx_word' id='word_1_813' title='bbox 1084 2115 1219 2143; x_wconf 83' lang='lat' dir='ltr'><strong>occultas?</strong></span> <span class='ocrx_word' id='word_1_814' title='bbox 1232 2116 1298 2143; x_wconf 90' lang='lat' dir='ltr'><strong>Nam</strong></span> <span class='ocrx_word' id='word_1_815' title='bbox 1309 2116 1331 2144; x_wconf 89' lang='lat' dir='ltr'><strong>si</strong></span> <span class='ocrx_word' id='word_1_816' title='bbox 1345 2117 1457 2151; x_wconf 79' lang='lat' dir='ltr'><strong>gratiam</strong></span> <span class='ocrx_word' id='word_1_817' title='bbox 1472 2116 1603 2144; x_wconf 76' lang='lat' dir='ltr'><strong>indicares</strong></span> <span class='ocrx_word' id='word_1_818' title='bbox 1613 2137 1621 2149; x_wconf 92' lang='lat'><strong>,</strong></span> <span class='ocrx_word' id='word_1_819' title='bbox 1635 2117 1784 2144; x_wconf 72' lang='lat' dir='ltr'><strong>Vulcanum</strong></span> <span class='ocrx_word' id='word_1_820' title='bbox 1795 2117 1878 2151; x_wconf 76' lang='lat' dir='ltr'><strong>magis</strong></span> 
     </span>
    </p>
   </div>
   <div class='ocr_carea' id='block_1_106' title="bbox 1085 2161 1878 2197">
    <p class='ocr_par' dir='ltr' id='par_1_106' title="bbox 1085 2161 1878 2197">
     <span class='ocr_line' id='line_1_106' title="bbox 1085 2161 1878 2197; baseline 0.001 -9"><span class='ocrx_word' id='word_1_821' title='bbox 1085 2162 1217 2196; x_wconf 77' lang='lat' dir='ltr'><strong>ingratum</strong></span> <span class='ocrx_word' id='word_1_822' title='bbox 1228 2162 1392 2189; x_wconf 81' lang='lat' dir='ltr'><strong>ostenderes.</strong></span> <span class='ocrx_word' id='word_1_823' title='bbox 1409 2161 1461 2190; x_wconf 84' lang='lat' dir='ltr'><strong>Sed</strong></span> <span class='ocrx_word' id='word_1_824' title='bbox 1471 2162 1570 2190; x_wconf 77' lang='lat' dir='ltr'><strong>rubore</strong></span> <span class='ocrx_word' id='word_1_825' title='bbox 1590 2170 1622 2190; x_wconf 88' lang='lat' dir='ltr'><strong>ac</strong></span> <span class='ocrx_word' id='word_1_826' title='bbox 1641 2162 1745 2197; x_wconf 89' lang='lat' dir='ltr'><strong>pudore</strong></span> <span class='ocrx_word' id='word_1_827' title='bbox 1762 2162 1878 2189; x_wconf 80' lang='lat' dir='ltr'><strong>teneris:</strong></span> 
     </span>
    </p>
   </div>
   <div class='ocr_carea' id='block_1_107' title="bbox 1085 2206 1879 2242">
    <p class='ocr_par' dir='ltr' id='par_1_107' title="bbox 1085 2206 1879 2242">
     <span class='ocr_line' id='line_1_107' title="bbox 1085 2206 1879 2242; baseline 0 -8"><span class='ocrx_word' id='word_1_828' title='bbox 1085 2206 1164 2242; x_wconf 75' lang='lat' dir='ltr'><strong>igitur</strong></span> <span class='ocrx_word' id='word_1_829' title='bbox 1176 2215 1225 2234; x_wconf 87' lang='lat' dir='ltr'><strong>nos</strong></span> <span class='ocrx_word' id='word_1_830' title='bbox 1243 2207 1325 2234; x_wconf 87' lang='lat' dir='ltr'><strong>libere</strong></span> <span class='ocrx_word' id='word_1_831' title='bbox 1340 2215 1383 2234; x_wconf 82' lang='lat' dir='ltr'><strong>res</strong></span> <span class='ocrx_word' id='word_1_832' title='bbox 1401 2211 1459 2234; x_wconf 86' lang='lat' dir='ltr'><strong>tuas</strong></span> <span class='ocrx_word' id='word_1_833' title='bbox 1472 2207 1633 2242; x_wconf 83' lang='lat' dir='ltr'><strong>aperiemus.</strong></span> <span class='ocrx_word' id='word_1_834' title='bbox 1649 2207 1778 2241; x_wconf 70' lang='lat' dir='ltr'><strong>Quaenam</strong></span> <span class='ocrx_word' id='word_1_835' title='bbox 1801 2207 1879 2242; x_wconf 78' lang='lat' dir='ltr'><strong>igitur</strong></span> 
     </span>
    </p>
   </div>
   <div class='ocr_carea' id='block_1_108' title="bbox 1086 2252 1879 2288">
    <p class='ocr_par' dir='ltr' id='par_1_108' title="bbox 1086 2252 1879 2288">
     <span class='ocr_line' id='line_1_108' title="bbox 1086 2252 1879 2288; baseline 0.001 -10"><span class='ocrx_word' id='word_1_836' title='bbox 1086 2252 1128 2278; x_wconf 89' lang='lat' dir='ltr'><strong>illa</strong></span> <span class='ocrx_word' id='word_1_837' title='bbox 1137 2253 1220 2288; x_wconf 80' lang='lat' dir='ltr'><strong>gratia</strong></span> <span class='ocrx_word' id='word_1_838' title='bbox 1229 2253 1240 2279; x_wconf 91' lang='lat'><strong>?</strong></span> <span class='ocrx_word' id='word_1_839' title='bbox 1248 2252 1357 2280; x_wconf 85' lang='lat' dir='ltr'><strong>Martem</strong></span> <span class='ocrx_word' id='word_1_840' title='bbox 1368 2253 1430 2279; x_wconf 85' lang='lat' dir='ltr'><strong>olim</strong></span> <span class='ocrx_word' id='word_1_841' title='bbox 1444 2252 1555 2280; x_wconf 86' lang='lat' dir='ltr'><strong>Veneris</strong></span> <span class='ocrx_word' id='word_1_842' title='bbox 1565 2260 1656 2280; x_wconf 79' lang='lat' dir='ltr'><strong>amere</strong></span> <span class='ocrx_word' id='word_1_843' title='bbox 1671 2257 1790 2287; x_wconf 85' lang='lat' dir='ltr'><strong>captum,</strong></span> <span class='ocrx_word' id='word_1_844' title='bbox 1801 2258 1879 2287; x_wconf 72' lang='lat' dir='ltr'><strong>atque</strong></span> 
     </span>
    </p>
   </div>
   <div class='ocr_carea' id='block_1_109' title="bbox 1087 2297 1876 2333">
    <p class='ocr_par' dir='ltr' id='par_1_109' title="bbox 1087 2297 1876 2333">
     <span class='ocr_line' id='line_1_109' title="bbox 1087 2297 1876 2333; baseline 0 -9"><span class='ocrx_word' id='word_1_845' title='bbox 1087 2297 1249 2331; x_wconf 78' lang='lat' dir='ltr'><strong>Vulcanum,</strong></span> <span class='ocrx_word' id='word_1_846' title='bbox 1264 2298 1309 2332; x_wconf 89' lang='lat' dir='ltr'><strong>qui</strong></span> <span class='ocrx_word' id='word_1_847' title='bbox 1324 2298 1437 2325; x_wconf 83' lang='lat' dir='ltr'><strong>maritus</strong></span> <span class='ocrx_word' id='word_1_848' title='bbox 1450 2298 1508 2333; x_wconf 83' lang='lat' dir='ltr'><strong>ejus</strong></span> <span class='ocrx_word' id='word_1_849' title='bbox 1525 2302 1599 2331; x_wconf 84' lang='lat' dir='ltr'><strong>erat,</strong></span> <span class='ocrx_word' id='word_1_850' title='bbox 1623 2302 1787 2324; x_wconf 76' lang='lat' dir='ltr'><strong>metuentem</strong></span> <span class='ocrx_word' id='word_1_851' title='bbox 1797 2319 1804 2329; x_wconf 93' lang='lat'><strong>,</strong></span> <span class='ocrx_word' id='word_1_852' title='bbox 1818 2306 1876 2324; x_wconf 86' lang='lat' dir='ltr'><strong>cum</strong></span> 
     </span>
    </p>
   </div>
   <div class='ocr_carea' id='block_1_110' title="bbox 1085 2343 1876 2376">
    <p class='ocr_par' dir='ltr' id='par_1_110' title="bbox 1085 2343 1876 2376">
     <span class='ocr_line' id='line_1_110' title="bbox 1085 2343 1876 2376; baseline 0 -7"><span class='ocrx_word' id='word_1_853' title='bbox 1085 2350 1146 2369; x_wconf 89' lang='lat' dir='ltr'><strong>eum</strong></span> <span class='ocrx_word' id='word_1_854' title='bbox 1160 2343 1296 2371; x_wconf 85' lang='lat' dir='ltr'><strong>absentem</strong></span> <span class='ocrx_word' id='word_1_855' title='bbox 1315 2344 1499 2376; x_wconf 83' lang='lat' dir='ltr'><strong>observasset,</strong></span> <span class='ocrx_word' id='word_1_856' title='bbox 1513 2343 1547 2370; x_wconf 88' lang='lat' dir='ltr'><strong>ad</strong></span> <span class='ocrx_word' id='word_1_857' title='bbox 1575 2351 1633 2371; x_wconf 89' lang='lat' dir='ltr'><strong>eam</strong></span> <span class='ocrx_word' id='word_1_858' title='bbox 1656 2344 1804 2370; x_wconf 82' lang='lat' dir='ltr'><strong>accessisse</strong></span> <span class='ocrx_word' id='word_1_859' title='bbox 1819 2352 1876 2370; x_wconf 87' lang='lat' dir='ltr'><strong>nar-</strong></span> 
     </span>
    </p>
   </div>
   <div class='ocr_carea' id='block_1_111' title="bbox 1085 2389 1876 2424">
    <p class='ocr_par' dir='ltr' id='par_1_111' title="bbox 1085 2389 1876 2424">
     <span class='ocr_line' id='line_1_111' title="bbox 1085 2389 1876 2424; baseline -0.001 -8"><span class='ocrx_word' id='word_1_860' title='bbox 1085 2393 1154 2416; x_wconf 81' lang='lat' dir='ltr'><strong>rant.</strong></span> <span class='ocrx_word' id='word_1_861' title='bbox 1169 2389 1320 2424; x_wconf 78' lang='lat' dir='ltr'><strong>Apollinem</strong></span> <span class='ocrx_word' id='word_1_862' title='bbox 1337 2397 1399 2416; x_wconf 78' lang='lat' dir='ltr'><strong>vero</strong></span> <span class='ocrx_word' id='word_1_863' title='bbox 1409 2410 1418 2422; x_wconf 90' lang='lat'><strong>,</strong></span> <span class='ocrx_word' id='word_1_864' title='bbox 1432 2397 1493 2416; x_wconf 88' lang='lat' dir='ltr'><strong>cum</strong></span> <span class='ocrx_word' id='word_1_865' title='bbox 1514 2389 1574 2416; x_wconf 89' lang='lat' dir='ltr'><strong>illos</strong></span> <span class='ocrx_word' id='word_1_866' title='bbox 1587 2397 1639 2416; x_wconf 86' lang='lat' dir='ltr'><strong>una</strong></span> <span class='ocrx_word' id='word_1_867' title='bbox 1660 2390 1821 2416; x_wconf 68' lang='lat' dir='ltr'><strong>commixtos</strong></span> <span class='ocrx_word' id='word_1_868' title='bbox 1841 2390 1876 2415; x_wconf 90' lang='lat' dir='ltr'><strong>vi-</strong></span> 
     </span>
    </p>
   </div>
   <div class='ocr_carea' id='block_1_112' title="bbox 1084 2435 1874 2468">
    <p class='ocr_par' dir='ltr' id='par_1_112' title="bbox 1084 2435 1874 2468">
     <span class='ocr_line' id='line_1_112' title="bbox 1084 2435 1874 2468; baseline 0 -7"><span class='ocrx_word' id='word_1_869' title='bbox 1084 2435 1182 2468; x_wconf 84' lang='lat' dir='ltr'><strong>disset,</strong></span> <span class='ocrx_word' id='word_1_870' title='bbox 1206 2435 1326 2462; x_wconf 79' lang='lat' dir='ltr'><strong>Vulcano</strong></span> <span class='ocrx_word' id='word_1_871' title='bbox 1347 2436 1509 2464; x_wconf 90' lang='lat' dir='ltr'><strong>adulterium</strong></span> <span class='ocrx_word' id='word_1_872' title='bbox 1531 2436 1701 2463; x_wconf 85' lang='lat' dir='ltr'><strong>renuntiasse</strong></span> <span class='ocrx_word' id='word_1_873' title='bbox 1721 2443 1728 2461; x_wconf 88' lang='lat'><strong>:</strong></span> <span class='ocrx_word' id='word_1_874' title='bbox 1754 2436 1824 2462; x_wconf 89' lang='lat' dir='ltr'><strong>illum</strong></span> <span class='ocrx_word' id='word_1_875' title='bbox 1846 2444 1874 2462; x_wconf 83' lang='lat' dir='ltr'><strong>cu</strong></span> 
     </span>
    </p>
   </div>
   <div class='ocr_carea' id='block_1_113' title="bbox 1084 2482 1875 2517">
    <p class='ocr_par' dir='ltr' id='par_1_113' title="bbox 1084 2482 1875 2517">
     <span class='ocr_line' id='line_1_113' title="bbox 1084 2482 1875 2517; baseline -0.001 -8"><span class='ocrx_word' id='word_1_876' title='bbox 1084 2489 1145 2509; x_wconf 88' lang='lat' dir='ltr'><strong>cum</strong></span> <span class='ocrx_word' id='word_1_877' title='bbox 1165 2482 1301 2514; x_wconf 79' lang='lat' dir='ltr'><strong>venisset.</strong></span> <span class='ocrx_word' id='word_1_878' title='bbox 1317 2483 1413 2510; x_wconf 82' lang='lat' dir='ltr'><strong>ambos</strong></span> <span class='ocrx_word' id='word_1_879' title='bbox 1435 2483 1460 2509; x_wconf 96' lang='lat' dir='ltr'><strong>in</strong></span> <span class='ocrx_word' id='word_1_880' title='bbox 1474 2483 1543 2510; x_wconf 84' lang='lat' dir='ltr'><strong>lecto</strong></span> <span class='ocrx_word' id='word_1_881' title='bbox 1570 2485 1692 2517; x_wconf 83' lang='lat' dir='ltr'><strong>repertos</strong></span> <span class='ocrx_word' id='word_1_882' title='bbox 1718 2483 1831 2509; x_wconf 76' lang='lat' dir='ltr'><strong>vinculis</strong></span> <span class='ocrx_word' id='word_1_883' title='bbox 1850 2487 1875 2508; x_wconf 85' lang='lat' dir='ltr'><strong>ut</strong></span> 
     </span>
    </p>
   </div>
   <div class='ocr_carea' id='block_1_114' title="bbox 1086 2527 1875 2564">
    <p class='ocr_par' dir='ltr' id='par_1_114' title="bbox 1086 2527 1875 2564">
     <span class='ocr_line' id='line_1_114' title="bbox 1086 2527 1875 2564; baseline 0 -10"><span class='ocrx_word' id='word_1_884' title='bbox 1086 2533 1148 2555; x_wconf 87' lang='lat' dir='ltr'><strong>tunc</strong></span> <span class='ocrx_word' id='word_1_885' title='bbox 1164 2535 1240 2556; x_wconf 86' lang='lat' dir='ltr'><strong>erant</strong></span> <span class='ocrx_word' id='word_1_886' title='bbox 1255 2529 1393 2564; x_wconf 80' lang='lat' dir='ltr'><strong>colligasse</strong></span> <span class='ocrx_word' id='word_1_887' title='bbox 1403 2548 1410 2560; x_wconf 89' lang='lat'><strong>,</strong></span> <span class='ocrx_word' id='word_1_888' title='bbox 1426 2533 1453 2555; x_wconf 87' lang='lat' dir='ltr'><strong>et</strong></span> <span class='ocrx_word' id='word_1_889' title='bbox 1473 2528 1506 2554; x_wconf 90' lang='lat' dir='ltr'><strong>ad</strong></span> <span class='ocrx_word' id='word_1_890' title='bbox 1521 2533 1597 2562; x_wconf 88' lang='lat' dir='ltr'><strong>turpe</strong></span> <span class='ocrx_word' id='word_1_891' title='bbox 1612 2528 1794 2562; x_wconf 87' lang='lat' dir='ltr'><strong>spectaculum</strong></span> <span class='ocrx_word' id='word_1_892' title='bbox 1814 2527 1875 2555; x_wconf 83' lang='lat' dir='ltr'><strong>deos</strong></span> 
     </span>
    </p>
   </div>
   <div class='ocr_carea' id='block_1_115' title="bbox 1084 2574 1870 2610">
    <p class='ocr_par' dir='ltr' id='par_1_115' title="bbox 1084 2574 1870 2610">
     <span class='ocr_line' id='line_1_115' title="bbox 1084 2574 1870 2610; baseline -0.001 -9"><span class='ocrx_word' id='word_1_893' title='bbox 1084 2582 1221 2607; x_wconf 81' lang='lat' dir='ltr'><strong>evocasse,</strong></span> <span class='ocrx_word' id='word_1_894' title='bbox 1232 2575 1350 2610; x_wconf 83' lang='lat' dir='ltr'><strong>talesque</strong></span> <span class='ocrx_word' id='word_1_895' title='bbox 1359 2575 1395 2604; x_wconf 78' lang='lat' dir='ltr'><strong>de</strong></span> <span class='ocrx_word' id='word_1_896' title='bbox 1406 2575 1459 2604; x_wconf 84' lang='lat' dir='ltr'><strong>illis</strong></span> <span class='ocrx_word' id='word_1_897' title='bbox 1471 2574 1595 2602; x_wconf 83' lang='lat' dir='ltr'><strong>adulterii</strong></span> <span class='ocrx_word' id='word_1_898' title='bbox 1615 2581 1708 2609; x_wconf 71' lang='lat' dir='ltr'><strong>pinnas</strong></span> <span class='ocrx_word' id='word_1_899' title='bbox 1720 2574 1870 2609; x_wconf 84' lang='lat' dir='ltr'><strong>sumpsisse.</strong></span> 
     </span>
    </p>
   </div>
   <div class='ocr_carea' id='block_1_116' title="bbox 1084 2618 1873 2656">
    <p class='ocr_par' dir='ltr' id='par_1_116' title="bbox 1084 2618 1873 2656">
     <span class='ocr_line' id='line_1_116' title="bbox 1084 2618 1873 2656; baseline -0.004 -8"><span class='ocrx_word' id='word_1_900' title='bbox 1084 2620 1157 2648; x_wconf 82' lang='lat' dir='ltr'><strong>Talis</strong></span> <span class='ocrx_word' id='word_1_901' title='bbox 1171 2628 1235 2656; x_wconf 83' lang='lat' dir='ltr'><strong>ergo</strong></span> <span class='ocrx_word' id='word_1_902' title='bbox 1255 2622 1348 2656; x_wconf 69' lang='lat' dir='ltr'><strong>gratia:</strong></span> <span class='ocrx_word' id='word_1_903' title='bbox 1366 2620 1514 2648; x_wconf 88' lang='lat' dir='ltr'><strong>debitorem</strong></span> <span class='ocrx_word' id='word_1_904' title='bbox 1532 2620 1695 2652; x_wconf 80' lang='lat' dir='ltr'><strong>Vulcanum,</strong></span> <span class='ocrx_word' id='word_1_905' title='bbox 1718 2627 1836 2655; x_wconf 84' lang='lat' dir='ltr'><strong>tempore</strong></span> <span class='ocrx_word' id='word_1_906' title='bbox 1849 2618 1873 2645; x_wconf 80' lang='lat' dir='ltr'><strong>id</strong></span> 
     </span>
    </p>
   </div>
   <div class='ocr_carea' id='block_1_117' title="bbox 1085 2665 1868 2701">
    <p class='ocr_par' dir='ltr' id='par_1_117' title="bbox 1085 2665 1868 2701">
     <span class='ocr_line' id='line_1_117' title="bbox 1085 2665 1868 2701; baseline -0.004 -7"><span class='ocrx_word' id='word_1_907' title='bbox 1085 2667 1246 2701; x_wconf 82' lang='lat' dir='ltr'><strong>postulante,</strong></span> <span class='ocrx_word' id='word_1_908' title='bbox 1259 2668 1388 2701; x_wconf 75' lang='lat' dir='ltr'><strong>ingratum</strong></span> <span class='ocrx_word' id='word_1_909' title='bbox 1404 2667 1430 2694; x_wconf 89' lang='lat' dir='ltr'><strong>in</strong></span> <span class='ocrx_word' id='word_1_910' title='bbox 1440 2666 1577 2694; x_wconf 88' lang='lat' dir='ltr'><strong>reddendo</strong></span> <span class='ocrx_word' id='word_1_911' title='bbox 1589 2665 1721 2694; x_wconf 82' lang='lat' dir='ltr'><strong>beneﬁcio</strong></span> <span class='ocrx_word' id='word_1_912' title='bbox 1737 2666 1816 2694; x_wconf 83' lang='lat' dir='ltr'><strong>fuisse</strong></span> <span class='ocrx_word' id='word_1_913' title='bbox 1827 2666 1868 2691; x_wconf 84' lang='lat' dir='ltr'><strong>ait.</strong></span> 
     </span>
    </p>
   </div>
   <div class='ocr_carea' id='block_1_118' title="bbox 1084 2711 1869 2748">
    <p class='ocr_par' dir='ltr' id='par_1_118' title="bbox 1084 2711 1869 2748">
     <span class='ocr_line' id='line_1_118' title="bbox 1084 2711 1869 2748; baseline -0.005 -8"><span class='ocrx_word' id='word_1_914' title='bbox 1084 2712 1151 2746; x_wconf 89' lang='lat' dir='ltr'><strong>Quid</strong></span> <span class='ocrx_word' id='word_1_915' title='bbox 1173 2713 1251 2748; x_wconf 80' lang='lat' dir='ltr'><strong>igitur</strong></span> <span class='ocrx_word' id='word_1_916' title='bbox 1270 2712 1383 2748; x_wconf 86' lang='lat' dir='ltr'><strong>Jupiter,</strong></span> <span class='ocrx_word' id='word_1_917' title='bbox 1402 2721 1419 2739; x_wconf 83' lang='grc' dir='ltr'>ο</span> <span class='ocrx_word' id='word_1_918' title='bbox 1437 2713 1478 2739; x_wconf 90' lang='lat' dir='ltr'><strong>vir</strong></span> <span class='ocrx_word' id='word_1_919' title='bbox 1491 2712 1614 2747; x_wconf 79' lang='lat' dir='ltr'><strong>optime?</strong></span> <span class='ocrx_word' id='word_1_920' title='bbox 1627 2711 1695 2738; x_wconf 86' lang='lat' dir='ltr'><strong>Nam</strong></span> <span class='ocrx_word' id='word_1_921' title='bbox 1710 2716 1738 2739; x_wconf 88' lang='lat' dir='ltr'><strong>et</strong></span> <span class='ocrx_word' id='word_1_922' title='bbox 1753 2711 1822 2738; x_wconf 87' lang='lat' dir='ltr'><strong>illum</strong></span> <span class='ocrx_word' id='word_1_923' title='bbox 1834 2711 1869 2736; x_wconf 89' lang='lat' dir='ltr'><strong>in-</strong></span> 
     </span>
    </p>
   </div>
   <div class='ocr_carea' id='block_1_119' title="bbox 1085 2756 1869 2793">
    <p class='ocr_par' dir='ltr' id='par_1_119' title="bbox 1085 2756 1869 2793">
     <span class='ocr_line' id='line_1_119' title="bbox 1085 2756 1869 2793; baseline -0.003 -8"><span class='ocrx_word' id='word_1_924' title='bbox 1085 2758 1258 2786; x_wconf 85' lang='lat' dir='ltr'><strong>liumanitatis</strong></span> <span class='ocrx_word' id='word_1_925' title='bbox 1271 2766 1397 2791; x_wconf 83' lang='lat' dir='ltr'><strong>accusas,</strong></span> <span class='ocrx_word' id='word_1_926' title='bbox 1424 2758 1477 2786; x_wconf 84' lang='lat' dir='ltr'><strong>Sed</strong></span> <span class='ocrx_word' id='word_1_927' title='bbox 1498 2766 1577 2792; x_wconf 73' lang='lat' dir='ltr'><strong>neque</strong></span> <span class='ocrx_word' id='word_1_928' title='bbox 1598 2756 1711 2793; x_wconf 80' lang='lat' dir='ltr'><strong>Jupiter,</strong></span> <span class='ocrx_word' id='word_1_929' title='bbox 1742 2756 1869 2792; x_wconf 56' lang='lat' dir='ltr'><strong>inquiens,</strong></span> 
     </span>
    </p>
   </div>
   <div class='ocr_carea' id='block_1_120' title="bbox 1115 2825 1868 2859">
    <p class='ocr_par' dir='ltr' id='par_1_120' title="bbox 1115 2825 1868 2859">
     <span class='ocr_line' id='line_1_120' title="bbox 1115 2825 1868 2859; baseline -0.005 -7"><span class='ocrx_word' id='word_1_930' title='bbox 1115 2827 1153 2859; x_wconf 79' lang='grc' dir='ltr'><strong>(α)</strong></span> <span class='ocrx_word' id='word_1_931' title='bbox 1169 2831 1224 2852; x_wconf 75' lang='lat' dir='ltr'><strong>Haec</strong></span> <span class='ocrx_word' id='word_1_932' title='bbox 1235 2828 1310 2859; x_wconf 79' lang='lat' dir='ltr'><strong>verba</strong></span> <span class='ocrx_word' id='word_1_933' title='bbox 1330 2828 1353 2851; x_wconf 92' lang='lat' dir='ltr'><strong>in</strong></span> <span class='ocrx_word' id='word_1_934' title='bbox 1364 2827 1452 2853; x_wconf 75' lang='lat' dir='ltr'><strong>Timaeo</strong></span> <span class='ocrx_word' id='word_1_935' title='bbox 1462 2826 1618 2859; x_wconf 75' lang='lat' dir='ltr'><strong>proferuntur</strong></span> <span class='ocrx_word' id='word_1_936' title='bbox 1629 2825 1660 2850; x_wconf 85' lang='lat' dir='ltr'><strong>ab</strong></span> <span class='ocrx_word' id='word_1_937' title='bbox 1676 2825 1787 2856; x_wconf 67' lang='lat' dir='ltr'><strong>.Egyptio</strong></span> <span class='ocrx_word' id='word_1_938' title='bbox 1796 2829 1868 2849; x_wconf 56' lang='lat' dir='ltr'><strong>saces»</strong></span> 
     </span>
    </p>
   </div>
   <div class='ocr_carea' id='block_1_121' title="bbox 1084 2858 1422 2891">
    <p class='ocr_par' dir='ltr' id='par_1_121' title="bbox 1084 2858 1422 2891">
     <span class='ocr_line' id='line_1_121' title="bbox 1084 2858 1422 2891; baseline 0.003 -9"><span class='ocrx_word' id='word_1_939' title='bbox 1084 2858 1146 2884; x_wconf 82' lang='lat' dir='ltr'><strong>dote</strong></span> <span class='ocrx_word' id='word_1_940' title='bbox 1154 2859 1265 2884; x_wconf 83' lang='lat' dir='ltr'><strong>Solonem</strong></span> <span class='ocrx_word' id='word_1_941' title='bbox 1272 2858 1422 2891; x_wconf 83' lang='lat' dir='ltr'><strong>alloqueute.</strong></span> 
     </span>
    </p>
   </div>
  </div>
