1969 3130
145 174 198 200 565

145 230 263 256 imbrium
273 226 415 254 moderator
426 233 517 261 aquam
530 225 632 251 immisit
642 224 668 251 in
683 223 811 254 ﬂammam
821 243 828 256 ,
842 222 884 255 qui
897 225 936 247 ta-

147 283 203 300 men
225 273 356 308 Lydorum
376 272 429 308 regi
450 270 602 306 periclitanti
620 279 710 305 pyrum
734 268 858 296 restinxit.
883 267 936 295 Sed

146 319 218 346 extitit
239 319 348 354 pulchre
368 318 443 345 nobis
465 317 567 352 Lydum
581 316 608 343 in
619 315 774 343 memoriam
787 314 935 342 revocasti:

146 373 208 391 nam
222 369 248 392 et
263 364 338 391 illum
352 363 395 390 hic
409 363 514 390 dtemou
530 361 635 396 decepit
649 368 715 388 vana
723 367 771 395 spe
785 359 879 387 inllans
889 380 896 391 ,
911 364 939 386 et

147 411 173 437 iu
198 409 366 437 manifestam
380 408 523 444 perniciem
542 407 698 442 conjiciens.
717 407 756 434 Ac
779 406 830 434 nisi
852 406 938 442 Cyrus

146 455 280 482 humanus
294 455 397 487 fuisset,
411 454 476 481 nihil
491 454 575 488 ipsum
584 454 593 469 ί
607 453 709 488 Jupiter
718 452 839 488 juvissct.
851 451 938 485 Quare

146 501 244 528 frustra
258 501 317 529 Jovi
328 501 391 528 vitio
403 500 482 527 vertis
492 521 498 532 ,
507 499 578 535 quod
591 499 693 535 Lydqu
705 499 759 526 ﬁlio
773 498 917 534 pnetulerit
929 506 936 524 :

145 553 234 580 neque
248 545 320 573 enim
339 545 389 572 sibi
402 545 453 580 ipsi
469 545 496 572 in
511 551 562 579 qua
577 544 644 572 urbe
655 544 770 571 maxime
784 543 936 576 colebatur,

145 592 172 619 iu
187 592 296 620 Romuli
311 592 412 620 scilicet
426 591 509 624 urbe,
532 591 642 618 fulmine
665 594 750 618 tactus
770 597 847 624 opem
868 589 937 616 tulit.

181 637 284 665 Libanii
297 637 417 665 verbtt.—
429 636 561 664 Caeterum
571 636 709 664 audiamus
722 636 822 670 reliqua
830 635 938 662 lamenti

145 684 226 711 verba
243 693 252 711 ε
267 684 306 711 sic
323 684 393 711 enim
407 684 507 711 luctum
523 683 597 711 illum
609 704 617 717 ,
635 683 680 718 qui
694 690 787 710 eorum
799 682 938 716 occupavit

143 731 251 758 animos
261 751 268 764 ,
283 731 364 765 probe
378 731 502 758 sciemus.
518 729 589 763 Viri,
601 729 708 756 trahitur
717 729 779 756 mihi
791 729 890 755 animus
904 728 938 754 ad

144 777 253 810 speciem
267 777 308 804 dei
317 798 324 810 ,
343 777 453 811 mihique
470 776 589 813 cogitatio
602 780 691 810 typum
704 775 758 810 ejus
772 780 830 801 ante
852 774 938 801 oculos

144 823 248 855 statuit.
263 825 351 859 forma:
360 823 486 850 lenitatem
497 843 506 854 ,
520 822 584 848 cutis
595 821 784 848 teneritudine»):
796 841 803 853 ,
815 825 838 847 et
853 820 900 847 hoc
912 820 938 847 in

145 869 233 903 lapide
241 890 248 902 ,
261 869 390 904 cingulum
402 869 470 895 circa
482 871 566 903 pectus
574 875 676 894 auream
686 867 796 893 tunicam
805 865 936 901 colligens,

145 915 181 941 ita
196 919 222 941 ut
240 915 292 941 alia
306 914 405 948 quidem
420 914 592 946 subsiderent,
607 913 659 939 alia
674 912 859 948 subsurgerent.
875 911 938 938 Tota

145 971 203 989 rero
218 963 300 997 forma
312 963 385 997 cujus
403 962 469 988 iram
483 962 520 989 uel
537 962 671 996 [cruentent
686 969 736 988 non
749 960 878 988 sedasset?
894 960 939 988 Si-

143 1010 212 1036 milis
225 1012 291 1036 enim
306 1015 358 1035 erat
370 1010 446 1036 melos
455 1010 553 1035 canenti
568 1016 577 1035 :
590 1009 641 1035 imo
651 1008 776 1043 quispiam
788 1007 898 1039 audivit,
910 1011 938 1034 ut

142 1056 231 1087 aiunt,
243 1056 269 1082 in
289 1055 391 1082 meridie
410 1055 532 1081 cit/utram
555 1054 705 1088 pulsantem.
730 1054 810 1080 Aures
832 1053 938 1080 beatas’

144 1101 240 1128 (lenitus
251 1109 307 1128 vero
317 1101 424 1135 fortasse
435 1106 488 1128 erat
499 1100 616 1128 laudatio
637 1104 711 1127 terrm
721 1120 728 1132 ,
750 1099 791 1126 cui
814 1099 845 1126 de
861 1106 937 1126 aureo

143 1148 237 1183 cyatho
254 1148 316 1175 milii
329 1148 408 1175 libare
420 1148 525 1181 videtur,
540 1147 607 1182 quod
618 1147 728 1182 puellam
740 1146 875 1174 occultarit
891 1145 937 1173 de-

144 1194 245 1221 hiscens
255 1215 263 1227 ,
278 1202 309 1221 ac
320 1194 411 1222 deinde
422 1203 474 1221 sese
487 1194 647 1221 contra/iens.
662 1193 726 1221 Post
737 1193 796 1221 htec
810 1200 891 1228 pauca
904 1192 938 1221 de

144 1240 270 1268 incendio
293 1245 401 1276 questus
418 1250 424 1267 :
442 1241 588 1273 Clamabat,
604 1241 709 1275 inquit,
735 1241 819 1267 viator
836 1240 939 1275 fulgure

143 1291 290 1321 erumpente
303 1294 313 1313 .'
326 1287 471 1313 turbabatur
483 1288 509 1312 in
520 1287 577 1314 luco
588 1285 708 1321 Daphnes
721 1286 843 1321 inquilina
855 1294 939 1313 sacer-

143 1331 191 1358 dos
204 1332 246 1359 dei
257 1339 266 1358 :
277 1332 447 1366 percussiones
459 1337 542 1359 autem
555 1337 681 1366 pectorum
692 1353 699 1365 ,
713 1336 735 1358 et
750 1332 861 1364 eiulatus
873 1340 935 1359 aett-

143 1383 184 1403 tus
196 1385 242 1411 per
254 1377 335 1404 locum
347 1377 477 1405 arboribus
495 1378 600 1405 densant
620 1386 769 1413 percurrens
779 1399 786 1410 ,
806 1378 839 1404 ad
851 1378 937 1404 urbem

143 1431 222 1458 usque
244 1423 372 1450 vehemens
398 1429 472 1458 atque
493 1424 627 1458 horriﬁcus
657 1424 788 1458 pervadit;
816 1423 937 1458 principis

142 1468 233 1496 oculus
246 1473 305 1495 tunc
316 1476 431 1495 somnum
440 1477 529 1504 capere
543 1469 679 1503 incipiens,
696 1469 729 1496 ad
739 1469 854 1496 acerbum
869 1477 936 1496 nuu-

143 1513 206 1539 tium
222 1522 235 1539 e
248 1514 312 1540 lecto
325 1515 442 1541 surrexit.
459 1514 510 1541 Ille
530 1517 615 1550 furore
635 1515 743 1550 percitus
757 1515 812 1542 alas
826 1524 842 1541 a
866 1515 936 1542 Mer-

142 1559 214 1586 curio
228 1560 296 1594 petit.
306 1560 360 1594 ipse
373 1561 405 1586 ad
416 1560 475 1587 ntali
488 1561 598 1588 radicem
611 1561 771 1596 (laterem/am
787 1569 933 1596 properans,

144 1613 193 1631 nou
209 1605 292 1632 prtinus
304 1607 370 1632 intus
382 1605 503 1639 ardebat,
518 1615 593 1641 quant
608 1607 738 1642 templum.
752 1607 845 1634 Trabes
860 1608 935 1634 cude-

142 1650 203 1676 bant
214 1650 333 1677 deorsum
353 1652 435 1686 ignem
449 1654 555 1686 ferentes
564 1673 571 1685 ,
587 1660 643 1687 qui;
656 1654 769 1688 proxime
780 1654 879 1681 stabant
892 1654 936 1681 ab-

142 1701 284 1728 sumentes,
313 1697 455 1731 Apollinem
477 1705 535 1724 vero
555 1698 655 1730 statim,
679 1703 765 1733 utpote
783 1699 826 1733 qui
845 1708 936 1734 parum

143 1745 248 1771 distaret
269 1753 284 1771 a
300 1746 379 1776 tecto,
396 1743 454 1770 hinc
465 1747 489 1769 et
505 1743 557 1769 alia
570 1749 716 1771 ornamenta
726 1765 733 1777 ,
757 1744 937 1780 Musarumque

143 1796 241 1817 statuas
260 1791 294 1817 ibi
308 1797 416 1826 punias.
446 1790 591 1825 lapillorum
613 1791 732 1826 fulgura,
757 1793 936 1819 columnarum

145 1837 367 1870 pulchritudinem.
384 1835 522 1864 Multitudo
534 1836 697 1864 circumstans
723 1838 840 1872 lugebat,
863 1847 935 1873 opem

144 1885 211 1915 ferre
225 1890 275 1908 non
287 1882 387 1915 ualens,
413 1887 440 1909 ut
458 1881 548 1910 accidit
567 1882 598 1909 iis
608 1883 651 1917 qui
666 1891 679 1909 e
693 1888 760 1910 terra
775 1884 937 1919 naufragium

145 1929 244 1961 rident,
267 1937 373 1963 quorum
399 1930 523 1956 auxilium
545 1937 621 1956 unum
642 1933 696 1962 est,
721 1931 816 1964 factum
841 1930 936 1965 lugere.

145 1973 217 2000 Certe
239 1983 358 2009 magnum
372 1975 508 2002 excitavere
523 1976 616 2002 luctum
627 1984 658 2002 ea:
670 1976 780 2010 fontibus
794 1977 936 2004 exsiliente;

146 2020 281 2054 nymphen,
305 2029 424 2056 magnum
437 2020 540 2054 Jupiter
559 2030 636 2056 prope
655 2022 757 2055 sedens,
783 2027 809 2049 ut
824 2031 871 2056 par
885 2027 937 2049 erat

145 2066 303 2101 labefactatis
324 2067 370 2100 ﬁlii
384 2067 518 2094 honoribus
529 2075 538 2094 .'
554 2068 678 2102 ingentem
691 2069 749 2094 item
762 2073 936 2095 sexcentarth

146 2118 288 2138 ummonum
304 2112 330 2138 in
341 2113 396 2139 luco
415 2113 558 2148 degentium
572 2119 649 2140 catus
664 2121 672 2140 :
687 2122 731 2140 nec
750 2114 870 2141 minorem
899 2113 938 2140 lu-

146 2163 213 2183 ctum
224 2158 305 2184 media
315 2166 345 2184 ea:
357 2159 417 2185 urbe
425 2158 537 2193 Calliope
549 2159 675 2192 excitavit,
687 2159 937 2195 Musarumchorago

147 2203 205 2237 igne
217 2204 288 2230 twsa.
303 2204 396 2232 Postea
411 2205 459 2232 sub
473 2205 551 2232 linem
567 2206 604 2232 ait
620 2214 626 2231 :
647 2205 711 2232 Esto
727 2206 787 2233 mihi
805 2211 828 2233 ει
851 2214 917 2232 nunc
927 2227 933 2238 ,

148 2250 240 2283 Apollo
250 2271 257 2284 ,
272 2251 372 2285 qualem
390 2256 412 2278 te
427 2251 535 2278 reddidit
548 2252 656 2287 Chryses
666 2272 673 2283 .
690 2253 748 2279 dum
771 2253 871 2279 Achivis
890 2253 938 2278 im-

148 2302 301 2330 precaretur,
323 2298 362 2323 ira
371 2298 471 2330 plenum
486 2304 508 2324 et
522 2299 587 2324 nocti
601 2299 707 2325 similem
717 2319 724 2331 ,
745 2299 804 2333 quia
813 2308 870 2326 cum
885 2304 936 2326 sto-

150 2343 189 2369 las
201 2344 211 2358 ‘
226 2342 270 2370 tibi
285 2344 461 2377 redderemus,
475 2349 497 2370 et
522 2350 643 2379 quantum
669 2345 780 2371 ablatum
795 2347 877 2381 fuerat
897 2354 938 2373 rc-

149 2390 316 2422 stitueremus,
328 2395 479 2424 praereptum
491 2396 526 2417 est
540 2391 607 2424 quod
619 2391 740 2423 colimus,
753 2399 783 2418 ac
797 2392 819 2419 si
832 2399 940 2426 sponsus

149 2435 255 2468 aliquis,
270 2435 332 2461 dum
345 2443 444 2463 coronat
456 2441 599 2468 nectuntur,
612 2436 777 2463 abscessisset.

184 2479 228 2506 21.
253 2479 315 2506 Ιιωε
334 2480 486 2508 lamentatio
510 2481 576 2514 fuit,
595 2489 642 2508 seu
661 2482 747 2516 potius
769 2481 810 2509 lue
827 2482 938 2510 modica:

150 2530 210 2552 sunt
228 2525 422 2554 lamentatiouis
444 2532 541 2561 partes.
564 2527 627 2554 Mihi
650 2536 713 2555 vero
734 2528 822 2556 mirari
848 2529 936 2562 subit,

151 2571 283 2604 quomodo
302 2571 327 2598 in
341 2572 388 2602 iis.
404 2580 461 2606 qua:
483 2572 582 2606 pudore
603 2573 712 2601 allicere
734 2573 883 2607 debebant,
909 2581 940 2602 se

151 2622 272 2644 ornatum
284 2626 343 2644 esse
357 2622 430 2652 putet
445 2627 451 2644 :
468 2619 550 2646 nihilo
563 2620 658 2647 melius
668 2641 674 2652 ,
684 2628 762 2655 quam
774 2621 899 2649 lascivum
913 2627 939 2648 et

151 2664 306 2691 obscaauum
319 2664 461 2698 juvenem,
479 2666 503 2692 in
518 2666 628 2695 meridie
647 2675 711 2697 cunt
723 2667 823 2694 cithara
844 2668 938 2695 luden-

152 2716 202 2736 lum
219 2710 357 2743 inducens,
372 2716 398 2738 et
412 2712 506 2738 cantici
522 2718 705 2747 argumentum
721 2714 812 2741 dicens
826 2714 938 2740 amicam

150 2766 224 2789 t'ssc,
241 2766 372 2793 auresque
387 2759 444 2786 illus
470 2759 560 2787 beatas
574 2760 720 2794 praedicans
731 2782 738 2793 ,
751 2769 809 2795 qua:
834 2766 938 2796 turpem

182 2838 187 2851 ¹
207 2844 259 2870 sav.
275 2840 378 2869 vitulus
394 2837 482 2870 Cotlijv,
504 2837 549 2862 nisi
564 2844 640 2869 r‘prus
659 2846 710 2870 prie
731 2839 875 2865 humanitate
896 2848 938 2865 sua

149 2868 214 2892 ίΗςίιιι
226 2867 308 2891 dimisi
321 2871 362 2894 .vrt.
376 2867 435 2892 ntuil
447 2867 532 2898 ipsum.
546 2867 592 2893 etc.

179 2900 188 2913 ¹
207 2899 257 2925 Αιει,
269 2898 382 2927 ι’ῙσιῙηιίιδ,
396 2905 447 2929 pro,
458 2899 530 2925 stolas

540 168 586 196 DE
603 166 633 196 S.
654 166 800 199 BABYLA,
820 163 959 193 CONTRA
971 163 1142 192 JULIANUM
1163 165 1206 192 ΕΤ
1226 164 1407 193 GENTILES.

1729 164 1780 191 ΒΜ

993 221 1064 248 illam
1075 222 1232 249 cantilenam
1251 222 1393 250 audierint.
1405 223 1437 250 Ει
1451 222 1515 258 quid
1531 222 1638 258 quidem
1651 221 1722 250 dicat
1733 222 1778 250 ali-

990 276 1098 303 quosex
1108 269 1149 302 iis,
1163 269 1208 303 qui
1225 269 1351 303 Daphnen
1362 274 1390 296 et
1402 269 1617 305 circumjacentia
1629 269 1687 298 loca
1702 269 1779 296 habi-

992 319 1062 348 tant,
1078 315 1236 350 lacrymatos
1249 323 1324 348 esse;
1338 316 1462 350 urbisque
1479 317 1622 351 principem
1640 316 1780 344 ardentem

992 359 1089 392 fuisse.
1103 361 1223 396 nihilque
1237 361 1351 395 amplius
1361 381 1367 393 ,
1385 369 1463 396 quam
1480 362 1580 390 luctum
1598 362 1721 395 inducat,
1737 361 1780 388 ni-

993 407 1028 433 hil
1043 407 1138 434 mirqu
1157 416 1162 433 :
1179 407 1249 441 quod
1262 411 1350 434 autem
1366 407 1437 441 ipsos
1456 407 1522 434 deos
1539 408 1566 435 in
1581 408 1674 436 eadem
1690 409 1781 436 consi-

992 452 1018 478 lii
1033 453 1119 486 inopia
1136 452 1216 479 luisse
1233 452 1321 484 dicat,
1335 453 1474 488 solumque
1496 453 1565 488 apud
1579 461 1608 481 se
1620 454 1780 489 lacrymatos

991 506 1064 530 esse;
1080 507 1111 526 ac
1125 507 1210 534 neque
1222 498 1313 526 Jovem
1325 520 1332 533 ,
1348 507 1433 534 neque
1452 499 1604 534 Calliopen,
1628 507 1713 535 neque
1727 500 1781 528 fre-

991 551 1116 580 quentcm
1137 545 1208 572 illam
1220 545 1371 573 daemonum
1384 546 1487 573 turbam
1497 567 1504 578 ,
1519 553 1605 581 neque
1619 547 1691 581 ipsas
1703 554 1780 582 nym-

991 590 1057 625 phas
1072 591 1170 625 aliquid
1187 595 1277 619 contra
1293 591 1444 620 incendium
1468 592 1608 626 potuisse,
1618 591 1663 619 sed
1687 599 1780 620 omnes

992 637 1105 673 eiulatus
1116 643 1144 665 et
1159 638 1246 666 luctus
1260 638 1391 666 excitasse
1402 642 1504 666 tantum
1521 647 1528 664 :
1544 637 1568 664 id
1585 637 1702 672 profecto
1717 638 1779 665 ridi—

991 684 1078 711 culum
1096 684 1238 712 admodum
1252 690 1301 712 est.
1316 684 1391 718 Quod
1403 685 1482 720 igitur
1493 692 1614 719 magnam
1629 685 1782 718 acceperint.

992 730 1094 765 plagam
1117 730 1182 757 satis
1194 738 1228 758 ex
1249 731 1302 765 jam
1327 730 1406 758 dictis
1426 730 1637 758 demonstratum
1660 734 1721 758 est:
1741 735 1780 758 et-

990 775 1060 802 enim
1076 776 1100 803 iu
1116 776 1204 803 medio
1219 777 1312 803 umnizc
1333 776 1404 811 ipsos
1417 775 1506 803 lethali
1519 777 1628 804 vulnere
1646 775 1780 811 perfossos

991 822 1140 850 confitetur.
1165 822 1221 849 Non
1235 823 1313 858 igitur
1328 823 1353 850 id
1366 823 1495 857 patienter
1507 823 1611 850 tulisset
1623 822 1778 857 imperator,

990 868 1042 895 nisi
1056 868 1128 895 illum
1145 869 1229 904 major
1241 873 1328 897 metus
1340 872 1367 896 et
1381 868 1494 896 formido
1507 873 1671 903 occupasset.
1687 868 1779 895 Restat

990 913 1096 940 domum
1108 919 1135 941 ut
1145 914 1318 942 ostendamus
1332 922 1382 948 qua
1398 914 1432 941 de
1445 921 1523 941 causa
1538 914 1606 941 Deus
1619 913 1685 940 iram
1704 921 1778 941 suam

991 960 1016 986 in
1028 959 1218 995 Imperatorem
1238 968 1290 987 non
1307 960 1460 994 immiserit,
1471 961 1518 988 sed
1533 961 1559 987 in
1573 960 1737 993 daemonem,
1753 964 1781 987 et

989 1015 1038 1034 cur
1051 1006 1118 1041 ignis
1137 1015 1188 1034 non
1204 1011 1286 1033 totum
1298 1007 1424 1042 templum
1437 1007 1632 1041 absumpserit,
1646 1006 1693 1034 sed
1707 1014 1780 1034 cont-

990 1053 1067 1081 busto
1089 1058 1159 1081 tecto
1179 1054 1258 1081 etiam
1282 1053 1379 1080 idolum
1394 1053 1576 1088 prostraverit.
1603 1052 1694 1088 Neque
1708 1052 1779 1080 enim

990 1103 1090 1127 temere
1103 1104 1130 1126 ct
1143 1099 1200 1127 sine
1212 1107 1290 1126 causa
1305 1099 1362 1126 lucc
1374 1098 1443 1126 facta
1456 1104 1518 1126 sunt
1530 1119 1537 1131 ,
1554 1098 1600 1126 sed
1612 1106 1644 1125 ex
1659 1098 1704 1126 Dei
1718 1105 1780 1132 ergo

989 1151 1110 1174 errantes
1123 1146 1262 1174 clementia
1279 1146 1368 1173 omnia
1387 1150 1460 1181 gesta
1476 1145 1559 1173 fuere.
1574 1145 1623 1179 Qui
1636 1145 1707 1172 enim
1723 1153 1780 1172 ont-

991 1193 1033 1220 nia
1049 1193 1122 1220 novit
1135 1197 1275 1228 antequam
1296 1192 1376 1225 ﬁant,
1389 1197 1417 1220 et
1430 1192 1481 1219 hoc
1493 1200 1553 1219 cum
1575 1192 1634 1219 aliis
1648 1197 1757 1218 noverat
1772 1200 1778 1218 :

990 1239 1090 1266 scilicet
1102 1239 1123 1266 si
1146 1238 1243 1266 fulmen
1263 1239 1288 1265 iu
1302 1238 1491 1273 imperatorem
1507 1238 1654 1266 immissum
1670 1237 1762 1265 fuisset
1772 1259 1779 1269 ,

990 1285 1033 1320 qui
1060 1289 1204 1320 praesentes
1218 1284 1330 1312 fuissent
1342 1292 1374 1312 ac
1388 1284 1534 1317 vidissent,
1553 1284 1586 1312 ad
1609 1288 1713 1319 tempus
1733 1291 1780 1311 cx-

991 1330 1075 1358 territi
1090 1336 1196 1364 essent,
1211 1330 1328 1358 secundo
1341 1335 1429 1358 autem
1444 1330 1484 1358 vel
1500 1331 1578 1357 tertio
1591 1334 1698 1365 peracto
1709 1337 1779 1356 anno

990 1377 1050 1405 facti
1067 1377 1194 1405 memoria
1211 1377 1350 1411 periisset,
1375 1376 1504 1411 multique
1526 1376 1606 1404 futuri
1627 1381 1703 1403 erant
1715 1397 1721 1408 ,
1735 1377 1779 1411 qui

990 1423 1120 1450 miraculo
1133 1430 1184 1450 non
1201 1424 1350 1450 crederent.
1367 1422 1412 1450 Sin
1426 1430 1490 1450 vero
1505 1421 1632 1456 templum
1647 1420 1780 1448 flarumam

989 1471 1136 1504 reciperet,
1160 1470 1233 1497 omni
1254 1478 1376 1505 prteconc
1391 1469 1488 1496 clarius
1498 1489 1505 1501 ,
1522 1477 1573 1495 non
1591 1468 1623 1495 iis
1637 1468 1722 1495 solmu
1735 1468 1779 1502 qui

990 1521 1052 1543 tunc
1067 1521 1157 1547 erant,
1179 1515 1227 1543 sed
1252 1516 1332 1544 etiam
1347 1515 1460 1550 posteris
1481 1514 1604 1541 omnibus
1624 1514 1688 1540 iram
1704 1521 1779 1540 suam

990 1562 1193 1590 deuuntiuturus
1215 1566 1273 1589 erat.
1291 1562 1361 1588 Deus
1377 1570 1383 1587 ε
1400 1561 1435 1588 ita
1451 1564 1481 1588 ut
1499 1560 1521 1586 si
1541 1560 1584 1595 qui
1599 1567 1655 1587 rem
1676 1564 1779 1594 gestam

990 1609 1090 1636 vellent
1103 1608 1271 1644 impudenter
1282 1609 1430 1640 occultare,
1445 1607 1477 1634 iis
1489 1607 1576 1634 oumis
1589 1607 1694 1634 occasio
1709 1614 1779 1641 pra--

989 1656 1133 1683 cideretur.
1147 1655 1272 1690 Quisquis
1292 1655 1362 1682 enim
1383 1655 1470 1682 locum
1487 1654 1566 1688 petit,
1581 1653 1620 1681 sic
1638 1654 1727 1680 animo
1739 1653 1780 1679 af-

991 1701 1086 1734 ﬁcitur,
1106 1708 1138 1728 ac
1147 1701 1170 1728 si
1185 1700 1335 1728 incendium
1350 1707 1435 1735 nuper
1448 1699 1605 1730 accidisset.
1621 1703 1702 1734 atque
1716 1698 1780 1726 hor-

990 1754 1034 1773 ι·οτ
1047 1746 1152 1780 quidam
1176 1746 1260 1781 ipsum
1283 1745 1398 1777 invadit,
1424 1749 1452 1772 et
1463 1744 1496 1771 ad
1516 1745 1610 1771 cmlum
1635 1743 1781 1778 respiciens

989 1794 1077 1820 statim
1101 1792 1217 1820 celebrat
1239 1792 1362 1819 virtutem
1377 1791 1451 1827 eius,
1473 1791 1517 1826 qui
1544 1790 1636 1818 isthtec
1656 1795 1780 1825 operatus

990 1842 1039 1865 est.
1056 1837 1090 1865 Ut
1112 1838 1182 1865 cuitu
1198 1838 1220 1864 si
1233 1838 1291 1872 quis
1303 1837 1455 1872 praedonum
1481 1837 1607 1872 principis
1634 1842 1738 1863 antrum
1753 1841 1781 1864 et

990 1884 1128 1911 latibulum
1152 1883 1333 1919 perfringens,
1350 1885 1466 1910 vinctum
1482 1883 1556 1910 illtun
1578 1882 1714 1916 eduxerit,
1737 1882 1779 1909 di-

991 1931 1125 1966 reptisque
1139 1931 1196 1966 ejus
1210 1930 1377 1958 facultatibus
1387 1951 1394 1962 ,
1409 1930 1496 1957 locum
1510 1929 1644 1964 reliquerit
1659 1933 1778 1964 recepta-

991 1977 1079 2004 culum
1095 1976 1209 2004 fcrarum
1225 1981 1251 2004 et
1266 1976 1487 2008 mouedularum;
1504 1975 1601 2003 deinde
1616 1983 1694 2008 vero,
1708 1975 1781 2010 quis—

990 2024 1050 2059 quis
1071 2024 1097 2050 in
1120 2022 1270 2058 hujusmodi
1289 2022 1427 2050 latibulum
1449 2022 1567 2053 venerit,
1589 2021 1678 2048 statim
1701 2025 1780 2054 atque

991 2071 1078 2098 locum
1092 2070 1163 2097 videt
1173 2091 1180 2103 ,
1197 2070 1319 2097 incursus
1333 2074 1361 2097 et
1372 2068 1441 2096 furta
1457 2068 1543 2096 locum
1559 2068 1630 2102 prius
1643 2067 1781 2095 ineolentis

991 2116 1039 2143 sibi
1067 2117 1156 2143 aniqu
1179 2115 1314 2150 depingit:
1332 2115 1367 2142 ita
1380 2119 1408 2142 ct
1427 2114 1472 2141 hic
1485 2121 1532 2141 usu
1554 2113 1634 2141 venit.
1657 2112 1782 2147 Quisquis

991 2162 1062 2189 enim
1078 2162 1213 2188 columnas
1230 2160 1322 2195 procul
1331 2160 1477 2195 conspicit,
1491 2159 1674 2194 accedensque
1689 2163 1779 2194 postea

992 2208 1071 2235 limen
1084 2207 1285 2242 transgreditur,
1301 2206 1431 2234 dtemonis
1445 2205 1669 2233 abominationcm
1690 2205 1781 2232 animo

992 2254 1041 2282 sibi
1056 2253 1174 2289 dt'pltlgll
1186 2274 1192 2285 ,
1209 2253 1336 2280 fallaciam
1350 2252 1413 2280 item
1426 2257 1454 2279 et
1463 2251 1572 2279 insidias
1589 2260 1596 2278 :
1611 2255 1690 2286 atque
1713 2251 1780 2278 iram

991 2301 1169 2333 virtutemque
1191 2299 1236 2325 Dei
1250 2299 1359 2325 miratus
1371 2296 1499 2325 abscedit.
1513 2297 1558 2324 Sic
1568 2297 1638 2332 quod
1653 2297 1725 2330 prius
1736 2304 1781 2323 er-

992 2345 1060 2372 roris
1077 2350 1103 2372 et
1117 2344 1288 2379 blasphetnim
1303 2343 1481 2370 habitaculum
1497 2342 1598 2375 fuerat,
1613 2350 1683 2370 nunc
1695 2342 1781 2369 laudis

991 2390 1162 2418 tlecantantla:
1172 2395 1359 2424 argumentum
1374 2393 1415 2417 est
1430 2398 1436 2415 :
1450 2393 1521 2416 tanta
1537 2389 1606 2416 Deus
1621 2393 1712 2416 noster
1725 2395 1780 2415 ma.

991 2437 1115 2464 chinandi
1130 2440 1187 2463 arte
1198 2435 1278 2463 valet.
1289 2435 1323 2461 Et
1333 2434 1463 2462 mirabilia
1476 2433 1625 2468 hujnsmodi
1641 2441 1693 2461 non
1709 2441 1781 2461 nunc

991 2483 1106 2518 primum
1116 2503 1123 2514 ,
1135 2481 1180 2509 sed
1189 2481 1243 2517 jam
1255 2482 1318 2508 olim
1329 2488 1343 2508 a
1358 2480 1710 2515 prioribusgeneratiombus
1718 2488 1782 2515 ope-

992 2534 1074 2556 ratur.
1088 2529 1181 2556 Omnia
1197 2535 1277 2563 porro
1290 2535 1430 2555 recensere
1444 2534 1495 2553 non
1508 2531 1548 2554 est
1563 2527 1700 2560 praesentis
1717 2531 1782 2553 lem-

992 2578 1079 2611 poris;
1092 2584 1147 2602 rem
1167 2580 1253 2601 tamen
1275 2573 1490 2602 commemorabo
1506 2572 1566 2599 huic
1579 2572 1688 2599 omnino
1708 2573 1781 2599 simi-

992 2623 1052 2650 lem.
1067 2623 1138 2649 llello
1154 2623 1215 2648 olim
1235 2622 1260 2647 in
1273 2621 1412 2647 Palmstina
1434 2621 1543 2647 suburlo
1557 2620 1625 2646 inter
1639 2619 1745 2646 .ludzeos
1757 2623 1782 2646 et

991 2668 1118 2703 quosdam
1145 2667 1322 2701 alienigenas,
1340 2666 1451 2693 victoria
1475 2665 1549 2699 potiti
1575 2665 1665 2692 hostes
1678 2670 1782 2699 captant

993 2714 1037 2740 Dei
1052 2722 1139 2740 arcam
1157 2714 1194 2747 (l.
1208 2711 1261 2746 lieg
1325 2712 1354 2746 Ξ)
1364 2732 1371 2744 ,
1393 2711 1466 2746 quasi
1490 2710 1628 2737 manubias
1643 2714 1669 2737 et
1682 2709 1764 2744 spolia
1774 2729 1782 2742 ,

991 2759 1094 2786 cuidam
1111 2759 1181 2786 idolo
1193 2763 1399 2790 consecrarunt,
1421 2757 1463 2785 eui
1489 2764 1585 2784 nomen
1602 2756 1691 2791 Dagon
1715 2761 1782 2782 erat.

993 2806 1041 2833 Ubi
1056 2811 1143 2833 autent
1159 2806 1270 2840 primum
1296 2805 1402 2832 inducta
1418 2804 1465 2831 fuit
1480 2811 1540 2830 arca
1556 2824 1562 2834 ,
1585 2808 1669 2830 stattta
1686 2802 1784 2829 decidit

992 2857 1019 2878 et
1036 2855 1166 2886 prostrata
1178 2850 1292 2884 jaccbat.
1312 2849 1345 2877 Ut
1359 2854 1445 2876 autem
1461 2857 1491 2875 ex
1521 2849 1570 2875 hoc
1583 2856 1644 2875 casu
1662 2848 1705 2874 Det
1729 2848 1780 2873 vir-

994 2903 1076 2927 tutem
1101 2905 1151 2924 non
1166 2896 1367 2929 intellexerunt,
1388 2894 1434 2923 sed
1456 2899 1570 2922 erectum
1596 2902 1687 2921 rursus
1712 2894 1781 2921 illam
