1969 3130
196 156 246 184 567

195 222 220 240 ιιι
236 213 291 240 basi
304 221 351 240 sua
368 214 549 249 collocarunt,
561 218 687 251 postridie
697 219 746 247 sub
760 227 863 248 ant-orte
876 226 980 257 tctnpus

194 259 367 293 accedentes,
383 267 435 288 non
460 261 544 289 solum
567 263 718 298 delapsam,
733 267 779 293 sed
802 267 907 302 penitus
930 269 982 296 fra-

195 309 262 330 ctam
275 310 440 339 repererunt.
456 306 521 334 Nam
536 309 634 336 avulsa:
649 318 742 338 manus
755 312 788 338 ab
800 312 934 347 humeris,
947 315 980 341 ad

194 349 273 376 limen
289 351 379 386 templi
400 359 461 379 cum
481 353 589 388 pedibtts
610 356 781 390 exsilierant,
796 359 896 394 reliqua
919 368 980 395 pars

192 399 285 422 statua:
305 395 407 424 divulsa
431 398 492 426 alibi
513 405 616 434 reperta
645 406 695 429 est.
719 402 894 432 Sodomorum
917 407 979 434 itetn

193 440 272 468 tellus
282 462 289 474 ,
303 447 331 469 ιιι
342 449 422 477 parva
438 445 540 480 magnis
554 446 737 481 conferamus,
754 449 814 478 ideo
826 458 886 477 cum
904 451 979 479 habi-

191 487 319 514 latoribus
334 487 394 522 igne
408 495 542 525 assumpta
560 492 638 526 periit
651 493 726 528 (Gen.
742 495 787 530 l9)
799 516 808 528 ,
835 496 981 526 infructuo-

191 538 272 565 saque
288 533 399 565 mansit,
418 539 446 561 ut
467 543 519 562 non
536 537 617 564 modo
632 538 702 565 illius
715 540 764 567 arvi
780 540 900 570 homines
910 563 917 575 ,
931 543 978 570 sed

191 582 251 610 post
262 578 340 606 futuri
354 587 447 608 ontnes
461 589 477 609 a
492 582 556 609 locis
579 583 643 618 ipsis
664 585 696 612 ad
719 587 855 615 meliorem
878 589 978 624 frugem

190 623 389 653 reducerentur.
403 627 430 654 Si
452 628 522 655 enim
545 628 665 658 homines
678 636 778 660 tantum
794 635 860 662 ultio
876 637 979 670 attigis-

189 674 247 701 set,
264 669 360 698 uictum
382 678 471 707 postea
495 683 547 702 non
566 677 695 704 creditum
712 678 813 707 fuisset.
829 681 889 709 ldeo
903 683 978 712 locus

190 715 291 750 plagam
308 718 420 752 accipit,
436 721 480 755 qui
503 726 591 756 potest
606 728 725 758 tempore
739 733 790 753 non
805 726 904 761 deleri,
920 730 976 757 sin-

188 761 316 795 gulasque
341 765 526 797 genertiones
552 769 773 804 commonefacit,
801 772 858 808 lege
882 782 977 810 nempe

187 809 313 833 statutum
334 815 410 841 esse,
425 814 453 836 ut
479 811 522 846 qui
547 812 607 840 talia
631 820 727 848 agant,
743 816 806 844 talia
827 809 975 853 patiantur;

187 850 291 878 etiamsi
314 860 367 880 non
391 855 480 883 statim
504 864 594 891 pceuan
612 862 700 893 luant,
715 866 743 888 ut
765 862 791 889 in
807 863 858 890 hoc
878 867 977 901 tetnplo

186 897 305 932 contigit.
321 898 390 927 Ecce
414 909 529 936 namque
542 903 682 938 vigerimtts
705 915 790 936 annus
799 916 831 936 ex
847 910 892 937 illo
906 897 974 939 tein-

187 950 251 977 pore
269 946 355 980 agitur
370 946 408 983 (a)
420 969 427 980 .
441 956 490 977 nec
512 954 600 979 tamen
627 953 731 982 :edilicii
751 956 786 984 ab
810 957 871 993 igne
891 960 975 988 relicti

187 996 247 1022 pars
269 991 320 1018 ulla
342 993 435 1026 periit,
457 995 503 1022 st-d
518 1004 577 1031 qua:
597 1003 685 1033 partes
707 1001 794 1036 ignem
807 991 974 1040 effugerunt,

184 1041 224 1061 ea:
235 1035 345 1064 lirtniter
358 1042 429 1066 stant
443 1048 525 1076 usque
542 1042 609 1071 adeo
622 1035 732 1078 validae,
744 1052 774 1075 ut
787 1053 813 1076 et
826 1035 932 1079 centum
948 1035 976 1080 et

184 1078 225 1107 bis
240 1080 328 1115 plures
340 1103 347 1115 ,
363 1083 458 1120 bisque
469 1093 572 1115 rursum
588 1088 666 1125 longe
680 1091 768 1125 plures
781 1101 865 1123 annos
877 1078 975 1127 durare

183 1126 294 1159 possint.
313 1128 415 1164 Ecquid
427 1131 523 1160 mirum
535 1134 557 1161 si
571 1142 604 1162 ex
620 1136 751 1166 columnis
762 1140 832 1168 nttlla
846 1143 881 1169 ab
890 1143 973 1172 altera

184 1171 274 1198 avulsa
288 1173 321 1200 ad
337 1175 421 1203 solum
436 1176 582 1206 deciderit?
594 1180 783 1213 Columnarum
796 1186 867 1214 enint
881 1196 972 1217 earum

182 1224 241 1250 qua:
257 1218 288 1245 ad
302 1221 475 1253 posteriorem
490 1225 580 1259 templi
590 1230 691 1261 partem
703 1234 794 1261 erant,
807 1239 857 1259 una
870 1238 972 1263 tantunt

182 1261 279 1296 fracta,
292 1273 325 1292 ne
338 1273 368 1293 ea
383 1268 490 1302 quidem
502 1273 617 1306 corruit,
632 1274 679 1302 sed
692 1283 707 1302 a
727 1283 774 1304 sua
787 1277 844 1306 basi
860 1286 929 1309 mota
945 1287 972 1310 et

180 1309 214 1336 ad
228 1317 330 1338 murum
346 1314 471 1342 reclinata
487 1319 600 1348 mansit.
617 1320 728 1357 ejusque
744 1331 806 1359 pars
816 1325 849 1353 ab
862 1327 915 1355 itno
926 1336 972 1356 us-

181 1363 233 1390 que
247 1357 280 1383 ad
296 1357 438 1388 fracturam
457 1363 563 1398 oblique
585 1373 661 1394 muro
683 1357 792 1404 nititur;
818 1379 834 1399 ι
857 1372 970 1402 fractura

180 1408 245 1428 vero
266 1410 349 1437 usque
371 1405 403 1432 ad
426 1409 576 1442 capitellum
601 1412 694 1447 supina
709 1419 779 1449 stat,
795 1417 829 1444 ab
851 1419 970 1449 inferiori

181 1452 254 1480 parte
266 1448 382 1476 sulfulta.
397 1451 561 1488 Quamquam
574 1461 662 1485 autem
673 1464 700 1486 et
713 1462 784 1489 venti
797 1463 971 1495 veltementcr

179 1493 344 1529 iugrucrint,
361 1503 440 1527 terrze
462 1507 549 1530 ntotns
570 1506 736 1542 acciderint,
754 1515 780 1537 et
805 1515 876 1540 terra
903 1522 968 1542 con-

177 1547 254 1567 cuSsa
269 1540 363 1576 fuerit,
380 1545 494 1574 ﬂamma:
508 1550 625 1585 reliquid:
647 1560 699 1581 non
713 1540 808 1584 amota:
826 1564 905 1591 sunt;
921 1561 968 1588 sed

176 1590 306 1615 steterunt
327 1593 518 1626 propemodum
533 1596 694 1632 clamantes,
712 1608 742 1629 se
754 1601 787 1629 ad
800 1590 966 1638 posterorum

175 1633 388 1664 emendationem
399 1644 521 1668 servatas
531 1649 602 1670 esse.

210 1678 253 1727 εει.
267 1680 298 1727 Et
307 1682 413 1716 quidem
428 1686 497 1720 quod
512 1689 639 1724 templum
650 1698 702 1719 non
716 1692 833 1723 funditus
846 1697 962 1727 dirutum

175 1722 269 1755 fuerit.
284 1725 353 1754 ltanc
373 1736 481 1758 causam
495 1722 584 1762 dicere
598 1737 684 1769 possis
700 1747 706 1765 :
721 1740 791 1774 quod
805 1746 893 1770 autem
910 1744 962 1772 ful-

175 1777 236 1796 tuen
258 1770 448 1806 Imperatorem
461 1784 514 1805 non
527 1780 642 1815 attigerit
655 1802 662 1813 .
683 1783 794 1812 alteraut
818 1794 926 1816 causam
942 1791 964 1817 si

171 1822 276 1849 qua-ras
291 1820 408 1854 reperies
420 1841 427 1853 .
449 1830 480 1850 ex
495 1825 588 1853 eodem
612 1827 670 1862 ipso
689 1829 858 1866 benignitatis
871 1839 897 1861 et
909 1836 963 1864 cle-

172 1863 278 1890 mentia:
291 1864 389 1893 Christi
405 1867 476 1896 fonte
488 1876 650 1901 manantem.
666 1875 729 1903 Ideo
745 1863 816 1906 enim
830 1879 916 1914 ignem
929 1863 962 1910 ex

171 1907 339 1943 ltnperatoris
351 1913 438 1948 capite
449 1917 561 1951 avertit,
577 1918 602 1946 in
623 1920 764 1958 ipsumque
779 1907 962 1960 tectdrnjaeu-

170 1952 238 1980 latus
249 1960 304 1987 est,
323 1962 352 1984 ut
368 1959 462 1987 alienis
477 1952 670 1993 calamitatibus
685 1952 796 1996 edoctus
818 1952 960 2006 repositam

168 1999 217 2027 sibi
233 2008 336 2035 pinnam
348 2004 485 2040 eﬁ‘ogeret,
502 2014 618 2038 mutatus
631 2013 702 2041 etab
716 2021 808 2044 errore
822 1999 959 2046 liberatus.

167 2044 258 2080 Neque
271 2048 322 2076 hoc
343 2051 449 2085 solum,
476 2061 563 2089 neque
585 2057 698 2091 primum
722 2061 837 2096 proprize
857 2063 960 2092 virtutis

166 2091 270 2126 signant
285 2095 308 2122 ei
322 2095 394 2124 dedit
406 2098 528 2127 Christus
538 2121 545 2132 .
561 2103 607 2130 sed
629 2109 658 2132 et
677 2091 729 2134 alia
748 2091 830 2136 munita
851 2109 892 2138 Itis
905 2091 958 2140 non

165 2137 279 2166 minora.
300 2140 367 2169 Nam
379 2148 405 2170 et
419 2150 528 2178 patruus
539 2147 598 2181 ejus
610 2154 637 2176 et
651 2157 769 2185 quaestor
778 2155 887 2183 aerarius
898 2177 905 2189 ,
919 2158 959 2185 sic

164 2184 244 2211 ambo
256 2185 309 2213 vita
330 2187 411 2216 functi
425 2196 503 2223 sunt;
528 2193 559 2220 ad
579 2194 637 2222 ha-c
657 2184 741 2225 fames
754 2207 804 2227 una
820 2209 879 2229 cum
898 2203 957 2238 ipso

163 2229 256 2257 urbem
269 2232 406 2268 invadens,
423 2243 552 2272 aquarum
567 2249 672 2277 quoque
688 2246 796 2278 penuria
811 2255 954 2284 numquam

163 2280 224 2303 ante
238 2277 308 2311 visa,
330 2288 408 2314 quam
422 2283 456 2310 ab
469 2291 502 2311 eo
516 2288 644 2315 sacriﬁcia
664 2277 782 2319 fontibus
799 2293 866 2321 facta
885 2277 954 2324 fuis-

163 2327 222 2348 sent
235 2343 242 2355 ,
258 2325 362 2360 aliaque
377 2329 457 2356 multa
468 2351 476 2363 ,
499 2332 555 2360 sive
569 2333 594 2361 in
606 2337 722 2364 exercitu
737 2339 793 2366 sive
808 2340 833 2368 in
845 2342 954 2372 urbibus

161 2367 318 2401 accidentia,
334 2373 483 2405 potuissent
493 2377 535 2404 vel
551 2378 684 2414 lapideum
699 2383 817 2412 animum
832 2385 950 2422 ﬂectere,

162 2419 214 2438 non
228 2414 394 2444 multitudine
418 2423 534 2454 tantum,
560 2431 646 2460 neque
666 2428 738 2462 quod
761 2431 850 2458 omnia

159 2456 278 2485 facinora
292 2461 380 2488 statim
395 2469 588 2501 seqtterentur,
602 2456 640 2497 ἰιι
659 2456 793 2506 quondam
809 2475 950 2512 zEgyptio-

160 2510 218 2530 rutn
234 2505 304 2540 regis
318 2512 455 2543 tempore;
477 2513 523 2540 sed
534 2514 613 2542 etiam
628 2505 698 2552 quod
712 2527 760 2554 per
771 2528 800 2548 se
813 2505 873 2549 talia
887 2524 953 2552 edc-

158 2555 251 2577 rcntur
263 2551 400 2587 miracula,
414 2560 442 2583 ut
450 2557 520 2585 aliud
531 2560 584 2587 alio
597 2551 649 2589 non
661 2551 750 2599 egeret
759 2566 792 2593 ad
803 2567 949 2598 videntium

156 2597 360 2627 rtutversioncnt
372 2622 379 2633 ,
396 2602 442 2629 sed
462 2605 565 2640 singula
583 2614 615 2635 ex
638 2617 667 2636 se
679 2597 714 2637 ad
731 2611 756 2639 id
771 2615 949 2649 peragendum

154 2646 220 2668 suos
235 2648 337 2672 essent.
359 2645 424 2675 Nam
445 2653 473 2676 ut
486 2656 582 2679 ctetcra
595 2654 717 2682 omittam
727 2677 735 2689 ,
758 2645 848 2693 quem'
858 2661 900 2688 vel
916 2669 948 2689 ex

153 2687 299 2717 admodum
311 2693 423 2727 stupidis
435 2703 487 2722 non
501 2697 675 2727 deterruisset
685 2687 755 2736 quod
767 2687 838 2732 circa
851 2707 948 2734 veteris

153 2733 369 2772 Jcrosolymitani
393 2742 483 2775 templi
506 2744 675 2773 fundamenta
693 2733 838 2778 exhibitum
857 2733 947 2780 estsi;

153 2783 258 2814 guunt?
279 2785 410 2818 Quidnam
437 2789 500 2816 illud
516 2791 596 2817 erat?
620 2792 687 2820 Cum
702 2794 803 2824 vidcrct
820 2802 946 2833 tyrannus

183 2879 219 2909 (ιι)
238 2885 315 2906 Aunus
329 2885 458 2914 atgcsimns
468 2887 579 2914 aJuliano
588 2889 743 2922 imperatore.

549 158 568 182 α
596 158 735 190 JOANNIS
752 161 986 192 CIIRYSOSTOMI
1001 165 1157 194 ARCIIIEP.
1173 167 1437 198 CONSTANTINOP.

1770 173 1819 200 503

1037 223 1063 250 in
1079 229 1132 251 tota
1144 232 1191 252 sua
1213 225 1312 254 ditione
1331 226 1454 255 diffusam
1473 228 1570 256 Christi
1590 229 1669 258 fidem
1685 251 1693 262 ,
1715 230 1822 265 jamque

1036 268 1175 297 Persarum
1189 270 1254 298 lines
1269 277 1455 307 occupantem,
1471 274 1634 310 aliorumque
1648 277 1820 304 remotiorum

1034 313 1225 349 barbarorum,
1251 324 1408 352 rursumque
1431 319 1499 347 ultra
1520 327 1567 347 eos
1588 328 1755 357 progressam
1767 342 1774 350 .
1790 331 1821 349 ac

1035 363 1118 388 totum
1130 381 1137 394 ,
1154 366 1182 388 ut
1196 362 1230 389 ita
1244 363 1330 390 dicam
1344 384 1353 396 ,
1369 364 1462 392 orbem
1473 371 1646 400 occupantem
1662 376 1669 394 :
1685 368 1821 395 cruciaba-

1034 410 1078 434 tur
1088 408 1177 435 animo
1189 413 1215 436 et
1224 410 1378 444 angebatur,
1392 411 1574 448 Ecclesiisque
1585 413 1683 442 bellum
1694 415 1805 450 parabat
1816 439 1823 444 .

1034 453 1171 489 ignorabat
1181 462 1269 484 autem
1277 457 1366 485 infelix
1373 465 1403 486 se
1416 463 1508 487 contra
1519 461 1655 488 stimulum
1669 462 1819 490 calcitrare.

1033 500 1072 527 Ac
1084 501 1170 535 pritno
1184 502 1290 536 quidem
1309 502 1561 540 .lerosolymitanum
1582 507 1710 542 templum
1721 528 1729 539 ,
1749 509 1821 543 quod

1032 545 1150 574 funditus
1164 547 1262 576 Christi
1273 550 1355 577 virtus
1363 550 1488 584 diruerat,
1503 557 1651 581 restaurare
1663 555 1820 586 conabatur,

1032 594 1189 629 gentilisqne
1205 595 1283 623 ltotno
1295 604 1337 624 res
1351 596 1504 626 Judteorum
1520 600 1678 634 procumbat
1691 622 1699 634 ,
1714 600 1820 628 virtutis

1031 638 1128 666 Christi
1143 640 1288 674 periculum
1305 642 1365 669 inde
1388 642 1475 671 facere
1489 645 1599 678 volens;
1622 649 1649 673 et
1668 647 1760 673 accitis
1772 646 1820 673 Ju-

1030 684 1095 712 ἀλεῖς
1107 686 1274 720 quibusdam,
1284 687 1368 724 iisque
1374 690 1525 718 sacriﬁmtre
1534 691 1616 726 jussis
1622 692 1695 728 (nam
1706 693 1822 728 majores

1030 738 1121 758 eorum
1135 731 1240 760 dicebat
1262 735 1313 762 hoc
1332 735 1420 763 cultus
1442 744 1540 771 genere
1562 745 1624 765 usos
1647 738 1736 774 esse).
1759 747 1819 767 cum

1029 777 1113 805 Judtni
1128 787 1161 806 eo
1173 780 1365 815 confugerent,
1382 787 1410 810 ut
1426 791 1478 810 non
1500 783 1540 811 fas
1553 791 1613 812 esse
1625 785 1675 812 sibi
1690 786 1820 819 dict-rent,

1030 824 1130 858 tcmplo
1150 825 1239 853 diruto
1257 832 1329 854 extra
1355 832 1471 856 veterem
1494 831 1652 866 ntetropolin
1669 831 1693 859 id
1718 832 1818 865 facere,

1027 869 1101 904 jubet
1114 872 1239 905 pecunias
1254 881 1286 900 ex
1307 873 1477 908 imperatorio
1495 876 1591 903 :erario
1603 877 1741 912 accipere,
1757 885 1820 905 nec-

1029 924 1081 943 non
1099 917 1150 944 alia
1164 918 1252 946 omnia
1273 919 1306 946 ad
1323 924 1483 948 structuram
1506 924 1654 950 necessaria
1665 945 1673 956 ,
1693 924 1820 960 abireque

1028 961 1206 991 instauratum
1220 965 1346 1000 templutn
1359 986 1366 998 ,
1381 974 1412 994 ac
1425 973 1541 995 veterem
1557 969 1748 998 sacrificiorum
1763 979 1820 998 tuo-

1028 1014 1084 1034 rem
1105 1010 1256 1043 repetitum.
1279 1011 1345 1039 Tum
1359 1013 1431 1040 stulti
1449 1014 1484 1041 illi
1497 1034 1506 1046 ,
1524 1015 1558 1042 ab
1572 1019 1646 1042 utero
1660 1023 1780 1044 errantes
1793 1023 1820 1045 ct

1026 1052 1060 1080 ad
1073 1061 1154 1082 canos
1175 1063 1258 1090 usque
1280 1058 1372 1092 puerili
1385 1063 1494 1093 egentes
1517 1060 1700 1094 institutione,
1719 1063 1835 1090 disces--

1026 1103 1136 1134 serunt,
1160 1106 1190 1128 ut
1213 1101 1375 1137 lmperatore
1395 1104 1499 1133 favente
1517 1114 1572 1134 rem
1592 1113 1771 1142 peragerent:
1788 1117 1819 1137 ac

1026 1145 1115 1173 statim
1125 1151 1204 1183 atque
1219 1148 1328 1178 humum
1344 1158 1454 1186 egerere
1469 1153 1629 1188 cmpissent,
1645 1154 1714 1190 ignis
1726 1164 1742 1183 e
1756 1156 1816 1183 fun-

1025 1190 1156 1220 damentis
1170 1194 1294 1223 exsiliens
1309 1203 1356 1224 eos
1370 1197 1458 1224 statim
1473 1196 1648 1234 Consumpsil.
1670 1200 1716 1227 llis
1731 1201 1816 1236 Impe-

1024 1238 1107 1265 ratori
1121 1239 1248 1268 nuntiatis
1261 1249 1313 1268 non
1328 1242 1397 1270 ultra
1419 1251 1475 1270 rem
1499 1251 1657 1278 promovere
1669 1254 1752 1273 ausus
1766 1253 1814 1279 est,

1025 1290 1098 1312 metu
1121 1285 1224 1314 scilicet
1251 1287 1412 1322 cohibente;
1443 1297 1529 1324 neque
1555 1295 1643 1318 tamen
1665 1292 1700 1319 ab
1725 1300 1816 1320 errore

1023 1329 1173 1358 dmmouum
1185 1351 1192 1363 .
1211 1334 1306 1367 quibus
1323 1334 1400 1368 plane
1414 1335 1538 1363 subditus
1559 1342 1627 1368 erat,
1644 1337 1751 1365 liberari
1768 1346 1814 1366 ro-

1023 1377 1086 1410 luit;
1102 1378 1206 1406 interim
1221 1384 1308 1407 tamen
1321 1381 1427 1416 paulurn
1440 1383 1552 1417 quievit.

1058 1422 1152 1451 Modus
1172 1426 1367 1460 persequutiont's
1387 1428 1433 1454 sub
1444 1427 1560 1455 Iuliano.
1581 1444 1616 1449 —
1631 1429 1707 1457 Brevi
1724 1435 1814 1464 postea

1023 1472 1142 1504 tempore
1156 1478 1250 1498 vanam
1266 1471 1356 1499 itidcttt
1371 1480 1478 1507 operam
1492 1475 1626 1510 suscepit,
1643 1484 1695 1503 nou
1707 1477 1814 1511 quidem

1020 1521 1102 1543 ausus
1113 1516 1179 1544 ultra
1193 1518 1319 1553 templum
1336 1525 1493 1548 construere
1505 1542 1512 1555 ,
1530 1522 1576 1549 sed
1594 1523 1732 1550 nobiscutn
1749 1525 1815 1552 veli-

1021 1562 1165 1591 tationibus
1187 1571 1304 1599 pugnare
1322 1566 1414 1593 volens
1431 1575 1438 1593 :
1458 1572 1554 1601 aperto
1571 1569 1643 1596 cnim
1665 1575 1751 1597 marte
1765 1578 1813 1597 nos

1019 1607 1117 1636 adoriri
1131 1609 1218 1637 adhuc
1231 1610 1370 1638 differebat
1384 1621 1391 1639 :
1405 1612 1454 1640 hac
1468 1621 1519 1640 una
1532 1619 1558 1642 et
1573 1615 1658 1650 prima
1676 1616 1710 1643 de
1722 1624 1813 1650 causa,

1018 1653 1089 1687 quod
1114 1662 1255 1689 persuasus
1268 1661 1339 1684 esset
1353 1664 1383 1684 se
1396 1657 1422 1685 id
1446 1658 1542 1686 frustra
1556 1664 1718 1688 tentaturum
1734 1670 1813 1694 esse;

1018 1699 1136 1727 secunda
1147 1708 1229 1735 vero,
1248 1710 1283 1730 ne
1303 1703 1378 1730 nobis
1397 1705 1565 1733 occasionem
1580 1707 1712 1741 przeberet
1724 1713 1754 1736 ut
1767 1717 1812 1735 co-

1017 1751 1083 1771 rona
1098 1747 1217 1782 martyrii
1226 1747 1421 1776 redimiremur.
1437 1750 1492 1777 Hoc
1500 1751 1598 1786 quippe
1611 1753 1807 1781 intolerandum

1017 1788 1078 1823 ipsi,
1100 1794 1127 1818 et
1141 1792 1213 1818 onmi
1227 1792 1379 1822 calamitate
1397 1796 1506 1830 gravius
1521 1802 1589 1830 erat,
1603 1798 1625 1825 si
1638 1798 1700 1834 quis
1714 1800 1742 1827 in
1757 1808 1810 1827 tue-

1015 1835 1088 1863 diutn
1112 1838 1257 1871 productus
1280 1846 1329 1874 pro
1344 1841 1455 1869 veritate
1475 1849 1562 1878 usque
1585 1844 1619 1871 ad
1646 1850 1760 1873 mortem
1786 1847 1810 1874 in

1014 1881 1175 1910 cruciatibus
1192 1890 1376 1918 perseveraret
1392 1896 1398 1914 :
1414 1887 1451 1915 ita
1471 1895 1531 1916 sese
1551 1897 1585 1917 ex
1607 1891 1698 1918 animo
1720 1892 1809 1918 inimi-

1013 1934 1074 1954 cutn
1100 1933 1220 1956 nostrum
1246 1931 1409 1961 declarabat.
1439 1933 1555 1963 Noverat
1576 1937 1668 1969 enim,
1697 1944 1809 1966 noverat

1013 1973 1101 2007 plane,
1115 1975 1137 2002 si
1153 1975 1179 2002 id
1196 1976 1306 2005 auderet
1318 1999 1324 2011 ,
1340 1986 1435 2007 omnes
1450 1989 1498 2015 pro
1510 1981 1617 2010 Christo
1629 1987 1733 2012 animas
1748 1993 1808 2014 suas

1013 2020 1160 2049 tradituros
1184 2031 1262 2056 esse;
1291 2026 1424 2061 malignus
1447 2032 1537 2056 autem
1560 2034 1588 2056 ct
1611 2031 1724 2058 callidus
1747 2040 1806 2059 cum

1012 2071 1094 2099 esset,
1103 2074 1149 2095 eos
1162 2069 1206 2103 qtti
1220 2069 1254 2096 ob
1268 2076 1404 2105 peccatum
1415 2073 1547 2107 quoddam
1559 2074 1689 2103 Ecclesize
1704 2078 1805 2111 princi-

1012 2112 1089 2146 pibus
1111 2121 1203 2149 poenas
1223 2116 1379 2150 dedissent,
1405 2123 1451 2147 aut
1469 2127 1484 2147 a
1500 2121 1658 2155 prrcfectura
1679 2125 1804 2158 quapiant

1010 2160 1091 2186 amoti
1102 2166 1193 2188 essent
1205 2182 1213 2193 .
1236 2163 1337 2190 liberos
1350 2171 1444 2193 omnes
1459 2166 1556 2202 ubique
1570 2168 1721 2197 dimittebat
1732 2191 1739 2203 ,
1755 2171 1804 2198 hoc

1010 2206 1090 2233 modo
1107 2207 1276 2242 nequissimis
1290 2215 1449 2244 potestatem
1470 2213 1589 2241 tribuens
1601 2235 1609 2246 ,
1626 2215 1753 2244 Ecclesia:
1768 2217 1804 2244 le-

1009 2258 1054 2285 ges
1077 2257 1199 2280 evertens
1224 2259 1398 2291 mutuumque
1422 2257 1492 2285 inter
1510 2267 1558 2287 eos
1579 2260 1732 2288 conﬂictum
1747 2270 1803 2289 mos

1008 2305 1073 2324 vetts
1088 2306 1095 2324 :
1110 2306 1170 2326 nam
1186 2306 1335 2336 expugnato
1358 2301 1449 2330 faciles
1468 2303 1576 2332 demum
1591 2305 1695 2334 futuros
1709 2314 1802 2342 spera-

1006 2342 1062 2375 bat,
1076 2350 1137 2370 cum
1149 2351 1208 2372 sese
1220 2345 1344 2374 intestino
1356 2347 1426 2375 bello
1438 2351 1679 2385 consumpsissem.
1702 2353 1802 2387 Quem-

1006 2387 1068 2417 dam
1083 2390 1163 2417 etiam
1183 2395 1238 2419 tum
1264 2400 1396 2427 perversa-
1420 2394 1570 2429 doctrinte,
1594 2401 1650 2424 tttm
1671 2398 1800 2433 improha:

1006 2436 1067 2462 vita:
1081 2443 1175 2469 causa,
1195 2437 1377 2468 ecclesiastico
1392 2441 1541 2477 principatu
1557 2443 1676 2477 pulsum,
1691 2446 1800 2473 nomine

1006 2480 1170 2516 Stephanum
1182 2503 1190 2516 ,
1210 2483 1286 2519 jubet
1305 2493 1411 2513 rursum
1426 2487 1556 2515 doctrinae
1578 2489 1703 2520 thronum
1720 2498 1799 2519 occu-

1006 2534 1069 2560 pare
1084 2549 1091 2561 ,
1112 2533 1192 2563 atque
1217 2530 1383 2558 Dominicum
1407 2539 1524 2566 nomen,
1548 2534 1636 2569 quoad
1658 2536 1718 2570 ejus
1741 2536 1797 2565 fieri

1005 2572 1100 2607 potuit,
1114 2574 1284 2609 exstinguere
1298 2576 1418 2610 curabat,
1434 2577 1559 2606 Galilaaos
1574 2587 1622 2613 pro
1636 2580 1795 2610 Christianis

1004 2625 1053 2645 nos
1069 2623 1123 2646 tum
1135 2619 1161 2647 in
1172 2621 1266 2649 edictis
1283 2623 1340 2650 suis
1351 2630 1459 2658 vocans,
1475 2629 1530 2652 tum
1539 2623 1672 2661 principes
1686 2632 1715 2654 ut
1728 2628 1795 2655 idem

1004 2664 1120 2693 facerent
1138 2667 1293 2696 adhortans.
1319 2669 1391 2698 Inter
1405 2675 1444 2699 tot
1461 2672 1536 2707 signa
1551 2678 1640 2700 autem
1654 2694 1660 2706 ,
1682 2680 1712 2702 ut
1730 2675 1794 2708 dixi,

1003 2718 1062 2745 quae
1080 2720 1127 2746 per
1144 2712 1240 2741 famem
1254 2719 1281 2742 et
1301 2716 1448 2744 siccitatem
1464 2717 1613 2746 edebantur
1624 2740 1630 2749 ,
1650 2720 1676 2746 in
1701 2721 1792 2748 eadem

1002 2756 1089 2785 adhuc
1112 2758 1275 2794 impudentia
1293 2768 1325 2788 ac
1338 2761 1435 2790 duritie
1455 2765 1653 2798 perseverabat.
1678 2766 1791 2800 Expedi-

1002 2803 1152 2839 tionetnque
1172 2805 1304 2834 l'crsicant
1330 2813 1520 2842 suscepturus,
1545 2815 1618 2836 tanto
1642 2819 1703 2838 cum
1726 2812 1789 2838 fastu

1000 2848 1165 2878 descendens
1184 2859 1216 2879 ac
1228 2853 1249 2880 si
1269 2858 1350 2881 totant
1366 2853 1537 2882 barbarorunt
1554 2860 1660 2891 gentem
1676 2862 1786 2884 vastatu<

1001 2902 1046 2923 rus
1060 2901 1147 2930 esset,
1169 2903 1308 2928 sescentas
1323 2901 1399 2929 nobis
1414 2901 1498 2929 minus
1512 2903 1668 2935 intentabat,
1688 2904 1783 2938 jacltta-
