1969 3130
61 169 109 196 567
470 168 513 195 BE
535 168 563 196 S.
586 166 733 200 BABYLA,
756 166 897 194 CONTRA
917 166 1091 196 Jl'LlANUM
1118 169 1162 197 ET
1182 169 1360 198 GENTILES.

57 226 225 262 ὀρθώσαντες
239 223 304 249 αὐτὸ
322 222 401 248 πάλιν
415 223 461 248 ἐπὶ
481 223 531 258 τῆς
547 223 648 256 οίκείας
663 224 780 260 ἔστησαν
797 225 888 260 ἕδρας.

58 268 89 299 τῆ
113 263 245 298 ὑστεραίᾳ.
272 262 323 288 ὑπὸ
353 262 401 298 τὴν
426 262 464 288 ’έω
491 263 720 298 παραγενόμενοι,
744 263 890 300 θεωροῦσιν

56 305 146 334 οὐκέτι
162 304 242 339 μόνον
260 303 413 335 πεπτωκὸς,
430 302 496 329 ἀλλὰ.
513 303 559 329 καὶ
573 303 801 339 διακεκλασμένον
820 304 890 331 πάν-

56 347 142 374 τοἿεν.
158 346 193 372 Αἰ
211 353 242 371 τε
264 343 318 380 γὰρ
339 345 429 378 χεῖρες
442 344 659 370 ἀποσπασθεῖσαι
681 344 735 371 τῶν
754 344 837 379 ὤμων
850 345 890 376 εἰς

57 388 100 413 τδν
116 385 194 413 οὐδὸν
210 383 439 419 ἐξηκοντίσθησαν
453 382 500 410 τοῦ
515 383 580 409 ναοῦ
595 383 664 418 μετά
676 383 731 410 τῶν
747 384 844 412 ποδῶν.
859 383 890 410 τό

56 434 84 452 τε
97 425 191 452 λοιπὸν
211 423 259 451 τοῦ
274 423 369 456 ξοάνου
382 423 463 458 μέρος
481 424 520 454 είς
533 423 626 458 ἕτερον
643 423 788 458 διέσπαρτο
808 423 889 450 τόπον

55 465 232 492 διασπασθέν.
255 464 310 491 Καὶ
324 463 378 490 τῶν
406 463 531 498 Σοδόμων
546 463 584 493 δὲ,
599 463 637 494 ὡς
658 464 690 490 ἄν
713 472 755 496 τις
779 463 888 499 μεγάλῳ

56 505 209 542 παραϐάλοι
224 505 331 539 μικρὸν,
352 503 396 530 διὰ
419 503 499 529 τοῦτο
521 504 589 538 μετὰ
608 503 662 530 τῶν
677 503 826 539 οἰκητόρων
842 503 888 530 καὶ

56 548 71 582 ἠ
86 547 120 581 γῆ
136 544 356 579 καταφλεχθεῖσα
368 543 501 576 ἀπώλετο,
517 544 563 570 καὶ
575 543 685 577 γέγονεν
696 543 830 579 ἄκαρπος,
846 544 888 571 ἵνα

56 587 91 621 μὴ
111 585 193 621 μόνον
207 585 233 612 οί
258 584 330 615 τότε,
352 583 419 609 ἀλλὰ
435 583 481 609 καὶ
506 583 530 609 οἱ
549 583 608 617 μετ’
630 583 749 615 ἐκείνους
769 583 887 615 ἅπαντες

54 625 130 652 ar.th
150 625 205 652 τῶν
228 624 319 651 τόπων
345 622 573 658 σωφρονίζωνται.
600 623 630 649 Εἰ
646 623 699 659 γὰρ
723 623 787 659 ἔστη
807 624 887 660 μέχρι

53 666 104 692 τῶν
120 665 228 700 ἀνδρῶν
255 665 272 699 ἡ
289 663 416 694 κόλασις,
439 663 491 688 κᾶν
513 663 651 698 ἠπιστήθη
673 663 741 698 μετὰ
753 664 837 691 ταῦτα
857 664 888 690 τὸ

54 705 182 739 γεγονός·
199 704 243 731 διὰ
262 703 341 730 τοῦτο
360 704 374 729 ό
389 702 470 734 τόπος
492 702 599 738 δέχεται
613 703 662 739 τὴν
686 703 803 739 πληγὴν,
820 705 834 730 6
847 704 886 740 τῷ

52 747 139 782 χρόνῳ
155 744 364 781 παρεκταθῆναι
377 743 536 778 δυνάμενος,
555 743 603 770 καὶ
620 744 739 780 ἑκάστην
755 743 810 771 τῶν
827 745 886 771 ἐπι-

52 786 203 820 γινομένων
216 784 422 820 ὑπομιμνήσκει
443 782 559 817 γενεῶν,
579 783 621 810 ὅτι
641 784 706 816 τοὺς
725 784 760 811 τά
773 784 887 811 τοιαῦτα

51 825 173 861 δρῶντας
193 824 307 851 τοιαῦτα
325 824 440 858 πάσχειν
456 822 674 858 νενομοθέτηται,
690 823 742 850 κᾶν
759 823 796 859 μὴ
816 832 885 860 παρ-

50 865 118 891 αυτά
132 865 186 900 τὴν
199 864 337 899 τιμωρίαν
351 863 473 894 τίσωσιν,
492 862 559 896 ὅπερ
574 863 621 889 καὶ
635 863 680 889 ἐπὶ
695 863 741 890 τοῦ
758 863 822 890 ναοῦ
838 864 885 898 γέ-

28 902 33 908 ’
50 913 109 938 γονε
123 904 233 931 τούτου.
261 903 326 930 Ἰδοὺ
341 902 395 937 γὰρ
422 902 543 928 εἰκοστὸν
560 901 619 934 ἔτος
636 903 710 930 ἐστὶν
728 902 758 936 ἐξ
780 904 885 930 ἐκείνου

50 943 152 974 λοιπὸν.
173 943 221 970 καὶ
244 943 293 978 τῆς
316 942 369 968 ὑπὸ
384 941 432 968 τοῦ
456 941 542 977 πυρὸς
565 942 793 978 καταλειφθείσης
810 943 885 970 οὐδὲν

50 983 246 1019 παραπόλωλεν
272 981 430 1016 οίκοδομῆς,
447 980 506 1007 ἀλλ’
525 981 624 1016 ἕστηκε
647 981 753 1016 παγίως
772 983 819 1009 καὶ
839 982 884 1018 βε-

49 1024 133 1055 ϐαίως
160 1022 196 1050 τὰ
220 1021 386 1056 διαφυγόντα
400 1020 475 1056 ’μέρη
494 1020 525 1047 τὺ
548 1019 614 1057 πῦρ,
636 1021 682 1047 καὶ
704 1020 791 1053 οὓτως
811 1023 885 1049 ἐστὶν

50 1063 160 1098 ισχυρὰ,
181 1062 222 1094 ὡς
241 1061 289 1087 καὶ
313 1060 381 1096 πρὸς
403 1060 500 1086 ἑκατὸν
522 1059 569 1095 ἔτη
591 1059 637 1086 καὶ
656 1060 724 1095 πρὸς
749 1061 830 1096 ἕτερα
845 1061 884 1093 δὶς

49 1102 179 1133 τοσαῦτα,
197 1101 245 1128 καὶ
258 1099 362 1127 τούτων
376 1099 456 1126 πάλιν
472 1099 561 1134 πολλῷ
569 1098 679 1125 πλείονα
691 1099 806 1134 ἀρκέσαι
823 1101 885 1136 χρό-

49 1151 102 1168 νον.
129 1141 187 1168 Καὶ
204 1140 232 1166 τί
248 1139 422 1175 θαυμαστὸν,
445 1139 470 1165 εί
490 1138 543 1165 τῶν
564 1139 660 1165 κιόνων
675 1139 688 1158 ιν
704 1139 793 1170 οὐδεὶς
817 1141 885 1168 ἀπο-

50 1181 170 1216 σχισθεὶς
191 1180 315 1215 θατέρου,
328 1179 482 1214 κατηνέχθη
506 1179 574 1214 πρὸς
593 1177 738 1216 τοῦδαφος
756 1179 816 1206 Τῶν
830 1181 884 1216 γὰρ

49 1215 145 1247 κιόνων
162 1220 218 1247 τῶν
238 1219 304 1254 περὶ
323 1219 370 1245 τὸν
391 1217 572 1253 ὀπισθόδομον
589 1215 629 1249 εἷς
644 1218 704 1244 τότε
729 1218 808 1253 μόνον
827 1215 884 1245 am-

48 1259 187 1292 κλασθεὶς,
199 1259 259 1286 οὐδὲ
268 1256 346 1290 οὗτος
358 1257 511 1284 κατέπεσεν
520 1265 528 1272 ·
539 1256 609 1284 ἀλλά
622 1256 756 1288 διαλυθεὶς
767 1257 821 1284 ἀπὸ
834 1258 884 1293 τῆς

47 1298 150 1330 οίκείας
171 1298 265 1333 ἔδρας,
284 1296 413 1332 καὶπρὸς
432 1295 479 1322 τὸν
492 1297 581 1331 τοῖχον
600 1296 746 1323 ἀναπεσὼν
758 1302 780 1326 ε,
797 1296 883 1329 οὕτως

46 1338 148 1373 ἱμεινε.
175 1338 233 1365 Καὶ
246 1336 329 1364 αὑτοῦ
350 1336 380 1362 τὸ
403 1336 452 1371 μέν
476 1335 530 1362 ἀπὸ
553 1335 603 1371 τῆς
619 1336 751 1371 κρηπῖδος
767 1337 813 1363 ἐπὶ
835 1337 884 1373 τὴν

45 1377 131 1413 τομὴν
155 1377 272 1411 πλάγιον
293 1376 362 1412 πρὸς
381 1376 427 1402 τὸν
447 1377 536 1411 τοῖχον
554 1376 723 1412 ἐρήρεισται,
736 1377 766 1403 τὺ
785 1377 813 1403 δὲ
829 1377 883 1404 ἀπὸ

45 1417 94 1452 τῆς
107 1417 199 1452 τομῆς
216 1417 263 1442 ἐπὶ
287 1417 336 1451 τὴν
355 1415 485 1450 κεφαλίδα
507 1416 623 1451 ἔστηκεν
645 1416 740 1452 ὕπτιον
762 1417 817 1444 ὑπὸ
835 1418 882 1444 τοῦ

45 1450 205 1492 κατωτέρου
231 1455 430 1491 βασταζόμενον
457 1450 572 1490 μέρους(
587 1455 681 1482 Καίτοι
705 1450 752 1483 κά).
774 1457 883 1492 ἀνέμων

45 1495 169 1531 σφιδρῶς
187 1495 226 1530 τῷ
240 1496 315 1530 τόπῳ
330 1494 539 1530 προσπεσόντων
554 1495 692 1527 πολλάκις,
704 1497 750 1522 καὶ
762 1497 882 1532 σεισμῶν

43 1537 211 1571 γενομένων,
227 1536 275 1563 κα)⁵
301 1535 352 1571 τῆς
370 1535 424 1571 γῆς
435 1535 618 1571 τιναχθείσης,
635 1535 688 1562 οὐδ’
703 1537 829 1574 ἐτινάχθη
847 1538 883 1565 τὰ

43 1575 158 1609 λείψανα
177 1576 228 1610 τῆς
255 1575 373 1610 φλογὸς,
390 1574 448 1601 ἀλλ’
471 1575 570 1610 ἐστηκε
598 1575 714 1610 βεϐαίως
743 1579 882 1613 μονονουχὶ

44 1615 160 1649 βοῶντα,
179 1616 222 1642 δτι
238 1615 283 1642 διά
303 1616 350 1642 τὸν
366 1614 420 1642 τῶν
437 1615 573 1650 ἐσομένων
591 1615 754 1651 τετήρηνται
772 1625 881 1653 σωφρο-

43 1655 150 1689 νισμόν.

77 1695 130 1722 κδ’.
142 1695 201 1722 Καὶ
217 1694 266 1721 τοῦ
280 1695 328 1730 μὲν
345 1694 382 1730 μὴ
392 1693 481 1721 πάντα
490 1693 592 1720 ἁλῶναι
602 1694 641 1729 τῷ
658 1697 724 1729 πυρὶ
737 1695 782 1723 τὸν
801 1696 881 1729 νεὼν,

43 1734 144 1769 ταύτην
168 1733 202 1760 ἂν
222 1734 296 1760 είποι
314 1742 356 1766 τις
371 1731 442 1760 εἶναι
456 1733 605 1769 πρόφασιν,
621 1734 668 1761 τοῦ
689 1735 718 1761 δὲ
737 1735 776 1771 μὴ
794 1736 881 1764 ἐλθεῖν

42 1773 89 1799 ἐπὶ
102 1773 147 1800 τὸν
165 1773 280 1808 βασιλέα
295 1773 340 1800 τὸν
363 1773 495 1808 σκηπτὸν,
513 1774 561 1799 καὶ
582 1773 679 1810 ἑτέραν
699 1774 773 1811 εὖροι
790 1785 833 1809 τις
848 1778 882 1804 ἂν

43 1812 133 1838 αἰτίαν
149 1812 241 1847 ζητῶν
263 1812 318 1839 ἀπὸ
331 1812 381 1848 τῆς
405 1812 491 1847 αὐτῆς
515 1813 679 1849 ὁρμωμένην
703 1815 810 1850 πηγῆς,
831 1817 882 1851 τῆς

42 1852 229 1887 χρηστότητος
246 1851 318 1887 λέγω
335 1854 383 1879 καὶ
400 1852 607 1887 φιλανθρωπίας
625 1853 672 1880 τοῦ
686 1855 815 1889 Χριστοῦ.
832 1858 881 1884 Διά

42 1894 97 1927 γὰρ
112 1892 196 1919 τοῦτο
216 1893 266 1927 τῆς
291 1893 341 1928 μὲν
359 1893 563 1928 τοῦθβασιλέως
587 1894 707 1929 κεφαλῆς
730 1895 827 1931 ἀνέσχε
851 1898 881 1924 16

42 1932 109 1967 πῦρ,
125 1932 224 1968 ἔρριψε
239 1932 267 1959 δέ
282 1933 349 1960 αὐτὸ
363 1932 434 1959 κατά
449 1933 499 1968 τῆς
512 1933 624 1968 ὀροφῆς,
639 1934 682 1960 ἵνα
701 1935 730 1960 ἐν
743 1937 801 1967 ταῖς
822 1937 879 1962 ἐτέ-

43 1980 98 2006 ρων
125 1974 281 2009 συμφοραῖς
302 1972 471 2004 παιδευθεὶς,
488 1972 596 2008 ἐκφύγῃ
623 1974 672 2009 τὴν
695 1975 880 2011 ἀποκειμένην

41 2011 116 2047 αύτῷ
128 2012 251 2047 κόλασιν,
269 2012 428 2048 μεταϐαλὼν
444 2013 491 2040 καὶ
510 2013 559 2047 τῆς
577 2013 681 2048 πλάνης
701 2014 878 2049 ἀπαλλαγείς.

41 2052 110 2079 Οὐδὲ
126 2053 182 2088 γὰρ
195 2053 276 2080 τοῦτο
296 2053 387 2089 μόνον,
402 2053 462 2080 ούδέ
481 2054 590 2089 πρῶτον
613 2053 686 2089 αὐτῷ
705 2056 756 2091 τῆς
777 2057 881 2088 οἰκείας

40 2092 185 2126 δυνάμεως
207 2094 321 2128 σημεῖον
341 2093 442 2119 ἔδωκεν
461 2092 476 2118 ὁ
497 2092 624 2127 Χριστὸς,
649 2093 718 2120 ἀλλὰ
736 2095 784 2121 καὶ
800 2095 880 2132 ἕτερα

41 2133 110 2168 πρὸς
127 2132 235 2165 τούτοις
252 2133 338 2160 πολλὰ
349 2133 446 2160 τούτου
461 2132 510 2168 οὐχ
521 2133 630 2168 ἥττονα.
642 2133 675 2160 '0
691 2141 721 2159 τε
741 2134 795 2170 γὰρ
810 2135 880 2168 θεῖος

39 2172 136 2204 αὑτοῦ,
148 2173 163 2199 6
174 2182 205 2200 τε
220 2173 333 2208 ταμίας,
345 2173 431 2205 οὕτως
444 2174 527 2208 ἄμφω
540 2172 743 2206 καταλύσαντες
751 2175 797 2202 τὸν
812 2175 879 2210 βίον,

40 2213 87 2239 καὶ
107 2213 187 2248 λιμὸς
212 2215 253 2245 είς
269 2214 318 2249 τὴν
337 2214 414 2240 πόλιν
436 2213 537 2245 εὐθέως
560 2213 689 2249 ἐμπεσὼν
708 2215 767 2249 μετ’
784 2215 878 2249 αὑτοῦ,

38 2253 87 2278 καὶ
102 2254 120 2288 ἡ
134 2252 188 2279 τῶν
210 2253 313 2280 ὑδάτων
331 2253 430 2285 σπάνις
447 2253 576 2280 οὐδέποτε
593 2252 721 2288 συμϐᾶσα
737 2254 878 2290 πρότερον,

38 2292 98 2318 ἀλλ’
120 2291 136 2328 ἢ
153 2292 224 2328 μετά
239 2293 288 2324 τὰς
306 2293 352 2319 ἐπὶ
371 2293 425 2319 τῶν
442 2292 538 2328 πηγῶν
557 2292 706 2328 γενομένας
722 2293 817 2327 θυσίας
834 2296 879 2322 ὑπ’

38 2331 135 2364 αὐτοῦ,
147 2333 194 2359 καὶ
207 2332 294 2359 πολλά
310 2333 378 2368 πρὸς
391 2332 496 2364 τούτοις
508 2329 599 2368 ἕτερα,
612 2333 646 2360 τά
657 2342 687 2360 τε
700 2335 730 2361 ἐν
747 2334 786 2369 τῷ
800 2343 880 2370 στρα-

38 2372 156 2407 τοπέδῳ,
171 2373 206 2399 τά
218 2381 248 2399 τε
268 2373 297 2399 ἐν
311 2374 371 2404 ταῖς
391 2373 483 2399 πόλεσι
498 2373 691 2408 συμϐαίνοντα,
712 2375 759 2400 καὶ
775 2374 879 2410 λιθίνην

40 2412 124 2438 ἱκανά
142 2412 217 2448 [576]
237 2412 345 2449 κάμψαι
360 2413 463 2449 ψυχήν·
487 2413 518 2439 οὐ
538 2412 578 2448 τῷ
593 2413 692 2449 πλήθει
711 2414 801 2449 μόνον,
817 2415 878 2441 ούδέ

37 2452 79 2486 τῷ
98 2453 188 2479 πάντα
201 2453 271 2487 ὁμοῦ
290 2453 413 2487 γίνεσθαι
431 2453 479 2480 καὶ
501 2452 613 2489 ἐφεξῆς,
633 2453 680 2480 καὶ
702 2453 775 2481 κατὰ
796 2454 879 2487 πόδας

38 2493 94 2518 τῶν
107 2492 304 2528 τολμημάτων,
318 2493 357 2525 ὡς
376 2493 424 2519 ἐπὶ
440 2493 488 2520 τοῦ
503 2493 637 2529 βασιλέως
652 2494 708 2521 τῶν
721 2495 878 2529 Αἰγυπτίων

38 2532 118 2563 ποτέ,
133 2532 202 2559 ἀλλὰ
216 2532 255 2568 τῷ
269 2533 317 2559 καί
331 2533 391 2560 καθ’
404 2533 490 2560 ἐαυτά
505 2533 619 2562 τοιαῦτα
636 2531 708 2562 εἶναι
721 2535 756 2562 τὰ
771 2535 878 2562 δεικνύ-

39 2580 112 2605 μενα
121 2572 231 2607 τέρατα,
246 2572 284 2605 ὡς
299 2572 336 2609 μὴ
347 2573 450 2601 δεῖσθαι
462 2574 555 2610 ἓτερον
573 2575 667 2610 ἐτέρου
680 2575 748 2611 πρὸς
761 2576 810 2611 τὴν
823 2576 878 2603 τῶν

37 2611 166 2646 ὁρώντων
189 2613 357 2649 ἐπιστροφὴν
368 2635 375 2647 ,
393 2614 449 2640 ἀλλ’
476 2615 572 2650 ἀρκεῖν
596 2615 713 2642 ἕκαστον
727 2615 818 2642 αὐτῶν
831 2617 878 2644 καὶ

37 2651 102 2692 καθ’
116 2653 196 2679 ἐαυτὺ
210 2652 290 2680 τοῦτο
308 2654 488 2689 ἐργάσασθαι.
505 2655 564 2681 Ἵνα
579 2655 633 2691 γὰρ
650 2655 685 2682 τὰ
699 2655 768 2683 ἄλλα
786 2665 877 2692 παρα-

37 2691 121 2724 λίπω,
142 2693 203 2720 τίνα
216 2694 266 2720 οὐκ
279 2694 312 2721 ἂν
325 2694 458 2730 ἐξέπληξε
472 2695 525 2722 τῶν
537 2695 574 2731 μὴ
589 2696 692 2732 σφόδρα
708 2696 877 2732 ἀναισθήτων

37 2732 71 2757 τὸ
88 2733 151 2768 περὶ
165 2734 198 2760 τὰ
213 2734 327 2769 θεμέλια
343 2734 390 2760 τοῦ
407 2735 523 2761 παλαιοῦ
533 2735 589 2762 τῶν
606 2735 800 2771 Ἰεροσολύμων
812 2737 876 2763 ναοῦ

40 2774 152 2806 σημεῖον
172 2775 339 2809 ἐπιδεικθένς
354 2774 386 2801 Τί
405 2775 433 2802 δὲ
451 2776 530 2802 τοῦτο
544 2774 596 2811 ἦν;
617 2776 705 2812 Ὁρῶν
721 2778 735 2803 6
747 2777 878 2813 τύραννος

39 2816 79 2843 εὶς
97 2813 146 2848 τὴν
164 2814 253 2850 ἀρχὴν
270 2814 381 2842 ἃπασαν
395 2816 443 2850 τὴν
460 2816 504 2842 ὑπ’
517 2817 593 2850 αὐτῷ
604 2817 734 2853 κειμένην
747 2819 794 2844 τοῦ
807 2819 875 2854 Χρι-

72 2881 80 2915 ξ
94 2882 132 2907 Sic
143 2883 217 2908 Savil.
229 2887 256 2908 ct
265 2886 363 2915 quidam
375 2893 433 2911 mss.
446 2887 532 2912 Morel.
543 2889 597 2913 ὑπό.

75 2913 86 2933 ι’
99 2916 211 2949 μανψ-ει
233 2913 322 2940 omine»
336 2925 394 2943 mss.
408 2919 503 2949 τοίχων,
524 2919 607 2944 Murri.
626 2920 718 2944 κιο-λων.
733 2920 793 2946 Ibid.
814 2928 875 2945 unm

39 2944 208 2973 ἑποσπασθείς.
446 2944 460 2950 ’“

74 2976 83 2990 ⁸
97 2975 181 3001 Morel.
196 2977 314 3002 ἐκπεσών.

1723 177 1776 204 568

945 225 1008 269 οτοῦ
1023 226 1073 262 τὴν
1093 228 1184 255 πίστιν
1202 229 1400 265 ἐκκεχυμὲνην,
1419 231 1468 267 ἤδη
1482 232 1511 259 δὲ
1532 232 1580 260 καὶ
1599 234 1648 269 τῆς
1663 234 1777 269 Περσῶν

943 268 1096 304 ἅψαμένην,
1108 271 1154 296 καὶ
1167 270 1312 306 βαρϐάρων
1322 272 1422 307 ἐτέρων
1434 273 1632 307 μετ’ἐκείνους,
1640 275 1686 301 καὶ
1694 275 1776 301 πάλιν

944 310 1074 345 ἐνδοτέρω
1086 311 1188 338 τούτων
1201 312 1395 348 προελθοῦσαν,
1404 314 1452 340 καὶ
1462 316 1563 348 πᾶσαν,
1574 316 1611 348 ὡς
1619 317 1717 349 εἰπεῖν,
1727 316 1776 351 τὴν

943 351 988 394 ὑφ’
1001 352 1068 394 ἡλίῳ
1085 354 1263 388 κατέχουσαν,
1276 354 1403 381 ἐδάκνετο
1425 356 1473 390 μὲν
1488 356 1535 383 καὶ
1550 357 1637 392 ἤλγει,
1651 357 1776 394 καὶπρὸς

942 391 987 434 τὸν
998 392 1051 419 τῶν
1072 393 1237 429 Ἐκκλησιῶν
1252 396 1474 431 παρεσκευάζετο
1489 391 1606 434 πόλεμον
1618 407 1625 415 ⁸
1639 391 1734 434 ὴγνόεί
1747 399 1776 426 δέ

943 433 1011 468 πρὸς
1026 434 1127 470 κέντρα
1149 435 1283 467 λακτίζων
1297 437 1312 463 ὁ
1329 436 1455 469 δείλαιος.
1472 439 1527 465 Καὶ
1544 433 1649 474 πρῶτον
1667 440 1715 475 μὲν
1729 439 1776 466 τὶν

941 475 971 501 ἐν
995 475 1191 512 Ἰεροσολύμοις
1217 478 1298 509 ναὸν,
1320 477 1351 504 ὃν
1374 479 1413 511 είς
1436 479 1531 514 ἔδαφος
1547 481 1564 515 ἡ
1584 481 1631 507 τοῦ
1655 480 1775 516 Χριστοῦ

941 517 1094 552 κατήνεγκε
1115 518 1249 554 δύναμις,
1275 519 1405 554 ἀνορθοῦν
1426 521 1569 556 ἐπειρᾶτο,
1597 522 1644 548 καὶ
1666 522 1699 547 τὰ.
1721 521 1775 547 τῶν

947 557 1081 587 Ἰουδαίων
1101 560 1116 586 6
1130 559 1231 596 Ἕλλην
1250 560 1427 596 ἐθεράπευεν,
1445 562 1600 598 ἀπόπειραν
1618 562 1663 589 διὰ.
1677 562 1773 589 τούτου

940 599 989 633 τῆς
1008 599 1054 626 τοῦ
1070 601 1188 636 Χριστοῦ
1203 601 1343 637 δυνάμεως
1358 602 1518 638 βουλόμενος
1533 603 1626 630 λαϐεῖν
1636 612 1643 618 ·
1660 603 1707 630 καὶ
1726 612 1775 629 κα-

940 640 1021 673 λέσας
1046 642 1181 670 Ἰουδαίων
1201 644 1289 676 τινας,
1310 645 1358 672 καὶ
1379 644 1454 672 θύειν
1478 645 1609 677 κελεύσας
1631 645 1699 680 (καὶ
1720 646 1774 681 γὰρ

939 683 1003 714 τοὺς
1016 685 1164 719 προγόνους
1176 686 1238 718 τοὺς
1251 686 1363 714 ἐκείνων
1373 687 1467 714 τοῦτον
1481 687 1532 722 τῆς
1543 687 1691 723 θρησκείας
1707 687 1775 723 θρη-

941 724 1048 751 σκεύειν
1070 726 1114 753 τὸν
1125 727 1224 762 τρόπον
1237 728 1359 763 ἔλεγεν),
1379 728 1473 765 ἐπειδὴ
1493 730 1534 761 είς
1552 729 1656 765 ταύτην
1674 731 1775 756 ἐκεῖνοι

941 766 1093 801 κατέφυγον
1110 768 1282 806 ἀναχώρησιν
1293 770 1319 803 ά,
1335 771 1373 802 ὡς
1390 772 1421 797 ού
1441 771 1520 806 θέμις
1533 772 1626 803 αὐτοῖς
1640 772 1688 798 τοῦ
1710 772 1774 798 ναοῦ

940 809 1114 841 πεπωκότος
1125 809 1177 843 ἔξω
1188 812 1238 846 τῆς
1251 812 1368 844 παλαιᾶς
1381 813 1575 848 μητροπόλεως
1586 812 1664 839 τοῦτο
1677 814 1774 847 ποιεῖν,

940 850 1045 877 κελεύει
1060 851 1191 887 χρήματα
1204 853 1258 880 ἀπὸ
1274 853 1329 880 τῶν
1343 855 1464 890 ταμείων
1478 855 1610 887 λαϐόντας
1625 855 1679 882 τῶν
1696 855 1775 890 βασι-

939 891 1033 926 λικῶν,
1045 895 1092 920 καὶ
1105 894 1139 921 τὰ
1152 894 1219 922 ἄλλα
1233 895 1351 929 ἅπαντα,
1366 896 1384 923 ἃ
1401 897 1470 932 πρὸς
1482 896 1533 932 τὴν
1546 896 1688 933 οἰκοδομὴν
1704 904 1777 932 παρα

939 934 1012 970 ἐχειν
1036 936 1131 972 ἐχρῆν,
1149 937 1260 964 ἀπιέναι
1282 938 1330 965 καὶ
1351 938 1482 974 ἀνορθοῦν
1506 938 1551 966 τὸν
1567 939 1642 970 ναὸν,
1665 938 1711 964 καὶ
1727 938 1775 964 ἐπὶ

939 976 987 1012 τὴν
1006 977 1125 1004 παλαιὰν
1150 978 1291 1005 ἐπανιέναι
1319 979 1463 1015 συνήθειαν
1487 979 1541 1006 τῶν
1566 979 1676 1007 θυσιῶν.
1698 980 1728 1006 Οί
1745 979 1774 1006 δὲ

939 1019 1058 1054 ἀνόητοι,
1077 1020 1250 1056 πλανώμενοι
1267 1022 1300 1048 ἐκ
1319 1021 1433 1054 κοιλίας,
1451 1022 1498 1048 καὶ
1518 1021 1709 1056 παιδευόμενοι
1722 1021 1775 1053 ἕως

938 1061 1032 1096 γήρως
1052 1062 1175 1098 ἀπῄεσαν
1197 1063 1235 1095 ὡς
1253 1063 1458 1098 συμπράξαντες
1474 1063 1513 1099 τῷ
1527 1063 1640 1098 βασιλεῖ.
1659 1064 1714 1090 Καὶ
1736 1065 1774 1096 ὡς

938 1103 1019 1129 αὐτόν
1031 1112 1061 1130 τε
1083 1104 1151 1140 ὁμοῦ
1177 1104 1222 1131 τὸν
1238 1104 1301 1140 χοῦν
1315 1104 1431 1140 Ιἤρξαντο
1452 1104 1562 1138 κενοῦν,
1579 1105 1625 1131 καὶ
1646 1104 1702 1140 πῦρ
1719 1105 1774 1132 τῶν

939 1144 1071 1180 θεμελίων
1086 1146 1243 1182 ἐκπηδῆσαν
1266 1146 1366 1183 ἀθρόον
1388 1147 1513 1179 ἅπαντας
1535 1148 1633 1179 αὐτοὺς
1653 1149 1773 1177 κατανά-

938 1187 1034 1214 λωσεν.
1053 1188 1096 1219 Ὠς
1111 1188 1140 1215 δὲ
1152 1188 1311 1225 ἀπηγγέλθη
1324 1189 1410 1216 ταῦτα
1419 1189 1459 1224 τῷ
1473 1189 1588 1225 βασιλεῖ,
1602 1189 1664 1216 οὔτε
1678 1198 1774 1225 περαι-

937 1228 1010 1264 τέρω
1028 1229 1078 1264 τὴν
1092 1229 1193 1265 τόλμαν
1209 1230 1340 1266 προάγειν
1356 1231 1493 1266 ἐπεχείρει
1508 1230 1614 1258 λοιπόν·
1631 1231 1774 1266 κατείχετο

937 1270 992 1306 γὰρ
1014 1270 1052 1306 τῷ
1077 1271 1148 1298 δέει·
1168 1270 1231 1298 οὔτε
1249 1272 1300 1307 τῆς
1317 1272 1421 1307 πλάνης
1446 1272 1500 1299 τῶν
1525 1272 1659 1307 δαιμόνων
1677 1273 1776 1308 ἢθελεν

938 1313 1167 1345 ἀπαλλάττεσθαι,
1180 1314 1308 1348 καθάπαξ
1328 1315 1505 1351 τυραννηθεὶς
1528 1315 1573 1342 ὑπ’
1590 1315 1690 1348 αὐτῶν,
1706 1315 1774 1342 ἀλλὰ

937 1355 1006 1387 τέως
1020 1356 1068 1392 μὲν
1084 1356 1198 1391 ἡσυχίαν
1209 1354 1271 1392 ἦγε.

972 1398 1076 1433 Χρόνου
1093 1398 1120 1424 δὲ
1134 1398 1315 1434 παρελθόντος
1331 1397 1441 1433 μικροῦ,
1456 1398 1505 1434 τῆς
1518 1398 1604 1434 αὐτῆς
1619 1399 1707 1433 εἴχετο
1725 1407 1774 1433 μα-

937 1440 1104 1472 ταιοπονίας,
1122 1440 1166 1467 τὸν
1183 1440 1232 1476 μὲν
1254 1440 1323 1467 νεὼν
1347 1441 1397 1467 οὐκ
1416 1439 1456 1467 ἔτι
1478 1440 1585 1475 τολμῶν
1610 1440 1773 1475 οἰκοδομεῖν,

937 1481 1069 1518 ἑτέρωθεν
1083 1483 1111 1509 δέ
1129 1481 1372 1518 ἀκροϐολιζόμενος
1390 1482 1458 1518 πρὸς
1481 1482 1572 1518 ἡμᾶς·
1588 1482 1627 1513 εἰς
1652 1482 1773 1518 πόλεμον

937 1524 991 1560 γὰρ
1005 1524 1127 1551 καθεῖναι
1142 1524 1267 1559 φανερῶς
1280 1530 1292 1543 ε
1308 1523 1470 1551 ἀνεϐάλλετο
1484 1523 1563 1555 τέως,
1581 1524 1640 1556 ἐνὸς
1656 1524 1706 1559 μὲν
1725 1525 1774 1551 καὶ

938 1565 1056 1600 μάλιστα
1073 1565 1182 1601 πρώτου
1201 1565 1249 1592 τοῦ
1267 1564 1412 1592 πεπεῖσθαι
1434 1565 1528 1600 σαφῶς
1548 1565 1689 1597 ἀδυνάτοις
1711 1567 1773 1592 ἐπι-

936 1610 1037 1644 χειρεῖν
1047 1617 1054 1623 ·
1068 1608 1194 1644 δευτέρου
1212 1607 1240 1634 δέ
1253 1607 1300 1634 τοῦ
1315 1607 1450 1643 μηδεμίαν
1460 1608 1527 1642 ἡμῖν
1538 1608 1666 1643 ἀφορμὴν
1684 1616 1774 1643 παρα-

938 1651 1011 1685 σχεῖν
1025 1649 1174 1685 μαρτυρίου
1193 1649 1324 1683 στέφανον
1345 1649 1541 1684 ἀναδήσασθαι.
1558 1649 1609 1676 Καὶ
1632 1648 1686 1685 γὰρ
1706 1649 1774 1684 ἀφό-

937 1700 1019 1728 ρητον
1032 1689 1066 1727 ἦν
1088 1691 1162 1726 αύτῷ
1181 1691 1228 1717 καὶ
1245 1691 1335 1726 πάσης
1359 1692 1502 1726 συμφορᾶς
1517 1692 1617 1726 χεῖρον,
1633 1691 1664 1717 τὸ
1686 1699 1774 1726 παρα-

936 1733 1034 1768 χθέντα
1046 1732 1109 1760 τινά
1120 1734 1160 1764 είς
1173 1733 1255 1768 μέσον
1268 1732 1349 1768 μέχρι
1363 1732 1492 1767 τελευτῆς
1503 1732 1705 1768 ἐγκαρτερῆσαι
1714 1735 1774 1764 ταῖς

936 1775 1007 1810 ὺπέρ
1020 1775 1069 1810 τῆς
1085 1774 1214 1810 ἀληθείας
1230 1774 1372 1809 βασάνοις·
1389 1773 1476 1805 οὕτως
1488 1774 1520 1799 ἐκ
1535 1773 1625 1808 ψυχῆς
1639 1774 1688 1808 τὴν
1705 1774 1774 1809 πρὸς

934 1817 1010 1852 ἡμᾶς
1026 1816 1176 1852 ἀπέχθειαν¹
1193 1816 1366 1842 ἐπεδείκνυτο
1385 1815 1407 1842 τ.
1426 1815 1503 1850 ᾜδει
1520 1816 1585 1850 γὰρ,
1605 1815 1663 1850 ἤδει
1680 1815 1774 1850 σαφῶς

935 1859 976 1885 ὅτι
991 1858 1069 1885 τοῦτο
1084 1858 1268 1893 τολμήσαντος
1282 1856 1376 1889 αὑτοῦ,
1395 1856 1496 1887 πάντες
1510 1856 1542 1883 ἂν
1559 1856 1628 1891 ὑπὲρ
1647 1856 1695 1882 τοῦ
1707 1857 1774 1892 Χρι-

937 1901 1000 1927 στοῦ
1022 1901 1071 1932 τὰς
1093 1900 1196 1927 ἑαυτῶν
1219 1899 1382 1935 προῦδωκαν
1396 1898 1502 1934 ψυχάς·
1518 1899 1672 1934 κακοῦργος
1688 1899 1715 1925 δὲ
1735 1898 1773 1925 ὣν

935 1944 982 1970 καὶ
1008 1943 1111 1976 δεινος,
1130 1943 1193 1974 τοὺς
1218 1942 1271 1969 ὑπὸ
1293 1941 1347 1967 τῶν
1370 1941 1509 1977 ἀρχόντων
1537 1941 1586 1975 τῆς
1610 1940 1773 1975 Ἐκκλησίας

936 1986 1152 2021 κεκολασμένους
1172 1984 1248 2021 [575]
1264 1984 1297 2011 δι’
1313 1983 1450 2019 ἁμαρτίας
1465 1983 1543 2015 τινὰς
1558 1983 1605 2009 καὶ
1619 1983 1670 2017 τῆς
1685 1983 1772 2018 ἀρχῆς

935 2028 1049 2063 ἐκϐεδλη
1055 2027 1150 2063 μένους
1163 2027 1267 2058 πάντας
1282 2026 1414 2053 πάντοθεν
1427 2025 1513 2060 ἠφίει,
1524 2025 1611 2060 τούτῳ
1626 2024 1666 2059 τῷ
1679 2025 1772 2060 τρόπῳ

934 2072 990 2102 τοῖς
1016 2078 1047 2096 τε
1073 2069 1270 2106 πονηροτάτοις
1292 2068 1418 2101 ἐξουσίαν
1438 2067 1543 2099 διδοὺς,
1567 2067 1614 2093 καὶ
1637 2068 1702 2099 τοὺς
1721 2067 1772 2102 τῆς

940 2112 1104 2148 Ἐκκλησίας
1126 2111 1286 2148 ἀνατρέπων
1309 2110 1443 2144 θεσμοὺς,
1470 2110 1518 2135 καὶ
1546 2109 1615 2144 πρὸς
1640 2108 1772 2144 ἀλλήλους

935 2154 1094 2190 συγκρούων
1114 2154 1254 2185 ἅπαντας·
1270 2151 1450 2187 εὐχειρώτους
1469 2151 1524 2186 γὰρ
1548 2150 1641 2177 λοιπὸν
1662 2150 1773 2177 ἔσεσθαι

934 2196 1068 2231 πρότερον
1083 2195 1286 2232 προσεδόκησεν
1301 2195 1313 2213 κ
1325 2193 1379 2220 ὑπὸ
1393 2192 1440 2219 τοῦ
1459 2192 1527 2228 πρὸς
1544 2192 1677 2228 ἀλλήλους
1704 2201 1771 2219 κατ-

934 2238 1123 2270 αναλωθέντας
1144 2238 1274 2271 πολέμου.
1290 2236 1344 2262 Καί
1355 2243 1415 2262 τινα
1431 2235 1478 2262 καὶ
1498 2235 1546 2270 τῆς
1567 2233 1614 2260 τοῦ
1638 2234 1772 2268 δόγματος

933 2281 1026 2308 ἐνεκεν
1049 2279 1227 2316 διαστροφῆς,
1241 2279 1289 2306 καὶ
1308 2278 1358 2312 τῆς
1381 2276 1428 2304 τοῦ
1445 2276 1503 2312 βίον
1529 2276 1697 2311 μοχθηρίας,
1722 2276 1771 2310 τῆς

933 2322 1022 2358 ἀρχῆς
1052 2321 1103 2357 τῆς
1130 2321 1361 2356 ἐκκλησιαστικῆς
1390 2317 1590 2353 ἐκϐεϐλημένον
1617 2318 1771 2358 (Στέφανος

932 2365 1018 2400 ὄνομα
1037 2362 1070 2400 ἦν
1087 2363 1177 2399 αὐτῷ)
1195 2361 1300 2390 κελεύει
1315 2361 1396 2388 πάλιν
1410 2360 1456 2387 τὸν
1470 2359 1659 2387 διδασκαλικὸν
1677 2360 1771 2396 θρόνον

932 2406 1077 2434 ἀναλαϐεῖν
1089 2414 1096 2422 ·
1118 2406 1165 2433 καὶ
1181 2405 1212 2432 τὸ
1230 2403 1369 2440 κυριακὸν
1381 2402 1410 2429 δέ
1423 2403 1510 2438 ὖνομα
1524 2402 1593 2434 τέως
1613 2401 1770 2438 σϐεσθῆναι,

931 2449 962 2476 τό
975 2457 1006 2484 γε
1024 2449 1064 2480 είς
1085 2447 1166 2475 αὑτὸν
1184 2444 1263 2483 ἧκον,
1279 2444 1439 2478 ἐσπούδαζε,
1454 2444 1612 2476 Γαλιλαίους
1627 2444 1688 2470 ἀντὶ
1702 2445 1723 2471 Χ
1729 2453 1771 2479 ρι-

933 2490 1050 2517 στιανῶν
1069 2490 1150 2521 αὑτός
1164 2497 1194 2515 τε
1209 2489 1238 2515 ἐν
1258 2489 1314 2519 τοῖς
1337 2487 1504 2521 διατάγμασι
1524 2486 1625 2518 καλῶν,
1645 2487 1691 2512 καὶ
1707 2486 1769 2517 τοὺς

931 2533 1064 2568 ἄρχοντας
1087 2531 1167 2558 τοῦτο
1190 2530 1355 2566 προτρέπων
1368 2529 1464 2556 ποιεῖν.
1481 2527 1590 2559 Μεταξὺ
1603 2527 1632 2553 δὲ
1647 2527 1701 2554 τῶν
1724 2536 1771 2562 ση-

933 2575 1017 2610 μείων
1030 2574 1133 2601 τούτων
1147 2570 1184 2600 ὦν
1201 2571 1278 2600 εἷπον
1294 2571 1447 2606 γενομένων
1463 2571 1518 2597 τῶν
1538 2571 1609 2597 κατὰ
1625 2570 1672 2597 τὸν
1691 2570 1771 2605 λιμὸν

932 2618 979 2644 καὶ
994 2617 1039 2644 τὸν
1056 2616 1172 2652 αὐχμὸν,
1184 2616 1280 2651 ἔμενεν
1294 2614 1340 2641 ἐπί
1355 2614 1403 2649 τῆς
1415 2613 1500 2648 αὐτῆς
1513 2611 1651 2643 ἀναιδείας
1667 2612 1707 2638 ἔτι
1723 2612 1770 2638 καὶ

933 2660 1126 2695 σκληρότητος.
1138 2659 1193 2685 Καὶ
1209 2657 1314 2693 μέλλων
1326 2654 1534 2691 ἐπιστρατεύειν
1551 2654 1590 2688 τῷ
1607 2653 1708 2688 Πέρσῃ,
1723 2654 1770 2679 καὶ

933 2702 1003 2737 μετά
1015 2701 1142 2728 τοσούτου
1153 2699 1238 2734 τύφου
1254 2698 1356 2726 κατιὼν
1371 2697 1409 2729 ὡς
1423 2697 1496 2724 ἀπαν
1508 2695 1539 2722 τό
1555 2696 1608 2721 τῶν
1624 2695 1770 2730 βαρϐάρων

932 2743 1157 2780 ἀναρπασόμενος
1177 2741 1270 2774 Ξθνος,
1296 2740 1404 2776 ἠπείλει
1425 2738 1524 2775 μυρίας
1547 2738 1613 2773 ἡμῖν
1636 2737 1768 2769 ἀπειλὰς,

963 2856 976 2876 ιι
987 2854 1062 2880 Savil.
1086 2858 1111 2879 cl
1134 2855 1231 2885 quidam
1253 2861 1309 2878 mss.
1323 2853 1453 2884 κατέφυγον
1463 2852 1508 2879 τήν
1523 2849 1659 2885 ἀπολογίαν.
1678 2848 1767 2885 ΜοτιτΙ.

932 2895 1062 2917 κατέφυγον
1074 2881 1232 2916 ἀναχώρησιν.
1245 2885 1313 2910 L'nus
1329 2881 1406 2908 codéx
1418 2881 1548 2917 κατέφυγον
1558 2881 1767 2914 τήνῦποχώρησιν.

962 2921 970 2929 '
984 2914 1057 2941 Suﬁl.
1069 2920 1096 2940 cl
1107 2914 1204 2947 tif-idum
1216 2924 1272 2940 mss.
1288 2916 1399 2946 φανερῶς,
1416 2914 1501 2938 Μυτυι.
1516 2920 1623 2943 φανερον.

967 2951 974 2969 ῐ
992 2950 1040 2973 Alli
1054 2948 1194 2975 ἐτῑμῐείξοιτο⁴
1449 2976 1454 2978 Δ
1490 2975 1503 2978 __
1567 2975 1571 2978 γ

967 2987 971 3002 ι
992 2972 1172 3011 ίΙῖνοοεῦἀν.ησ.·ί
1185 2980 1247 3003 ιμςιιν
1266 2978 1386 3002 mnilulur
1404 2978 1426 3000 in
1440 2975 1504 3001 Smil
1528 2978 1553 2999 cl
1566 2975 1589 2998 in
1600 2972 1696 2998 duobus
1709 2980 1758 2998 mss
