1969 3130
164 178 216 208 560

163 237 259 271 batque
269 257 277 269 ,
299 243 327 263 se
343 241 402 271 post
420 235 534 263 reditum
553 244 602 264 nos
614 244 708 264 omnes
721 237 838 264 funditus
851 236 955 265 deletu-

163 289 220 310 rum
241 289 313 310 esse.
341 282 398 310 Hoc
410 282 509 318 quippe
532 282 630 310 bellum
654 283 761 311 Persico
779 283 829 311 sibi
851 283 958 318 gravius

161 329 299 356 videbatur
309 349 318 362 ,
343 329 414 357 unde
427 329 500 364 prius
516 329 639 357 confecto
653 331 771 362 minore,
792 334 857 357 tunc
871 330 957 364 majus

160 373 210 401 hoc
224 374 275 401 sibi
288 374 487 409 suscipiendum
501 382 560 402 esse
574 375 693 410 putabat.
708 375 771 402 Hatc
785 383 865 410 porro
875 375 953 403 nobis

159 420 348 447 renuntiarunt
362 420 390 454 ii,
402 421 447 456 qui
463 421 512 455 ipsi
526 429 541 447 a
557 421 676 448 censiliis
691 425 778 448 erant.
792 421 890 449 Contra
907 428 957 448 nos

162 465 243 500 igitur
259 464 351 493 furore
364 466 478 500 ardens,
497 470 524 493 et
537 466 656 501 quotidie
667 466 700 494 ad
722 466 851 502 majorem
869 467 955 494 elatus

158 513 290 540 insaniam
301 534 308 546 ,
325 520 469 548 numquam
484 513 510 540 in
524 513 616 540 eadem
630 514 761 540 sententia
777 513 953 548 persistebat;

157 558 205 585 sed
229 558 321 593 priore
338 558 450 586 consilio
475 557 562 593 posito
576 565 668 585 rursus
682 558 758 585 nobis
772 558 956 593 persequutio-

157 611 220 631 nem
234 604 396 632 minabatur.
420 605 487 632 Cum
500 612 564 632 vero
580 605 649 633 Deus
663 605 736 632 illum
755 612 897 638 coercere,
913 613 956 631 ar-

157 649 321 685 dentemque
342 650 521 684 comprimere
541 650 640 682 vellet,
666 650 717 678 hoc
737 650 825 678 denuo
851 651 955 686 signum

157 695 273 727 induxit,
291 696 345 731 igni
359 696 385 723 in
399 695 526 730 templum
543 695 668 730 Daphnes
682 695 813 723 immisso.

192 741 239 769 ‘25.
257 741 303 770 Ille
314 748 378 769 vero
393 749 427 769 ne
439 743 478 768 sic
492 741 600 776 quidem
620 741 737 769 furorem
757 741 859 769 sedavit
871 762 878 773 ,
902 742 955 769 into

156 787 248 821 potius
262 794 323 814 cum
336 787 374 814 rei
392 791 491 814 nostra:
509 786 679 815 devastandae
692 787 818 823 cupidine
834 788 954 814 disrum-

157 836 266 867 peretur
275 853 283 866 ,
307 840 342 860 ne
354 832 461 868 quidem
474 837 579 868 tempus
589 854 596 865 ,
618 833 689 868 quod
702 834 890 861 comminando
905 834 955 861 sibi

157 879 346 914 prmstituerat,
361 880 538 917 exspectavit;
553 879 599 907 sed
615 880 776 917 Euphratem
786 880 953 916 trajecturus,

156 923 191 952 de
211 924 341 952 militibus
357 925 571 960 experimentum
587 925 707 953 sumebat
721 934 728 952 :
751 932 782 953 ac
796 925 955 961 quibusdam

157 977 271 998 numero
299 971 390 1006 paucis
415 970 569 999 adulatione
595 972 746 1007 corruptis,
776 977 955 1008 repugnantes

156 1016 207 1044 sibi
231 1024 397 1052 nequaquam
424 1017 544 1050 remisit,
563 1017 663 1045 veritus
683 1025 717 1045 ne
740 1017 763 1045 si
785 1023 896 1046 cmtcms
911 1025 955 1045 se-

155 1068 293 1098 gregasset
304 1083 312 1098 ,
336 1063 492 1091 debiliorem
506 1068 599 1091 contra
617 1062 711 1091 Persas
728 1063 877 1094 exercitum
891 1063 954 1094 red-

157 1108 243 1136 deret.

190 1153 312 1182 Julianus
326 1155 352 1181 in
366 1154 469 1182 Persica
485 1154 548 1182 bello
562 1155 635 1191 perit.
659 1169 695 1174 -—
709 1154 774 1188 Quis
797 1155 874 1182 nobis
896 1163 954 1190 quae

156 1201 220 1229 hinc
229 1206 394 1236 consequuta
409 1207 471 1229 sunt
484 1205 640 1235 recenseat,
660 1201 739 1236 longe
751 1202 908 1229 terribiliora
921 1202 954 1229 iis

155 1256 215 1283 quae
230 1248 255 1276 in
268 1248 375 1276 deserto
388 1269 397 1282 ,
419 1256 479 1284 quae
493 1249 520 1276 in
534 1248 612 1282 mari,
636 1256 695 1283 qua
710 1249 736 1276 in
752 1248 886 1285 Egypto,
899 1257 953 1284 quo

156 1299 278 1329 tempore
292 1293 431 1321 induratus
446 1294 489 1322 ille
498 1293 603 1321 Pharao
616 1294 791 1329 plectebatur,
805 1303 952 1330 omttesque

154 1340 200 1367 alii
208 1340 467 1376 submergebantur?
479 1341 706 1376 Quemadmodum
719 1343 789 1370 enim
802 1347 874 1377 tunc,
884 1348 953 1379 post-

154 1395 235 1422 quam
251 1388 331 1415 nullis
351 1388 502 1423 ltujusmodi
517 1389 714 1416 calamitatibus
727 1389 824 1417 cedere
837 1410 844 1421 ,
865 1397 952 1425 neque

154 1433 313 1468 resipiscere
328 1435 409 1462 voluit
429 1434 585 1470 Egyptius,
601 1435 707 1463 tandem
722 1435 794 1463 illum
809 1436 878 1464 Deus
890 1444 950 1465 cum

154 1480 258 1514 reliquo
273 1481 390 1508 exercitu
405 1481 520 1516 perdidit
535 1490 541 1507 :
559 1481 594 1508 ita
607 1486 634 1509 et
648 1489 719 1510 nunc
731 1502 739 1516 ,
757 1488 897 1518 postquam
916 1482 950 1510 ad

153 1527 243 1554 omnia
257 1527 303 1555 Dei
318 1527 438 1563 prodigia
450 1527 618 1563 impudenter
632 1528 676 1555 ille
686 1529 815 1562 constitit,
830 1528 950 1564 nlhilque

154 1572 218 1602 inde
237 1572 302 1600 lucri
328 1573 463 1608 percepit,
487 1574 535 1601 sed
559 1574 616 1601 sine
631 1573 821 1602 emendatione
841 1574 948 1606 mansit,

153 1619 282 1646 extremis
297 1619 370 1646 illum
395 1620 464 1647 Deus
477 1620 555 1647 malis
569 1620 675 1647 involvit
688 1641 695 1653 ,
717 1625 759 1653 ut,
783 1621 950 1656 quandoqui-

153 1663 216 1692 dem
232 1664 276 1692 ille
292 1665 404 1692 aliorum
419 1665 614 1693 calamitatibus
633 1665 666 1693 ad
685 1666 823 1694 meliorem
845 1666 947 1702 frugem

154 1709 247 1736 reduci
262 1711 392 1743 noluerat,
406 1711 464 1746 ejus
476 1711 557 1738 exitio
569 1712 660 1739 caueri
670 1712 885 1740 emendarentur.
899 1713 949 1746 Qui

153 1756 227 1782 enini
250 1759 288 1782 tot
311 1755 426 1783 militum
450 1756 582 1792 ntyriadas
605 1757 749 1791 eduxerat,
772 1762 836 1793 quot
860 1758 950 1786 nullus

153 1805 232 1828 antea
246 1803 449 1836 lntperatorum,
466 1807 601 1838 totamque
614 1803 752 1831 Persidem
766 1805 872 1832 incursu
881 1813 945 1840 quo-

154 1847 216 1874 dam
230 1853 259 1874 ct
273 1849 330 1875 sine
344 1848 442 1876 sudore
460 1856 489 1876 se
502 1854 641 1884 capturum
655 1851 790 1885 sperabat,
802 1851 836 1878 ita
852 1851 949 1879 misere

154 1898 180 1919 et
195 1892 337 1921 infeliciter
350 1902 406 1920 rem
421 1895 513 1929 gessit,
530 1903 561 1922 ac
574 1895 596 1922 si
611 1896 753 1923 mulierum
768 1896 808 1923 vel
823 1897 949 1931 parvulo—

155 1947 214 1966 rum
228 1940 316 1974 potius
327 1961 334 1972 ,
348 1948 426 1975 quam
443 1941 559 1967 virorum
575 1942 721 1969 exercitum
736 1949 826 1970 secum
839 1942 948 1970 habuis-

153 1991 207 2013 set.
238 1986 355 2013 Primum
377 1995 491 2022 namque
506 1987 566 2015 illos
581 1988 683 2015 consilii
698 1988 786 2024 inopia
801 1989 827 2015 in
849 1994 948 2016 tantam

154 2034 341 2061 necessitatem
354 2034 452 2069 adegit,
467 2039 496 2061 ut
509 2034 613 2070 equinis
625 2035 750 2062 carnibus
764 2040 947 2069 vescerentur,

154 2085 182 2106 et
194 2079 239 2106 alii
254 2079 341 2113 fame,
358 2080 401 2106 alii
416 2080 459 2106 siti
471 2080 620 2115 absumpti,
636 2081 764 2115 perirettt.
781 2080 861 2114 Quasi
877 2081 948 2108 enim

156 2125 183 2152 in
199 2125 340 2152 Persarum
354 2127 466 2160 gratiam
487 2127 632 2154 exercitum
656 2135 735 2162 agere
748 2147 756 2160 ,
778 2135 810 2155 ac
824 2135 875 2154 non
889 2127 949 2155 illos

154 2179 262 2206 capere,
282 2172 330 2199 sed
351 2180 413 2199 suos
429 2172 541 2207 prodere
556 2172 656 2206 vellet,
673 2173 711 2200 sic
726 2173 752 2200 in
765 2177 876 2208 angusta
891 2173 946 2200 loca

153 2217 295 2247 conclusit.
308 2225 339 2245 ac
351 2223 452 2245 tantum
464 2226 515 2245 non
526 2218 631 2245 vinctos
640 2218 708 2246 hosti
725 2218 948 2246 tradidit.0mnvs

154 2270 235 2297 porro
247 2271 306 2298 qua:
325 2263 378 2291 illic
391 2265 525 2299 contigere
548 2264 712 2292 calamitates
722 2285 730 2297 ,
750 2272 784 2292 ne
796 2272 828 2292 ex
844 2265 876 2291 iis
890 2264 950 2299 qui-

153 2309 226 2342 dem,
240 2309 284 2344 qui
300 2309 370 2337 illam
385 2310 508 2337 viderunt
521 2314 548 2338 et
563 2311 665 2345 experti
679 2315 751 2342 sunt,
768 2311 855 2346 possit
876 2311 948 2345 quis-

153 2355 223 2389 piam
238 2362 397 2389 receusere,
419 2356 454 2382 ita
467 2363 574 2384 omnem
591 2356 698 2383 modum
711 2361 880 2391 superarunt.
895 2356 947 2384 Sed

153 2406 181 2428 nt
195 2402 347 2429 summatim
362 2402 448 2429 dicam
462 2423 469 2436 ,
485 2403 531 2430 illo
542 2403 653 2437 turpiter
666 2410 698 2430 ac
710 2403 808 2431 misere
821 2408 926 2431 mortuo
938 2413 945 2430 :

151 2449 197 2476 alii
210 2449 281 2476 enim
298 2449 390 2476 dicunt
410 2449 483 2476 illum
506 2457 520 2476 a
534 2450 628 2477 calone
650 2449 784 2485 quodam,
803 2449 837 2477 de
857 2457 946 2477 rerum

151 2500 222 2522 statu
247 2495 411 2531 indignante,
435 2503 594 2531 percussum
618 2497 767 2529 cecidisse;
794 2496 839 2524 alii
866 2496 947 2524 inter-

151 2540 281 2568 fectorem
296 2549 349 2569 non
372 2541 495 2573 novisse,
519 2542 566 2570 sed
590 2542 775 2570 tantummodo
790 2550 946 2578 percussum

150 2587 243 2614 dicunt
265 2595 374 2623 rogasse
395 2593 423 2616 ut
445 2589 471 2616 in
494 2589 586 2617 Cilicia
608 2589 781 2625 sepeliretur,
807 2590 852 2617 ubi
876 2597 946 2617 nunc

148 2633 220 2667 jacet
236 2641 317 2660 :cum
333 2633 421 2669 itaque
441 2635 480 2662 sic
492 2634 536 2662 ille
547 2635 660 2669 turpiter
672 2635 830 2667 cecidisset,
847 2636 946 2663 milites

150 2687 179 2706 sc
193 2679 219 2706 in
232 2680 361 2707 extremis
376 2683 535 2708 constitutos
554 2689 615 2708 esse
638 2686 780 2709 cernentes
792 2701 800 2714 ,
826 2681 945 2708 hostibus

149 2724 287 2758 supplices
300 2725 431 2752 acnedunt
442 2746 450 2758 ,
464 2726 586 2761 datisque
596 2726 764 2761 juramcntis,
783 2734 812 2754 se
825 2726 944 2754 omnium

149 2770 331 2797 munitissimo
347 2771 470 2806 pmsidio
484 2779 617 2804 cessuros.
632 2772 702 2806 quod
715 2772 828 2805 partium
842 2777 945 2799 nostra-

150 2823 209 2842 rum
232 2823 283 2844 ccu
308 2824 401 2844 murtts
424 2822 482 2845 erat
507 2817 734 2852 inexpugnabilis,
762 2818 944 2853 humanosque

150 2863 220 2889 meti
237 2862 387 2894 barbaros,
412 2864 451 2890 sic
472 2869 629 2895 evaserunt,
652 2871 685 2891 ex
707 2864 850 2900 multisque
867 2865 943 2899 pauci

150 2909 347 2944 rcmigrarunt,
367 2909 413 2938 scd
426 2909 525 2938 affectis
536 2910 702 2946 corporibus,
719 2910 751 2939 dc
766 2910 830 2939 inito
843 2912 943 2940 ftederc

559 178 603 208 DE
624 181 653 207 S.
675 180 822 214 BABYLA,
841 179 979 209 CONTRA
999 180 1168 211 JULlANUM
1188 181 1233 210 ET
1252 183 1431 213 GENTILES.

1751 188 1804 217 570

1013 237 1155 272 pudefacti,
1169 246 1217 274 per
1225 239 1409 274 jusjurandum
1423 249 1486 268 vero
1498 242 1583 269 coacti
1595 243 1713 278 paternis
1725 243 1803 271 bonis

1011 283 1119 312 cedere.
1137 284 1286 320 Videreque
1307 290 1365 313 erat
1378 287 1470 322 quavis
1485 288 1639 322 captivitate
1661 289 1803 317 miserabi-

1011 330 1063 357 lius
1079 331 1259 365 spectaculum
1276 340 1282 358 :
1298 339 1358 359 nam
1372 332 1446 361 urbis
1467 333 1538 361 illius
1561 335 1651 368 cives,
1672 343 1687 362 a
1707 336 1803 370 quibus

1009 379 1120 414 gratiam
1132 380 1337 414 exspectabant,
1364 380 1434 415 quod
1451 381 1534 409 instar
1548 382 1738 417 propugnaculi
1755 391 1804 418 po-
1818 387 1820 391 '

1010 424 1054 451 siti
1069 432 1115 452 eos
1130 432 1234 458 omnes,
1249 426 1293 460 qui
1305 426 1371 453 intra
1386 425 1435 453 hos
1449 426 1547 454 limites
1561 433 1652 455 essent
1663 449 1671 461 ,
1683 429 1758 463 quasi
1777 429 1803 455 in

1011 474 1087 504 portu
1102 471 1302 498 constituissent
1313 491 1321 504 ,
1343 478 1392 506 pro
1404 472 1527 499 omnibus
1543 480 1651 507 semper
1663 473 1696 500 ad
1712 473 1803 501 omnia

1010 515 1127 550 pericula
1137 516 1245 550 objecti,
1261 517 1294 544 ab
1308 517 1402 544 iisdem
1417 516 1522 544 hostilia
1537 518 1607 552 passi
1621 522 1694 551 sunt,
1708 523 1736 545 et
1750 519 1799 545 do-

1009 561 1096 588 mibus
1111 561 1236 590 cedentes
1250 567 1278 590 et
1290 563 1359 598 agris
1371 584 1379 596 ,
1391 567 1418 590 et
1432 570 1446 590 a
1459 563 1576 598 paternis
1588 564 1801 598 possessionibus

1008 607 1093 634 avulsi
1105 628 1113 640 ,
1129 615 1180 642 qua
1194 608 1345 636 calamitate
1358 616 1373 636 a
1387 609 1442 636 suis
1456 609 1543 637 affecti
1559 615 1631 637 sunt.
1656 610 1731 638 Hunc
1752 619 1801 638 nos

1008 652 1123 681 fructum
1133 654 1166 681 ab
1178 655 1284 690 egregio
1295 654 1456 690 lmperatore
1468 655 1645 691 percepimus.
1654 656 1715 684 haec
1722 664 1801 692 porro

1008 707 1062 727 non
1076 705 1176 728 temere
1189 701 1257 728 dicta
1271 707 1332 728 sunt
1341 722 1349 733 ,
1364 701 1412 729 sed
1425 706 1453 728 ut
1467 701 1689 736 respouderemus
1699 702 1743 736 iis,
1755 704 1799 738 qui

1008 751 1176 780 quaererent,
1202 755 1248 773 cur
1271 754 1323 774 non
1342 746 1377 774 ab
1399 747 1476 774 initio
1495 747 1529 774 de
1552 747 1714 783 lmperatorc
1729 749 1800 776 Deus

1009 799 1100 826 pinnas
1112 793 1263 827 sumpserit.
1286 792 1360 820 illum
1374 794 1444 821 enim
1458 794 1531 821 rabie
1544 794 1652 821 ductum
1667 802 1738 830 sarpe
1752 803 1798 821 vn-

1008 839 1057 866 luit
1069 839 1103 866 ab
1115 840 1242 868 ulteriore
1254 840 1355 875 impetu
1370 848 1505 872 coercere,
1520 841 1723 876 alienorumque
1739 850 1800 868 ωτι-

1008 884 1094 914 lorum
1106 885 1229 921 exemplo
1241 885 1385 914 emendare
1401 895 1407 912 :
1424 886 1483 921 quia
1495 893 1560 913 vero
1573 886 1617 914 ille
1630 887 1798 921 repugnavit,

1007 929 1034 956 in
1048 934 1166 957 extrema
1179 939 1240 958 eum
1263 931 1331 958 mala
1349 931 1462 966 conjeeit
1478 940 1484 957 :
1504 939 1595 959 veram
1615 932 1720 967 quidem
1735 939 1799 967 pec-

1006 979 1127 1003 catorum
1149 975 1276 1004 ultionem
1295 977 1320 1004 in
1334 985 1458 1012 magnum
1472 978 1545 1005 illum
1560 977 1632 1005 diem
1646 986 1797 1011 reservans,

1008 1021 1131 1055 prmsenti
1153 1029 1216 1049 vero
1230 1030 1307 1057 pcena
1321 1024 1471 1058 supiniores
1485 1024 1604 1051 excitans
1619 1029 1645 1052 et
1657 1024 1690 1052 ad
1704 1024 1797 1052 melio-

1007 1075 1062 1094 rem
1075 1067 1175 1103 frugem
1190 1069 1330 1097 reducens.
1354 1069 1437 1096 Tanta
1451 1070 1522 1098 enim
1533 1074 1574 1098 est
1586 1070 1632 1097 Dei
1647 1070 1797 1103 tolerantia,

1006 1118 1035 1139 ut
1049 1113 1093 1148 qui
1107 1121 1138 1141 ea
1158 1121 1209 1141 non
1224 1120 1297 1142 recte
1320 1120 1444 1147 utuntur,
1471 1123 1517 1143 eos
1541 1116 1663 1150 graviore
1690 1116 1796 1143 tandem

1007 1166 1084 1193 pana
1095 1159 1193 1186 afficiat
1206 1168 1212 1186 :
1228 1167 1259 1187 ac
1273 1160 1495 1195 quemadmodum
1511 1161 1699 1196 paenitentibus
1714 1162 1796 1194 utilis,

1006 1206 1041 1233 ita
1056 1205 1238 1240 pervicacibus
1250 1211 1277 1233 et
1290 1205 1430 1233 obstinatis
1451 1207 1560 1241 majoris
1581 1208 1702 1242 supplicii
1716 1215 1796 1235 causa

1005 1251 1103 1278 evadit.
1126 1251 1201 1288 Quod
1215 1251 1238 1279 si
1253 1252 1312 1286 quis
1327 1252 1397 1278 dicat
1410 1261 1417 1279 :
1433 1251 1500 1285 Quid
1517 1252 1615 1287 igitur?
1626 1260 1713 1279 annon
1728 1260 1797 1286 pra:-

1005 1297 1107 1325 viderat
1121 1297 1190 1324 Deus
1201 1297 1258 1325 fore
1270 1319 1276 1331 ,
1297 1303 1324 1324 ut
1340 1301 1468 1333 tyrannus
1483 1306 1626 1333 numquam
1642 1297 1798 1326 emendare-

1005 1344 1063 1371 tur?
1089 1343 1151 1371 huic
1173 1343 1409 1378 respondebimus,
1433 1344 1588 1379 praevidisse
1604 1343 1711 1378 quidem
1724 1365 1731 1375 ,
1748 1343 1794 1371 sed

1004 1396 1147 1425 numquam
1172 1393 1281 1424 propter
1300 1389 1408 1417 malitia
1425 1394 1523 1417 nostra:
1538 1389 1722 1424 pmvisionem
1736 1397 1796 1416 ces-

1003 1439 1121 1462 saturum
1136 1442 1195 1462 csse
1207 1443 1266 1470 qua:
1279 1435 1312 1462 ad
1326 1442 1356 1462 se
1374 1439 1496 1470 spectant
1513 1435 1611 1462 facere.
1633 1434 1730 1462 Verum
1745 1434 1796 1462 etsi

1003 1488 1053 1508 nos
1070 1480 1278 1508 admonitionem
1293 1488 1346 1508 non
1362 1481 1533 1508 admittamus
1543 1501 1550 1513 ,
1567 1480 1612 1508 ille
1624 1479 1796 1507 nihilominus

1002 1525 1191 1562 benignitatem
1211 1533 1286 1553 suain
1306 1525 1489 1559 demonstrat;
1504 1526 1544 1553 sin
1558 1525 1638 1553 etiam
1654 1526 1679 1552 in
1696 1524 1795 1559 majora

1002 1571 1178 1608 impingamus
1192 1572 1270 1605 mala,
1285 1571 1351 1599 nihil
1363 1572 1414 1600 hoc
1425 1571 1459 1599 ad
1473 1579 1534 1599 eum
1547 1576 1668 1607 spectat,
1679 1571 1723 1606 qui
1743 1578 1796 1598 non

1002 1617 1063 1645 ideo
1077 1625 1126 1645 nos
1139 1622 1279 1652 peccantes
1291 1617 1336 1644 diu
1351 1618 1410 1644 tulit
1425 1622 1453 1644 ut
1466 1618 1631 1652 periremus,
1646 1616 1694 1644 sed
1708 1621 1737 1643 ut
1748 1624 1793 1644 sa-

1002 1663 1084 1691 lutem
1104 1671 1348 1698 consequeremur;
1374 1671 1468 1691 verum
1488 1667 1578 1691 nostra
1600 1663 1677 1698 culpa
1697 1663 1796 1696 evenit,

1001 1709 1046 1744 qui
1061 1709 1222 1737 ineffabilem
1239 1710 1298 1745 ejus
1320 1709 1487 1737 tolerantiam
1502 1710 1684 1744 despeximus.
1703 1710 1792 1745 Atque

1002 1756 1038 1783 ita
1061 1755 1191 1784 immensa
1204 1756 1262 1791 ejus
1284 1756 1432 1791 benignitas
1451 1756 1612 1783 declaratur.
1633 1755 1699 1784 Cum
1722 1756 1794 1783 enim

1002 1802 1126 1829 uolumus
1146 1809 1240 1837 magna
1253 1802 1312 1836 ejus
1331 1801 1382 1829 frui
1397 1801 1521 1837 patientia
1534 1823 1541 1835 ,
1559 1807 1620 1829 tune
1635 1809 1692 1829 eam
1708 1801 1751 1829 ille
1767 1801 1794 1828 in

1001 1848 1113 1876 aliorum
1130 1849 1230 1876 lucrum
1245 1849 1386 1881 convertit,
1403 1848 1499 1883 ubique
1512 1848 1590 1875 simul
1604 1847 1793 1882 benignitatem

1001 1900 1028 1922 et
1040 1894 1176 1922 solertiam
1189 1901 1264 1921 suam
1285 1894 1410 1929 prodens.
1433 1893 1509 1927 Quod
1522 1893 1601 1920 etiam
1620 1898 1681 1920 tunc
1695 1893 1794 1920 factum

1002 1946 1053 1970 est.
1079 1941 1112 1968 Et
1135 1945 1262 1976 tyrannus
1275 1940 1383 1976 quidem
1399 1941 1438 1967 sic
1450 1941 1531 1967 vitam
1545 1939 1659 1972 clausit;
1681 1946 1713 1966 ac
1737 1944 1794 1966 tum

1001 1988 1111 2016 insania:
1132 1989 1208 2022 ejus,
1234 1993 1289 2015 tum
1314 1988 1421 2023 Babyltn
1441 1988 1546 2015 virtutis
1564 1991 1733 2014 monumenta
1748 1994 1795 2013 ex-

1000 2038 1072 2062 stant
1092 2042 1098 2060 :
1116 2034 1242 2069 tctnplum
1255 2054 1262 2066 ,
1289 2034 1351 2061 item
1365 2038 1392 2060 et
1412 2032 1584 2068 martyrium,
1609 2031 1671 2059 illud
1685 2031 1791 2066 quidem

1000 2080 1144 2113 desertum,
1159 2079 1209 2107 hoc
1219 2079 1340 2108 eamdem
1354 2087 1433 2115 quam
1447 2079 1520 2114 prius
1529 2079 1651 2106 virtutem
1663 2077 1792 2105 retinens.

1001 2126 1087 2161 Capsa
1100 2132 1190 2153 autem
1205 2134 1257 2153 non
1274 2126 1342 2153 ultra
1356 2125 1487 2158 refertur,
1509 2124 1565 2151 Deo
1579 2124 1613 2150 ita
1627 2122 1792 2158 providente.

1001 2176 1029 2199 ut
1039 2171 1243 2199 adventantibus
1252 2171 1348 2198 clarior
1360 2170 1465 2205 Babyla:
1475 2174 1608 2204 gestorum
1623 2168 1715 2196 notitia
1731 2176 1791 2196 eva-

1000 2217 1055 2245 dat.
1080 2217 1204 2252 Quisquis
1217 2217 1287 2245 cnim
1302 2217 1458 2252 peregrinus
1474 2216 1560 2243 locum
1574 2215 1666 2243 adiens
1680 2220 1705 2243 et
1721 2223 1790 2242 mar-

1001 2268 1086 2299 tyrem
1099 2271 1234 2298 quaerens,
1250 2270 1310 2290 cum
1324 2262 1396 2290 illum
1410 2262 1505 2289 abesse
1519 2261 1610 2294 videt,
1626 2260 1714 2288 statim
1727 2268 1792 2288 cau-

999 2319 1056 2339 sam
1069 2311 1228 2343 sciscitatur,
1243 2315 1269 2337 et
1280 2310 1318 2337 sic
1326 2313 1407 2336 totam
1415 2308 1525 2336 edoctus
1534 2307 1672 2334 historiam
1681 2307 1791 2339 recedit,

1000 2357 1102 2392 majus,
1125 2365 1204 2392 quam
1222 2356 1312 2392 prius,
1336 2355 1437 2382 lucrum
1454 2358 1612 2389 reportans;
1637 2353 1675 2379 sic
1697 2357 1725 2380 et
1741 2352 1792 2380 Da-

1001 2405 1089 2439 phnen
1103 2404 1259 2436 adventante,
1274 2407 1302 2430 ct
1312 2402 1373 2430 inde
1385 2401 1523 2435 recedens,
1537 2400 1680 2428 maximam
1695 2400 1794 2428 utilita.

1000 2455 1054 2478 tem
1070 2450 1193 2485 percipit.

1036 2495 1180 2531 Martyrum
1193 2499 1245 2521 tam
1258 2494 1384 2525 vivorum,
1398 2501 1474 2528 quam
1489 2497 1646 2520 mortuorum
1659 2492 1747 2519 virtus.
1761 2506 1795 2511 ~—

1000 2541 1038 2568 Ea
1059 2545 1101 2568 est
1120 2544 1266 2575 martyrum
1288 2540 1391 2572 virtus,
1414 2538 1557 2566 viventium
1570 2557 1577 2569 .
1606 2542 1771 2565 mortuorum
1786 2556 1795 2569 ,

1000 2586 1170 2622 praesentium
1191 2586 1275 2619 locis,
1295 2584 1454 2612 absentium.
1480 2584 1584 2611 Etenim
1607 2584 1641 2611 ab
1663 2583 1737 2611 initio
1762 2583 1795 2610 atl

1000 2635 1079 2661 tinem
1107 2633 1166 2667 ejus
1187 2633 1301 2660 facinora
1325 2632 1449 2659 continua
1473 2632 1547 2666 quasi
1572 2631 1642 2658 serie
1670 2630 1794 2664 copulata

1000 2679 1084 2708 fuere.
1111 2680 1140 2707 Si
1162 2679 1310 2714 perpendas
1333 2679 1422 2711 enim,
1445 2678 1557 2705 violatas
1573 2678 1618 2704 Dei
1633 2677 1705 2711 leges
1720 2676 1791 2703 ultus

999 2732 1040 2754 cst
1051 2747 1059 2759 ,
1084 2735 1133 2762 pro
1147 2726 1236 2753 occiso
1250 2725 1354 2753 debitas
1367 2731 1460 2759 poenas
1478 2725 1609 2758 sumpsit,
1634 2727 1731 2757 quanta
1758 2722 1792 2748 sit

999 2772 1176 2800 sacerdotium
1193 2771 1262 2798 inter
1284 2775 1312 2798 et
1333 2770 1473 2804 imperium
1486 2768 1634 2795 differentia
1653 2767 1769 2794 ostendit
1783 2787 1791 2798 ,

1002 2819 1092 2847 mundi
1109 2819 1205 2846 fastum
1219 2825 1326 2845 omnem
1345 2816 1480 2847 dissolvit,
1497 2815 1585 2842 mundi
1598 2822 1720 2849 pompam
1735 2814 1790 2840 cal-

998 2866 1085 2898 cavit,
1108 2865 1283 2900 Imperatores
1305 2863 1413 2894 docuit,
1442 2869 1477 2889 ne
1491 2861 1560 2888 ultra
1575 2867 1726 2887 mensuram
1741 2859 1790 2885 sibi

1000 2920 1014 2939 a
1029 2912 1084 2940 Deo
1106 2911 1285 2946 prmscriptam
1307 2911 1463 2945 potestatcnt
1484 2906 1656 2934 extenderent
1669 2925 1676 2938 ,
1699 2911 1788 2932 sacer-
