1969 3130
152 157 201 184 57l

151 215 226 243 dotes
241 215 349 249 docuit,
371 221 400 244 ut
410 216 436 244 in
450 217 502 245 hoc
515 218 662 254 principatu
684 227 801 254 pratcsse
814 225 945 256 oporteat.

152 260 185 287 Et
199 260 256 288 hate
270 261 378 296 quidem
393 261 487 298 hisque
499 264 575 298 plura
589 264 653 292 dum
667 265 693 292 in
706 272 787 293 carne
796 271 868 293 esset
881 275 889 294 :
901 266 945 294 ubi

151 310 239 332 autem
265 306 327 337 hinc
348 307 505 343 emigravit,
529 309 660 338 dtemonis
690 310 771 338 robur
792 313 945 345 enervavit,

151 352 289 385 gentilium
308 353 437 381 fallaciam
450 355 613 390 confutavit,
634 355 752 384 vaticinii
770 358 946 393 nugacitatcm

150 399 271 433 detexit,
297 401 355 435 ejus
381 402 481 430 larvam
507 403 653 436 contrivit,
677 403 860 432 histrionicam
886 405 947 439 ejus

505 162 534 190 S.
553 160 692 191 JOANNIS
710 162 947 193 CHRYSOSTOMI
966 166 1124 195 ARCHIEP.
1144 168 1409 200 CONSTANTIW.

1739 175 1788 200 57!

999 223 1241 261 becillitatemque;
1266 228 1391 264 martyris
1399 236 1463 257 vero
1473 236 1589 258 coronas
1600 251 1609 264 ,
1630 230 1767 259 victoriam
1781 253 1788 267 ,

1000 270 1136 298 virtutem.
1150 271 1235 300 Tanta
1250 277 1291 301 est
1303 279 1455 302 sanctorum
1469 274 1614 311 fortitudo,
1626 281 1680 305 tam
1695 277 1788 306 invicta

999 321 1027 343 ct
1039 315 1214 345 formidabilis
1223 340 1231 351 ,
1245 325 1272 347 et
1284 319 1489 355 imperatoribus
1501 322 1705 352 etdtemonibus
1716 344 1725 358 ,
1740 324 1788 352 imo

1000 360 1049 396 ipsi
1062 369 1166 397 qucque
1179 363 1328 392 daemonum
1344 365 1454 401 principi
1469 366 1488 394 ι.

150 453 258 472 omnem
279 445 379 474 detexit
392 452 476 475 artem
486 468 494 482 ,
519 455 580 476 cum
594 449 638 484 qui
654 449 680 476 in
695 457 726 476 ea
739 457 856 485 praesse
874 450 948 478 vide-

150 496 226 519 retur
254 492 438 521 obmutescere
461 502 570 529 cogens,
602 503 634 523 ac
662 503 756 531 magna
780 496 947 524 vehementia

149 537 316 571 opprimens.
341 537 419 565 Stant
440 536 571 574 hodieque
593 540 684 574 templi
712 541 800 574 muri,
819 541 948 569 datmonis

151 582 322 617 ignominiam
346 584 468 612 omnibus
494 585 683 620 praedicantes,
708 587 790 614 risum
806 587 870 614 item
891 586 942 615 im-

1023 470 1031 510 :
1046 471 1072 505 lo
1083 471 1131 510 fine
1142 471 1349 510 (LippsculLSavil.
1359 477 1388 499 et
1398 474 1569 510 u_nus_quex.
1581 477 1637 510 post
1646 476 1781 510 dwtnmtunl

990 501 1106 537 principi,
1118 501 1252 537 habebant;
1261 504 1441 537 Regmmeiunt
1450 508 1472 530 et
1481 501 1641 531 t'irtussotius
1647 509 1707 532 Iesu
1714 507 1783 533 Clui-

991 532 1022 568 ξιξ
1033 532 1130 568 Domini
1135 533 1212 568 nostri
1218 541 1227 564 ,'
1236 532 1316 568 ipsum
1322 535 1403 568 solum
1410 536 1476 561 decet
1482 536 1571 568 gloria,
1578 544 1634 562 cum
1639 532 1730 563 (eterna
1736 542 1783 566 Pu-

991 566 1028 598 tre
1037 566 1059 588 et
1069 566 1190 598 εοαειεζηυ
1195 564 1291 596 Spiritu
1300 566 1325 590 in
1335 565 1427 598 inﬁnita
1436 564 1524 592 ueruto
1530 564 1686 593 autc-olorum.
1698 573 1715 594 Α
1720 564 1780 596 men.

993 594 1054 623 Quae
1066 601 1079 619 ε
1091 595 1198 625 quodam
1209 594 1318 628 graecqu
1331 594 1432 623 librario
1443 599 1507 623 haud
1519 598 1596 623 dubie
1608 600 1703 631 adjecta
1714 594 1779 627 sunt;

168 788 1753 804 mm

368 900 408 931 ΙΝ
431 901 620 932 lIOMILIAM
639 901 681 934 IN
701 901 756 933 SS.
777 902 984 936 MARTYRES
1003 905 1249 940 JUVENTINUM
1269 908 1318 940 ET
1338 910 1562 943 MAXIMINUM

182 1023 217 1051 Ut
235 1023 314 1050 initio
324 1023 404 1057 hujus
416 1023 556 1051 concionts
571 1023 682 1057 dicitur,
698 1024 790 1052 habita
800 1024 859 1052 haec
869 1024 921 1052 fuit
938 1024 1034 1060 paucis
1057 1030 1118 1061 post
1130 1025 1276 1054 Homiliam
1303 1027 1331 1055 in
1348 1026 1376 1054 S.
1395 1027 1525 1063 Babylam
1540 1027 1637 1056 diebus
1651 1038 1658 1056 :
1675 1028 1774 1064 Nuper,

144 1079 244 1115 iuquit.
262 1079 368 1115 πρῴην,
388 1087 442 1107 non
458 1084 561 1112 autent,
577 1080 644 1114 heri,
671 1087 702 1109 ut
715 1086 834 1109 verterat
847 1082 994 1118 lnterpres,
1011 1081 1106 1118 Nuper
1127 1083 1218 1111 beatus
1234 1082 1351 1120 Babylo:
1364 1093 1424 1111 cum
1453 1084 1538 1112 tribus
1557 1085 1647 1120 pueris
1672 1093 1719 1112 nos
1736 1085 1776 1112 hic

143 1137 320 1172 congregabat
337 1146 345 1164 :
362 1137 439 1165 deie
454 1147 513 1166 vero
536 1147 587 1174 pur
601 1145 753 1167 sanctorum
773 1141 890 1168 militum
909 1142 938 1169 in
951 1143 1008 1170 acie
1027 1143 1173 1170 exercitum
1189 1142 1289 1171 Christi
1304 1144 1449 1170 constituit.
1476 1143 1509 1171 Et
1522 1148 1612 1171 tamen
1639 1143 1693 1170 hoc
1717 1143 1777 1171 loco

145 1194 204 1222 fulti
222 1196 251 1228 ii,
268 1197 314 1231 qui
326 1196 526 1233 Martyrologiis
543 1205 654 1234 cperant
669 1199 812 1234 dederunt,
829 1201 856 1228 in
871 1201 906 1229 25
919 1200 1044 1229 Januarii
1061 1202 1160 1230 horum
1185 1207 1336 1239 martyrum
1350 1203 1423 1231 diem
1437 1203 1554 1231 natalem
1571 1202 1728 1236 conferunt,
1739 1203 1772 1230 li-

144 1255 188 1278 cet
199 1259 253 1278 non
266 1252 343 1279 initio
357 1256 475 1283 tantum.
494 1254 541 1281 sed
554 1253 635 1281 etiam
652 1255 734 1290 paulo
757 1261 852 1291 postea
866 1256 1081 1293 Chrysostomus
1107 1258 1141 1287 de
1153 1258 1271 1287 Homilia
1284 1259 1310 1287 in
1325 1259 1355 1287 S.
1370 1258 1499 1295 Babylam
1511 1259 1637 1295 loquens,
1650 1267 1710 1287 eam
1724 1266 1776 1287 non

145 1311 210 1343 lteri,
229 1311 275 1338 sed
292 1320 384 1347 nuper,
400 1312 506 1348 πρῴην,
520 1313 621 1341 dictam
633 1315 766 1343 enuntiet.
783 1316 848 1344 Indo
871 1316 965 1345 forsan
981 1325 1042 1346 mos
1059 1318 1178 1347 obtinuit
1199 1323 1230 1347 ut
1251 1319 1296 1347 die
1309 1319 1408 1348 festum
1426 1319 1456 1347 S.
1476 1319 1583 1355 Babylaz
1605 1319 1775 1354 insequente,

145 1368 197 1395 SS.
214 1368 352 1396 Juventini
364 1373 392 1397 et
404 1369 545 1398 Maximini
559 1372 718 1400 memoriam
739 1374 885 1402 enuntient
903 1383 910 1401 :
927 1382 981 1403 non
997 1384 1031 1404 ex
1041 1376 1199 1405 Griecorum
1213 1377 1324 1406 Menaeis
1339 1377 1365 1405 id
1381 1378 1509 1406 mutuati:
1524 1377 1670 1413 siquidem,
1687 1381 1717 1404 ut
1730 1383 1777 1404 no-

144 1431 185 1453 tat
200 1426 300 1460 optime
315 1426 472 1460 Boilandus,
488 1429 563 1456 nulla
580 1429 607 1456 in
623 1428 743 1464 Menaeis,
755 1431 924 1468 Menologiis,
940 1433 1114 1470 Anthologio,
1131 1435 1225 1462 aliisve
1241 1435 1320 1463 fastis
1334 1436 1421 1463 sacris
1429 1435 1586 1464 Grmcorum
1598 1455 1606 1468 ,
1619 1442 1716 1463 eorum
1731 1443 1776 1463 ex-

143 1493 199 1516 stat
224 1491 364 1518 memoria.
389 1489 440 1517 Sed
456 1499 470 1517 a
488 1492 696 1526 recentioribus,
725 1493 763 1521 ait
780 1494 833 1527 ille,
849 1496 974 1528 postridie
992 1495 1022 1523 S.
1039 1495 1148 1532 Belzwa
1161 1502 1186 1524 et
1202 1498 1282 1524 trium
1298 1505 1440 1531 puerorum
1452 1496 1596 1529 locantur;
1611 1497 1658 1532 qui
1674 1497 1777 1524 scilicet

147 1554 179 1574 ea
197 1548 225 1575 in
241 1556 270 1576 re
291 1553 407 1577 veterem
424 1549 496 1576 illam
514 1549 640 1578 Humilia:
656 1551 844 1588 Cltrysostomi
874 1554 902 1582 in
923 1554 974 1582 SS.
992 1554 1125 1591 Martyres
1143 1555 1395 1591 interpretationem
1410 1561 1563 1592 sequuntur
1577 1565 1584 1584 :
1598 1555 1665 1583 Heri
1684 1555 1773 1582 beatus

144 1604 260 1641 Babytas
276 1613 335 1632 eam
352 1605 436 1633 tribus
451 1607 551 1641 pueris.
573 1607 690 1636 Videant
711 1609 793 1644 igitur
809 1610 826 1638 ii
850 1610 896 1646 qui
912 1610 962 1639 SS.
979 1611 1057 1639 lastis
1081 1611 1148 1639 dant
1164 1619 1287 1647 operam,
1304 1620 1371 1640 num
1386 1612 1438 1640 alia
1453 1613 1489 1641 sit
1509 1612 1654 1641 statuenda
1682 1611 1774 1639 colen-

142 1663 186 1691 da:
200 1663 250 1690 SS.
263 1662 437 1692 Juventiniet
448 1663 589 1692 Maximini
601 1667 741 1695 memoriae
750 1667 818 1696 dies.
834 1667 888 1697 llos
905 1674 1037 1704 martyres
1049 1673 1250 1698 commemorat
1259 1669 1451 1699 Theodoretus
1461 1670 1480 1697 Ι.
1491 1670 1507 1698 3
1518 1671 1589 1698 Hist.
1605 1670 1677 1698 Eccl.
1691 1678 1716 1698 c.
1733 1671 1773 1698 lt-

145 1887 1775 1901 ...ξ-,Ἡ

141 1933 286 1956 ιωυεωω
309 1935 341 1956 IN
364 1936 407 1957 SS.
431 1937 599 1959 ΕΔΗ-γης
619 1938 825 1960 JUVENTINUM
852 1937 892 1959 ΕΤ
918 1937 1120 1964 MAXIMINUM,
1150 1937 1205 1964 QUI
1234 1938 1293 1960 SUB
1314 1939 1447 1961 JULIANO
1469 1940 1632 1961 APOSTA'I‘A
1657 1940 1776 1961 ΜΔΠΪῖη

455 1987 458 1989 ’
621 1987 701 2009 ιιιωί
723 1988 805 2010 SUNT
827 1987 922 2015 PASSI,
944 1986 1049 2009 διίκΜο
1071 1987 1297 2010 PANEGYIUCUS.

844 2053 1049 2086 mm

179 2125 205 2152 Ι.
220 2124 311 2160 Nuper
322 2126 415 2154 beatus
431 2126 543 2163 Babylas
554 2136 614 2155 cum
628 2129 712 2157 tribus
725 2131 816 2166 pueris
826 2139 874 2161 uos
893 2132 936 2160 hic

139 2172 320 2206 congregabat
337 2181 343 2198 :
365 2171 444 2200 hodie
459 2181 524 2201 vero
545 2181 593 2209 par
605 2180 755 2204 sanctorum
773 2178 886 2205 militum
908 2179 935 2206 in

139 2218 199 2245 acie
219 2219 365 2246 exercitum
389 2219 487 2247 Christi
518 2222 680 2256 constituit;
701 2231 787 2258 nttper
808 2226 934 2261 quadriga

992 2133 1071 2162 habet
1083 2133 1109 2161 in
1124 2133 1306 2169 spiritualibus
1320 2133 1451 2161 thesauris
1461 2154 1469 2167 ,
1494 2132 1528 2160 de
1540 2133 1703 2170 martyribus
1712 2154 1720 2166 ,
1743 2134 1776 2161 iu-

989 2187 1067 2214 quam
1080 2200 1088 2213 ,
1109 2180 1154 2214 qui
1167 2186 1274 2214 semper
1285 2179 1310 2206 in
1324 2179 1419 2207 eodem
1437 2183 1547 2206 manent
1556 2180 1663 2214 vigore,
1678 2187 1779 2215 semper

990 2226 1016 2253 in
1031 2225 1124 2252 eodem
1137 2224 1286 2260 iuventutis
1301 2225 1367 2253 flore
1381 2229 1464 2258 sunt,
1488 2232 1596 2260 semper
1615 2232 1672 2252 sua:
1693 2226 1780 2260 gloria

141 2268 308 2298 martyrum,
326 2264 405 2293 hodie
419 2266 490 2301 biga.
511 2266 599 2302 Impar
615 2276 707 2296 eorum
726 2275 767 2297 est
782 2275 864 2304 :etas,
887 2271 935 2299 sed

143 2315 195 2334 una
212 2308 297 2342 ﬁdes;
310 2310 382 2337 varia
397 2311 554 2345 certamina,
569 2313 615 2340 sed
629 2313 721 2341 eadem
735 2315 862 2349 fortitudo
876 2325 882 2342 ε
898 2316 936 2344 illi

143 2358 265 2388 tempore
286 2356 451 2390 superiores,
473 2357 516 2384 isti
540 2359 711 2386 recentiores.
735 2360 870 2395 Ejusmodi
894 2367 937 2390 est

143 2399 285 2427 thesaurus
296 2401 437 2436 Ecclesiat,
453 2411 535 2431 novas
552 2408 580 2431 et
593 2409 698 2433 veteres
716 2405 794 2434 habet
805 2408 935 2442 margari-

142 2448 184 2471 tas
200 2453 207 2471 :
222 2445 270 2472 sed
293 2453 344 2473 una
365 2447 484 2475 omnium
506 2453 548 2476 est
564 2449 744 2484 pulchritudo.
767 2451 866 2479 Eorum
887 2452 936 2480 flos

143 2497 230 2524 neque
245 2492 402 2525 marcescit,
419 2495 507 2528 ne‘que
519 2494 611 2522 deﬂuit
624 2500 762 2531 tempore;
784 2498 868 2525 nescit
890 2506 936 2526 ve—

143 2536 250 2564 tustatis
262 2537 409 2572 rubiginem
426 2539 576 2574 splendoris
589 2541 665 2568 istius
679 2547 783 2570 natura.
798 2543 937 2578 Temporis

143 2581 318 2610 diuturnitate
340 2591 417 2618 opes,
443 2593 502 2620 qua:
514 2586 547 2613 ad
566 2595 680 2622 corpora
702 2593 840 2623 spectant,
859 2589 937 2618 facile

144 2631 279 2655 intereunt
304 2637 310 2655 :
338 2631 495 2658 vestimenta
521 2632 592 2659 enim
616 2633 811 2667 absumuntur,
842 2635 937 2663 domus

143 2672 324 2708 destruantur,
345 2679 372 2703 ct
403 2683 496 2703 aurum
517 2677 637 2713 rubigine
657 2680 840 2712 consumitur;
863 2685 890 2708 et
910 2681 936 2708 in

140 2724 245 2745 summa
256 2740 264 2752 ,
279 2721 397 2748 onmium
412 2723 577 2750 sensibilium
592 2723 746 2752 facultatum
762 2731 854 2753 natura
870 2731 937 2754 tem—

139 2771 207 2795 oore
227 2765 332 2793 tandem
346 2767 469 2795 aboletur
481 2772 509 2796 et
519 2769 665 2797 intercidit.
679 2770 715 2797 At
730 2779 781 2798 non
797 2772 834 2799 sic
849 2779 879 2799 se
892 2780 936 2800 res

173 2829 325 2868 (θείῃ-1ηηο
336 2833 458 2868 hontiliam
469 2835 571 2868 vidimus
580 2836 649 2868 timid.
660 2836 763 2863 unicum.
775 2839 872 2868 Regium
889 2841 934 2865 sci-

144 2857 269 2886 luet’ﬂlﬁ
283 2870 289 2885 :
303 2870 356 2889 nam
368 2857 458 2894 perrari
471 2857 526 2891 sunt
535 2857 610 2896 hujus

990 2272 1117 2306 fulgorem
1139 2271 1263 2299 emittunt
1284 2275 1313 2299 et
1331 2271 1430 2299 radios.
1454 2271 1530 2305 Quod
1541 2271 1657 2299 scientes
1669 2279 1717 2298 vos
1730 2279 1781 2299 non

988 2318 1067 2345 aliter
1082 2318 1198 2353 priscos,
1218 2317 1296 2345 aliter
1309 2317 1471 2345 recentiores
1489 2317 1578 2345 colitis
1598 2322 1704 2345 sanctos
1714 2337 1721 2350 ,
1737 2317 1781 2344 sed

989 2362 1082 2391 eadem
1097 2362 1248 2396 alacritate,
1263 2362 1357 2390 eodem
1372 2369 1464 2390 amore
1475 2383 1482 2395 ,
1505 2363 1601 2390 eodem
1620 2363 1718 2390 all'ectu
1737 2370 1780 2389 co-

990 2408 1042 2435 litis
1052 2415 1146 2435 omnes
1156 2412 1183 2436 et
1193 2408 1397 2436 commendatis.
1407 2408 1465 2436 Non
1476 2408 1547 2436 enim
1558 2408 1703 2443 exploratis
1714 2412 1779 2435 tetu-

990 2462 1058 2489 pus,
1079 2454 1126 2481 sed
1151 2454 1288 2490 exquiritis
1310 2454 1391 2481 animi
1419 2453 1611 2487 fortitudinem,
1635 2454 1780 2489 pietatem,

990 2501 1068 2529 fidem
1081 2501 1206 2529 invictatn
1217 2522 1225 2535 ,
1241 2501 1326 2530 zelum
1340 2500 1478 2528 incitatum
1491 2508 1522 2528 ac
1537 2500 1669 2528 fervidum
1678 2521 1686 2533 ,
1698 2505 1725 2528 et
1737 2508 1781 2528 eas

990 2546 1103 2573 virtutes
1113 2567 1120 2579 ,
1133 2553 1198 2582 quas
1215 2554 1270 2581 pra:
1282 2553 1312 2573 se
1327 2546 1416 2574 ferunt
1438 2545 1540 2579 sancti,
1563 2546 1595 2573 ad
1607 2554 1720 2581 quorum
1733 2546 1780 2572 ho-

990 2598 1082 2619 norem
1096 2591 1175 2618 hodie
1187 2591 1371 2618 convenimus.
1392 2591 1423 2618 lli
1440 2592 1511 2618 enim
1526 2595 1599 2618 tanto
1625 2599 1718 2618 amore
1734 2590 1780 2618 Dei

990 2636 1157 2671 ﬂagrabant,
1185 2642 1213 2664 ut
1236 2638 1315 2663 etiam
1339 2641 1413 2663 extra
1440 2637 1653 2671 perscquutionis
1680 2641 1781 2671 tempus

989 2683 1109 2718 martyrii
1125 2690 1223 2710 Corona
1238 2683 1354 2710 retlimiti
1377 2681 1491 2715 fuerint,
1515 2682 1617 2717 absque
1630 2689 1716 2717 pugna
1729 2687 1780 2708 Iro-

990 2736 1076 2762 pteum
1087 2728 1221 2755 evexerint
1235 2748 1243 2761 ,
1266 2727 1366 2762 absque
1380 2727 1471 2762 prmlio
1484 2727 1592 2754 victoria
1612 2727 1688 2762 potiti
1711 2727 1777 2757 sint,

990 2774 1091 2808 absque
1111 2774 1257 2801 certamine
1280 2773 1400 2800 bravium
1424 2773 1570 2807 rapuerint.
1594 2772 1628 2799 Et
1649 2771 1777 2807 qttomudo

990 2819 1040 2846 hoc
1051 2839 1059 2847 .
1083 2826 1132 2854 ego
1145 2819 1230 2848 dicam
1247 2829 1254 2847 ι
1270 2818 1316 2847 scd
1339 2818 1406 2847 ferte
1425 2826 1467 2845 me
1485 2826 1540 2845 rem
1555 2817 1633 2852 patilo
1644 2817 1720 2844 altius
1733 2823 1773 2842 rc‘

990 2873 1020 2895 νε
1024 2871 1078 2893 tere
1081 2884 1089 2892 .
