1969 3130
119 189 168 215 S73

156 247 361 282 Persequutionis
383 247 447 274 ratio
466 245 512 273 sub
522 245 627 273 Iuliano
641 247 774 282 Apostala.
793 262 828 266 —
850 246 913 274 Erat

121 294 268 328 Imperator
293 293 401 328 quidam
416 313 424 325 ,
450 293 529 319 etiam
552 298 644 320 nostro
658 299 715 320 {evo
727 313 734 325 ,
756 299 849 320 munes
868 293 913 328 qui

117 349 146 366 se
162 343 358 375 praecesserant
371 339 506 373 impietate
517 338 642 371 vincens,
665 338 699 366 de
723 345 776 373 quo
791 342 818 366 et
831 345 915 373 nuper

117 386 237 419 pluribus
249 392 319 412 ame
337 384 436 412 dictum
450 388 491 411 est
507 393 513 411 :
534 384 653 419 quicum
676 383 780 411 videret
800 391 843 411 res
866 391 915 410 no-

116 439 187 458 atras
200 436 348 467 martyrum
362 436 448 458 morte
461 431 588 458 clariores
599 430 667 463 ﬁeri.
683 435 711 458 et
723 438 753 458 ea
767 437 846 458 causa
861 438 913 458 non

115 478 203 504 solum
219 478 308 510 viros,
329 477 376 505 sed
391 482 419 504 et
433 481 540 504 teneros
563 484 661 512 pueros
682 477 850 511 virginesque
871 477 914 503 in-

118 530 216 558 nuptas
227 545 235 556 ,
250 528 278 551 et
288 523 315 551 in
327 531 429 551 summa
444 531 477 550 ex
490 523 562 551 omni
576 531 640 550 sexu
655 528 682 551 et
695 527 772 551 actate
785 523 914 558 quosdam

117 577 166 605 pro
182 570 313 605 religione
323 569 356 597 ad
371 574 486 598 mortem
500 570 624 605 prosilire
633 591 639 602 ,
651 570 818 597 cruciabatur
827 574 854 597 et
867 569 916 596 do-

118 615 210 648 lebat;
234 620 363 643 caeterum
384 623 494 643 movere
517 615 615 643 bellum
634 615 774 643 manifeste
797 616 912 643 nolebat.

116 661 219 688 Omnes
238 661 320 693 enim,
347 661 468 694 dicebat,
493 661 526 688 ad
547 662 721 697 martyrium,
736 661 811 696 quasi
826 661 859 689 ad
873 661 914 688 al-

117 707 237 734 vearium
264 714 327 742 apes
352 707 490 734 volabunt.
516 707 578 734 llzec
601 712 690 734 autern
712 715 765 734 non
788 707 821 734 ab
842 707 913 740 alio,

116 761 198 786 quam
221 760 235 778 τι
258 752 402 787 majoribus
436 753 491 780 suis
514 752 653 779 didicerat.
679 751 784 780 Etenim
809 752 914 787 tyranni

118 798 266 824 Ecelcsiam
292 797 466 829 infestarunt,
493 801 519 825 et
542 798 633 833 populi
655 805 761 833 quoque
785 803 914 833 perpetuo

117 845 339 871 insurrexerunt’
356 852 415 871 cum
430 844 517 871 adhuc
538 852 619 880 parva
642 845 779 880 religionis
799 845 913 873 scintilla

116 895 189 917 esset
203 899 210 922 ς
227 898 285 917 eatn
302 895 389 917 tamen
404 898 456 917 non
471 891 676 922 exstinxerunt,
696 898 784 925 neque
807 890 914 918 destru-

117 941 233 968 vvrnnt,
256 934 303 962 sed
331 935 379 970 ipsi
406 935 495 970 potius
517 935 644 962 destructi
666 941 737 963 sunt.
763 935 915 970 Augebatur

116 983 239 1016 quotidie
252 982 364 1008 scintilla
384 981 457 1015 hzec,
486 981 672 1017 ferebaturque
692 982 719 1009 in
741 981 870 1014 sublime,
888 987 915 1010 et

116 1035 226 1054 «.numm
244 1027 359 1062 undique
374 1027 465 1054 orbem
490 1027 649 1060 invadebat,
673 1035 734 1055 cum
755 1028 913 1056 occideren-

119 1080 172 1105 tur,
194 1074 379 1105 adurcrcntur,
403 1073 649 1108 suspenderentur,
671 1075 911 1110 praecipitarentur,

118 1121 212 1147 bestiis
232 1120 412 1155 objicerentur
423 1128 516 1148 omnes
530 1120 633 1148 ﬁdeles.
657 1121 762 1149 Etenim
783 1122 913 1150 carbones

116 1167 186 1202 sicut
202 1166 286 1193 lutum
301 1166 454 1199 calcabant,
469 1171 495 1193 et
509 1174 582 1193 mare
596 1165 744 1202 ﬂuctusque
766 1167 835 1194 sicut
849 1175 913 1202 pra—

117 1217 173 1238 tum
190 1212 372 1244 intuebantur,
387 1211 420 1238 ad
435 1211 550 1246 gladium
564 1212 633 1239 sicut
645 1211 678 1239 ad
691 1211 813 1239 diadema
828 1218 855 1240 et
867 1220 914 1240 co-

117 1265 210 1284 ronam
227 1257 387 1290 currebant,
402 1257 544 1292 omniaque
560 1262 752 1284 tormentorum
767 1265 864 1292 genera
876 1258 913 1285 ita

115 1304 298 1339 superabant,
327 1308 399 1331 utea
421 1311 474 1330 non
503 1303 590 1330 solum
613 1311 743 1338 generose
763 1309 789 1331 et
810 1304 914 1332 fortiter

116 1352 235 1382 ferrent,
250 1350 297 1378 sed
308 1355 335 1378 et
345 1351 468 1378 alacriter
487 1354 514 1378 et
534 1357 594 1377 cum
607 1350 753 1385 voluptate.
769 1350 913 1378 Enimvero

116 1398 187 1423 sicut
199 1397 297 1431 planta:
317 1396 408 1432 rigata-
423 1396 506 1431 magis
519 1400 657 1429 crescunt,
682 1397 718 1423 ita
731 1401 758 1423 et
772 1396 839 1424 ﬁdes
864 1405 914 1424 no-

116 1448 173 1470 stra
186 1448 337 1478 oppugnata
352 1443 434 1478 magis
443 1442 530 1475 ﬂoret,
539 1447 566 1470 et
575 1447 669 1470 vexata
684 1443 846 1470 incrementa
857 1451 914 1470 ma-

115 1489 174 1524 jora
188 1490 288 1520 sumit;
305 1497 391 1524 neque
407 1489 476 1516 horti
491 1488 568 1524 aquis
582 1489 684 1524 irrigati
700 1489 734 1516 ita
750 1489 911 1524 germinant,

115 1539 145 1562 et
159 1534 266 1562 fecundi
281 1540 341 1561 sunt
352 1555 359 1566 ,
373 1539 401 1561 ut
416 1534 541 1561 Ecclesiw
551 1554 558 1568 ,
574 1534 597 1561 si
612 1538 757 1569 martyrum
770 1534 913 1569 irrigentur

115 1582 256 1616 sanguine.
282 1581 344 1609 lla-c
367 1581 454 1608 omnia
473 1586 553 1616 atque
574 1580 648 1615 plura
668 1588 728 1607 cum
752 1580 795 1607 ille
813 1581 911 1614 sciret,

116 1627 298 1655 meticulosior
321 1632 399 1660 erat,
426 1634 506 1662 quam
527 1631 555 1653 ut
579 1625 718 1653 manifeste
740 1634 800 1653 cum
815 1627 912 1654 nostris

117 1674 285 1709 confligeret.
300 1673 338 1701 Ne
349 1673 495 1700 efficiamus
506 1693 513 1705 ,
528 1672 630 1707 inquit,
652 1677 682 1699 ut
695 1671 842 1707 frequentia
858 1673 912 1700 eri-

115 1724 179 1754 gant
192 1724 309 1754 tropica,
327 1719 465 1745 continuas
480 1723 618 1753 reportent
631 1718 756 1745 victorias
767 1739 775 1752 ,
796 1722 822 1745 et
837 1726 913 1746 coro-

116 1773 163 1793 nas
174 1766 322 1792 obtineant.
338 1764 390 1792 Sed
406 1764 469 1799 quid
483 1763 567 1791 facit?
582 1763 664 1797 Vide,
683 1771 744 1797 oro,
761 1764 911 1800 malignita-

115 1817 180 1838 tem.
197 1810 331 1844 Medicus,
347 1811 444 1837 milites
454 1830 461 1842 ,
485 1809 618 1844 sophistas
632 1814 660 1836 et
673 1814 794 1837 oratores
818 1818 912 1838 omnes

116 1859 187 1885 vela
201 1857 411 1892 professionibus
436 1857 492 1884 suis
515 1857 652 1884 discedere
672 1857 715 1884 vel
734 1857 815 1885 ﬁdem
836 1865 911 1885 suam

115 1904 241 1938 abjurare
250 1903 343 1938 jubet,
360 1903 538 1937 excitavitqne
558 1903 584 1930 in
605 1903 675 1930 hunc
697 1903 805 1930 modum
819 1908 911 1930 contra

116 1954 225 1977 nostros
246 1949 344 1977 bellum
365 1949 415 1976 tela
429 1949 533 1976 eminus
548 1949 672 1985 mittens,
693 1952 723 1976 ut
737 1949 759 1975 si
772 1956 787 1975 a
800 1948 850 1976 ﬁde
863 1949 912 1977 de-

115 1997 244 2024 sisterent
257 2017 264 2029 ,
280 1995 391 2023 ridicule
406 1995 585 2028 vincerentur,
605 1999 694 2029 utpote
706 1995 750 2030 qui
765 1994 844 2022 ﬁdem
855 1995 913 2030 opi-

117 2043 167 2070 bus
183 2050 237 2069 non
255 2041 431 2077 praeferrent;
457 2041 498 2068 sin
517 2048 646 2076 generose
660 2045 864 2075 perseverarent
885 2045 913 2068 et

116 2090 275 2122 vincerent,
298 2096 383 2124 neque
397 2089 436 2115 sic
455 2088 560 2123 egregia
580 2087 649 2115 foret
667 2087 798 2120 victoria;
825 2095 912 2122 neque

117 2137 223 2172 insigne
247 2140 374 2170 tropatum
389 2144 396 2162 :
411 2134 478 2162 nihil
501 2135 572 2162 enim
592 2141 736 2168 magnum,
763 2138 848 2161 artem
870 2134 911 2161 vel

118 2184 313 2220 professionem
326 2191 375 2219 pro
387 2183 484 2217 pietate
498 2187 680 2210 contemnere.
697 2181 788 2217 Neque
802 2182 824 2210 is
836 2183 913 2209 smvi—

116 2233 159 2258 tize
173 2231 233 2266 ejus
245 2230 305 2257 ﬁnis
319 2234 377 2256 erat
394 2238 401 2256 :
416 2236 476 2256 nam
488 2228 522 2256 ad
534 2228 608 2262 haec,
624 2229 645 2255 si
660 2229 720 2264 quis
730 2229 912 2263 superioribus

117 2277 196 2304 annis
208 2297 216 2308 ,
231 2283 292 2303 cum
306 2275 392 2302 adhuc
403 2275 437 2310 pii
460 2275 636 2310 Imperatores
651 2282 740 2302 rerum
751 2275 909 2309 potirentur,

116 2323 158 2350 vel
167 2322 264 2349 altaria
275 2321 418 2349 demolitus
433 2320 543 2353 fuisset,
566 2320 608 2347 vel
624 2320 722 2354 templa
740 2319 909 2354 suffudisset,

117 2368 161 2395 vel
173 2367 287 2395 donaria
297 2366 468 2401 diripuisset,
492 2365 534 2393 vel
548 2365 620 2393 aliud
635 2365 687 2393 tale
699 2365 824 2400 quiddam
839 2367 908 2401 egis-

116 2418 172 2446 set,
188 2409 344 2448 rapiebatur
354 2411 388 2439 ad
402 2411 535 2444 tribunal,
560 2416 586 2438 et
606 2411 787 2444 occidebatur,
811 2419 864 2439 non
888 2412 910 2439 is

117 2460 206 2488 solum
221 2459 266 2495 qui
279 2459 331 2486 tale
344 2458 407 2493 quid
427 2457 545 2493 egisset,
568 2457 615 2485 sed
638 2456 683 2491 qui
706 2456 808 2484 delatus
832 2457 911 2485 dum-

118 2510 187 2533 taxat
208 2505 313 2532 fuisset.
329 2503 458 2538 Fingebat
467 2509 573 2538 quoque
587 2506 614 2529 et
625 2502 690 2529 alias
703 2503 791 2529 varias
805 2510 909 2537 causas,

118 2553 152 2580 ita
166 2556 196 2579 ut
209 2552 252 2587 pie
266 2551 410 2578 viventium
425 2556 504 2577 nemo
516 2556 569 2576 non
581 2548 694 2583 lugeret.
708 2549 810 2584 Agebat
820 2554 909 2577 autem

117 2598 190 2630 haec,
207 2601 237 2624 ut
249 2597 438 2624 obscuraretur
450 2594 569 2630 martyrii
593 2601 691 2621 corona
705 2615 712 2627 ,
734 2599 760 2622 et
774 2594 910 2622 nihilomi-

117 2652 166 2672 nus
176 2643 265 2671 caades
275 2647 303 2670 et
312 2647 415 2677 strages
430 2641 524 2668 ﬁerent
534 2661 541 2673 ,
557 2647 643 2675 neque
651 2640 790 2674 splendida
802 2641 910 2675 praemia

117 2696 265 2726 martyrum
280 2691 439 2724 apparerent
455 2695 462 2713 :
479 2686 545 2713 nihil
558 2690 647 2713 tamen
661 2691 717 2712 arte
730 2685 778 2713 hac
788 2687 910 2722 proﬁcie-

117 2738 171 2764 bat.
185 2735 251 2763 Nam
267 2734 311 2770 qui
325 2734 360 2761 ita
373 2732 568 2768 aflligebantur,
585 2739 637 2758 non
653 2734 686 2758 ad
698 2732 767 2759 illius
778 2732 908 2760 calculum

117 2787 143 2810 et
157 2781 351 2816 malignitatem
365 2778 519 2814 spectabant
533 2799 541 2811 ,
561 2777 607 2805 sed
621 2777 653 2804 ad
669 2777 849 2813 incorruptum
861 2778 909 2806 Ju-

116 2830 203 2857 dicem
215 2849 223 2862 ,
244 2835 259 2856 a
275 2835 328 2863 quo
339 2832 367 2854 et
381 2826 515 2854 caelestem
531 2832 656 2852 coronam
670 2831 828 2860 accepturos
849 2833 909 2854 sese

115 2874 296 2903 conﬁdebant.

144 2932 154 2962 _|
165 2929 236 2957 savii.
246 2929 272 2954 in
283 2934 372 2960 marg.,
383 2927 452 2959 quasi
462 2927 522 2959 ferte
530 2925 720 2952 insurrexerunt.

568 187 600 215 IN
619 187 837 217 JUVENTINUM
853 189 896 216 ET
916 189 1115 219 MAXIMINUM
1135 191 1331 221 MARTYRES.

1711 199 1762 228 574

1005 247 1031 274 2.
1054 248 1203 276 Juventinus
1225 255 1248 277 et
1269 251 1424 281 Martiniano
1446 255 1472 282 iu
1495 264 1620 284 carcerem
1634 259 1720 291 lruu';
1741 267 1762 284 r‘l

968 302 1017 329 qua
1031 294 1062 321 de
1078 303 1164 323 causa.
1179 311 1216 316 -
1226 296 1330 325 interea
1343 306 1403 326 cum
1415 299 1472 328 haec
1487 301 1521 328 ita
1535 310 1564 330 se
1576 302 1723 337 haberent,
1737 310 1761 331 cl

967 337 1066 366 bellum
1077 340 1182 375 quidem
1198 342 1242 369 ille
1255 344 1398 377 parturiret
1411 345 1539 374 adversus
1558 353 1663 377 nostros
1673 370 1681 382 ,
1701 358 1762 377 ces-

967 389 1040 411 saret
1051 390 1138 413 autem
1150 407 1158 420 ,
1172 388 1271 415 veritus
1285 396 1318 416 tte
1329 389 1479 418 vinceretur
1495 401 1501 418 :
1515 394 1611 421 accidit
1625 399 1652 422 ut
1663 396 1761 423 milites

967 431 1100 478 quoddam
1123 434 1273 461 convivium
1288 435 1418 464 baberent
1431 458 1438 470 ,
1463 438 1489 465 in
1504 447 1556 474 quo
1570 446 1596 467 et
1610 447 1741 478 martyres
1751 463 1760 475 ,

967 481 1034 508 quos
1047 474 1126 502 hodie
1139 476 1261 509 colimus,
1277 485 1363 506 erant.
1376 479 1507 508 Grc-terum
1517 502 1525 515 ,
1538 474 1758 511 utconviviorum

967 527 1026 548 mos
1038 526 1099 553 est,
1115 529 1176 549 eum
1193 524 1258 551 varii
1271 532 1409 553 sermones
1427 526 1489 554 hinc
1514 528 1575 556 inde
1594 529 1758 564 dicerentur,

967 567 1065 602 aliique
1079 568 1130 595 alia
1145 574 1306 604 tractarent,
1322 571 1348 599 hi
1363 573 1431 600 mala
1444 573 1483 600 sui
1499 576 1626 609 temporis
1637 576 1760 612 deplora-

967 612 1046 647 bant,
1062 614 1139 650 longe
1150 616 1268 644 feliciora
1283 617 1363 646 fuisse
1376 621 1513 654 superiora
1529 628 1679 650 asserentes
1691 644 1698 656 ,
1716 624 1759 651 di-

967 659 1115 696 cabantque
1135 667 1161 690 et
1184 663 1253 691 inter
1273 671 1302 692 se
1324 670 1350 693 et
1363 666 1395 693 ad
1409 667 1514 695 sodales
1530 668 1633 702 :Qucm
1655 669 1760 705 juvaret

967 706 1036 735 ultra
1051 708 1157 742 vivere,
1174 711 1216 738 vel
1232 712 1334 746 spirare
1345 733 1352 744 ,
1375 713 1416 740 vel
1431 714 1515 742 solem
1532 715 1628 743 intueri
1643 737 1651 747 .
1675 718 1759 745 sacris

966 751 1068 788 legibus
1083 754 1118 781 ita
1131 757 1293 785 conculcatis
1308 778 1314 790 ,
1331 758 1428 793 pietate
1441 760 1476 787 ita
1490 761 1585 789 violata
1597 783 1605 795 ,
1621 769 1758 792 creatura-

967 806 1025 826 rum
1042 801 1160 828 omniunt
1175 802 1287 830 Domino
1302 803 1338 831 ita
1350 807 1525 840 contempto?
1547 807 1641 835 Omnia
1666 809 1759 838 nidore

967 845 1044 879 plena
1060 851 1121 873 sunt
1135 851 1161 874 et
1174 847 1264 882 fumo,
1289 851 1378 878 omnia
1391 852 1529 881 sacriﬁciis
1547 854 1691 883 immundis
1713 865 1758 885 re-

968 890 1056 919 ferta:
1073 900 1107 919 ne
1129 901 1223 927 purum
1238 895 1344 929 quidem
1367 905 1455 925 aerem
1478 900 1582 934 spirare
1607 909 1757 936 possumus.

968 935 1041 964 Dicta
1057 937 1114 965 haec
1129 946 1162 966 ne
1183 939 1362 975 perfunctorie
1384 948 1519 978 transeas,
1535 947 1581 974 sed
1599 935 1736 976 considera
1747 971 1756 984 ,

966 983 1073 1017 quando
1084 992 1115 1012 ea
1131 985 1232 1020 loquuti
1246 992 1323 1021 sunt,
1337 993 1365 1016 et
1374 995 1473 1024 quanta
1488 992 1595 1026 pietate.
1619 994 1683 1022 Nam
1695 996 1717 1023 si
1731 997 1757 1024 in

966 1029 1073 1057 militari
1084 1031 1215 1064 convivio,
1232 1033 1276 1060 ubi
1288 1040 1399 1069 regnant
1409 1036 1524 1065 ebrietas
1536 1044 1561 1066 et
1575 1040 1757 1075 intemperan—

967 1074 1020 1109 tia,
1049 1076 1092 1103 ubi
1111 1079 1273 1107 eertaturde
1296 1081 1499 1117 prodigalitate,
1525 1085 1568 1112 ubi
1581 1093 1648 1121 agon
1660 1074 1703 1114 est
1725 1088 1758 1116 de

966 1121 1121 1150 temulentia
1135 1127 1161 1150 et
1174 1123 1287 1159 insania,
1300 1126 1339 1153 sic
1355 1127 1563 1162 ingemiscebant
1576 1136 1602 1158 et
1616 1131 1756 1167 lugebant:

965 1169 1057 1202 quales
1070 1173 1146 1197 erant
1160 1170 1231 1198 domi
1241 1192 1247 1203 ,
1261 1179 1321 1199 cum
1332 1174 1381 1201 soli
1395 1174 1463 1202 inter
1482 1183 1511 1203 se
1522 1179 1652 1212 agerent?
1664 1180 1758 1214 quales

965 1218 1041 1241 erant
1053 1214 1078 1241 in
1092 1215 1216 1250 precibus
1228 1222 1255 1244 et
1266 1218 1375 1252 jejuniis
1386 1240 1394 1251 ,
1409 1221 1453 1255 qui
1469 1221 1621 1250 deliciarum
1639 1229 1758 1260 tempore

966 1263 1019 1286 tam
1046 1264 1243 1296 temperantes,
1264 1264 1409 1298 apostolica
1435 1273 1490 1300 pra:
1513 1274 1542 1294 se
1565 1267 1686 1296 ferebant
1712 1278 1758 1305 pe-

964 1305 1060 1332 ctora?
1082 1305 1218 1335 Cadcbant
1241 1308 1296 1341 alii,
1313 1309 1340 1336 hi
1353 1317 1417 1338 vero
1431 1311 1576 1346 lugebant;
1601 1314 1681 1349 impie
1693 1323 1756 1350 age-

964 1350 1029 1378 bant
1041 1352 1084 1379 alii
1096 1372 1104 1386 ,
1126 1353 1152 1379 hi
1165 1361 1230 1381 vero
1244 1355 1400 1383 urebantur.
1422 1357 1508 1392 Alque
1523 1358 1571 1393 ipsi
1598 1359 1632 1386 ob
1647 1360 1758 1389 fratrum

964 1396 1146 1425 infirmitatem
1160 1406 1235 1427 suain
1248 1401 1389 1429 sanitatem
1406 1410 1457 1430 non
1472 1404 1622 1432 sentiebant
1639 1413 1645 1438 ;
1661 1406 1700 1433 sic
1711 1406 1748 1434 do

965 1442 1057 1471 lebant
1070 1448 1097 1471 et
1111 1444 1329 1480 lacrymabantur
1343 1446 1370 1474 in
1388 1448 1464 1475 malis
1476 1469 1484 1482 ,
1499 1457 1559 1484 qure
1571 1454 1633 1478 tunc
1645 1451 1758 1485 ﬁebant,

964 1489 1040 1524 quasi
1051 1490 1176 1518 universo
1189 1491 1289 1519 mundo
1302 1497 1404 1521 tutores
1418 1493 1472 1521 dati
1483 1500 1581 1522 essent.
1602 1495 1694 1531 Neque
1713 1505 1759 1525 oc-

964 1535 1063 1563 cultum
1084 1537 1132 1565 fuit
1155 1538 1218 1566 talia
1240 1546 1287 1566 eos
1312 1539 1412 1568 dixisse
1428 1549 1435 1567 :
1450 1549 1510 1568 nam
1534 1550 1566 1569 ex
1585 1543 1720 1571 sodalibus
1732 1548 1759 1572 et

964 1582 1084 1611 convivis
1102 1583 1222 1611 adulator
1233 1589 1260 1612 et
1272 1585 1364 1612 irrisor
1377 1585 1484 1621 quidam
1497 1607 1505 1619 ,
1530 1588 1686 1623 obsequium
1707 1589 1759 1617 lm-

964 1629 1079 1663 peratori
1101 1628 1236 1663 facturus,
1251 1631 1340 1657 omnia
1365 1636 1393 1659 ut
1411 1631 1481 1659 dicta
1496 1637 1572 1660 erant
1587 1633 1689 1661 detulit.
1713 1635 1759 1662 llle

964 1678 1069 1708 arrepta
1083 1675 1222 1702 occasione
1237 1675 1292 1710 jam
1312 1676 1356 1704 diu
1371 1677 1500 1712 quatsita,
1522 1683 1643 1706 causatus
1664 1684 1705 1706 est
1726 1688 1758 1707 ex

963 1720 1052 1748 verbis
1067 1720 1121 1748 illis
1132 1721 1281 1748 affectatam
1298 1724 1465 1758 tyrannidem
1475 1745 1483 1757 ,
1507 1729 1535 1751 ut
1549 1725 1582 1751 ita
1597 1732 1643 1752 eos
1657 1731 1758 1762 marty-

964 1766 996 1793 rii
1010 1773 1107 1794 corona
1124 1768 1258 1802 privaret,
1283 1773 1311 1795 et
1327 1769 1407 1804 jussit
1428 1769 1568 1805 publicatis
1591 1770 1759 1799 facultatibus

964 1819 1057 1840 eorum
1071 1813 1194 1841 omnibus
1206 1835 1214 1847 ,
1234 1815 1319 1842 nudos
1332 1816 1358 1842 in
1372 1823 1507 1844 carcerem
1522 1817 1624 1852 conjici,
1649 1817 1687 1846 Illi
1711 1826 1759 1845 au-

964 1863 1018 1885 tem
1034 1858 1201 1893 gaudebant,
1218 1864 1245 1887 et
1257 1861 1427 1889 exsultabant
1438 1863 1559 1891 dicentes
1575 1883 1582 1889 υ
1598 1863 1664 1902 Quid
1683 1871 1758 1899 nobis

963 1903 1062 1932 divitiis
1085 1906 1254 1940 pretiosaque
1270 1911 1343 1935 veste
1366 1908 1453 1942 opus?
1474 1909 1534 1938 siet
1548 1912 1679 1941 indusium
1694 1916 1757 1943 inti-

963 1958 1052 1980 tnum.
1067 1958 1164 1985 nempe
1178 1959 1257 1985 caro,
1272 1958 1381 1988 propter
1392 1953 1527 1984 Christum
1542 1960 1691 1987 exueudum
1705 1966 1757 1995 est,

964 2003 1018 2023 non
1028 1996 1233 2029 obluctabimur.
1243 1998 1289 2025 sed
1299 2003 1394 2033 sponte
1404 2002 1592 2030 concedemus.
1603 2004 1676 2033 Tunc
1684 2007 1758 2042 signa

964 2050 1057 2070 eorum
1079 2043 1202 2071 domibus
1223 2050 1404 2079 apponuntur,
1420 2048 1563 2084 omniaque
1585 2050 1756 2086 diripiuntur.

963 2088 1048 2116 Porro
1062 2093 1090 2116 ut
1105 2089 1228 2117 homines
1242 2090 1269 2117 in
1284 2091 1395 2125 patriam
1411 2094 1504 2127 procul
1518 2095 1594 2122 sitam
1608 2097 1756 2133 migraturi,

963 2134 1138 2162 substantiam
1157 2143 1263 2163 omnem
1279 2137 1305 2163 in
1321 2138 1459 2172 pecuniam
1470 2146 1657 2170 commutatam
1671 2151 1757 2180 strpe-

963 2187 1075 2208 numero
1099 2182 1262 2216 praemittunt
1282 2191 1288 2209 :
1310 2182 1346 2210 ita
1371 2188 1398 2210 et
1421 2184 1474 2212 illis
1499 2186 1605 2213 accidit.
1627 2188 1755 2221 Quoniam

963 2228 1034 2255 enim
1044 2229 1071 2256 in
1082 2229 1162 2256 catlos
1173 2234 1249 2257 erant
1263 2230 1410 2264 transituri,
1423 2230 1536 2260 inimicis
1547 2233 1612 2268 ipsis
1622 2236 1755 2270 negotium

963 2275 1119 2311 agentibus,
1140 2279 1167 2302 et
1181 2275 1208 2303 in
1229 2275 1279 2303 hoc
1293 2276 1522 2311 ministrantibus,
1543 2286 1608 2314 opes
1623 2288 1684 2308 suas
1695 2287 1756 2310 ante

963 2329 993 2350 se
1006 2322 1144 2350 miserunt.
1167 2321 1224 2349 Non
1240 2321 1311 2349 enim
1326 2322 1378 2350 illa;
1394 2326 1494 2350 tantum
1507 2331 1571 2359 opes
1581 2346 1589 2359 ,
1604 2334 1670 2361 quas
1683 2328 1755 2355 elec-

962 2376 1082 2405 mosynaa
1094 2368 1203 2396 nomine
1222 2368 1359 2403 largimur,
1380 2370 1576 2398 transferuntur
1595 2372 1620 2398 in
1640 2373 1733 2401 caelum
1746 2396 1754 2408 ,

962 2414 1010 2442 sed
1021 2414 1100 2442 etiam
1114 2421 1294 2450 quascumque
1313 2414 1390 2442 nobis
1415 2416 1505 2443 hostes
1520 2416 1581 2444 ﬁdei
1599 2417 1755 2455 piorumque

962 2465 1167 2497 persequutores
1182 2460 1304 2495 rapiunt,
1322 2460 1374 2488 illic
1391 2461 1508 2489 thesauri
1522 2467 1610 2490 erunt.
1625 2464 1670 2491 Est
1684 2466 1755 2492 enim

962 2507 1015 2535 hoc
1029 2514 1082 2535 non
1095 2507 1183 2534 minus
1195 2514 1275 2542 quam
1287 2506 1350 2534 illud
1365 2515 1371 2532 :
1387 2507 1420 2534 de
1430 2515 1483 2542 quo
1502 2507 1564 2535 audi
1582 2509 1645 2544 quid
1659 2510 1756 2537 Paulus

962 2554 1033 2582 dicat
1051 2563 1058 2582 :
1078 2553 1113 2582 Et
1133 2554 1264 2589 rapinam,
1281 2553 1380 2588 inquit,
1402 2553 1524 2582 bonarum
1540 2560 1676 2583 vestrorum
1699 2565 1756 2584 cum

961 2601 1054 2637 gaudio
1065 2600 1156 2627 tulistis
1167 2620 1175 2633 ,
1196 2604 1367 2634 exspectantes
1382 2607 1425 2626 vos
1439 2599 1530 2627 habere
1544 2600 1674 2628 meliorem
1694 2602 1755 2628 sub-

961 2646 1080 2673 stantiam
1089 2666 1097 2679 ,
1112 2649 1134 2672 et
1146 2649 1288 2672 manentem
1303 2645 1330 2671 in
1343 2645 1411 2672 uelis
1425 2644 1571 2680 (Halmio.
1583 2647 1616 2674 3i
1624 2646 1646 2681 ).
1660 2646 1696 2674 Ut
1710 2655 1757 2674 att-

963 2698 1016 2720 tcm
1031 2691 1144 2728 ingressi
1152 2697 1215 2719 sunt
1227 2691 1253 2718 in
1267 2698 1413 2725 carcerem,
1423 2691 1551 2719 confluxit
1562 2693 1595 2719 ad
1609 2700 1656 2720 eos
1668 2694 1755 2720 omnis

961 2739 1054 2766 civitas
1066 2758 1074 2770 ,
1095 2738 1199 2764 tametsi
1213 2737 1303 2764 multis
1318 2737 1463 2764 terroribus
1474 2758 1481 2769 ,
1501 2738 1579 2764 minis
1591 2743 1618 2765 et
1631 2739 1753 2773 periculis

962 2784 1130 2812 interdictum
1146 2787 1221 2814 erat,
1247 2790 1280 2810 ne
1294 2783 1352 2818 quis
1371 2783 1411 2809 vel
1426 2783 1458 2810 ad
1471 2790 1516 2810 eos
1540 2784 1696 2814 accederet,
1714 2785 1752 2811 vel

961 2830 1002 2858 eis
1017 2830 1180 2864 loqueretur,
1192 2828 1233 2855 vel
1247 2829 1340 2863 quovis
1351 2828 1430 2854 modo
1442 2828 1660 2855 cmnmunicarct.
1673 2830 1751 2863 Atqui

962 2876 1041 2902 timor
1054 2873 1101 2901 Dei
1114 2873 1158 2901 illa
1170 2873 1259 2900 omnia
1274 2873 1390 2900 excussit
1403 2881 1410 2898 :
1425 2873 1495 2900 unde
1509 2872 1583 2899 multi
1593 2873 1628 2900 ob
1639 2881 1752 2900 consue-

963 2921 1098 2956 tudinem,
1115 2927 1192 2957 quam
1206 2927 1266 2948 cum
1281 2920 1334 2947 illis
1348 2919 1498 2953 habebant,
1518 2918 1579 2947 facti
1593 2924 1653 2947 sunt
1666 2925 1692 2948 et
1702 2920 1751 2956 ἱειῑὶ
