1969 3130
231 164 282 192 575

231 229 380 261 martyres:
405 221 479 250 multi
497 221 569 248 enim
590 225 741 255 contempta
757 220 880 256 prasenti
894 220 946 246 vita
967 220 1021 247 fre-

231 274 342 306 quenter
354 275 401 296 eos
415 266 546 294 visitando
555 287 562 299 ,
578 266 738 302 psalmodias
750 273 876 301 sacraque
886 265 1022 301 pcrvigilta

229 315 410 343 celebrabant.
425 313 508 341 Erant
521 312 715 340 familiaritates
730 312 783 339 illa:
803 312 947 347 spiritualis
959 319 1022 339 eru-

229 361 338 388 ditionis
353 364 432 395 atque
450 359 641 387 consolationis
661 358 747 393 plente
762 367 769 385 :
783 364 810 385 et
824 359 913 386 clausa
934 357 1023 386 cccle-

230 409 287 442 sia,
301 415 393 434 carcer
408 406 521 434 ecclesia
540 405 625 433 factus
648 409 700 432 est.
715 404 806 440 Neque
823 404 839 432 ii
859 405 962 437 solum,
978 404 1023 439 qui

231 461 278 482 eos
287 452 427 486 visebant,
452 451 500 479 sed
518 457 545 478 ct
563 452 608 486 qtti
622 451 695 478 intus
715 458 774 477 cum
794 450 833 477 eis
855 450 1023 481 tenebantur,

232 500 374 527 maximam
389 497 545 532 sapientiam
568 501 596 524 et
616 497 740 523 virtutem
756 503 770 522 a
792 495 917 530 patientia
937 494 1025 522 etlide

232 553 324 574 eorum
345 544 494 571 discebant.
516 543 662 576 Imperator
684 546 713 569 ut
736 541 793 568 bzcc
807 541 926 574 audivit,
949 540 1026 568 valde

233 590 413 619 stomachatus
429 594 488 622 est;
511 589 621 623 cupiens
634 594 721 616 tamen
737 595 784 616 eos
803 588 985 622 supplantare,
1000 591 1027 615 et

233 638 266 666 ab
280 638 417 664 alacritate
431 644 477 663 sua
501 635 633 670 dejicere,
651 634 736 662 ftedos
754 634 884 670 quosdam
905 634 1026 661 homines

233 689 260 711 et
272 683 479 719 praestigiatorcs
494 681 658 713 subornavit,
673 681 729 716 qui,
744 680 766 707 si
780 679 885 715 quando
897 680 1026 715 privatum

234 728 393 764 colloquium
408 735 467 755 sese
479 727 598 759 oli'erret,
609 735 661 753 non
677 731 705 753 ut
719 726 753 753 ab
766 726 929 761 lmperatorc
942 725 1026 758 missi,

234 775 281 802 sed
295 774 370 810 quasi
385 773 492 809 proprio
509 773 622 801 consilio
644 772 670 799 id
685 776 793 808 agentes
803 792 810 804 ,
825 771 1029 799 adhortarentur

235 826 264 848 ut
279 828 293 847 a
315 820 443 855 religione
461 818 592 846 desistant
611 822 638 845 et
652 817 685 845 ad
698 818 861 853 impietatem
881 822 1027 845 transeant.

234 866 362 894 Dicebant
380 866 451 892 enim
469 863 533 892 :Sic
556 871 609 891 non
627 863 712 890 solum
727 863 869 890 imminens
881 863 1028 898 periculum

234 912 385 948 eﬂ‘ugietis,
411 910 460 938 sed
482 910 576 945 majori
587 910 714 945 dignitate
727 908 880 943 honestati,
901 909 1029 943 majorem

234 965 340 993 quoque
360 957 536 992 principatum
554 955 675 990 adepturi
693 954 775 988 estis,
799 954 970 989 Imperatoris
991 954 1030 981 ira

234 1003 347 1031 feliciter
357 1002 470 1038 placata.
485 1001 578 1029 Nonne
593 1001 697 1028 vidistis
711 1005 738 1028 et
753 1000 821 1028 alios
831 1000 914 1027 vestri
928 999 1030 1027 ordinis

235 1048 350 1084 idipsum
362 1047 477 1076 fecisse?
491 1047 592 1081 Quibus
606 1047 643 1074 illi
656 1046 852 1081 responderunt
865 1054 872 1072 :
888 1046 968 1081 Atqui
981 1053 1031 1074 nos

235 1094 285 1122 hac
299 1094 465 1130 potissimum
478 1094 582 1121 ratione
594 1093 705 1120 viriliter
723 1092 872 1126 stabimus,
891 1097 920 1120 ut
933 1099 982 1128 pro
997 1093 1030 1120 il-

235 1141 322 1168 lorum
336 1140 410 1175 lapsu
425 1139 604 1174 nosmetipsos
618 1139 645 1166 in
659 1139 788 1166 sacriﬁcia
802 1138 956 1167 oli'eramus.
978 1138 1031 1166 Be-

237 1186 334 1220 nignos
356 1185 433 1212 nobis
447 1184 574 1212 Dominus
586 1188 628 1211 est
644 1192 651 1211 :
666 1184 734 1211 solet
753 1184 834 1211 etiam
847 1191 901 1211 uno
921 1188 1032 1219 accepto

236 1230 367 1258 sacrificio
381 1230 430 1257 toti
440 1229 500 1257 orbi
511 1229 659 1257 conciliari.
674 1230 708 1256 At
721 1229 790 1256 sicut
802 1229 866 1256 olim
887 1233 942 1257 tres
956 1229 1031 1265 pueri

235 1277 362 1304 dixerunt
376 1285 382 1303 :
398 1275 460 1303 Non
470 1280 506 1303 est
517 1276 544 1302 in
555 1279 664 1311 tempore
676 1275 723 1302 hoc
736 1275 852 1311 princeps
862 1280 885 1302 et
896 1276 1030 1311 propheta,

235 1327 260 1349 et
273 1323 342 1354 dum,
364 1330 444 1357 neque
464 1322 655 1354 holocaustum,
673 1330 752 1355 neque
764 1322 933 1357 sacriﬁcium,
953 1331 1032 1358 neque

236 1370 306 1396 locus
321 1368 441 1401 oll'erendi
456 1376 542 1395 coram
561 1372 600 1401 te,
625 1372 652 1394 ut
666 1368 790 1403 possimus
811 1368 921 1395 invenire
934 1368 1033 1395 miseri-

236 1413 359 1445 cordiam,
383 1413 428 1439 sed
445 1413 472 1439 in
495 1413 579 1439 animo
602 1412 709 1439 contrito
730 1417 754 1440 et
773 1413 864 1448 spiritu
882 1413 1032 1440 humilitatis

235 1459 403 1494 suscipiantur
418 1458 504 1494 (Dan.
521 1460 548 1486 5.
562 1458 606 1487 58.
622 1459 675 1494 59)
691 1468 697 1486 :
711 1459 747 1486 ita
757 1463 784 1486 et
795 1464 926 1495 martyres
939 1460 976 1487 illi
990 1460 1031 1487 vi-

236 1505 330 1532 dentes
343 1505 437 1532 altaria
452 1505 590 1538 subversa,
606 1505 710 1532 clausas
725 1505 862 1539 ecclesias,
879 1505 1032 1534 sacerdotes

237 1550 328 1586 pttlsos
339 1571 347 1583 ,
362 1550 454 1578 fideles
472 1557 567 1578 omnes
582 1550 701 1585 fugatos,
715 1550 857 1579 studebant
870 1557 896 1579 ut
911 1560 961 1588 pro
975 1560 1032 1580 om-

238 1597 315 1624 nibus
327 1597 488 1624 oiI'errcntur
500 1598 622 1632 Domino,
639 1598 791 1634 relictisque
805 1599 963 1629 militaribus
976 1604 1033 1628 tur-

237 1644 299 1675 mis,
314 1644 441 1679 angelieis
454 1651 514 1671 sese
529 1644 620 1672 choris
633 1644 818 1680 adiungerent.
830 1646 940 1674 Etiamsi
950 1655 1030 1680 nunc,

236 1689 359 1721 aiebant,
376 1697 428 1716 non
440 1689 596 1721 moriamur,
613 1690 781 1718 moriendum
795 1696 882 1719 tanien
895 1697 922 1719 et
930 1693 1032 1728 patien-

236 1733 299 1760 dum
311 1734 362 1760 hoc
374 1739 416 1761 est
432 1742 484 1761 non
499 1735 584 1762 multo
602 1735 724 1771 posthac.
747 1737 835 1765 Satius
853 1738 931 1773 igitur
954 1738 1033 1766 fuerit

238 1779 305 1806 mori
318 1787 365 1814 pro
377 1779 449 1814 Rege
461 1780 626 1815 angelorum,
639 1789 718 1816 quam
732 1789 780 1817 pro
794 1790 856 1818 rege
870 1788 922 1810 tam
935 1784 1030 1819 impio;

237 1825 320 1852 satius
335 1825 414 1852 fuerit
430 1833 479 1860 pro
490 1826 574 1861 patria
586 1827 686 1855 catlesti
699 1835 772 1856 arma
787 1829 936 1864 deponere,
951 1839 1030 1866 quam

237 1877 287 1905 pro
303 1875 407 1898 terrena
421 1876 449 1899 et
461 1879 539 1906 quam
555 1873 666 1907 pedibus
676 1874 819 1902 calcamus.
837 1875 885 1904 Ilic
903 1877 953 1904 etsi
972 1878 1031 1913 quis

237 1917 377 1950 moriatur,
400 1918 466 1945 nihil
481 1918 594 1954 accipiet
615 1919 650 1947 ab
664 1919 830 1955 lmperatore
854 1930 901 1950 sua
923 1923 1031 1959 digitum

236 1961 400 1990 fortitudine.
426 1963 460 1990 Et
479 1964 541 1999 quid
569 1970 661 1999 posset
687 1965 768 1993 homo
789 1965 916 1995 defuncto
939 1970 1032 2004 gratia:

236 2007 380 2035 conferre?
393 2008 474 2043 Atqui
493 2008 518 2036 ei
531 2017 715 2045 saepenumero
729 2019 763 2038 ne
774 2012 909 2046 sepultura
924 2013 1030 2048 quidem

235 2053 381 2088 contingit,
401 2058 429 2081 et
444 2062 495 2082 non
506 2063 567 2082 raro
579 2063 594 2082 a
608 2057 720 2084 canibus
738 2057 893 2086 devoratur.
917 2059 993 2094 Quod
1007 2061 1030 2088 si

238 2106 286 2133 pro
309 2099 381 2134 Rege
398 2100 553 2135 angelorum
574 2101 671 2128 mortui
687 2102 814 2131 fuerimus
825 2125 833 2137 ,
857 2105 922 2133 certi
940 2113 1032 2134 sutnus

237 2152 286 2171 nos
300 2149 455 2179 accepturos
469 2153 567 2182 corpus
582 2147 667 2174 multo
675 2148 828 2183 gloriosius,
841 2150 933 2185 majori
948 2152 1030 2186 gloria

236 2190 372 2224 constiicui
383 2190 483 2217 erimus
493 2212 500 2224 ,
517 2192 596 2227 longe
610 2192 709 2227 majora
724 2194 801 2222 nobis
815 2202 895 2224 erunt
909 2197 1030 2226 laborum

238 2235 345 2269 prmmia
356 2256 363 2268 ,
382 2241 410 2262 et
428 2244 527 2263 corona
542 2237 724 2266 redimiemnr.
746 2240 860 2268 Proinde
874 2242 1031 2277 arripiamus

236 2288 311 2308 arma
331 2281 478 2316 spiritualia
497 2291 504 2309 :
520 2291 574 2310 non
597 2291 664 2319 opus
676 2285 772 2319 jaculis
784 2289 811 2313 et
831 2287 944 2315 arcubus
955 2309 963 2321 ,
978 2296 1030 2316 non

235 2326 295 2353 aliis
307 2327 389 2354 armis
402 2335 460 2362 qua:
471 2328 520 2355 sub
532 2335 627 2356 sensus
640 2330 758 2364 cadunt;
774 2333 871 2359 sullieit
886 2341 933 2368 pro
945 2335 1031 2362 omni-

237 2372 286 2398 bus
298 2372 396 2407 lingua.
417 2373 486 2400 Sunt
501 2375 572 2401 enim
586 2380 614 2402 et
627 2380 780 2404 sanctorum
793 2385 838 2405 ora
853 2379 982 2413 pharetra:
993 2401 1000 2414 ,
1015 2388 1031 2408 e

235 2418 331 2452 quibus
344 2418 476 2447 diabolica
491 2421 570 2455 capiti
589 2422 708 2450 continui
722 2428 749 2450 et
763 2424 849 2452 crebri
875 2425 942 2452 ictus
961 2426 1030 2454 infe-

237 2469 341 2491 runtur.

273 2511 300 2539 5.
320 2510 420 2538 λιιιὶαηὶ
434 2512 564 2547 Αροειαιω
575 2514 711 2541 calliditas.
725 2514 877 2544 Iuventium
902 2522 926 2544 et
941 2518 1029 2546 Μῆτίς

237 2558 318 2583 ntinus
331 2558 414 2593 capite
427 2563 588 2587 tmncantur.
602 2575 637 2580 —
648 2560 773 2589 Nuntiata
787 2567 850 2590 sunt
865 2567 892 2591 et
912 2564 969 2592 haec
988 2569 1029 2594 at-

234 2611 286 2637 que
298 2604 396 2631 similia
410 2604 576 2640 Imperatori,
592 2607 638 2642 qui
653 2615 703 2635 nec
716 2608 828 2643 destitit,
840 2610 886 2637 sed
897 2611 1030 2640 illecebris

235 2648 331 2676 iterum
341 2653 422 2685 atque
433 2650 529 2678 iterum
543 2652 604 2680 illos
617 2655 740 2681 tentavit.
753 2655 789 2682 Ita
801 2660 891 2683 autem
901 2657 1029 2686 subdolus

235 2695 280 2722 ille
294 2699 322 2722 et
329 2696 441 2724 callidus
448 2703 481 2724 ac
496 2698 603 2732 sapiens
612 2699 645 2726 ad
659 2700 729 2727 male
739 2701 870 2735 agendum
887 2710 943 2730 rem
965 2711 1030 2731 con—

235 2741 372 2774 cinnavit,
396 2746 426 2769 ut
444 2742 467 2770 si
487 2743 615 2772 cederent
625 2746 706 2780 victi,
728 2746 911 2776 sub’omnium
935 2750 1029 2779 oculos

237 2787 457 2822 producerentur,
470 2795 497 2817 et
509 2789 637 2824 efficeret,
652 2793 888 2822 utsacriticarent:
903 2795 944 2823 sin
966 2804 1030 2832 per-

236 2840 401 2869 severarent,
414 2840 568 2872 tantamque
577 2838 603 2865 in
622 2846 708 2874 pugna
721 2838 904 2869 fortitudinem
918 2842 1030 2870 exhibe-

237 2884 304 2914 teat,
321 2887 373 2908 non
387 2882 525 2911 manifesta
535 2883 603 2912 foret
616 2885 721 2913 illorum
733 2885 844 2914 victoria
853 2906 862 2922 ,
889 2887 936 2916 sed
948 2888 1024 2924 quasi

589 164 619 192 S.
637 162 778 192 JOANNIS
796 162 1033 192 CIIRYSOSTOMI
1051 162 1209 192 ARCIIIEI'.
1229 164 1496 194 CONSTANTINOP.

1817 170 1869 198 5τῆ

1076 218 1206 246 altectaue
1233 221 1381 255 tyrannidis
1402 222 1440 250 rei
1463 227 1662 252 truncarcntur.
1678 225 1713 252 At
1729 226 1774 261 qui
1790 234 1869 255 reve-

1076 264 1112 292 lat
1124 265 1252 299 profunda
1265 270 1292 294 et
1308 267 1407 300 abdita,
1433 275 1486 295 non
1503 269 1634 303 permisit,
1648 274 1678 297 ut
1692 271 1869 299 machinatio-

1076 318 1124 338 nes
1137 310 1189 338 illa:
1202 312 1313 339 occultae
1335 318 1491 348 manerent,
1510 319 1538 341 et
1552 315 1649 350 ignotae
1675 316 1800 346 insidim:
1824 319 1869 346 sed

1076 357 1299 391 quemadmodum
1315 358 1358 386 illa
1374 360 1470 388 mulier
1485 360 1609 396 Egyptia
1628 362 1774 398 lost-phum
1789 365 1816 391 in
1830 372 1869 392 cu-

1077 402 1167 430 biculo
1180 411 1211 431 ac
1223 404 1366 433 solitudine
1380 405 1464 433 multa
1489 407 1695 442 apprehendens
1717 407 1802 444 (Gen.
1825 410 1870 438 59.

1078 451 1122 485 II)
1134 470 1141 484 ,
1157 450 1219 478 licet
1230 455 1352 486 speraret
1366 451 1464 479 factum
1478 460 1554 480 suum
1577 454 1646 482 clam
1669 454 1727 483 fore
1744 457 1871 483 omnibus

1080 495 1240 529 hominibus,
1254 504 1307 524 non
1322 497 1370 525 l'uit
1386 503 1475 526 tamen
1489 500 1605 533 occulta,
1623 501 1663 528 vel
1678 502 1757 529 oculo
1773 502 1812 529 illi
1825 510 1871 530 so-

1079 542 1152 576 poris
1166 542 1268 575 nescio,
1280 543 1321 570 vel
1335 545 1482 578 posteritati
1494 553 1501 577 ;
1511 545 1558 572 sed
1569 545 1640 580 quod
1647 547 1749 582 absque
1760 548 1872 575 arbitrio

1080 587 1124 615 illa
1137 587 1254 623 Josepho
1267 589 1343 622 dixit,
1358 589 1383 616 id
1395 598 1464 618 nunc
1478 591 1566 627 ibique
1587 596 1717 620 terrarum
1744 594 1848 621 canitur
1864 603 1872 622 :

1081 633 1116 660 ita
1129 637 1156 660 ct
1170 641 1200 660 ea
1211 641 1269 670 qua:
1283 642 1331 669 per
1341 635 1501 667 subornatos
1513 637 1681 666 consiliarios
1692 639 1737 667 ille
1746 639 1873 675 loqueba-

1082 684 1125 707 tur
1143 687 1254 716 sperans
1265 682 1366 709 occulta
1381 681 1448 716 fore,
1465 691 1630 719 nequaquam
1655 691 1812 714 manserunt
1826 695 1875 714 oc-

1081 727 1163 754 culta.
1185 727 1339 755 Didicerunt
1353 729 1423 756 enitn
1442 731 1544 765 posteri
1557 739 1651 759 omnes
1665 736 1693 759 et
1715 733 1827 761 insidias
1849 739 1876 762 et

1083 775 1302 809 triumphantium
1313 775 1452 803 victorias.
1475 776 1595 812 Denique
1618 785 1690 810 cum,
1707 779 1792 806 tnulto
1808 785 1875 807 tent-

1082 827 1147 855 pore
1157 824 1261 852 exacto,
1274 820 1440 848 alacritatem
1450 828 1543 849 eorum
1554 831 1608 850 non
1619 824 1704 851 solum
1719 833 1773 852 non
1799 825 1874 853 fran-

1082 870 1157 901 geret
1167 865 1338 900 diuturnitas,
1354 866 1401 894 sed
1412 867 1501 903 potius
1513 868 1630 896 studium
1643 874 1671 897 et
1688 870 1814 908 ardorem
1828 879 1875 899 ex-

1083 911 1188 945 citaret,
1199 911 1421 948 atmulatorcsque
1430 913 1530 941 multos
1544 913 1653 948 faceret,
1667 915 1747 950 jussit
1769 917 1876 945 tandem

1083 958 1172 986 tnedia
1185 963 1265 986 nocte
1285 958 1312 986 in
1341 959 1499 987 barathrum
1512 967 1561 988 eos
1581 961 1686 989 abduci.
1707 962 1878 991 Ducebantur

1084 1004 1172 1039 itaque
1181 1004 1207 1032 in
1219 1005 1313 1032 mediis
1325 1006 1601 1040 tenebrisluminaria,
1617 1013 1644 1035 et
1654 1008 1690 1036 illi
1704 1009 1880 1037 decollaban-

1085 1054 1139 1077 tur.
1153 1049 1285 1079 Cteterum
1301 1051 1388 1086 capita
1410 1052 1569 1081 detruncata
1589 1058 1653 1081 tunc
1671 1054 1780 1082 diabolo
1794 1057 1881 1090 magis

1084 1096 1212 1124 terribilia
1232 1101 1320 1131 erant,
1345 1105 1425 1132 quam
1446 1105 1506 1125 cum
1525 1098 1612 1126 adhuc
1630 1107 1723 1127 vocem
1745 1100 1843 1129 darent
1871 1110 1878 1128 :

1084 1142 1154 1169 sicut
1189 1147 1217 1170 et
1254 1147 1334 1178 caput
1363 1143 1474 1171 Joannis
1513 1152 1566 1173 non
1594 1150 1696 1173 tantum
1731 1148 1851 1175 terrebat
1871 1169 1878 1180 ,

1084 1195 1145 1216 cum
1153 1188 1318 1224 loqueretur,
1337 1195 1465 1225 quantum
1479 1198 1541 1218 cum
1556 1192 1582 1219 in
1594 1191 1670 1220 disco
1680 1199 1784 1221 mutum
1800 1194 1880 1222 affer-

1084 1239 1170 1262 rctttr.
1186 1235 1271 1263 Habet
1277 1236 1349 1263 enim
1363 1240 1391 1264 et
1402 1241 1555 1264 sanctorum
1566 1238 1674 1273 sanguis
1683 1247 1760 1266 suam
1773 1247 1877 1272 vocem,

1084 1289 1144 1317 quae
1159 1289 1212 1309 non
1226 1289 1273 1316 per
1285 1289 1363 1310 aures
1376 1283 1494 1314 auditur,
1508 1284 1554 1311 seti
1568 1285 1748 1314 occidentium
1770 1288 1879 1314 consci-

1085 1327 1184 1354 entiam
1199 1327 1309 1355 invadit.
1329 1328 1394 1355 Post
1407 1328 1511 1356 beatam
1528 1330 1599 1357 illam
1622 1331 1724 1358 caedem
1745 1332 1854 1366 quidam
1870 1353 1879 1366 ,

1085 1373 1166 1400 etiam
1181 1380 1241 1400 cum
1250 1373 1345 1402 salutis
1356 1374 1486 1409 periculo,
1500 1375 1615 1403 athletas
1630 1376 1692 1404 illos
1701 1378 1820 1412 optimos
1839 1386 1880 1405 ra-

1085 1423 1210 1453 puerunt,
1220 1420 1300 1447 etiam
1308 1419 1358 1455 ipsi
1371 1420 1424 1447 vivi
1438 1426 1581 1456 martyres,
1590 1427 1619 1449 ut
1633 1422 1739 1450 illorum
1752 1423 1880 1458 reliquias

1084 1469 1210 1492 curarent
1224 1465 1362 1493 decenter.
1376 1465 1442 1493 Nam
1456 1467 1578 1502 quamvis
1593 1475 1646 1496 non
1665 1469 1860 1498 occidebantur
1871 1491 1879 1503 ,

1085 1509 1213 1544 optabant
1227 1514 1315 1538 tamen
1329 1511 1416 1544 mori;
1429 1511 1528 1547 illoque
1537 1513 1617 1540 modo
1631 1513 1665 1540 ad
1676 1515 1807 1549 rapienda
1818 1523 1878 1543 cor-

1086 1562 1151 1591 pora
1164 1555 1276 1592 profecti
1288 1560 1359 1584 sunt.
1372 1557 1469 1585 Dicunt
1478 1558 1523 1593 qui
1539 1562 1602 1586 tunc
1617 1559 1728 1590 ail‘uere.
1741 1565 1770 1588 et
1778 1561 1875 1596 quibus

1087 1609 1199 1637 corpora
1215 1602 1259 1629 illa
1274 1610 1368 1630 recens
1380 1603 1469 1631 occisa
1489 1604 1583 1633 videre
1598 1605 1687 1633 datutn
1709 1606 1759 1634 fuit
1773 1628 1781 1640 ,
1808 1608 1880 1642 quod

1088 1647 1242 1683 jacentibus
1258 1650 1338 1677 simul
1354 1649 1405 1677 illis
1419 1654 1481 1678 ante
1491 1651 1666 1686 sepulturam,
1681 1653 1743 1680 talis
1757 1654 1880 1689 quredam

1086 1701 1118 1720 ex
1129 1702 1221 1720 eorum
1235 1694 1319 1722 oculis
1327 1699 1354 1723 et
1365 1695 1438 1722 vultu
1451 1697 1535 1730 gratia
1549 1697 1756 1733 resplenduerit,
1772 1700 1879 1735 qualem

1085 1739 1111 1766 in
1125 1739 1261 1774 Stephano
1286 1740 1386 1768 Judaeis
1406 1749 1569 1777 responsuro
1595 1742 1677 1772 fuisse
1700 1744 1787 1773 Lucas
1810 1746 1879 1774 dicit

1086 1786 1155 1822 (Act.
1166 1787 1193 1814 6.
1210 1787 1272 1822 I5);
1290 1795 1376 1823 neque
1387 1788 1456 1816 ullus
1474 1793 1525 1822 est,
1554 1789 1600 1824 qui
1615 1798 1668 1818 non
1696 1791 1739 1826 pio
1764 1792 1882 1827 quodam

1085 1839 1146 1859 cutn
1160 1832 1273 1860 horrore
1285 1833 1336 1860 illis
1349 1833 1502 1862 adstiterit:
1519 1834 1587 1862 adeo
1594 1842 1718 1871 aspectus
1726 1837 1770 1865 ille
1778 1837 1883 1866 afﬁcie-

1086 1877 1132 1905 bat
1144 1886 1250 1906 onmes.
1265 1879 1335 1913 Quin
1349 1884 1377 1908 et
1391 1888 1485 1908 omnes
1503 1881 1655 1910 clamabant
1669 1883 1695 1910 in
1711 1883 1819 1912 laudem
1836 1893 1879 1913 eo-

1085 1931 1143 1951 rum
1154 1944 1162 1957 ,
1191 1924 1216 1951 id
1227 1924 1298 1959 quod
1314 1933 1329 1952 a
1341 1925 1440 1953 Davide
1452 1926 1552 1953 dictum
1567 1936 1574 1954 :
1587 1927 1622 1954 In
1636 1929 1686 1955 vita
1696 1937 1743 1956 sua
1756 1938 1808 1957 non
1823 1936 1883 1958 sunt

1083 1971 1205 2004 separati,
1221 1976 1244 1998 et
1257 1972 1282 1998 in
1297 1977 1376 1999 morte
1389 1981 1439 2000 non
1454 1978 1512 2000 sunt
1524 1974 1598 2001 diuisi
1619 1975 1658 2010 (2.
1685 1975 1750 2011 Reg.
1775 1976 1799 2003 1.
1822 1976 1883 2013 25).

1085 2017 1188 2046 Pariter
1206 2019 1277 2047 enim
1292 2020 1407 2048 confessi
1422 2026 1493 2053 sunt,
1508 2022 1608 2056 pariter
1621 2030 1757 2051 carcerem
1773 2023 1884 2052 inhabi-

1085 2068 1185 2097 tarunt,
1198 2065 1300 2100 pariter
1314 2066 1339 2092 in
1355 2065 1509 2094 barathrum
1521 2067 1629 2096 abducti
1639 2073 1712 2101 sunt,
1724 2069 1828 2104 pariter
1838 2078 1884 2098 ca-

1085 2110 1139 2144 pite
1155 2110 1275 2138 mulctati
1287 2115 1359 2144 sunt,
1375 2117 1403 2139 et
1416 2120 1468 2140 una
1482 2113 1590 2148 capsula
1606 2114 1746 2150 utriusque
1766 2123 1883 2151 corpora

1085 2160 1174 2184 tenet:
1190 2162 1217 2185 et
1238 2166 1320 2185 unum
1335 2166 1442 2194 quoque
1464 2159 1666 2189 tabernaculum
1689 2162 1715 2189 in
1735 2164 1811 2190 ctelis
1835 2171 1885 2192 eos

1084 2202 1208 2236 excipiet,
1219 2203 1325 2238 quando
1341 2204 1437 2239 majori
1448 2210 1509 2232 sunt
1524 2206 1570 2233 illa
1582 2214 1644 2234 cum
1670 2208 1752 2242 gloria
1781 2217 1874 2237 resum

1084 2248 1165 2281 pturi.
1183 2247 1246 2275 Illos
1264 2257 1316 2276 non
1328 2249 1465 2285 indignum
1480 2251 1559 2278 fuerit
1573 2257 1600 2279 et
1613 2253 1763 2287 columnas,
1778 2260 1806 2283 et
1820 2262 1884 2283 sco-

1085 2293 1171 2327 pulos,
1184 2298 1212 2321 et
1223 2298 1323 2327 turres,
1335 2301 1361 2322 et
1377 2296 1528 2330 luminaria,
1541 2303 1568 2325 et
1581 2303 1674 2326 tauros
1684 2300 1764 2328 simul
1786 2303 1884 2337 appel-

1085 2338 1150 2366 lare.
1165 2339 1230 2366 Nam
1245 2340 1392 2369 Ecclesiam
1404 2342 1473 2370 sicut
1481 2343 1616 2371 columna:
1638 2346 1783 2379 sustinent,
1812 2348 1884 2376 sicut

1084 2390 1171 2413 turres
1183 2387 1320 2420 muniunt;
1336 2393 1363 2415 et
1384 2388 1454 2416 sicut
1467 2390 1568 2425 scopuli
1587 2398 1681 2419 omnes
1701 2392 1814 2421 insidias
1836 2402 1882 2421 re-

1084 2431 1196 2466 pellunt,
1212 2433 1322 2460 tnultatn
1336 2434 1379 2465 iis,
1392 2434 1437 2469 qui
1450 2434 1523 2462 intus
1536 2441 1610 2468 sunt,
1633 2436 1780 2465 afferentes
1804 2443 1882 2467 trau-

1083 2478 1259 2512 quillitatem;
1273 2479 1342 2507 sicut
1359 2481 1502 2509 luminaria
1526 2483 1650 2511 tenebras
1670 2484 1817 2520 impietatis
1831 2487 1882 2515 dis-

1083 2529 1226 2551 cusserunt
1239 2533 1246 2558 ;
1262 2530 1290 2553 et
1303 2526 1372 2554 sicut
1389 2528 1457 2555 tauri
1470 2528 1558 2556 anima
1574 2533 1601 2557 et
1613 2537 1729 2565 corpore
1744 2533 1880 2567 prompti-

1083 2569 1226 2605 tudineque
1236 2571 1329 2598 eadem
1340 2579 1422 2600 suave
1429 2572 1528 2601 Christi
1540 2574 1634 2610 jugum
1649 2580 1767 2604 traxere.
1778 2577 1880 2605 Idcirco

1081 2622 1153 2651 sche
1163 2624 1210 2644 eos
1223 2613 1379 2652 invisamus,
1394 2620 1529 2656 capsulam
1540 2621 1716 2658 attingamus,
1728 2631 1878 2659 magnaque

1082 2661 1135 2689 fide
1145 2662 1272 2698 reliquias
1281 2671 1378 2692 eorum
1396 2666 1626 2701 complectamur,
1641 2673 1671 2696 ut
1684 2668 1750 2697 inde
1765 2670 1877 2698 benedi-

1081 2707 1197 2736 ctionem
1205 2709 1321 2744 aliquant
1334 2718 1520 2747 assequamur.
1529 2713 1633 2741 Etenim
1642 2715 1712 2742 sicut
1720 2716 1819 2744 milites
1826 2717 1876 2744 vul-

1081 2761 1145 2781 nera
1156 2762 1215 2790 quaa
1227 2756 1254 2783 in
1266 2757 1364 2791 prteliis
1374 2758 1425 2786 sibi
1435 2758 1535 2788 inﬂicta
1542 2765 1605 2788 sunt
1618 2762 1674 2797 regi
1683 2768 1876 2797 monstrantes,

1081 2798 1194 2828 ﬁdenter
1206 2801 1351 2837 IOquuntur
1364 2811 1370 2829 :
1388 2803 1425 2831 ita
1439 2808 1466 2831 et
1477 2804 1514 2832 illi
1529 2805 1555 2833 in
1571 2806 1697 2835 manibus
1715 2808 1821 2836 absecta
1832 2816 1873 2836 ea-

1081 2846 1135 2880 pita
1150 2852 1296 2882 gestantes,
1312 2853 1340 2876 et
1357 2849 1384 2877 in
1400 2851 1518 2879 medium
1531 2852 1686 2886 afferentes,
1700 2863 1874 2890 quacumque

1084 2891 1217 2921 voluerint
1231 2894 1299 2930 apud
1315 2894 1416 2931 Regem
1428 2897 1557 2927 calorum
1579 2899 1726 2936 impetrare
1752 2906 1871 2938 possunt.
