1967 3125
196 165 246 193 577
601 167 629 194 ὃ.
649 166 793 194 ,ιυΑΝΝιὸ
811 166 972 194 (3118ὶὸ08

1118 165 1231 192 ,(ὲΗΙΕΡ.
1249 166 1524 196 υοΝδτΑΝτιΝοΡ.
1849 164 1894 192 ως

198 222 360 257 βαδίζωμεν,
390 221 432 246 ινα
447 220 493 247 καὶ
507 220 561 246 ἀπὸ
573 220 623 255 τῆς
635 220 723 255 ὂψεως
746 221 801 248 τῶν
815 222 902 257 ἁγίων
923 222 1025 249 τούτων
1078 223 1263 250 καταπλεῦσαι
1274 223 1320 250 τὸν
1331 223 1436 258 λιμένα,
1445 222 1552 257 καὶτῆς
1565 223 1703 256 βασιλείας
1716 221 1771 247 τῶν
1784 220 1896 257 of;va

199 266 356 303 μνημάτων,
370 264 417 290 καὶ
429 263 482 290 ἀπὺ
498 263 547 299 τῆς
561 263 664 296 ἑννοίας
676 263 730 290 τῶν
745 264 843 296 αθλων,
860 266 907 293 καὶ
922 274 1025 292 παντα-
1078 267 1226 301 ἐπιτυχεῖν,
1254 266 1345 302 χάριτι
1371 266 1417 294 καὶ
1433 265 1620 301 φιλανθρωπίᾳ
1635 264 1682 291 τοῦ
1705 264 1808 300 Κυρίου
1826 264 1896 299 ἡμῶν

196 310 275 346 χόθιν
291 307 403 339 πολλοὺς
426 307 473 334 καὶ
493 306 628 343 μεγάλους
642 307 769 340 λαϐόντες
783 308 934 344 θησαυροὺς
947 329 954 340 ,
979 309 1026 335 καὶ
1085 307 1170 343 Ἰησοῦ
1186 307 1314 344 Χριστοῦ,
1338 307 1398 343 μεθ’
1411 304 1442 334 οὗ
1452 307 1492 342 τῷ
1506 307 1602 343 nam,
1616 307 1674 342 ἇμα
1689 306 1728 341 τῷ
1741 306 1811 341 ἁγιῳ
1824 306 1896 333 Huic

196 354 242 381 τὸν
267 352 387 388 παρόντα
418 351 475 387 βίον
498 351 654 386 δυνηθῶμεν
674 351 784 378 κατὰτὸ
802 352 840 387 τῷ
853 352 912 388 Θεῷ
931 352 1025 379 δοκοῦν
1079 360 1154 387 ματι,
1181 351 1254 384 δόξα,
1280 351 1390 388 κράτος,
1418 352 1485 387 τιμὴ
1510 351 1558 378 καὶ
1576 349 1772 387 προσκύνησις,
1788 350 1828 382 sl;
1841 350 1896 381 eoi»:

197 395 330 427 διανύσαι,
355 395 403 422 καὶ
424 395 495 430 μετά
511 394 611 430 πολλῆς
635 395 685 430 τῆς
712 394 848 431 ιμτωρὶαιο
863 396 904 428 εἰς
923 396 1026 423 ἐκεῖνον
1075 396 1177 430 αἰῶνας
1189 396 1243 423 τῶν
1255 395 1370 424 αἰώνων.
1392 395 1487 431 Ἀμήν.

248 581 466 594 ‘_———__..__."
283 579 356 585 ἡ
362 580 546 595 ’τ’-ι-ε,
554 579 1024 594 ﬁ—Aﬂ-w

1069 578 1845 598 Ἓ-τᾘ-

699 707 752 737 AD
771 706 951 738 HOMILIAS
968 706 1009 735 IN
1032 704 1204 736 SANCTAM
1224 705 1414 736 PELAGIAM

272 789 351 827 [584]
368 789 433 822 Quae
445 789 531 824 prima
550 789 661 824 ponitur
678 788 790 816 homilia
803 788 897 816 Graeco
910 788 1007 815 Latina
1022 788 1048 816 in
1062 787 1092 815 S.
1111 787 1258 823 Pelagiam,
1272 787 1422 815 Antiochiae
1437 787 1508 815 haud
1524 787 1611 819 dubie.
1619 789 1710 818 habita
1727 795 1786 824 est;
1802 799 1855 826 qua

239 838 266 864 in
279 838 346 865 urbe
361 845 441 872 passa
452 842 493 865 est
504 836 621 872 Pelagia.
637 836 674 864 De
688 844 741 870 qua
752 841 845 864 sancta
859 837 962 872 virgine
983 841 1011 864 et
1024 841 1141 872 martyre
1155 835 1246 863 multa:
1260 835 1439 863 suboriuntur
1465 836 1640 870 quastiones,
1664 845 1735 873 quas
1750 839 1855 867 erudite

237 885 413 920 prosequitur
426 891 476 912 suo
492 891 568 912 more
581 883 684 912 Fronto
698 882 812 910 Ducaaus
825 883 866 911 his
881 884 982 910 verbis.

276 939 285 955 ι
306 929 345 957 Ex
359 930 465 958 duabus
478 929 607 962 homiliis,
629 936 697 963 quas
712 928 796 955 edidit
809 928 926 963 primum
941 928 1068 963 Aloysins
1094 927 1270 963 Lipomanus,
1288 932 1309 955 ι.
1325 928 1340 954 7
1352 927 1385 955 de
1402 927 1471 956 Vitis
1495 927 1660 957 Sanctorum
1674 930 1771 960 Latine
1797 938 1856 960 lan-

236 981 304 1008 tum.
321 984 403 1004 unam
421 976 465 1004 hic
479 981 596 1010 utraque
610 975 699 1010 lingua
718 982 791 1001 nunc
804 974 901 1002 damus
911 983 943 1002 ex
958 975 1065 1002 duobus
1088 974 1153 1001 Mss.
1172 973 1280 1001 Henrici
1296 973 1330 1001 lV
1347 975 1429 1010 regis,
1456 975 1485 1002 in
1500 982 1616 1010 quorum
1633 977 1720 1004 altero
1751 979 1857 1008 adscri-

236 1028 298 1058 ptus
313 1023 427 1058 margini
443 1022 493 1050 fuit
504 1022 563 1050 dies
574 1020 701 1049 Octobris
726 1020 743 1047 8
761 1020 812 1048 hoc
828 1025 917 1055 pacto,
947 1020 1012 1055 μηνὶ
1029 1020 1187 1056 Ὀκτωσρὶῳ
1202 1023 1226 1056 η’
1244 1028 1251 1046 :
1267 1024 1294 1048 et
1309 1019 1437 1048 admonet
1459 1021 1662 1050 illustrissimus
1675 1023 1760 1052 Card.
1775 1025 1859 1052 Baro—

235 1071 297 1097 nius
317 1070 343 1097 in
357 1069 508 1105 Menologio
520 1068 677 1096 Graecorum
695 1069 738 1103 agi
757 1069 789 1096 de
802 1069 854 1095 alia
882 1068 989 1102 Pelagia
1003 1067 1182 1100 Antiochena,
1199 1075 1259 1103 quae
1272 1071 1419 1102 antequam
1434 1072 1572 1096 teneretur
1594 1077 1609 1096 a
1623 1073 1858 1104 persecutoribusv

236 1125 319 1145 orans
333 1124 368 1145 ne
387 1116 558 1151 dispendium
570 1120 709 1151 pateretur
723 1114 896 1151 virginitatis,
914 1114 940 1141 in
957 1121 1023 1149 pace
1043 1114 1148 1149 quievit
1164 1122 1172 1140 :
1189 1113 1235 1141 sed
1252 1113 1334 1148 hujus
1349 1113 1463 1149 Pelagia
1479 1113 1654 1143 festivitatem
1668 1116 1703 1143 ab
1719 1117 1775 1145 illis
1786 1120 1858 1147 cele-

236 1166 307 1193 brari
325 1170 421 1201 quarto
436 1165 499 1193 ldus
512 1165 598 1196 Junii.
620 1173 682 1198 cum
705 1166 731 1192 in
748 1165 828 1193 Rom.
845 1165 1036 1200 Martyrologio
1064 1164 1213 1192 collocetur
1231 1165 1248 1192 5
1262 1164 1324 1192 ldus
1338 1165 1460 1200 ejusdem
1475 1166 1589 1198 mensis,
1607 1165 1660 1193 hoc
1671 1169 1715 1193 est
1740 1165 1758 1188 9
1773 1163 1857 1193 Junii.

235 1213 341 1240 Rursus
354 1212 501 1240 convenire
518 1212 556 1240 ait
571 1211 641 1239 inter
655 1212 829 1240 Ambrosium
853 1218 881 1239 et
899 1211 1124 1246 Chrysostomum
1140 1211 1212 1246 quod
1227 1215 1341 1246 uterque
1355 1211 1442 1239 civem
1469 1212 1668 1238 Antiochenam
1687 1211 1775 1238 fuisse
1795 1212 1859 1238 velit

233 1258 380 1295 Pelagiam.
395 1263 423 1286 et
436 1266 470 1285 ne
485 1258 622 1292 jacturam
637 1257 737 1285 faceret
751 1258 924 1293 virginitatis.
947 1262 1060 1284 martem
1081 1257 1262 1284 voluntariam
1276 1257 1423 1292 oppetiisse
1435 1266 1443 1290 ;
1457 1265 1550 1285 verum
1564 1265 1612 1285 eos
1627 1257 1698 1285 inter
1712 1265 1744 1285 se
1754 1257 1857 1286 discre-

232 1311 306 1338 pare.
319 1304 392 1339 quod
405 1304 566 1331 Ambrosius
579 1312 632 1331 una
645 1312 707 1332 cum
725 1309 812 1331 matre
826 1308 854 1331 et
867 1312 961 1332 sorore
992 1303 1074 1331 ﬂuvio
1090 1311 1207 1332 mersam
1224 1311 1284 1332 eam
1299 1308 1431 1338 testatur;
1446 1304 1660 1340 Chrysostomus
1674 1309 1768 1331 autem
1780 1312 1796 1331 e
1810 1312 1856 1332 su-

232 1351 308 1377 blimi
322 1355 393 1379 tecto
412 1358 442 1378 se
456 1351 619 1386 praecipitem
634 1351 742 1378 dedisse
759 1359 766 1377 :
784 1355 866 1386 atque
889 1350 942 1378 hoc
965 1351 1054 1386 ipsum
1069 1351 1103 1378 de
1116 1350 1226 1386 Pelagia
1250 1359 1341 1379 mersa
1369 1351 1514 1386 scripsisse
1535 1351 1710 1379 Ambrosium
1727 1350 1777 1377 lib.
1793 1350 1811 1377 3
1827 1350 1856 1377 de

232 1399 389 1434 Virginibus
404 1399 546 1427 annotavit
560 1399 629 1427 Lud.
649 1399 728 1427 Vives
743 1400 770 1426 in
788 1399 836 1426 lib.
854 1399 880 1432 l,
895 1407 920 1427 c.
935 1398 981 1431 26,
1005 1399 1150 1434 Augustini
1169 1399 1203 1427 de
1221 1399 1336 1427 Civitate
1350 1399 1398 1427 Dei
1414 1408 1423 1426 :
1439 1400 1519 1427 nobis
1534 1406 1624 1426 tamen
1650 1399 1786 1427 attentius
1799 1399 1856 1433 ejus

231 1445 414 1472 narrationem
428 1445 668 1480 perpendentibus,
685 1446 750 1473 nihil
767 1446 819 1473 tale
830 1446 936 1474 videtur
958 1446 1122 1474 Ambrosinus
1134 1447 1255 1480 referre;
1272 1447 1320 1475 sed
1334 1446 1494 1474 absentibus
1507 1446 1599 1482 potius
1610 1451 1741 1473 matreac
1755 1447 1855 1473 sorori-

232 1493 292 1525 hus,
309 1493 394 1520 solam
412 1493 484 1520 domi
499 1493 708 1528 deprehensam,
725 1501 838 1522 vacuam
855 1494 992 1529 praesidio.
1007 1495 1054 1523 sed
1067 1494 1125 1523 Deo
1143 1495 1294 1530 pleniorem
1311 1494 1448 1530 Pelagiam
1464 1494 1538 1522 salva
1553 1494 1710 1529 virginitate
1718 1493 1758 1521 ad
1774 1500 1853 1528 spon-

230 1549 291 1568 sum
307 1541 446 1569 Christum
459 1549 635 1576 properasse;
656 1549 706 1570 nec
723 1542 801 1570 aliter
825 1550 911 1577 genus
925 1543 1021 1570 mortis
1035 1543 1164 1578 exprimit
1181 1552 1189 1571 z
1205 1547 1233 1571 at
1256 1547 1446 1578 persecutores
1460 1542 1506 1570 ubi
1528 1546 1649 1576 ereptam
1663 1541 1718 1569 sibi
1731 1541 1853 1569 viderunt

231 1590 348 1624 prmdam
369 1589 492 1625 pudoris,
510 1593 625 1616 matrem
637 1594 664 1617 et
678 1596 787 1617 sorores
797 1589 858 1624 ejus
869 1589 984 1624 ctepisse
998 1597 1136 1625 quaerere;
1155 1598 1249 1617 verum
1266 1590 1337 1623 illas,
1349 1590 1482 1617 consertis
1500 1588 1628 1615 manibus
1639 1592 1781 1622 tamquam
1793 1586 1852 1614 cho-

232 1646 276 1665 ms
288 1637 428 1670 ducerent,
445 1637 472 1664 in
490 1636 609 1664 medium
624 1637 730 1664 alveum
753 1637 875 1665 ﬂuminis
904 1645 1064 1673 progressas
1084 1645 1155 1671 esse,
1177 1637 1221 1665 ubi
1246 1637 1325 1664 ‘unda
1340 1637 1498 1668 torrentior,
1519 1636 1566 1663 ubi
1584 1634 1751 1671 profundum
1775 1635 1851 1661 abru-

231 1684 311 1718 dnius,
323 1684 434 1719 vestigia
443 1683 600 1719 dirigentes.
612 1682 704 1718 Neque
715 1691 778 1711 vero
789 1683 970 1719 adstipulatur
983 1685 1070 1712 eidem
1087 1684 1232 1712 Ambrosio
1247 1684 1415 1720 Augustinus
1427 1684 1521 1711 eodem
1537 1683 1607 1710 libro
1617 1683 1674 1717 jam
1688 1683 1780 1713 citato,
1793 1689 1849 1708 cum

229 1729 268 1756 ait
283 1734 393 1757 sanctas
415 1729 531 1757 feminas
547 1729 692 1764 quasdam,
721 1734 751 1757 ut
782 1729 961 1758 insectatores
981 1738 1039 1759 suat
1056 1731 1194 1766 pudicitiae
1205 1730 1368 1764 devitarent,
1379 1730 1406 1758 in
1423 1734 1584 1757 necaturum
1599 1736 1629 1757 se
1643 1728 1745 1756 ﬂumen
1766 1726 1849 1762 proje-

229 1777 313 1808 cisse.
328 1781 410 1812 atque
424 1784 518 1805 earum
537 1777 698 1806 memoriam
713 1776 740 1804 in
761 1776 882 1805 Ecclesia
902 1777 1041 1806 Catholica
1067 1777 1244 1806 veneratione
1274 1777 1451 1806 celeberrima
1473 1776 1652 1813 frequentari.
1665 1775 1759 1810 Neque
1780 1776 1847 1803 enim
