1967 3125
140 181 189 210 577
502 180 544 208 DE
565 180 594 208 ε.
614 179 759 207 PELAGIA
780 177 921 207 VIRGINE
941 177 985 205 ET
1006 174 1183 205 MAliTYRE.
1204 190 1238 197 -
1256 170 1455 201 ADMONITIO.
1735 169 1786 196 [ςτκ

138 252 255 280 Proinde
269 259 364 284 magna
379 251 430 279 iide
444 255 471 279 et
481 249 616 278 alacritate
631 249 683 277 huc
704 248 841 276 veniamus
852 268 860 282 ,
885 254 938 282 quo
995 246 1131 275 mercibus
1145 245 1333 281 ingrediamur,
1344 249 1370 272 et
1382 251 1490 279 regnum
1501 242 1782 271 caelorumconsequa-

140 304 168 324 et
183 300 246 325 visis
258 296 611 329 sanctorummonumentis,
620 300 648 322 et
656 294 834 323 consideratis
842 300 938 321 eorutn
994 301 1064 326 mur,
1075 293 1161 327 gratia
1175 295 1202 319 et
1214 291 1376 326 benignitate
1386 289 1491 317 Domini
1502 288 1584 316 nostri
1596 288 1659 316 Jesu
1672 286 1779 317 Christi,

147 344 349 376 certaminibus,
365 343 427 371 inde
440 343 529 370 varios
540 342 681 369 thesauros
694 340 872 375 undequaque
882 339 940 366 col-
994 347 1055 367 cum
1066 346 1120 373 quo
1132 337 1204 365 Patri
1230 337 1361 372 simulque
1376 335 1485 371 Spiritui
1508 340 1601 363 sancto
1608 334 1690 370 gloria
1700 352 1708 366 ,
1737 334 1781 360 im-

144 392 277 427 iigamus;
293 397 320 418 et
333 399 379 426 per
390 394 548 426 praesentem
559 389 640 416 vitam
663 388 698 415 ita
722 385 869 414 secundum
893 391 940 411 vo-
994 385 1116 420 perium,
1144 384 1230 411 honor
1254 387 1282 411 et
1295 382 1416 410 adoratio
1441 382 1467 409 in
1495 381 1592 409 saecula
1615 380 1782 408 sacculormu.

142 437 272 464 luntatem
289 437 336 465 Dei
353 443 529 469 transeamus,
544 437 570 464 in
584 441 687 471 portum
697 435 770 462 illum
779 441 839 462 cum
847 432 937 460 multis
995 432 1093 458 Amen.

148 604 924 618 ω’-ῄ--μ-

995 603 1771 617 τως-Σωπ-

853 722 1072 754 ADMONITIO.

147 804 286 842 Peiagiam
302 805 433 836 nominat,
444 809 490 832 aut
504 803 698 840 Sephroniam,
711 803 756 831 sed
770 804 895 839 exemplo
916 804 1058 838 utriusque
1070 803 1214 838 desumpto
1228 812 1260 831 ex
1277 802 1421 831 Ambrosio
1434 803 1514 831 Vives
1527 802 1672 838 Augustini
1684 809 1775 830 narra-

148 854 251 880 tionem
264 851 488 886 iilustravitzqui
501 855 592 878 tamen
617 851 670 878 hoc
690 858 737 878 eas
756 850 852 878 fecisse
872 850 1002 877 divinitus
1025 851 1126 885 jussas,
1147 858 1201 877 non
1227 851 1386 878 humanitus
1400 850 1526 885 deceptas
1549 854 1635 885 putat,
1654 850 1725 878 sicut
1740 850 1774 877 de

149 901 286 927 Samsotte
299 898 371 925 aliud
389 897 430 925 ias
446 905 500 924 non
518 900 560 924 est
576 896 686 923 credere
705 903 711 921 :
725 896 860 923 neminem
874 899 964 923 tamen
987 900 1166 931 spontaneam
1191 900 1305 923 mortem
1318 896 1370 923 sibi
1385 895 1484 923 inferre
1501 896 1608 928 debere,
1631 895 1706 922 velut
1731 895 1775 924 fu'

149 946 250 981 giendo
267 945 406 972 molestias
419 944 594 979 temporales,
611 950 645 970 ne
660 943 687 970 in
701 948 845 979 perpetuas
861 943 971 970 incidat.
988 943 1077 979 Atque
1094 944 1120 970 in
1133 944 1183 971 hac
1198 943 1307 978 quidem
1322 943 1432 971 homilia
1444 947 1548 970 tantum
1564 943 1616 970 hoc
1635 944 1674 971 ait
1689 941 1775 979 Chry-

149 997 303 1022 soslomus,
320 991 455 1025 Pelagiam
469 990 621 1025 ingressam
639 989 711 1016 intro
734 993 835 1016 vestem
853 993 985 1021 mutasse,
1014 989 1198 1024 incorruptam
1216 997 1265 1024 pro
1282 993 1421 1023 corrupta,
1439 993 1467 1016 et
1482 989 1552 1016 infra
1568 989 1634 1016 dicit
1643 987 1745 1016 multos
1760 997 1775 1016 ll

149 1037 261 1064 sublimi
280 1041 351 1064 tecto
365 1036 484 1071 deiectos
497 1036 565 1063 nihil
579 1035 642 1063 mali
657 1043 764 1071 passos.
779 1035 814 1063 At
828 1036 855 1063 in
867 1035 963 1064 homil.
979 1036 1007 1068 l,
1027 1044 1088 1071 quae
1104 1040 1147 1064 est
1162 1041 1234 1064 lomo
1251 1037 1268 1064 5
1279 1036 1349 1071 apud
1367 1035 1489 1067 Surium,
1508 1035 1617 1064 disertis
1629 1036 1720 1063 verbis
1737 1036 1773 1063 ita

150 1087 246 1111 narrat
262 1093 270 1110 :
286 1083 326 1110 Ad
336 1084 417 1117 ipsius
433 1083 494 1109 tecti
512 1082 648 1117 fastigium
663 1084 796 1114 cucurrit;
812 1086 837 1109 et
857 1082 931 1109 illinc
947 1083 1060 1117 seipsam
1074 1083 1234 1118 praecipitem
1250 1083 1331 1110 dedit.
1353 1082 1481 1117 idemque
1507 1082 1542 1109 de
1560 1089 1591 1110 ea
1611 1082 1730 1110 refertur
1746 1083 1774 1109 itt

150 1129 226 1156 Actis
237 1129 350 1156 Luciani
363 1137 377 1156 a
387 1128 492 1156 Joanne
504 1127 704 1156 Nicomediensi
723 1129 885 1164 conscriptis
896 1129 967 1164 apud
983 1129 1092 1157 Surium
1107 1134 1174 1157 tom.
1187 1130 1212 1156 l.
1226 1129 1315 1164 Atque
1328 1129 1381 1156 hoc
1394 1133 1474 1164 pacto
1488 1128 1574 1156 videri
1590 1132 1681 1163 potest
1696 1128 1775 1155 ἰηιρια

150 1177 253 1204 [exisse
267 1177 426 1204 Ambrosius
439 1176 576 1212 Pelagiam
591 1181 693 1204 sartam
706 1180 805 1205 tectam
826 1185 1004 1206 conservasse
1031 1178 1226 1214 virginitatem,
1240 1186 1301 1205 cum
1317 1185 1332 1206 e
1347 1181 1418 1205 tecto
1430 1184 1459 1205 se
1471 1177 1647 1205 demisisset:
1665 1181 1693 1204 et
1716 1175 1774 1204 ﬁeri

149 1227 239 1259 potest
261 1228 291 1251 ut
305 1231 414 1251 sorores
430 1224 490 1258 ejus
505 1231 559 1251 non
578 1223 636 1252 alite
649 1223 761 1256 fuerint,
775 1231 856 1260 quam
870 1222 985 1252 Bernice
997 1228 1024 1252 et
1035 1223 1182 1256 Prosdoce,
1202 1231 1316 1259 quarum
1331 1221 1447 1251 similem
1462 1224 1566 1251 exitum
1580 1224 1691 1259 exponit
1703 1224 1775 1251 idem

149 1270 365 1305 Chrysostomus
381 1269 460 1297 infra.
479 1269 546 1296 Nam
562 1269 628 1297 etin
642 1268 834 1305 Martyrologio
846 1268 928 1297 Rom.
945 1269 978 1296 l9
1002 1268 1127 1297 Octobris
1140 1270 1214 1305 passi
1226 1269 1354 1297 dicuntur
1376 1267 1535 1301 Beronices,
1549 1269 1656 1305 Pelagia
1685 1274 1712 1297 et
1729 1270 1775 1297 alii

150 1321 286 1351 martyres
296 1315 455 1346 Antiochite.
470 1315 516 1342 sed
528 1314 627 1342 ibidem
639 1315 750 1343 alterius
764 1314 879 1349 Pelagia;
895 1315 1054 1349 paenitentis
1072 1314 1170 1343 festum
1193 1315 1332 1343 confertur
1357 1315 1385 1342 in
1401 1318 1527 1341 octavum
1543 1315 1615 1342 diem
1639 1314 1775 1349 Octobris,

150 1362 195 1389 -:ui
209 1363 298 1397 patria
314 1363 377 1389 item
391 1362 443 1389 fuit
455 1362 609 1395 Antiochia,
627 1363 674 1390 sed
688 1363 756 1390 obiit
769 1362 947 1399 Jerosolymis
972 1362 1140 1398 temporibus
1161 1361 1308 1391 Theodosii
1321 1363 1449 1398 junioris,
1461 1363 1575 1399 ejusque
1589 1363 1715 1390 meminit
1727 1363 1777 1390 Nic

150 1409 289 1443 cephorus
303 1408 351 1436 lib.
367 1408 394 1440 4,
413 1416 437 1436 c.
450 1408 494 1435 40.
513 1418 522 1433 ι

187 1453 226 1480 De
239 1457 363 1490 tempore
373 1453 497 1489 martyrii
515 1452 545 1480 S.
560 1453 675 1488 Pelegite
691 1461 744 1480 non
762 1459 869 1482 constat
893 1462 899 1481 :
921 1455 966 1482 alii
984 1455 1034 1482 sub
1047 1453 1227 1488 Diocleliano,
1246 1455 1297 1483 sub
1309 1455 1458 1484 Maximino
1473 1455 1519 1483 alii
1541 1464 1649 1492 passam
1663 1457 1771 1484 volunt.

152 1497 220 1527 Vide
231 1506 292 1534 quas
309 1499 359 1527 hac
373 1499 406 1527 de
419 1507 448 1526 re
465 1500 591 1527 dicantur
607 1508 621 1527 a
634 1500 755 1528 Bollandi
770 1502 1006 1530 contittuatoribus
1022 1502 1055 1530 ad
1075 1503 1145 1530 diem
1159 1503 1176 1530 9
1188 1501 1273 1534 Junii,
1294 1510 1320 1537 p.
1338 1500 1399 1530 l59.

186 1543 285 1572 Incerti
296 1545 438 1580 cujusdam
451 1545 711 1580 interpretationem,
727 1551 820 1582 utpote
835 1555 885 1575 nec
909 1551 1078 1580 accuratam,
1094 1556 1145 1575 nec
1158 1548 1192 1575 ad
1204 1545 1307 1575 Graeca:
1317 1548 1452 1576 orationis
1469 1548 1549 1576 iidem
1572 1547 1774 1582 concinnatam,

149 1592 308 1625 respuimus
323 1599 475 1627 novamque
486 1592 653 1627 paravimus.

186 1635 340 1665 Secundam
353 1645 467 1673 eamque
481 1638 632 1666 breviorem
648 1639 788 1666 homiliam
810 1641 836 1667 in
859 1639 888 1668 S.
906 1639 1043 1676 Pelagiam
1056 1647 1089 1668 ex
1102 1639 1294 1676 Metaphraste,
1309 1645 1339 1668 ut
1354 1641 1424 1676 apud
1438 1640 1548 1668 Surium
1570 1639 1654 1667 latine
1666 1639 1775 1675 legitur,

150 1684 334 1719 desumptam,
348 1684 443 1713 Graeco
454 1685 605 1718 deﬁciente,
619 1686 819 1722 subjungimus.
843 1686 880 1714 Ea
899 1686 1088 1724 Chrysostomi
1111 1695 1209 1715 nomen
1226 1687 1346 1723 praefert,
1365 1696 1414 1716 nec
1431 1688 1531 1723 injuria
1553 1692 1584 1714 ut
1600 1687 1715 1714 videtur.
1746 1687 1774 1713 ln

151 1731 227 1758 nullo
236 1731 310 1758 enim
327 1739 342 1759 a
357 1732 542 1768 Chrysostomi
559 1734 629 1770 stylo
643 1734 880 1770 conciouandique
904 1735 958 1763 rittt
971 1736 1109 1764 abhorret.
1133 1735 1161 1763 Id
1180 1744 1245 1764 vero
1263 1736 1350 1764 solum
1366 1736 1506 1772 quidpiam
1530 1742 1625 1771 parere
1651 1734 1763 1769 scrupul

152 1778 248 1812 possit,
264 1778 337 1813 quod
351 1778 458 1806 brevior
469 1779 513 1811 sit,
524 1787 605 1814 quam
622 1780 726 1808 soleant
736 1788 797 1808 esse
807 1780 953 1810 conciones
968 1781 1037 1817 ejus.
1057 1780 1157 1810 Verum
1168 1781 1227 1810 alia:
1240 1787 1389 1811 occurrunt
1401 1782 1523 1818 ejusdem
1536 1781 1687 1814 brevitatis,
1705 1789 1776 1818 quas

153 1831 206 1850 non
227 1823 288 1851 ideo
305 1823 436 1852 debemus
450 1823 645 1861 Chrysostomo
655 1825 823 1861 abjudicare.
