1967 3125
196 145 248 172 ἴτε)

569 156 598 186 5.
617 158 756 187 JOANNIS
773 153 1012 186 CHRYSOSTOMI
1035 154 1193 182 ARCIIIEP.
1212 151 1480 181 CONSTANTIN‘D“.

1778 152 1828 178 313:0

627 255 874 296 HOMILIA
902 255 1334 298 ENCOMIASTICA
1365 253 1410 293 (αἶ

621 341 652 362 IV
676 342 701 362 S.
726 341 901 363 MAltTYREM
926 341 1085 364 PELAGIAM
1101 343 1340 368 ANTIOCHENAM.

925 410 951 430 τυ(
960 409 1088 430 ‹‹α›;8›

232 469 256 495 1.
275 468 378 504 Pelagia
389 477 433 495 cur
443 468 544 503 tyranni
556 467 678 500 iudicium
695 467 856 502 prmum-terit.
867 466 929 494 Iesu
938 475 983 493 usu

196 515 342 541 consiliario
356 522 382 540 se
397 514 552 549 prtecipitem
567 513 643 540 dedit.
659 527 695 533 —
714 512 872 540 Benedictus
895 513 963 539 Deus
976 521 982 539 :

195 561 275 587 etiam
289 560 425 591 mulieres,
440 559 493 586 imo
504 559 599 593 puellae
610 558 718 585 demum
733 563 846 585 mortem
862 558 983 589 irrident,

195 606 362 641 virginesque
390 605 531 633 admodum
550 606 662 639 juvenes
673 609 700 632 et
727 605 844 639 innuptae
862 604 888 631 in
912 605 985 638 ipsos

195 653 290 680 inferni
306 653 428 679 stimulos
452 652 583 682 insiliunt.
609 651 727 686 nihilque
747 651 881 686 patiuntur
903 650 985 678 detri-

195 699 288 726 menti.
300 698 362 725 ":BC
376 705 454 732 porro
467 698 535 724 bona
548 696 636 723 omnia
655 704 704 731 per
718 696 854 723 Christum
879 703 912 723 ex
924 695 983 723 Vir-

194 745 254 779 gine
268 749 357 771 natum
373 744 449 770 allata
462 744 537 771 nobis
549 747 610 770 sunt
623 753 628 769 :
647 751 707 770 nam
722 747 782 778 post
804 743 909 770 beatum
922 750 983 777 par-

194 796 248 818 tum
262 791 346 823 illum,
358 794 385 817 et
412 790 594 817 admirabilem
614 793 713 821 ortum,
739 789 832 816 mortis
847 788 921 816 nervi
937 796 983 816 so-

190 837 249 869 luti,
265 836 362 863 diaboli
375 835 490 871 polentia
506 834 588 862 fracta
604 841 655 867 est,
676 834 721 870 qui
742 834 867 868 deinceps
891 842 944 861 non
967 841 982 862 a

192 883 256 909 viris
270 887 382 914 tantum,
402 881 448 908 sed
463 881 543 908 etiam
563 888 577 907 a
604 880 761 908 mulieribus
780 880 981 913 contemnitur;

193 935 241 954 nec
256 935 270 954 a
286 926 439 953 mulieribus
450 926 539 958 modo,
557 926 602 953 sed
616 930 643 952 et
666 933 680 952 a
695 926 797 960 puellis.
821 925 896 952 Sicut
910 927 982 953 enim

192 978 282 1008 pastor
296 979 419 1000 strenuus
442 973 546 1000 leonem
568 972 708 1007 pecoribus
730 971 942 1005 formidolosum,
956 977 983 999 et

191 1024 275 1046 totum
289 1019 357 1046 ovile
369 1019 552 1046 devastantem
567 1018 725 1053 corripiens,
739 1018 839 1045 avulsis
847 1017 981 1050 dentibus,

191 1065 306 1091 exsectis
321 1065 460 1099 unguibus,
477 1064 587 1091 detonsa
600 1064 674 1098 juba,
691 1063 732 1090 vel
745 1068 879 1098 pastorum
894 1064 983 1099 pueris

190 1110 364 1138 deridendum
382 1110 514 1144 propinat,
531 1109 585 1136 imo
599 1110 678 1136 etiam
702 1109 797 1144 puellis
819 1109 901 1136 tradit
923 1108 983 1136 illu-

191 1155 325 1183 dendum:
340 1157 375 1183 ita
389 1160 416 1183 et
427 1155 549 1182 Christus
563 1159 676 1182 mortem
692 1158 794 1182 natura;
815 1159 912 1182 nostra:
930 1155 982 1182 for-

191 1202 356 1234 midabilem,
377 1202 521 1237 generique
544 1205 636 1228 nostro
661 1201 805 1229 terribilem
831 1201 980 1236 corripuit,

189 1249 300 1283 ejusque
313 1253 413 1275 metum
425 1248 557 1281 dissolvit,
574 1248 609 1274 ita
625 1252 654 1275 ut
667 1248 748 1275 etiam
760 1248 875 1283 virgines
897 1247 982 1282 ipsam

189 1295 337 1322 derideant.
352 1294 531 1328 Quamobrem
545 1294 621 1321 beata
637 1293 743 1328 Pelagia
758 1298 830 1321 tanta
849 1301 910 1321 cum
935 1301 984 1322 vo-

190 1342 291 1376 luptate
303 1341 406 1367 adeam
428 1341 558 1372 cucurrit,
587 1345 616 1367 ut
641 1348 675 1367 ne
696 1340 850 1368 carniﬁcum
874 1341 981 1375 quidem

190 1393 284 1412 manus
298 1390 474 1420 exspectaret,
490 1393 576 1420 neque
591 1386 616 1412 iu
635 1385 764 1420 judicium
786 1385 980 1420 ingrederetur,

190 1432 237 1460 sed
254 1432 358 1466 propria
370 1432 450 1458 animi
464 1432 646 1466 magnitudine
665 1432 770 1458 illorttm
791 1431 980 1460 crudelitatem

191 1482 372 1512 prteverleret.
395 1477 462 1504 Nam
481 1477 514 1504 ad
541 1481 672 1504 tormenta
693 1477 812 1511 quidem,
837 1479 980 1511 cruciatus,

190 1523 317 1559 supplicia
329 1528 418 1558 parata
433 1528 510 1554 erat;
526 1523 573 1550 sed
585 1522 719 1550 metuebat
736 1528 823 1550 tamen
847 1531 881 1550 nc
902 1524 982 1559 virgi-

190 1570 280 1596 nitatis
299 1577 426 1596 coronam
449 1569 583 1604 perderet.
599 1568 634 1596 Ut
657 1573 746 1596 autem
770 1570 839 1596 scias
863 1577 922 1597 eam
948 1570 982 1597 ab

190 1615 330 1649 impiorum
341 1615 447 1642 libidine
458 1615 587 1647 timuisse,
597 1615 791 1650 praeoccupavit
802 1615 858 1648 illa,
870 1623 981 1651 seseque

189 1669 203 1686 a
218 1662 286 1696 turpi
312 1662 473 1688 contumelia
495 1661 630 1689 subduxit.
653 1661 729 1694 Quod
741 1669 806 1689 sane
831 1663 872 1689 vir
894 1663 981 1690 nullus

190 1715 313 1741 umquam
327 1715 467 1742 aggressus
479 1712 519 1734 est
535 1717 541 1734 :
557 1715 649 1734 omnes
664 1708 735 1734 cnim
751 1708 783 1734 ad
796 1708 923 1742 judicium
937 1717 980 1736 se-

189 1754 263 1788 quuti
278 1754 390 1784 fuerant,
405 1754 494 1788 ibique
520 1753 700 1780 fortitudinem
725 1761 800 1780 suam
814 1754 981 1781 demonstra-

189 1805 293 1828 verunt.
304 1801 337 1828 At
350 1801 485 1833 mulieres,
503 1805 592 1833 utpote
603 1806 695 1827 natura
707 1808 753 1827 sua
766 1800 867 1835 injuria}
881 1809 979 1835 Oppor-

189 1848 317 1878 tuniores,
333 1846 403 1874 hunc
417 1846 467 1873 sibi
479 1847 572 1872 mortis
583 1846 688 1872 modum
703 1846 897 1880 exeogitarunt.
913 1846 980 1874 Nam

189 1893 210 1919 si
227 1892 356 1927 potuisset
368 1892 447 1918 simul
460 1896 486 1918 et
501 1892 677 1926 virginitatem
701 1899 808 1918 servare
822 1896 849 1918 et
862 1892 979 1927 martyrii

189 1946 314 1965 coronam
337 1938 475 1976 consequi,
502 1945 668 1972 nequaquam
693 1937 725 1964 ad
749 1938 861 1964 tribunal
878 1937 980 1973 ingredi

189 1989 354 2016 recusasset;
372 1985 432 2019 quia
449 1991 511 2011 vero
525 1986 558 2010 ab
581 1984 710 2011 alterutro
725 1983 849 2010 excidere
870 1991 980 2011 necesse

190 2040 297 2066 prorsus
310 2036 376 2062 erat,
389 2038 515 2058 extremm
531 2031 640 2065 putabat
652 2032 774 2058 amentiae
793 2030 860 2063 fore,
883 2031 904 2058 si
919 2038 979 2058 cum

191 2082 281 2109 posset
295 2082 433 2111 utramque
448 2078 585 2103 victoriam
612 2077 748 2111 consequi,
775 2077 910 2103 dimidiam
934 2085 980 2105 so-

187 2122 242 2149 lum
258 2130 383 2149 coronant
400 2127 558 2156 reportaret.
580 2121 642 2149 Ideo
655 2122 738 2148 noluit
752 2122 777 2148 in
791 2122 921 2156 judicium
937 2131 981 2150 ac-

185 2170 295 2201 cedere,
312 2177 398 2202 neque
412 2168 516 2195 lascivis
532 2168 615 2194 oculis
626 2167 778 2202 spectaculo
788 2175 857 2197 esse.
870 2169 909 2194 vel
928 2169 979 2201 pali

187 2220 215 2241 ut
235 2215 440 2248 intemperantes
467 2213 589 2240 homines
612 2217 721 2248 aspectu
744 2220 793 2240 suo
816 2213 977 2247 fruerentur,

186 2266 360 2295 sanctumque
382 2260 444 2287 illud
464 2267 562 2294 corpus
590 2260 727 2287 alﬁcerent
740 2260 918 2292 contumelia;
933 2260 980 2288 sed

186 2315 217 2333 ex
232 2306 347 2333 thalamo
360 2310 523 2341 etgynzeeeo
545 2305 571 2332 in
593 2305 672 2332 alium
698 2305 853 2338 thalamum,
879 2305 936 2333 sive
951 2306 977 2332 in

186 2353 282 2380 (mlum
295 2371 303 2384 ,
324 2352 407 2378 venit.
422 2351 543 2385 Magnum
555 2351 651 2386 quippe
665 2355 706 2378 est
720 2350 858 2378 carniﬁces
870 2351 979 2378 circurn-

187 2403 288 2424 stantes
301 2397 400 2428 videre,
416 2402 442 2424 et
471 2398 551 2423 latera
569 2397 713 2430 fodientes;
735 2397 782 2424 sed
795 2397 877 2424 nihilo
892 2398 980 2425 minus

187 2443 232 2470 illo
246 2443 296 2469 hoc
309 2449 415 2476 quoque
430 2446 489 2468 est:
506 2442 559 2468 illis
573 2442 642 2468 enim
655 2450 714 2469 cum
725 2442 780 2477 jam
798 2449 893 2469 sensus
918 2450 979 2469 cru-

186 2489 303 2515 eiatnum
318 2488 446 2514 varietate
461 2491 633 2521 consumptus
648 2487 692 2520 sit,
706 2495 758 2514 non
772 2488 841 2514 ultra
853 2487 980 2515 formida-

186 2533 245 2560 bilis
255 2539 327 2559 mors
341 2531 456 2565 videtur,
471 2531 517 2559 sed
529 2533 616 2567 potius
629 2534 777 2567 urgentium
799 2533 929 2560 malorum
943 2533 977 2560 li-

187 2579 288 2606 beratio
299 2582 379 2613 atque
389 2578 518 2609 cessatio;
534 2578 591 2604 hzee
605 2585 669 2605 vero
679 2578 809 2605 nihildum
825 2578 978 2611 hujusmodi

187 2632 275 2660 passa,
287 2632 347 2653 cum
363 2631 459 2659 corpus
473 2624 603 2659 integrum
615 2624 735 2656 haberet,
745 2623 864 2660 nihilque
878 2625 978 2652 doloris

188 2671 348 2706 pertulisset,
368 2677 499 2705 generoso
515 2677 663 2704 magnoque
678 2670 767 2697 animo
781 2677 849 2705 opus
874 2670 976 2702 habuit,

187 2721 215 2742 ut
225 2716 338 2743 violenta
359 2720 444 2742 morte
453 2723 484 2742 ex
501 2718 550 2742 bac
564 2717 614 2741 vita
629 2723 658 2742 se
672 2715 841 2743 subduceret.
856 2716 943 2750 Quare
955 2716 977 2743 si

189 2762 292 2789 miraris
303 2761 407 2789 illorum
422 2761 586 2796 patientiam,
601 2760 679 2795 hujus
692 2762 789 2789 mirare
803 2762 941 2796 virtutem;
954 2762 976 2790 si

215 2843 253 2872 tu)
269 2840 416 2866 Contul‘unus
426 2840 524 2866 Codices
536 2839 622 2871 Regios
633 2839 695 2864 2029
705 2843 730 2864 et
741 2840 812 2865 2315.

276 2893 288 2906 ο

1038 474 1129 503 stupes
1142 478 1234 498 eorum
1249 473 1427 506 tolerantiam,
1437 475 1495 510 ejus
1508 481 1585 511 stupe
1597 485 1758 512 generosum
1773 481 1826 507 ani-

1038 521 1121 546 mum,
1133 523 1187 550 quo
1203 517 1281 544 talem
1297 518 1371 546 adire
1384 525 1497 548 mortem
1512 529 1575 550 ausa
1587 523 1632 550 sit.
1648 524 1687 552 Ne
1696 533 1761 553 vero
1774 533 1827 553 cur-

1037 559 1087 585 sim
1102 568 1157 587 rem
1173 567 1332 595 praetereas;
1349 564 1395 591 sed
1409 566 1494 600 cogita
1506 574 1559 602 quo
1571 575 1652 596 sensu
1668 569 1827 605 fueritvirge

1038 609 1140 638 tenera,
1155 614 1214 641 qum
1229 607 1373 636 thalamum
1384 614 1484 638 tantum
1496 618 1614 646 noverat,
1628 615 1758 642 militibus
1770 624 1828 643 enit-

1036 650 1123 678 fertim
1141 652 1359 687 irrumpentibus,
1379 661 1440 683 ante
1457 656 1527 685 fores
1552 660 1693 693 stantibus,
1707 661 1741 689 ad
1759 663 1826 697 judi-

1036 697 1106 724 cium
1119 699 1283 732 vocantibus,
1299 700 1324 727 in
1337 700 1422 728 forum
1435 710 1483 737 pro
1499 704 1596 731 talibus
1606 707 1738 741 tantisque
1750 709 1826 736 rebus

1037 744 1214 772 trahentibus.
1230 746 1288 773 Non
1306 751 1379 781 pater
1392 749 1473 781 intus,
1488 757 1540 777 non
1555 756 1640 779 mater
1651 753 1756 787 aderat,
1775 763 1826 782 non

1037 790 1137 822 nutrix,
1150 799 1202 818 non
1212 792 1319 824 ancilla,
1335 801 1387 820 non
1402 795 1496 827 vicma,
1514 804 1566 824 non
1580 799 1663 826 amica
1674 821 1681 832 ,
1706 800 1755 827 sed
1772 802 1827 829 sola

1037 836 1106 882 inter
1117 838 1256 865 carniﬁces
1267 839 1326 866 illos
1336 845 1402 867 erat.
1419 841 1495 874 Quod
1508 843 1579 870 enim
1591 845 1664 872 exire
1677 850 1705 873 et
1717 855 1829 882 respon-

1035 880 1100 909 dere
1110 882 1278 910 carniﬁcibus
1290 884 1341 911 illis
1354 885 1482 914 militibus
1491 889 1616 922 potuerit,
1628 891 1699 924 quod
1713 880 1826 924 hiscere.

1035 927 1106 962 quod
1122 936 1214 956 vocem
1230 930 1363 964 emittere,
1378 932 1448 966 quod
1473 934 1617 968 respicere,
1632 936 1701 970 quod
1723 940 1827 965 consis-

1037 978 1093 1000 tere
1102 982 1134 1001 ac
1149 975 1292 1009 respirare,
1321 985 1374 1012 quo
1387 985 1441 1005 non
1463 984 1572 1014 stupore
1599 986 1626 1008 et
1651 982 1828 1010 admiratiOne

1035 1020 1144 1056 dignum
1159 1021 1258 1049 fuerit?
1271 1023 1328 1050 Non
1344 1030 1421 1051 erant
1436 1024 1493 1052 haec
1518 1026 1641 1054 humanm
1655 1033 1769 1062 naturre,
1782 1031 1826 1057 sed

1036 1068 1165 1103 majorem
1180 1069 1227 1096 Dei
1241 1074 1319 1097 nutus
1333 1076 1433 1105 partem
1450 1071 1590 1100 inferebat.
1606 1074 1697 1110 Neque
1713 1080 1769 1102 tum
1785 1077 1826 1103 illa

1035 1114 1123 1140 stabat
1135 1115 1232 1148 otiosa,
1248 1115 1295 1143 sed
1311 1116 1382 1151 quod
1405 1118 1430 1144 in
1456 1125 1485 1145 se
1499 1124 1556 1146 erat
1581 1125 1663 1146 totum
1689 1121 1825 1156 eﬁ‘erebat,

1035 1160 1211 1194 alacritatem,
1225 1170 1386 1197 generosum
1407 1165 1538 1198 animum,
1561 1167 1738 1201 voluntatem,
1768 1177 1827 1204 pru-

1035 1207 1161 1242 positum,
1173 1207 1383 1243 festinationem,
1405 1212 1546 1245 ardorem;
1573 1221 1668 1240 eorum
1682 1222 1746 1242 vero
1768 1215 1826 1243 ﬁnis

1036 1252 1082 1280 Dei
1096 1261 1146 1287 ope
1157 1259 1184 1281 et
1207 1262 1321 1289 superna
1347 1255 1531 1284 benevolentia
1554 1265 1683 1293 sequutus
1704 1265 1768 1287 est:
1792 1262 1826 1288 ita

1035 1304 1064 1326 ut
1077 1300 1149 1327 illam
1162 1306 1189 1328 ct
1200 1301 1327 1329 admirari
1339 1307 1368 1330 et
1382 1303 1486 1331 beatam
1498 1305 1643 1338 prmdiCare
1661 1306 1806 1334 debeamus
1818 1317 1825 1339 ;

1035 1345 1140 1372 beatam
1153 1346 1297 1381 praedicare
1311 1348 1346 1376 ob
1355 1349 1539 1377 commilitium
1558 1350 1616 1384 Dei,
1630 1352 1770 1386 admirari,
1793 1354 1827 1381 ob

1035 1393 1169 1426 propriam
1182 1393 1263 1420 animi
1290 1394 1467 1423 alacritatem.
1495 1396 1561 1430 Quis
1588 1399 1660 1425 enim
1688 1407 1742 1427 non
1768 1400 1826 1435 juro

1034 1439 1205 1472 obstupescat
1217 1439 1329 1467 audiens
1344 1441 1414 1468 illam
1430 1443 1558 1477 temporis
1587 1449 1727 1472 momento
1741 1447 1826 1472 consi-

1035 1483 1099 1510 lium
1123 1484 1224 1516 iniisse,
1247 1486 1421 1514 conﬁrmasse
1440 1491 1466 1514 et
1486 1487 1520 1514 ad
1545 1489 1645 1516 exitum
1668 1490 1827 1518 deduxisse'

1033 1527 1123 1555 Nostis
1134 1530 1232 1563 quippe
1247 1538 1340 1558 omnes
1350 1538 1422 1566 saepe
1437 1533 1568 1566 accidere,
1585 1539 1613 1561 ut
1626 1542 1686 1569 qua!
1700 1535 1745 1562 diu
1770 1543 1824 1562 me-

1033 1572 1108 1600 ditati
1125 1582 1227 1606 sumus,
1243 1574 1357 1603 instante
1370 1579 1496 1612 temporis
1504 1579 1654 1612 occasione,
1670 1581 1826 1616 modicoque

1034 1624 1151 1647 mentem
1163 1621 1305 1648 invadente
1321 1627 1403 1656 metu,
1418 1625 1528 1650 consilia
1544 1626 1633 1652 omnia
1647 1627 1729 1653 missa
1745 1627 1824 1654 fama-

1034 1673 1103 1698 mus,
1118 1667 1238 1701 angustia
1255 1667 1394 1694 confestim
1410 1669 1541 1696 deterriti.
1558 1670 1602 1697 llla
1619 1679 1684 1698 vero
1698 1677 1753 1700 tam
1767 1672 1826 1700 1101·-

1034 1711 1156 1744 rendam,
1183 1716 1236 1739 tam
1257 1713 1425 1742 formidabile
1451 1716 1591 1743 consilium
1618 1725 1673 1744 uno
1699 1719 1825 1754 temporis

1034 1762 1169 1784 momento
1177 1758 1321 1792 suscipere,
1331 1759 1486 1793 decernere,
1497 1769 1578 1796 opere
1588 1763 1717 1797 perﬁcere
1725 1766 1808 1798 potuit
1818 1774 1824 1780 ·

1035 1811 1086 1829 non
1100 1803 1272 1838 praesentium
1297 1811 1392 1838 terror,
1414 1814 1466 1833 non
1479 1807 1604 1835 celeritas
1619 1810 1759 1842 temporis,
1775 1818 1824 1838 non

1033 1850 1148 1877 solitudo
1162 1851 1231 1878 inter
1245 1851 1364 1885 insidias,
1379 1860 1431 1879 non
1445 1853 1514 1888 quod
1526 1854 1582 1881 sola
1598 1855 1668 1882 intus
1680 1861 1762 1888 esset,
1776 1865 1824 1883 non

1033 1897 1102 1924 aliud
1116 1898 1250 1933 quidpiam
1266 1898 1415 1933 hujusmodi
1430 1899 1534 1927 beatam
1547 1901 1617 1928 illam
1634 1902 1765 1935 turbavit;
1781 1903 1824 1930 sed

1033 1944 1108 1978 quasi
1123 1945 1299 1978 pra'sentibns
1310 1946 1402 1972 amicis
1425 1950 1452 1973 et
1471 1947 1552 1978 notis,
1574 1948 1612 1974 sic
1625 1956 1685 1974 cum
1706 1949 1826 1977 libertate

1033 1989 1120 2016 omnia
1137 1989 1217 2022 fecit;
1233 1998 1264 2017 ac
1274 1990 1334 2024 jure
1345 1991 1450 2025 quidem
1467 1991 1574 2019 merito.
1590 1992 1647 2019 Non
1674 1995 1747 2020 enim
1770 1995 1824 2022 sola

1033 2034 1104 2062 intus
1117 2040 1184 2066 erat,
1200 2035 1247 2062 sed
1259 2035 1349 2063 Jcsum
1361 2036 1475 2064 habebat
1487 2038 1667 2066 consiliarium
1686 2049 1691 2066 :
1709 2041 1765 2074 ipse
1780 2042 1824 2068 ad-

1033 2087 1100 2114 erat,
1118 2083 1173 2116 ipse
1188 2090 1235 2109 cor
1248 2082 1304 2117 ejus
1321 2083 1454 2118 tangebat,
1470 2084 1526 2118 ipse
1547 2085 1666 2112 animum
1682 2086 1820 2113 conﬁrma-

1033 2129 1089 2161 bat,
1106 2129 1162 2163 ipse
1176 2133 1275 2155 mt-tum
1288 2129 1414 2163 pellebat.
1429 2129 1494 2156 Illud
1507 2135 1595 2157 autem
1610 2139 1664 2158 non
1679 2132 1738 2159 sine
1748 2140 1823 2158 causa

1034 2165 1158 2207 faciebat,
1172 2174 1218 2200 sed
1234 2174 1294 2209 quia
1307 2174 1363 2209 ipsa
1378 2179 1479 2210 martyr
1491 2183 1522 2203 se
1540 2180 1618 2204 antea
1644 2177 1755 2212 dignam
1770 2178 1824 2212 ejus

1032 2221 1122 2247 auxilii
1134 2221 1291 2254 pra-buerat.

1067 2266 1094 2293 ‘2.
1109 2267 1220 2301 Egressa
1241 2267 1329 2301 itaque
1341 2273 1356 2293 a
1373 2266 1503 2294 militibus
1521 2267 1605 2302 petiit,
1622 2272 1651 2295 ut
1666 2268 1717 2295 sibi
1732 2269 1824 2296 liceret

1033 2313 1134 2347 ingredi
1149 2317 1175 2339 et
1188 2317 1288 2340 vestem
1308 2317 1411 2339 mutare
1428 2321 1434 2339 :
1448 2317 1527 2347 atque.
1541 2313 1658 2347 ingressa
1678 2314 1764 2341 induit
1783 2315 1824 2341 in~

1032 2358 1230 2392 corruptionem
1255 2365 1303 2393 pro
1324 2359 1505 2392 corruptione,
1531 2359 1758 2387 immortalitatem
1780 2369 1824 2394 pro

1032 2410 1128 2437 morte,
1157 2405 1236 2432 vitam
1264 2405 1460 2432 interminatam
1489 2413 1537 2439 pro
1558 2410 1743 2440 temporanea.
1769 2406 1823 2441 Ego

1032 2458 1096 2478 vero
1110 2455 1206 2486 prmter
1219 2458 1260 2482 ea.
1275 2458 1334 2485 qua:
1343 2451 1412 2478 dicta
1423 2455 1496 2481 sunt.
1511 2457 1538 2478 et
1551 2450 1601 2478 hoc
1616 2451 1745 2483 admiror,
1757 2460 1822 2487 quo-

1032 2497 1111 2524 modo
1125 2498 1223 2524 milites
1233 2505 1291 2524 eam
1308 2497 1345 2524 illi
1360 2498 1674 2532 concesserintgratiam,
1689 2499 1822 2533 quomodo

1032 2543 1128 2570 mulier
1141 2543 1211 2570 viros
1230 2543 1374 2577 deceperit,
1397 2542 1531 2577 quomodo
1555 2543 1621 2570 nihil
1646 2551 1751 2577 eorum,
1766 2551 1823 2579 qua:

1031 2593 1157 2616 eventura
1178 2594 1263 2619 erant,
1283 2588 1408 2622 suspicati
1426 2588 1489 2620 sint,
1511 2588 1645 2623 quomodo
1659 2589 1751 2616 dolum
1772 2598 1821 2618 non

1031 2634 1220 2662 intellexerint.
1237 2633 1328 2668 Neque
1344 2634 1415 2660 enim
1440 2638 1482 2660 est
1496 2634 1567 2668 quod
1587 2634 1673 2667 dicas,
1689 2635 1817 2662 neminem

1030 2688 1156 2715 umquam
1173 2687 1230 2706 rem
1245 2679 1359 2706 similem
1378 2680 1472 2707 fecisse
1488 2688 1495 2706 τ
1520 2680 1611 2707 multa:
1626 2680 1699 2707 enim
1713 2680 1815 2709 fortasst

1030 2736 1060 2756 se
1074 2728 1223 2763 praeipites
1235 2727 1366 2754 dederunt
1379 2747 1386 2759 ,
1402 2734 1514 2761 seseque
1535 2727 1561 2752 in
1575 2727 1685 2762 pelagus
1700 2728 1813 2762 conje-‘e-

1030 2780 1103 2807 runt,
1116 2774 1154 2801 vel
1168 2779 1257 2808 pectus
1269 2772 1356 2809 gladio
1372 2772 1541 2807 trajecerant,
1554 2773 1595 2799 vel
1607 2773 1703 2807 laqueo
1716 2780 1744 2799 se
1756 2780 1810 2807 pne.

1032 2821 1152 2848 focarunt
1167 2829 1173 2846 :
1188 2824 1292 2854 tempus
1305 2819 1403 2854 quippe
1416 2818 1479 2845 illud
1494 2818 1647 2853 hujusmodi
1658 2819 1818 2846 dramatibuu

1033 2867 1138 2903 plenum
1153 2871 1221 2893 erat.
1238 2865 1270 2892 At
1282 2865 1351 2892 Dens
1365 2872 1411 2892 cor
1424 2872 1516 2892 eorum
1528 2865 1682 2899 excmcavit,
1697 2870 1723 2891 ut
1733 2863 1814 2891 dolurt
