1967 3125
128 176 177 204 881

126 240 181 260 non
195 230 381 259 adorerentur.
404 228 581 264 Quamobrem
596 235 629 255 ex
642 227 737 255 mediis
754 226 797 253 illa
812 226 912 253 retibus

125 277 243 304 avolavit
255 286 262 303 :
273 283 305 304 ac
317 274 538 312 quemadmodum
551 280 628 301 cerva
641 273 667 301 in
680 273 750 308 ipsas
758 277 915 300 venatorum

126 331 222 351 manus
234 323 355 358 delapsa,
367 322 480 356 indeque
494 326 583 356 postea
594 320 731 356 aufugiens
746 319 772 346 in
786 319 914 346 verticem

126 369 226 396 montis
240 368 410 396 venatoribus
424 372 452 395 et
469 367 528 395 telis
548 367 713 394 inaccessum
741 373 771 393 se
789 365 892 393 confert
905 386 912 398 ,

125 422 289 449 cursumque
312 413 417 441 tandem
444 413 524 445 sistit,
548 417 629 448 atque
648 412 674 439 in
690 416 747 439 tuto
759 411 844 446 posita
857 419 914 444 eos,

127 460 171 493 qui
194 459 246 486 sibi
261 459 464 491 insidiabantur,
482 458 591 493 respicit
604 466 612 485 :
625 458 665 486 sio
680 462 708 485 et
723 458 766 485 illa
780 457 806 484 in
823 464 916 484 manus

127 505 310 532 insidiantium
326 504 432 539 delapsa
446 525 452 536 ,
474 509 501 531 et
516 503 660 538 parietibus
673 504 748 539 quasi
763 503 862 531 retibus
874 503 916 530 in-

129 555 174 577 tus-
191 550 397 586 comprehensa,
416 550 527 585 aufugit,
542 557 594 577 non
617 550 644 577 in
667 550 765 577 montis
778 549 915 581 verticem,

128 597 175 624 5rd
191 598 217 624 in
232 597 317 632 ipsum
328 597 386 624 ett-li
398 595 623 628 cacumen;unde
635 596 696 623 illos
710 595 816 622 intuens
825 596 916 622 vacuis

128 642 250 670 manibus
261 647 435 676 revertentes,
447 643 558 669 multum
571 641 711 677 gaudebat,
726 649 786 668 eum
797 641 917 668 infideles

129 689 231 723 pudore
245 688 361 716 suffusos
372 692 503 715 cerneret.
513 687 619 722 Cogites
625 694 738 722 namque
748 687 826 715 velim
836 687 916 721 quale

127 734 177 761 fuit
198 733 273 767 illud,
295 734 404 762 sedente
424 733 521 769 judice,
550 733 715 760 adstantibus
736 732 914 764 carniﬁcibus,

128 779 230 814 paratis
244 780 392 813 tormentis,
408 779 530 806 universa
545 783 637 806 coacta
650 777 829 810 multitudine,
854 785 914 804 cum

129 825 230 853 milites
249 829 444 860 exspectarent,
455 832 513 861 pra:
525 824 658 860 voluptate
672 823 845 860 gestientibus
855 831 914 850 om-

129 871 217 904 nibus,
234 879 263 899 se
280 871 398 906 praedam
411 876 566 906 accepturos
584 870 763 905 sperantibus,
780 874 841 897 tunc
856 869 917 896 red-

129 917 192 944 iisse
213 924 272 949 eos,
292 917 336 952 qui
354 917 387 944 ad
407 916 432 944 id
457 916 531 944 missi
547 917 666 948 fuerant,
683 916 754 943 vultu
769 915 795 942 in
818 920 915 942 terram

129 963 257 995 demisso,
271 971 380 998 remque
392 967 492 998 gestam
505 969 637 990 narrasse.
646 962 778 995 Quantum
790 960 916 992 dedecus,

129 1014 257 1043 quantum
280 1016 423 1036 maerorem
447 1016 478 1036 ac
499 1008 625 1043 probrum
648 1007 769 1035 infideles
782 1007 841 1034 illos
855 1011 917 1034 tunc

129 1054 252 1082 affecisse
265 1062 314 1090 par
326 1058 369 1082 est
380 1055 392 1081 ?
403 1062 481 1089 quam
496 1054 568 1081 vultu
588 1054 713 1086 demisso,
735 1056 834 1088 quanto
856 1060 916 1080 cum

129 1102 231 1136 pudore
246 1098 356 1129 rediisse
368 1107 446 1136 putes
465 1101 525 1128 illos
537 1122 544 1133 ,
559 1108 619 1128 cum
641 1100 795 1128 didicissent
809 1106 839 1126 se
862 1106 914 1126 non

128 1154 187 1174 cum
199 1146 361 1179 hominibus,
377 1147 423 1174 sed
434 1154 493 1174 cum
509 1146 564 1173 Deo
579 1146 676 1173 bellum
690 1145 805 1181 gerere?
819 1144 917 1179 Joseph

129 1192 201 1220 berte
213 1200 269 1220 sua:
282 1192 385 1220 insidiis
399 1193 541 1228 appetitus,
562 1193 728 1225 vestimento,
751 1191 821 1226 quod
840 1190 918 1219 foedis

129 1238 251 1267 barbarae
269 1235 395 1267 'mulieris
416 1239 538 1267 manibus
552 1238 701 1272 tenebatur,
714 1238 816 1270 relicto,
832 1237 918 1264 nudus

127 1285 192 1312 exiit
204 1294 212 1312 :
227 1285 286 1313 haec
301 1292 364 1312 vero
373 1292 470 1319 corpus
484 1285 590 1312 lascivis
602 1284 716 1312 detineri
727 1284 849 1312 manibus
863 1291 917 1311 non

131 1331 203 1362 sivit.
211 1330 258 1358 sed
269 1330 340 1358 nuda
353 1337 413 1358 cum
424 1330 511 1357 anima
524 1329 681 1362 ascendens,
695 1336 852 1364 sacramque
859 1335 918 1356 car-

128 1384 189 1403 nem
204 1376 275 1412 apud
289 1376 380 1404 hostes
392 1376 556 1410 relinquens,
567 1375 593 1402 in
604 1383 724 1409 magnam
736 1374 796 1402 illos
810 1373 916 1401 consilii

128 1422 246 1456 inopiam
262 1422 376 1456 conjecit
389 1431 396 1448 :
413 1429 499 1457 neque
514 1421 584 1449 enim
599 1421 718 1448 sciebant
737 1420 800 1456 quid
812 1420 846 1448 de
855 1420 919 1448 reli-

127 1469 198 1502 quiis
209 1468 261 1496 illis
275 1468 402 1495 facerent.
417 1468 490 1495 Talia
503 1472 565 1494 sunt
584 1467 628 1494 Dei
645 1467 771 1501 prteclara
785 1470 870 1502 gesta,
890 1470 918 1493 ut

128 1521 222 1541 Servus
234 1521 298 1541 suos
308 1521 339 1541 ex
353 1514 472 1549 angustia
485 1513 510 1540 in
523 1513 736 1548 tranquillitatem
743 1518 863 1547 magnam
870 1511 918 1538 de-

128 1560 227 1592 ducat;
253 1559 420 1586 adversarios
441 1564 529 1586 autem
555 1563 583 1585 et
603 1558 693 1585 hostes
715 1565 776 1584 cum
792 1564 919 1592 prospere

130 1608 232 1636 habere
245 1607 370 1635 videntur
382 1628 390 1640 ,
401 1607 427 1634 in
441 1611 592 1634 extremam
606 1605 707 1632 consilii
728 1605 843 1639 inopiam
854 1604 921 1638 deji-

131 1660 194 1682 cmt.
216 1654 282 1688 Quae
300 1654 371 1681 enim
386 1654 508 1688 angustia
525 1652 610 1687 major
625 1652 677 1684 illa,
694 1652 720 1678 in
736 1659 815 1686 quam
830 1650 916 1685 puella

130 1706 194 1728 tunc
207 1700 335 1728 inciderat
347 1699 433 1734 'fquid
449 1698 575 1726 facilitate
589 1697 632 1725 illa
651 1696 746 1731 majus,
761 1696 788 1723 in
800 1703 851 1731 qua
863 1699 918 1722 tum

129 1746 229 1773 milites
253 1744 447 1772 versabantur?
470 1743 560 1771 Solam
589 1743 666 1769 illam
683 1742 753 1769 intus
781 1740 917 1768 habebant

130 1791 362 1827 comprehensam,
374 1790 446 1818 domi
459 1797 507 1817 ceu
523 1790 548 1816 in
561 1797 670 1817 carcere
683 1788 824 1818 inclusam.
839 1791 866 1814 et
878 1791 919 1813 ta-

131 1844 192 1865 men
206 1837 394 1864 abscesserunt
405 1836 501 1863 amissa
515 1835 613 1870 prreda.
631 1834 744 1860 Rursum
761 1833 847 1867 puella
864 1832 919 1859 sola

131 1883 232 1910 auxilio
243 1891 353 1918 prorsus
363 1887 389 1910 et
404 1890 455 1917 ope
474 1882 610 1914 destituta,
625 1881 726 1908 nullum
738 1880 922 1913 undecumque

131 1930 166 1956 ab
181 1929 308 1956 aerumnis
321 1929 420 1955 esitum
441 1928 543 1958 videns,
560 1926 675 1953 ferarum
690 1925 780 1952 oribus
792 1923 920 1959 proxima,

131 1983 163 2002 et
178 1975 254 2010 ipsis,
268 1979 298 2002 ut
312 1975 346 2001 ita
366 1974 464 2006 dicam,
485 1973 604 2000 faucibus
619 1976 721 2006 erepta,
737 1970 847 1998 insidias
856 1969 925 1997 elfu-

131 2021 180 2054 git,
194 2011 303 2054 milites,
317 2020 429 2054 judices,
447 2019 581 2053 principes
597 2017 741 2052 superavit.
755 2017 795 2043 Ac
804 2015 867 2042 dum
879 2014 922 2042 illa

133 2072 245 2099 viveret,
254 2066 337 2101 ipsam
351 2074 380 2093 se
390 2070 562 2100 superaturos
574 2064 718 2099 sperabant
728 2070 822 2090 onmes
833 2071 840 2095 ;
850 2066 923 2097 post-

132 2119 212 2147 quam
227 2116 315 2138 autem
338 2116 442 2138 mortua
469 2115 526 2143 est,
542 2115 604 2138 tunc
627 2110 653 2137 in
669 2109 797 2144 majorem
818 2108 923 2136 consilii

133 2158 250 2192 inopiam
263 2157 362 2191 delapsi
376 2161 437 2183 sunt
449 2165 455 2182 :
466 2161 494 2182 ut
508 2156 643 2183 discerent
660 2162 768 2182 noun!
778 2161 922 2181 narva

135 2211 197 2230 esse
211 2202 347 2230 victoriam
368 2206 523 2237 martyrum.
538 2201 650 2228 Perinde
660 2199 840 2232 vcroaccidit,
855 2206 886 2226 ac
901 2198 923 2226 si

135 2248 212 2276 navis
238 2248 386 2275 innumeris
411 2247 545 2275 mercibus
573 2246 774 2281 margaritisque
801 2245 925 2280 pretiosis

134 2300 242 2326 onusta,
266 2294 292 2321 in
316 2294 378 2328 ipso.
396 2298 487 2328 portus
513 2293 584 2320 aditu
604 2292 780 2319 decumanum
804 2291 923 2322 fluctum,

134 2341 197 2367 iuox
207 2340 280 2367 illam
292 2340 502 2371 submersuruln,
515 2338 652 2373 effugiens,
666 2338 723 2372 ipso
735 2337 864 2364 undarum
876 2337 926 2363 im-

136 2391 197 2419 petu
211 2385 325 2413 celerius
339 2386 366 2412 in
388 2391 493 2420 portum
509 2383 714 2412 transmittatur.
738 2382 783 2410 Sic
801 2387 828 2409 et
841 2382 925 2409 beata:

138 2432 250 2466 Pelagia:
267 2431 388 2466 contigit.
415 2430 480 2458 Nam
495 2430 608 2457 militum
629 2429 761 2460 incursus,
779 2427 925 2455 futurorum

135 2478 302 2505 «:ruciatuum
317 2482 412 2510 metus,
436 2476 631 2512 minaejudieis,
650 2475 708 2502 htec
728 2482 824 2509 nempe
837 2473 925 2501 omnia

135 2524 260 2552 fluctibus
285 2523 467 2551 vehementius
497 2523 644 2556 ingruentia
666 2522 697 2551 jd
723 2520 876 2553 effecerunt,
899 2525 927 2546 ut

136 2570 219 2597 ιιιιιιιο
242 2570 359 2597 celerius
374 2569 400 2596 in
413 2570 507 2596 caelum
521 2569 657 2600 avolaret;
671 2566 820 2601 ﬂuctusque
832 2573 925 2593 navem

134 2616 326 2643 submersurus
337 2614 408 2642 illam
417 2614 494 2641 citius
506 2613 532 2641 in
543 2613 711 2647 tranquillum
721 2617 827 2647 portum
839 2617 927 2639 trans-

136 2663 208 2690 misit
221 2670 229 2695 ;
245 2661 342 2689 deinde
353 2669 449 2696 corpus
463 2660 526 2688 illud
535 2661 577 2688 vel
587 2660 690 2694 fulgure
703 2659 868 2694 splendidius
878 2659 926 2686 de-

137 2707 283 2739 ferebatur,
307 2707 404 2734 diaboli
426 2706 517 2733 oculos
531 2706 639 2732 feriens.
653 2705 711 2731 Non
724 2705 794 2732 enim
814 2704 901 2739 fulgur
914 2713 928 2731 c

136 2754 202 2780 celo
214 2753 360 2781 demissum
376 2752 411 2779 ita
426 2752 501 2779 nobis
511 2751 628 2779 terribile
638 2755 689 2784 est,
707 2756 734 2778 ut
745 2758 842 2785 corpus
856 2759 926 2777 mar-

138 2800 202 2834 Iyris
219 2799 322 2834 fulgure
338 2799 396 2833 ipso
409 2798 514 2833 gravius
528 2798 677 2825 daemonum
701 2798 844 2833 phalangas
868 2806 928 2832 per-

139 2845 335 2871 lcrrehrieltat.

173 2892 198 2920 5.
217 2891 257 2917 fit
270 2891 353 2917 rfiu'tto
369 2895 429 2916 nutu
447 2889 549 2924 I’rlngi't
563 2898 588 2917 se
607 2890 756 2924 pm‘ciuitlm
777 2890 829 2917 (lat.
847 2906 875 2910 —
897 2889 929 2918 [1

516 173 560 201 DE
578 172 608 201 S.
628 170 774 200 PEBAGIA
794 167 933 197 VI‘RGIN'E
945 166 990 197 ΕΤ
1006 169 1182 198 MARTYRE.
1204 171 1315 199 HOMIL.
1328 171 1349 200 l:

1703 174 1755 203 ﬁsa

967 232 1031 252 vero
1045 225 1131 253 discas
1144 226 1169 254 id
1186 234 1237 254 non
1250 228 1306 255 sine
1318 227 1406 256 divino
1421 234 1483 257 nutu
1505 229 1602 258 factum
1622 231 1712 266 fuisse,
1731 234 1754 260 id

966 271 1081 299 maxime
1100 273 1259 308 comperias,
1285 279 1339 301 tum
1354 282 1386 301 ex
1399 275 1516 310 virginis
1528 276 1676 312 alacritate,
1700 283 1755 306 tum

966 325 998 346 ex
1011 326 1054 351 eo,
1065 319 1135 354 quod
1147 319 1242 348 milites
1252 319 1340 348 dolum
1355 328 1407 349 non
1418 322 1565 357 olfecerint,
1577 325 1647 360 quod
1658 329 1756 361 petenti

966 366 1117 397 annuerint,
1128 369 1156 393 et
1163 366 1232 401 quod
1241 374 1283 393 res
1289 367 1321 394 ad
1332 368 1430 395 exitum
1438 368 1547 398 deducta
1554 372 1588 398 sit
1597 381 1604 399 :
1611 380 1700 409 neque
1706 375 1740 400 mi
1749 389 1756 394 -

967 418 1016 437 nus
1032 410 1056 437 id
1077 410 1197 438 ediscere
1212 412 1289 439 liceat
1302 420 1334 440 ex
1356 413 1411 447 ipsa
1435 416 1528 443 mortis
1547 417 1657 445 ratione.
1683 418 1756 446 Multi

967 456 1038 482 enim
1052 464 1066 483 e
1079 456 1184 484 sublimi
1200 462 1269 485 tecto
1282 457 1394 493 delapsi,
1410 459 1474 487 nihil
1497 461 1558 488 mali
1585 463 1653 496 passi
1678 470 1756 497 sunt;

967 501 1011 527 alii
1027 501 1089 528 item
1105 501 1232 529 membris
1241 503 1399 537 quibusdam
1410 506 1530 539 corporis
1541 507 1663 540 mutilati,
1679 509 1757 545 lengu

968 551 1028 580 post
1039 546 1138 582 lapsum
1155 552 1274 582 tempore
1295 549 1418 576 vixerunt
1434 559 1440 576 :
1457 550 1540 578 beata:
1560 556 1647 580 autem
1666 554 1758 589 virgini

968 592 1032 618 nihil
1048 592 1199 627 hujusmodi
1223 595 1377 630 contingere
1391 596 1473 624 voluit
1500 598 1587 631 Deus;
1612 599 1658 627 sed
1681 600 1761 635 jussit

967 639 1080 664 animam
1095 639 1183 665 statim
1199 647 1230 666 ex
1244 647 1356 675 corpore
1368 642 1450 676 exire,
1470 646 1497 670 et
1511 651 1579 678 eam,
1608 650 1636 672 ut
1649 653 1707 680 qum
1720 654 1761 673 sa-

970 685 1002 711 tis
1017 682 1144 712 certasset
1156 686 1296 721 omniaque
1310 687 1453 722 implesset,
1475 691 1589 724 excepit.
1610 691 1667 718 Non
1689 693 1760 719 enim

967 738 1000 757 ex
1015 738 1092 758 casus
1102 736 1204 764 natura,
1224 732 1274 759 sed
1293 740 1326 760 ex
1349 733 1395 761 Dei
1414 734 1489 768 jussu
1510 743 1582 764 mors
1599 743 1760 773 consequuta

967 780 1018 802 est.
1033 776 1140 804 Jacebat
1153 777 1248 804 deinde
1261 785 1358 812 corpus
1377 787 1430 806 non
1444 779 1470 806 in
1483 780 1563 815 lecto,
1577 781 1624 809 sed
1635 782 1661 809 in
1681 782 1738 809 solo
1753 793 1759 809 :

968 825 996 847 at
1011 829 1062 848 non
1075 822 1134 849 ideo
1145 830 1241 857 expers
1254 823 1364 851 honoris
1379 829 1435 852 erat
1449 826 1519 860 quod
1532 827 1558 854 in
1572 828 1628 855 solo
1636 828 1737 863 jaceret
1751 839 1758 862 ;

968 866 1014 893 sed
1028 867 1112 894 solum
1127 868 1213 902 ipsum
1227 869 1405 897 venerandum
1420 875 1478 898 erat
1491 872 1582 906 ,‘quod
1596 877 1665 900 tanta
1678 874 1761 909 gloria

971 914 1111 948 praeditum
1123 922 1218 950 corpus
1232 917 1390 951 excepisset.
1404 917 1441 944 Ex
1458 918 1508 946 hoc
1521 919 1578 953 ipso
1590 920 1667 955 igitur
1683 928 1763 947 vene-

969 959 1076 986 rabilius
1090 966 1187 995 corpus
1201 961 1265 988 illud
1279 968 1345 996 erat,
1358 963 1429 997 quod
1444 963 1469 990 in
1489 964 1546 991 solo
1557 964 1658 999 jaceret
1673 975 1680 991 :
1695 973 1761 993 cono

970 1006 1084 1033 tumelias
1099 1014 1212 1042 namque
1227 1013 1334 1043 propter
1346 1009 1479 1036 Christum
1491 1010 1614 1046 irrogatze
1624 1013 1762 1040 accensio‘

969 1059 1030 1079 nem
1050 1052 1126 1079 nobis
1141 1054 1260 1088 praebent
1282 1054 1399 1082 honoris.
1433 1054 1541 1083 Jaeebat
1556 1057 1634 1091 igitur
1647 1058 1672 1084 in
1692 1058 1760 1090 solo.

969 1103 1080 1133 angusto
1094 1099 1163 1133 loco,
1180 1099 1326 1134 virgineum
1342 1100 1406 1128 illud
1417 1106 1443 1128 et
1456 1108 1520 1128 auro
1535 1103 1675 1136 pretiosius
1699 1111 1761 1130 cor-

971 1152 1019 1179 pus
1034 1154 1041 1171 :
1057 1145 1264 1172 circumstabant
1280 1146 1376 1181 angeli,
1395 1147 1587 1175 venerabantur
1611 1149 1763 1184 archangeli

969 1197 1062 1217 omnes
1077 1199 1084 1217 :
1097 1190 1189 1218 aderat
1202 1191 1258 1226 ipse
1271 1191 1403 1219 Christus.
1419 1191 1484 1219 Nam
1493 1193 1515 1220 si
1530 1193 1587 1220 heri
1601 1193 1762 1222 domesticos

970 1235 1136 1264 honestiores
1149 1242 1268 1264 mortuos
1281 1236 1404 1271 efferunt,
1426 1246 1474 1266 nec
1489 1239 1656 1274 erubescunt,
1679 1241 1763 1268 multo

971 1283 1054 1318 magis
1066 1282 1187 1310 Christus
1201 1291 1270 1317 eam,
1282 1292 1341 1319 quae.
1356 1285 1397 1312 sui
1410 1292 1489 1312 causa
1504 1285 1618 1313 animam
1627 1287 1760 1321 emiserat,

973 1335 1127 1366 tantumque
1138 1331 1249 1366 periculi
1270 1332 1382 1364 adierat,
1409 1340 1456 1360 sua
1476 1335 1616 1368 praesentia
1631 1334 1763 1363 honorare

970 1383 1023 1403 non
1033 1376 1178 1403 erubuerit.
1186 1377 1295 1405 Jacebat
1307 1378 1386 1413 igitur
1397 1386 1521 1414 maguum
1534 1379 1652 1408 funerale
1663 1380 1762 1409 habens

970 1421 1126 1457 martyrium
1140 1422 1315 1450 confessionis
1328 1428 1423 1451 ornatu
1438 1424 1573 1458 decorata,
1594 1426 1667 1453 omni
1689 1428 1760 1462 regia

971 1474 1096 1502 purpura,
1112 1468 1185 1495 omni
1199 1473 1270 1496 veste
1284 1469 1399 1504 pretiosa
1412 1470 1567 1504 pretiosiore
1582 1471 1649 1498 stola
1661 1472 1762 1506 induta,

969 1520 1054 1548 eaque
1066 1512 1177 1548 duplici,
1194 1521 1289 1548 nempe
1310 1514 1469 1549 virginitatis
1488 1520 1516 1543 et
1537 1517 1658 1551 martyrii
1674 1526 1680 1543 :
1701 1525 1760 1545 cum

971 1559 1012 1586 his
1026 1558 1190 1586 funeralibns
1212 1560 1326 1587 adstabit
1349 1560 1471 1587 tribunali
1484 1560 1591 1589 Christi.
1607 1562 1700 1590 Talem
1716 1571 1764 1590 nos

970 1612 1076 1639 quoque
1085 1609 1188 1632 vestem
1201 1605 1354 1633 studeamus
1364 1606 1483 1634 viventes
1495 1614 1526 1634 ae
1538 1608 1634 1634 mortui
1648 1608 1762 1636 habere:

970 1651 1045 1685 gnari
1059 1658 1131 1684 eum,
1146 1651 1189 1686 qui
1205 1652 1295 1679 aureis
1302 1653 1467 1680 vestimentis
1475 1661 1572 1688 corpus
1585 1659 1705 1686 exornet,
1722 1655 1763 1681 "i1

974 1696 1009 1722 hil
1022 1696 1082 1724 inde
1096 1697 1215 1724 utilitatis
1232 1698 1379 1732 percipere,
1401 1699 1455 1725 imo
1468 1699 1557 1733 potius
1570 1699 1596 1726 in
1616 1700 1776 1727 multorum.

972 1742 1206 1777 reprehensionem
1216 1743 1361 1776 incurrere,
1379 1748 1407 1771 ut
1416 1744 1460 1779 qui
1473 1752 1507 1771 ne
1522 1745 1547 1771 in
1559 1750 1645 1773 morte
1657 1746 1761 1781 quidem

972 1795 986 1814 a
998 1795 1064 1814 vana
1077 1787 1159 1824 gloria
1180 1788 1305 1820 recedat;
1319 1789 1360 1815 sin
1378 1788 1475 1816 virtute
1495 1790 1529 1816 sit
1543 1790 1653 1823 inditus,
1668 1791 1764 1818 multos

973 1834 1052 1861 etiam
1066 1840 1124 1868 post
1138 1839 1250 1861 mortem
1267 1834 1416 1862 laudatores
1437 1835 1553 1862 habebit.
1580 1836 1684 1863 Etenim
1699 1836 1763 1871 ipsis

973 1880 1052 1906 etiam
1069 1879 1251 1914 imperialibus
1263 1881 1330 1907 aulis
1343 1880 1507 1916 splendidius
1521 1881 1590 1916 apud
1604 1889 1697 1909 omnes
1713 1883 1763 1909 erit

973 1925 1124 1960 sepulcrum
1134 1925 1208 1958 illud,
1219 1926 1261 1953 ubi
1274 1933 1371 1960 corpus
1379 1925 1502 1960 jacuerit,
1519 1926 1588 1962 quod
1599 1934 1660 1954 cum
1669 1926 1765 1954 virtute

974 1979 1006 1998 ae
1021 1971 1118 2006 pietate
1131 1972 1235 1999 vixerit.
1248 1971 1331 2007 Hujus
1339 1973 1376 1999 rei
1391 1977 1471 1999 testes
1483 1980 1529 1999 vos
1543 1973 1617 2004 estis,
1633 1973 1678 2007 qui
1699 1973 1764 2000 diri-

976 2022 1030 2044 tum
1048 2017 1183 2052 sepulcra,
1205 2018 1255 2045 etsi
1284 2018 1488 2045 aureis-ornata
1514 2019 1690 2051 vestimentis,
1715 2027 1775 2046 ceu.

975 2063 1115 2097 speluncas
1128 2064 1371 2098 prmtermittentes,
1385 2064 1418 2091 ad
1432 2069 1550 2091 sanctam
1565 2072 1661 2099 magno
1677 2065 1765 2092 studio

975 2109 1123 2142 accurritis,
1146 2110 1207 2144 quia
1227 2117 1288 2137 cum
1310 2117 1370 2137 sese
1391 2110 1528 2146 martyrio,
1550 2110 1718 2138 confessione
1740 2117 1766 2138 et

976 2154 1124 2189 virginitate
1149 2155 1260 2182 vestium
1283 2162 1423 2182 aurearum
1440 2155 1497 2182 loco
1511 2155 1650 2189 induisset,
1666 2161 1767 2192 martyr

976 2199 1108 2227 discessit.
1131 2199 1197 2227 Eam
1223 2200 1311 2234 itaque
1331 2207 1379 2235 pro
1400 2200 1500 2228 viribus
1524 2200 1657 2228 imitemur
1677 2209 1780 2235 :cou-,

978 2246 1133 2280 tempsitilla
1144 2246 1236 2278 vitam,
1250 2251 1451 2274 contemnamus
1459 2251 1486 2274 et
1499 2255 1547 2274 nos
1557 2247 1676 2281 delicias,
1693 2256 1767 2276 sum-

978 2297 1088 2327 ptuosos
1101 2292 1260 2320 irrideamus
1271 2298 1424 2328 apparatus,
1438 2293 1621 2321 abstineamus
1633 2294 1667 2321 ab
1681 2294 1766 2323 ebrie-

979 2343 1042 2371 tate,
1055 2339 1188 2374 crapulam
1197 2339 1337 2374 fugiamus.
1347 2338 1440 2374 Neque
1448 2340 1506 2367 sine
1513 2347 1593 2367 causa
1604 2340 1646 2367 sic
1655 2340 1749 2375 loquor
1760 2350 1767 2367 :

979 2385 1025 2411 sed
1036 2385 1096 2419 quia
1109 2385 1207 2412 multos
1218 2384 1274 2419 jam
1287 2384 1375 2418 video,
1387 2385 1432 2420 qui
1446 2390 1505 2420 post
1516 2385 1698 2413 solutumboc
1711 2386 1766 2420 spi-

979 2431 1073 2457 rituale
1086 2431 1218 2458 theatrum
1231 2430 1264 2458 ad
1277 2431 1442 2462 ebrietatem.
1457 2431 1490 2459 ad
1505 2439 1649 2466 cauponas,
1672 2431 1706 2460 ad
1728 2432 1769 2460 di-

982 2477 1159 2504 vorsoriorum
1167 2484 1283 2509 mensas,
1293 2477 1325 2504 ad
1335 2477 1438 2512 aliaque
1448 2478 1531 2512 turpia
1541 2477 1688 2505 advolaturi
1697 2483 1767 2505 sunt.

981 2523 1157 2556 Quamobrem
1172 2531 1237 2558 rogo
1251 2528 1278 2550 et
1290 2522 1394 2555 hortor,
1410 2528 1439 2550 ut
1450 2531 1555 2558 semper
1569 2523 1638 2550 hanc
1649 2528 1767 2551 sanctam

981 2570 1108 2604 virginem
1130 2569 1156 2596 in
1169 2569 1296 2596 memoria
1308 2574 1334 2596 et
1348 2574 1436 2596 mente
1453 2569 1583 2602 habeatis,
1605 2577 1690 2603 neque
1711 2577 1772 2596 con-

982 2616 1084 2642 eionem
1096 2615 1164 2642 hanc
1173 2614 1349 2648 dedecoretis,
1361 2622 1448 2650 neque
1460 2622 1529 2648 eam,
1545 2622 1604 2649 qua:
1618 2622 1650 2641 ex
1665 2614 1714 2641 hac
1728 2621 1772 2641 ce-

984 2661 1104 2688 lebritate
1119 2661 1194 2688 nobis
1208 2661 1321 2693 accedit,
1347 2660 1469 2688 fiduciam
1493 2661 1527 2688 de
1549 2660 1638 2687 medio
1659 2660 1768 2687 tollatis.

985 2707 1088 2734 Etenim
1099 2715 1151 2734 non
1167 2711 1267 2734 temere
1283 2714 1342 2733 eum
1364 2707 1505 2741 gentilibus
1524 2706 1703 2740 colloquentes
1725 2706 1772 2732 bu.

981 2752 1025 2786 jus
1051 2752 1225 2779 solemnitatis
1247 2752 1392 2786 frequentia
1413 2752 1573 2786 gloriamur,
1595 2751 1707 2786 illosque
1729 2759 1773 2778 ru.

985 2800 1048 2825 hore
1064 2797 1246 2832 perfundimus
1260 2798 1388 2829 dicentes,
1406 2798 1555 2825 universam
1567 2797 1699 2824 civitatem
1712 2802 1771 2824 tan-

986 2850 1093 2879 tumque
1108 2845 1231 2879 populum
1247 2853 1261 2871 a
1281 2845 1365 2880 puella
1382 2848 1483 2871 mortua
1496 2844 1604 2878 singulis
1618 2843 1695 2869 anuis
1715 2851 1773 2878 per-

987 2890 1066 2924 trahi,
1079 2899 1126 2918 uce
1141 2895 1199 2925 post
1210 2895 1246 2917 tot
1261 2897 1344 2917 annos
1358 2898 1372 2916 ξι
1387 2890 1430 2916 tali
1445 2889 1635 2916 consuetudine
1653 2895 1775 2922 suppl-sue
