1967 3125
183 119 234 146 583

177 177 260 204 dere:
274 184 365 204 verum
375 175 397 203 si
411 175 544 203 senserint
555 182 598 208 ea,
614 182 673 208 qute
691 174 716 201 in
733 173 782 201 hac
815 173 970 201 celebritate

179 222 362 254 admittuntur,
375 227 470 257 magna
486 219 593 248 laudum
607 225 680 255 parte
693 219 854 247 carebimus.
865 218 931 246 Nam
946 218 970 246 si

180 267 246 300 inec,
267 274 327 302 quae
338 273 409 293 nunc
431 266 567 298 convenit,
582 264 724 292 multitudo
748 264 787 292 sic
799 271 860 291 cum
879 263 970 291 debito

177 312 271 340 ordine
281 311 400 345 accedat,
415 311 441 339 id
460 319 556 347 magno
569 311 648 339 nobis
666 311 719 338 erit
732 307 910 342 ornamento;
928 309 970 336 sin

179 366 238 385 eum
259 357 372 394 segnitia
392 365 423 386 ac
447 356 617 394 negligentia,
637 357 763 392 probrum
787 356 864 383 nobis
875 355 926 383 erit
938 362 971 383 ac

178 404 346 439 vituperium.

213 451 240 478 4.
259 449 349 478 Honor
363 449 518 486 Martyribns
531 448 637 476 debitus.
650 463 686 470 —
703 448 738 476 Ut
757 448 836 483 igitur
849 447 972 476 caritatis

180 501 276 524 vestrm
290 496 437 531 frequentia
450 495 557 530 gloriari
572 495 705 530 possimus
717 515 724 526 ,
737 502 797 522 cum
808 494 901 522 eadem
914 501 973 521 mo-

181 542 268 570 destia
288 541 397 569 domum
419 541 595 574 recedamus,
615 548 668 576 qua
687 548 735 575 par
749 545 790 568 est
807 547 855 567 eos
876 539 950 567 abire
962 559 970 572 ,

180 588 226 624 qui
240 595 301 615 cum
315 587 364 615 hac
377 591 494 624 martyre
508 590 703 614 convenerunt.
718 585 784 612 Nam
804 585 826 612 si
843 586 903 620 quis
917 592 972 612 non

181 637 233 662 hoc
247 634 300 662 ritu
312 633 439 666 discedat,
453 640 506 660 non
520 632 606 660 solum
622 631 687 659 nihil
701 631 862 666 profecerit,
879 639 972 659 verum

179 679 260 708 etiam
270 679 416 714 periculum
427 679 476 706 sibi
485 678 628 706 maximum
637 678 784 705 attraxerit.
794 677 855 705 Scio
865 678 972 713 quidem

183 735 232 755 vos
244 727 295 754 hoc
304 726 400 754 morbo
413 733 466 753 non
478 726 611 758 labarare,
625 724 671 752 sed
687 724 712 752 id
725 732 777 751 non
791 724 825 751 ad
837 725 973 752 defensio-

182 780 243 800 nem
258 771 333 800 vobis
352 771 416 799 satis
426 775 467 799 est
483 781 490 799 :
513 774 619 806 oportet
639 770 710 798 enim
723 770 803 798 etiam
818 770 913 798 fratres
925 778 973 798 ve-

181 823 263 851 stros,
273 818 319 854 qui
330 817 453 846 indecore
461 824 491 845 se
500 821 605 853 gerunt,
616 816 650 844 ad
663 816 806 844 maximam
816 816 973 844 modestiam

181 870 210 893 et
218 863 252 892 ad
261 864 399 892 decentem
412 868 510 891 statum
524 863 661 890 reducere.
675 862 816 890 Honorasti
829 868 974 898 martyrem

183 910 322 946 przesentia
328 910 340 937 ?
347 909 421 938 Illam
430 909 509 937 etiam
521 908 688 944 propriorum
699 908 878 936 membrorum
887 916 974 936 emen-

183 956 291 984 datione
306 956 418 983 honora.
433 955 461 982 Si
474 954 573 982 videris
586 953 790 982 immoderatum
805 954 899 987 risum,
913 961 975 982 eur-

184 1011 243 1030 sum
257 1001 422 1030 indecentem
436 1022 444 1033 ,
465 1001 597 1029 incessum
613 1000 781 1033 illiberalem,
797 1000 916 1029 habitum
931 1001 974 1028 in-

184 1048 326 1080 decorum,
342 1046 454 1080 accede,
469 1051 496 1074 et
510 1045 556 1074 taii
568 1046 677 1075 affectos
687 1046 767 1074 modo
782 1047 934 1075 terribiliter
948 1051 976 1075 et

185 1098 259 1120 torve
278 1092 392 1120 intuere.
413 1093 447 1119 At
468 1096 494 1120 te
513 1092 681 1126 despiciunt,
698 1091 833 1127 magisque
846 1091 975 1120 irrident?

183 1139 265 1166 Sume
282 1142 369 1166 tecum
388 1137 456 1166 duos
470 1142 556 1166 tresve
568 1158 575 1170 ,
591 1141 637 1165 aut
655 1138 744 1173 plures
763 1137 859 1166 fratres
870 1159 878 1171 ,
895 1143 923 1166 ut
941 1146 976 1166 ex

186 1192 296 1213 numero
316 1184 409 1221 majori
425 1185 451 1212 in
471 1185 642 1213 veneratione
663 1185 732 1213 sitis.
751 1185 827 1219 Quod
847 1186 869 1214 si
891 1194 925 1214 ne
939 1186 975 1214 ita

184 1230 291 1266 quidem
304 1238 396 1258 eorum
408 1231 551 1258 amentiam
565 1230 704 1266 reprimas.
718 1238 765 1258 eos
777 1231 812 1258 ad
822 1231 976 1260 sacerdotes

186 1276 300 1305 deferas.
313 1277 348 1304 At
358 1277 399 1304 vix
412 1281 523 1312 possunt
537 1277 574 1304 illi
587 1277 613 1304 in
630 1281 732 1305 tantum
745 1278 916 1314 impudentia:
929 1278 977 1306 de-

188 1323 278 1351 venire
290 1343 298 1355 ,
314 1328 343 1350 ut
355 1323 481 1358 increpati
494 1327 522 1350 et
538 1323 631 1350 moniti
645 1330 698 1350 non
712 1327 837 1356 cessent,
851 1331 902 1351 nec
915 1331 976 1351 eru-

188 1370 305 1401 bescant,
319 1376 405 1403 neque
418 1368 451 1395 ab
465 1368 613 1396 inordinata
626 1372 654 1396 et
665 1368 767 1396 ludicra
781 1369 879 1396 chorea
892 1376 922 1397 se
935 1377 978 1397 re-

188 1415 303 1442 trahant.
319 1414 346 1443 Si
360 1415 400 1442 vel
414 1415 520 1448 decem,
533 1415 555 1442 si
570 1415 612 1442 vel
627 1419 691 1447 tres,
708 1415 750 1443 vel
763 1415 826 1449 duo,
839 1416 880 1443 vel
896 1423 976 1443 unum

188 1460 303 1489 lucratus
318 1459 408 1493 fueris,
426 1467 542 1488 mercem
555 1461 666 1487 multam
682 1461 870 1495 reportaveris.
882 1461 978 1496 Magna

189 1510 230 1532 νει
244 1505 293 1532 vite
313 1504 468 1540 longitudo:
485 1505 536 1532 vim
554 1505 633 1541 igitur
648 1505 811 1540 longitudine
822 1505 855 1533 ad
873 1513 904 1533 ea
918 1514 978 1541 quae

187 1552 256 1578 dicta
268 1554 331 1578 sunt
344 1550 492 1585 colligenda
507 1555 612 1578 utamur
628 1558 636 1583 ;
654 1550 834 1578 odoramentis
852 1551 978 1579 suavibus

189 1604 257 1624 nam
272 1595 432 1631 repleamus.
447 1595 538 1631 Neque
551 1596 623 1623 enim
639 1598 674 1624 ita
689 1601 781 1624 ornata
794 1597 835 1623 via
849 1604 978 1632 apparue-

189 1643 242 1674 rit,
257 1642 279 1669 si
292 1641 472 1670 odoramentis
486 1649 546 1670 eam
562 1642 669 1677 replens
682 1642 812 1678 quispiam
832 1643 906 1670 suavi
923 1643 977 1670 fra-

188 1687 291 1721 grantia
302 1694 391 1714 aerem
406 1686 560 1722 perfuderit,
576 1692 605 1715 ut
615 1687 726 1715 honesta
741 1695 811 1715 nunc
821 1689 956 1723 apparebit
968 1709 975 1720 .

189 1734 211 1761 si
224 1740 317 1760 omnes
330 1737 459 1768 quotquot
473 1732 553 1760 hodie
564 1741 610 1768 per
620 1733 691 1760 illam
705 1733 840 1766 incedunt,
854 1734 978 1770 martyris

190 1778 335 1805 certamina
349 1777 418 1805 inter
432 1785 462 1805 se
474 1782 612 1805 narrantes
627 1777 735 1806 domum
748 1778 857 1806 redeant
868 1799 876 1812 ,
890 1779 977 1814 lingua

190 1832 237 1852 sua
251 1824 346 1860 singuli
360 1831 408 1851 ceu
422 1823 556 1852 thuribulo
569 1829 682 1853 utentes.
699 1826 794 1853 Annon
807 1825 913 1859 videtis,
927 1825 979 1853 hn-

192 1874 313 1903 peratore
335 1868 362 1896 in
380 1869 473 1897 urbem
495 1869 661 1905 ingrediente
672 1890 679 1902 ,
700 1875 798 1906 quanto
811 1878 871 1898 cum
884 1871 979 1899 ordine

191 1915 288 1943 milites
301 1915 425 1949 utrinque
437 1915 515 1950 positi
529 1915 622 1942 armati
637 1915 791 1950 gradiantur
802 1937 810 1949 ,
829 1916 898 1944 alter
911 1917 977 1944 alte-

190 1970 247 1991 rum
263 1956 454 1994 cohortantes,
470 1967 498 1988 ut
516 1962 605 1996 quiete
622 1967 648 1989 et
663 1969 723 1989 cum
738 1962 886 1991 reverentia
904 1963 978 1991 inco-

548 122 574 148 S.
589 121 730 150 JOANNIS
745 121 986 150 CHRYSOSTOMI
999 120 1157 150 ARCHIEP.
1173 120 1444 150 CONSTANTINOP.

1755 117 1805 146 584

1023 171 1098 204 dant,
1112 178 1166 206 quo
1179 175 1301 206 spectatu
1314 170 1387 205 digni
1402 170 1561 199 videantur?
1576 171 1640 199 illos
1655 171 1746 207 itaque
1759 171 1819 199 inti-

1024 222 1112 246 temur
1126 226 1133 245 :
1146 222 1174 246 et
1188 225 1236 246 nos
1255 217 1353 253 quippe
1365 217 1555 253 Imperatorem
1571 217 1748 251 deducimus;
1768 219 1816 246 lm-

1024 267 1174 299 peratorem
1185 283 1194 297 ,
1207 263 1325 298 inquam,
1342 270 1394 291 non
1412 263 1577 298 sensibilem,
1591 271 1645 292 non
1661 269 1797 292 terrenum
1807 284 1817 296 ,

1023 309 1071 337 sed
1086 309 1240 344 angelorum
1256 309 1408 337 Dominum.
1421 309 1464 338 Sic
1478 317 1543 345 ergo
1558 315 1584 338 et
1594 317 1643 338 nos
1663 313 1738 337 recto
1758 317 1819 337 cum

1023 356 1117 383 ordine
1130 355 1321 390 ingrediamur,
1337 363 1388 383 nos
1400 360 1494 383 mutuo
1503 356 1686 388 cohortantes,
1699 359 1728 383 ut
1739 355 1819 383 ntodo

1024 402 1129 436 rituque
1149 401 1253 429 decenti
1278 401 1499 437 progrediamur,
1521 405 1549 429 ut
1570 409 1624 429 non
1646 401 1821 429 multitudine

1025 451 1136 478 tantum,
1151 446 1198 474 sed
1208 447 1288 474 etiant
1301 451 1396 474 ornatu
1413 451 1578 482 spectatores
1593 452 1705 482 stupore
1715 447 1818 474 aﬂiciao

1024 500 1094 520 mus.
1109 493 1164 520 luto
1178 500 1242 520 vero
1254 493 1304 520 etsi
1321 500 1401 521 nemo
1412 493 1520 521 adesset
1537 493 1620 526 alius,
1635 494 1684 521 sed
1703 493 1755 520 soli
1768 493 1820 521 iter

1024 538 1173 567 faceremus
1182 559 1189 571 ,
1201 546 1234 566 ne
1248 539 1288 567 sic
1298 539 1404 575 quidem
1419 539 1545 567 indecore
1558 547 1588 568 se
1601 547 1696 575 gerere
1711 546 1818 575 oporte-

1025 590 1076 616 ret.
1086 585 1121 612 ob
1134 585 1286 620 pervigilem
1301 585 1374 612 illum
1391 586 1497 613 oculunt
1513 586 1610 622 ubique
1622 593 1781 622 prasente":
1792 593 1820 616 et

1024 631 1113 658 omnia
1127 630 1271 658 videntem.
1280 630 1357 659 Nunc
1366 638 1429 659 vero
1439 632 1607 660 considerate
1621 633 1722 660 multos
1734 633 1821 662 haere—

1025 677 1092 705 ticos
1110 684 1170 705 esse
1188 677 1265 705 nobis
1285 677 1451 714 permixtos;
1466 680 1511 713 qui
1531 678 1554 705 si
1574 686 1624 706 nos
1647 679 1764 708 viderint
1784 681 1820 708 ita

1025 722 1138 750 choreas
1148 727 1268 757 agentes,
1284 723 1413 757 ridentes,
1427 724 1584 757 clamantes,
1600 725 1699 758 ebrios,
1716 734 1821 754 summe

1025 775 1075 794 nos
1088 767 1246 796 damnante:
1269 769 1407 797 recedent.
1421 769 1498 803 Quod
1513 769 1536 798 si
1551 770 1574 797 is
1586 791 1594 802 ,
1606 770 1653 806 qui
1666 771 1707 798 vel
1722 772 1767 798 uni
1780 772 1821 799 of-

1026 813 1158 842 fendiculo
1169 814 1258 849 fuerit,
1271 815 1416 844 inevitabili
1430 824 1508 851 pmna
1519 817 1650 852 plectetur
1662 827 1668 844 :
1682 818 1729 853 qui
1741 818 1768 846 in
1782 823 1822 846 tot

1025 860 1163 889 hominum
1185 861 1361 890 offensionem
1383 863 1561 897 incurrimus,
1584 865 1678 900 quales
1698 865 1821 894 dabimus

1025 907 1140 943 ρωπίιεῖ
1161 907 1214 936 Sed
1234 908 1320 943 absit,
1342 913 1371 936 ut
1388 915 1450 946 post
1471 914 1510 937 tot
1530 917 1669 938 sermones
1687 911 1822 947 talemque

1025 953 1239 981 adhortationem
1259 955 1390 989 quispiam
1410 956 1560 990 reperiatur
1581 963 1663 991 supra
1682 956 1762 984 dictis
1773 958 1822 985 ob-

1026 1000 1122 1027 noxius
1133 999 1229 1035 culpis.
1242 999 1308 1028 Nam
1319 1000 1342 1028 si
1357 1000 1471 1028 antehac
1483 1001 1549 1028 tales
1562 1008 1644 1029 ausus
1654 1002 1734 1029 venia
1748 1002 1821 1037 digni

1025 1052 1079 1072 non
1093 1050 1189 1080 erant,
1208 1050 1269 1081 post
1288 1045 1440 1081 hujusmodi
1459 1046 1600 1074 consilium
1620 1051 1648 1074 et
1660 1047 1822 1082 increpatio-

1026 1099 1087 1119 nem
1102 1091 1186 1119 multo
1205 1091 1382 1119 inevitabilior
1396 1092 1447 1119 erit
1460 1099 1537 1127 pcena
1551 1096 1605 1119 tam
1625 1092 1657 1119 iis
1668 1113 1677 1124 ,
1697 1093 1744 1127 qtti
1763 1092 1822 1120 haec

1026 1141 1191 1173 perpetrant,
1201 1145 1280 1173 quam
1294 1138 1337 1172 iis,
1351 1138 1396 1172 qui
1410 1137 1471 1165 talia
1483 1138 1642 1174 despiciunt.
1655 1138 1690 1167 Ut
1701 1138 1782 1174 igitur
1793 1146 1822 1167 et

1026 1190 1075 1212 eos
1085 1192 1100 1212 a
1112 1184 1243 1219 supplicio
1256 1184 1383 1216 liberetis,
1395 1192 1427 1212 ac
1441 1184 1517 1212 vobis
1530 1185 1594 1219 ipsis
1605 1185 1734 1220 majol‘em
1747 1193 1822 1213 com-

1027 1230 1126 1266 paretis
1143 1230 1294 1258 mercedem
1310 1251 1318 1264 ,
1341 1230 1453 1258 fratrum
1466 1236 1616 1259 vestrorum
1629 1239 1722 1259 curam
1737 1233 1824 1259 susci-

1027 1277 1093 1311 pite,
1107 1283 1156 1304 eos
1167 1276 1201 1304 ad
1214 1276 1258 1304 illa
1266 1275 1414 1311 colligenda
1427 1280 1455 1303 et
1468 1276 1615 1304 enarranda
1631 1277 1753 1304 inducite
1769 1286 1777 1304 :
1791 1283 1821 1304 ut

1029 1323 1087 1351 inec
1098 1331 1146 1358 per
1160 1327 1242 1350 totam
1254 1323 1324 1350 viam
1339 1322 1513 1356 meditantes,
1526 1329 1607 1359 atque
1621 1324 1653 1351 iis
1664 1344 1673 1355 ,
1687 1324 1732 1359 qui
1746 1324 1819 1352 domi

1029 1373 1215 1397 remanserunt
1232 1377 1265 1397 ac
1280 1370 1363 1397 relicti
1383 1374 1446 1397 sunt
1459 1390 1467 1402 ,
1484 1369 1563 1404 hujus
1577 1377 1678 1397 mensae
1693 1371 1820 1405 reliquias

1028 1415 1180 1447 aﬂ‘erentes,
1192 1415 1359 1450 splendidum
1371 1419 1398 1443 et
1409 1415 1463 1443 illic
1473 1416 1622 1442 convivium
1637 1415 1770 1443 habeatis.
1784 1415 1820 1443 Ita

1028 1462 1099 1489 enim
1114 1466 1141 1489 et
1155 1461 1233 1496 hujus
1251 1460 1310 1488 festi
1327 1468 1435 1488 sensum
1456 1461 1603 1488 maximum
1622 1462 1759 1496 capiemus
1772 1483 1780 1495 ,
1794 1467 1822 1490 et

1028 1511 1147 1535 sanctam
1166 1512 1312 1543 martyrem
1327 1506 1360 1534 ad
1380 1506 1508 1542 majorem
1529 1507 1742 1535 benevolentiam
1756 1515 1820 1544 pro-

1028 1554 1183 1582 vocabimus
1195 1573 1202 1585 ,
1214 1560 1279 1581 vero
1291 1553 1362 1580 illam
1378 1554 1479 1581 honore
1492 1558 1686 1588 prosequentes
1702 1562 1709 1580 :
1726 1554 1819 1587 majori

1028 1600 1127 1634 quippe
1139 1599 1189 1634 ipsi
1205 1599 1333 1634 voluptati
1349 1599 1419 1632 erit,
1441 1599 1462 1626 si
1485 1599 1669 1634 spiritualibus
1690 1599 1820 1627 fructibus

1029 1643 1091 1672 hinc
1103 1643 1193 1672 onusti
1206 1643 1371 1675 recedamus,
1381 1652 1460 1679 quant
1475 1645 1497 1671 si
1510 1644 1561 1672 huc
1574 1652 1635 1672 cum
1651 1646 1765 1673 tumultu
1777 1653 1821 1673 ve-

1030 1690 1133 1717 neritis.
1150 1689 1255 1718 Utinam
1266 1697 1330 1717 vero
1342 1694 1396 1716 tum
1410 1695 1508 1717 saneta:
1522 1689 1601 1725 hujus
1613 1712 1620 1723 ,
1637 1695 1693 1718 tum
1708 1699 1800 1718 eorum
1811 1713 1818 1723 ,

1029 1736 1073 1771 qui
1085 1736 1209 1763 similiter
1220 1740 1390 1764 certaverunt
1399 1757 1405 1767 .
1422 1736 1555 1771 precibus,
1569 1741 1596 1764 et
1609 1737 1703 1764 horttnt
1715 1742 1743 1765 et
1756 1738 1822 1765 alio-

1030 1790 1100 1815 rum,
1114 1790 1174 1818 qute
1186 1782 1257 1809 dicta
1272 1785 1343 1814 sunt,
1358 1783 1514 1809 memoriam
1529 1783 1676 1816 retineatis,
1692 1788 1719 1810 et
1732 1783 1819 1817 operi-

1030 1828 1080 1856 bus
1091 1828 1181 1855 omnia
1195 1827 1351 1856 exhibentes
1362 1848 1370 1860 ,
1391 1827 1417 1855 in
1437 1828 1561 1855 omnibus
1579 1828 1634 1855 Deo
1646 1836 1752 1864 semper
1762 1829 1821 1864 pla-

1029 1873 1115 1901 ceatis
1126 1895 1133 1907 ,
1147 1873 1190 1901 cui
1204 1873 1288 1908 gloria
1301 1878 1328 1901 et
1342 1873 1481 1909 imperium
1494 1874 1520 1901 in
1538 1874 1633 1902 smcula
1650 1874 1817 1902 saeculorum.

1032 1921 1126 1947 Amen.
