1967 3125
61 175 109 203 583

56 232 178 260 τοσοῦτον
192 233 261 269 κόρη
284 232 333 268 μία
347 233 532 268 τελευτήσασα
548 232 615 269 πρὸς
626 232 725 268 ἑαυτὴν
739 234 887 260 ἐπισπᾶται

56 275 112 303 καθ’
127 276 245 303 εκάστην
262 276 393 308 ἐνιαυτὸν,
407 276 456 302 καὶ
474 275 542 311 μετά
556 276 674 303 τοσαῦτα
689 276 746 311 ἐτη,
765 277 811 302 καὶ
825 276 885 312 χρό-

55 328 95 352 νος
109 319 198 352 οὐδεὶς
211 321 263 356 τὴν
289 319 450 347 ἀκολουθίαν
465 320 514 355 τῆς
535 320 617 355 τιμῆς
639 319 747 355 διέκοψε
771 319 886 355 ταύτης·

57 364 112 391 ἀλλ’
125 364 174 391 ἐὰν
188 365 335 392 αἴσθωνται
348 365 403 391 τῶν
418 364 448 392 ὲν
463 365 495 400 τῇ
512 364 665 400 πανηγύρει
687 364 845 399 γινομένων,
858 364 888 392 τδ

57 408 136 436 πλέον
152 408 321 446 ἀφῃρήμεθα
332 408 389 435 τῶν
403 408 559 443 ἐγκωμίων.
574 408 611 434 Τὸ
623 407 677 443 γὰρ
691 408 793 444 πλῆθος
808 409 888 435 τοῦτο

56 453 83 478 τῆ
97 452 322 488 παραγενόμενον
334 451 392 483 νῦν,
408 452 441 478 ἂν
456 452 505 487 μὲν
522 452 580 487 μετ’
594 451 720 484 εὐταξίας
735 452 888 487 παραγίνη-

56 505 107 527 ται,
125 497 228 531 κόσμος
246 497 313 531 ἡμῖν
337 495 478 531 μέγιστος·
495 495 529 523 ἂν
543 496 572 522 δὲ
588 495 657 531 μετὰ
672 495 818 532 ῥᾳθυμίας,
841 496 888 522 καὶ

56 540 200 574 ὀλιγωρίας
216 539 326 575 πολλῆς,
339 539 440 571 δνειδος
452 540 499 566 καὶ
514 539 674 575 κατηγορία.

91 584 113 611 δ’
116 604 123 612 .
141 584 201 611 Ἵνα
215 582 262 611 οὖν
277 583 491 620 ὲναδρυνώμεθα
504 584 544 619 τῷ
559 583 655 619 πλήθει
679 583 728 619 τῆς
751 583 888 620 ὑμετέρας

57 628 177 664 ἀγάπης,
194 628 264 664 μετά
276 628 328 664 τῆς
341 628 426 664 αὐτῆς
442 629 533 655 οῖκαδε
551 628 678 660 εὐταξίας
692 628 887 663 ἀναχωρῶμεν,

58 670 188 705 μεθ’ὄσης
201 670 274 702 εἰκὸς
287 671 407 706 μάρτυρι
423 670 535 707 τοιαύτῃ
546 669 759 705 συγγινομένους
767 670 887 698 ἀπιέναι.

57 715 84 741 Εἰ
99 714 157 750 γάρ
178 723 221 746 τις
239 714 276 750 μὴ
298 714 384 746 οὕτως
409 714 500 741 οἴκαδε
524 715 648 746 ἀπέλθοι,
666 713 697 740 οὐ
720 714 800 749 μόνον
812 714 889 741 οὐδὲν

56 759 170 794 ὤνησεν,
185 758 254 786 ἀλλὰ
267 759 313 785 καὶ
337 758 459 785 κίνδυνον
476 758 537 785 καθ’
558 758 655 786 ἑαυτοῦ
683 759 812 794 μέγιστον
825 759 889 784 ὲπε-

57 803 188 830 σπάσατα
212 799 277 829 Οἶδα
310 802 351 829 ὃτι
379 801 496 838 καθαροὶ
523 802 579 829 τῶν
602 803 764 838 νοσημάτων
786 801 890 829 τούτων

57 848 142 882 ὑμεῖς,
158 846 218 873 ἀλλ’
233 846 281 872 οὐκ
298 846 380 881 ἀρκεῖ
395 846 474 872 τοῦτο
496 846 537 878 εἰς
556 846 705 881 ἀπολογίαν
726 846 804 881 ὑμῖν·
822 846 890 873 ἀλλά

55 890 152 918 δεῖκαὶ
167 891 232 922 τοὺς
251 890 384 924 ἀδελφοὺς
406 889 596 924 ἀκοσμοῦντας
611 891 652 922 εἰς
672 889 797 923 εὐταξίαν
813 889 890 926 μεγί-

58 943 118 970 στην
147 935 227 969 ἄγειν
255 934 302 961 καὶ
324 933 456 969 καθιστᾷν
482 935 511 961 ἐν
540 933 579 969 τῷ
603 934 736 970 πρέποντι
758 935 888 969 σχήματι.

62 979 213 1015 Έτίμησας
225 978 275 1013 τὴν
293 978 420 1013 μάρτυρα
434 979 466 1013 τῇ
484 978 639 1013 παρουσίᾳ;
662 978 779 1013 τίμησον
806 977 890 1013 αὐτὴν

57 1023 99 1050 καὶ
112 1024 148 1058 τῇ
172 1021 314 1058 διορθώσει
330 1021 385 1048 τῶν
399 1021 507 1048 οἰκείων
526 1021 616 1057 μελῶν
627 1030 634 1037 ·
661 1021 693 1048 ἂν
714 1021 771 1057 ἴδῃς
785 1021 891 1055 γέλωτα

57 1067 184 1098 ἄτακτον,
200 1065 249 1092 καὶ
264 1065 365 1101 δρόμον
380 1065 534 1100 ἀσχήμονα,
552 1065 600 1092 καὶ
626 1064 733 1099 βάδισιν
748 1063 890 1090 ἀνελεύθε-

59 1120 109 1147 ρον,
121 1112 173 1138 καὶ
190 1111 283 1147 σχῆμα
298 1111 435 1146 ἀπρεπὲς,
447 1110 590 1146 πρόσελθε,
603 1111 650 1137 καὶ
666 1109 762 1145 βλέψον
777 1110 816 1141 εἰς
828 1109 891 1141 τοὺς

57 1156 141 1183 ταῦτα
157 1155 301 1187 ποιοῦντας
317 1155 400 1190 δριμὺ
416 1154 465 1181 καὶ
492 1154 619 1190 φοϐερόν.
645 1153 727 1181 Ἀλλά
752 1161 892 1188 καταφρο-

56 1200 129 1227 νοῦσι
140 1200 190 1226 καὶ
200 1198 372 1233 καταγελῶσι
390 1199 538 1234 μειζόνως
553 1199 626 1226 Λαῦὲ
643 1197 711 1234 μετά
724 1197 771 1224 σοῦ
787 1197 833 1224 δύο
846 1197 893 1223 καὶ

57 1244 128 1279 τρεῖς
136 1243 281 1277 ἀδελφοὺς,
291 1242 308 1278 ἢ
320 1242 368 1269 καὶ
378 1242 499 1274 πλείους,
509 1241 580 1268 ὥστε
593 1243 639 1268 καὶ
648 1241 702 1268 ἀπὸ
713 1240 760 1268 τοῦ
775 1240 893 1276 πλήθους

58 1286 184 1320 γενέσθαι
196 1286 424 1322 αἰδεσιμιιηέρους
433 1292 446 1306 ι
454 1294 461 1301 ·
472 1286 496 1312 εἰ
509 1286 538 1313 δὲ
551 1286 618 1321 μηδὲ
629 1285 700 1312 οὓτω
711 1284 835 1312 καθίκοιο
845 1284 894 1319 τῆς

56 1330 148 1362 ἀνοίας
159 1330 284 1362 ὲκείνων,
298 1331 355 1361 τοῖς
371 1329 474 1366 ἱερεῦσι
488 1329 601 1361 τούτους
610 1329 723 1364 ποίησον
740 1327 892 1363 φανερούς’

59 1376 160 1411 μᾶλλον
178 1374 209 1402 δὲ
232 1374 372 1410 ἀμήχανον
387 1375 428 1406 είς
442 1374 579 1410 τοσαύτην
595 1373 684 1400 ἐλθεῖν
699 1372 895 1408 ἀναισχυντίαν

57 1420 166 1451 αὐτοὺς,
175 1418 247 1446 ὥστε
265 1419 495 1454 ὲπιτιμωμένους,
506 1418 766 1454 παρακαλουμένους
778 1418 815 1454 μὴ
827 1416 895 1451 εἶξαι

56 1463 103 1490 καὶ
116 1462 196 1499 Ῐ590]
208 1463 378 1498 ὲντραπῆναι
395 1463 443 1489 καὶ
467 1462 626 1497 καθυφῆναι
641 1462 691 1498 τῆς
714 1462 832 1489 ἀτάκτου
848 1462 895 1488 καὶ

57 1507 188 1542 παιδικῆς
204 1507 324 1542 χορείας.
342 1505 401 1533 Κᾶν
419 1506 497 1540 δέκα,
512 1505 565 1533 κᾶν
581 1507 667 1542 τρεῖς,
695 1505 748 1533 κᾶν
769 1506 826 1536 δύο,
842 1505 894 1532 κᾶν

56 1554 104 1580 ἕνα
116 1550 254 1587 κερδάνῃς
269 1550 470 1586 μόνον.πολλὴν
480 1549 570 1577 λαϐὼν
586 1549 729 1586 εἰσελεύσῃ
746 1550 795 1586 τὴν
811 1549 897 1585 ὲμπο-

60 1595 130 1630 ρίαν.
146 1594 220 1622 Πολὺ
236 1594 285 1630 τῆς
298 1593 359 1621 ὀδοῦ
374 1593 406 1620 τὸ
424 1594 511 1629 μῆκος
521 1603 528 1610 ·
541 1593 580 1629 τῷ
599 1595 681 1630 μήκει
699 1593 791 1620 τοίνυν
809 1593 897 1628 τούτῳ

60 1638 128 1673 πρὸς
143 1637 280 1672 συλλογὴν
296 1637 352 1664 τῶν
367 1637 522 1672 εἰρημένων
538 1636 778 1672 ἀποχρησώμεθα·
800 1636 898 1671 θυμια-

61 1682 153 1717 μάτων
182 1681 369 1717 ἐμπλήσωμεν
395 1681 445 1716 τὴν
470 1680 617 1717 λεωφόρον.
643 1680 711 1708 οὐδὲ
742 1681 796 1716 γὰρ
826 1680 897 1707 οὕτω

61 1726 146 1762 σεμνὴ
162 1727 287 1759 φανεῖται
301 1726 318 1761 ή
331 1725 399 1757 ὁδὸς,
417 1725 442 1752 εἰ
457 1725 502 1751 διὰ
518 1724 610 1760 πάσης
623 1724 711 1759 αὐτῆς
726 1724 898 1760 θυμιατήριά

59 1777 101 1800 τις
114 1768 203 1800 τιθεὶς
221 1767 271 1804 τῆς
287 1767 401 1799 εὐωδίας
420 1767 589 1802 ἀναχρώσειε
601 1767 646 1794 τὸν
667 1767 746 1803 ἀέρα,
760 1767 798 1799 ὡς
810 1767 897 1802 σεμνὴ

61 1812 188 1845 φανεῖται
214 1811 272 1843 νῦν,
291 1812 315 1838 εἰ
338 1811 439 1842 πάντες
463 1812 486 1837 οἰ
502 1811 625 1847 τήμερον
651 1810 736 1846 αὐτὴν
757 1810 898 1843 ὁδεύοντες

27 1868 32 1875 ρ
60 1856 122 1887 τοὺς
135 1855 238 1887 άθλους
258 1856 309 1890 τῆς
330 1855 470 1891 μάρτυρος
488 1855 558 1891 πρὸς
573 1856 687 1887 ἑαυτοὺς
703 1855 898 1891 διηγούμενοι,

61 1898 196 1932 βαδίζοιεν
225 1898 334 1930 οῑκαδε,
361 1898 543 1934 θυμιατήριον
570 1898 621 1935 τὴν
646 1898 745 1925 ἑαυτοῦ
774 1898 898 1933 γλῶτταν

59 1941 177 1973 ἕκαστος
191 1940 288 1968 ποιῶν.
303 1942 360 1977 Ούχ
376 1942 458 1978 ὁρᾶτε
473 1941 607 1977 βασιλέως
618 1941 748 1974 εἰσιόντος
758 1943 798 1974 εἰς
809 1941 896 1974 πόλιν,

61 1986 122 2023 μεθ’
134 1987 203 2022 ὅσης
218 1986 345 2019 εὐταξίας
357 1988 382 2014 οἱ
400 1988 566 2024 στρατιῶται
578 1987 715 2024 στοιχηδὸν
728 1988 898 2023 ἑκατέρωθεν

59 2030 285 2066 καθωπλισμένοι
310 2031 475 2066 βαδίζουσιν,
491 2032 624 2068 ἀλλήλους
646 2032 898 2067 παρακελευόμενοι

56 2081 388 2137 ιπᾶἒοᾞοαῑόεσιμωτέρους,
400 2084 442 2116 ζῇὶ
452 2084 596 2115 αἰδεσίμους.
609 2083 665 2109 Mox
676 2083 718 2108 alii
731 2083 848 2112 καθίκοιο,
857 2081 899 2107 alii

494 177 538 205 DE
557 178 586 205 ὅ.
608 174 755 204 PELAGIA
776 173 916 202 VIRGINE
936 173 979 201 ET
999 173 1168 202 MARTYIIF.
1188 171 1305 200 HOMIL.
1327 171 1347 199 1.

1707 179 1758 207 58.1

937 233 1045 269 ἡρέμα,
1073 233 1120 259 καὶ
1147 231 1216 268 μετὰ
1241 231 1323 267 φόϐου
1352 231 1450 259 πολλοῦ
1472 233 1588 268 χωρεῖν,
1615 232 1685 259 ὥστε
1712 234 1769 265 τοῖς

938 277 1087 313 θεωροῦσιν
1100 276 1198 308 αὐτοὺς
1210 276 1361 309 ἀξιοθέατοι
1375 275 1515 311 φαίνεσθαι
1529 285 1536 309 ;
1553 276 1687 308 Ἐκείνους
1701 276 1768 311 γοῦν

940 320 1138 357 μιμησώμεθα·
1151 320 1198 347 καὶ
1211 321 1266 356 γὰρ
1277 320 1324 347 καὶ
1332 321 1412 356 ἡμεῖς
1421 320 1552 355 βασιλέως
1562 321 1768 357 προηγούμεθα,

939 365 1072 400 βασιλέως
1098 364 1148 391 οὐκ
1175 363 1317 399 αἰσθητοῦ,
1338 365 1388 390 οὑκ
1404 365 1536 399 ἐπιγείου,
1553 365 1621 392 ἀλλὰ
1641 365 1689 392 τοῦ
1712 365 1768 392 τῶν

938 408 1063 443 ἀγγέλων
1079 408 1224 435 Δεσπότου.
1239 407 1318 434 Οὕτω
1331 408 1421 434 τοίνυν
1435 408 1601 444 εἰσέλθωμεν
1614 410 1662 436 καὶ
1676 409 1767 444 ἡμεῖς,

940 453 999 488 μετ’
1013 452 1140 486 εὐταξίας
1157 451 1289 487 ἀλλήλους
1302 451 1317 472 ι’
1337 451 1586 488 παρακελευόμενοι
1613 453 1707 489 ῥυθμῷ
1722 453 1769 480 καὶ

938 497 1012 530 τάξει
1026 496 1192 531 προϐαίνειν,
1210 496 1254 523 ἵνα
1270 496 1307 532 μὴ
1323 495 1362 531 τῷ
1379 495 1475 531 πλήθει
1491 496 1580 531 μόνον,
1599 496 1720 524 ἀλλὰκαὶ
1730 497 1769 532 τῷ

938 541 1033 576 κόσμῳ
1047 541 1111 572 τοὺς
1122 540 1276 575 θεωμένους
1290 539 1480 575 ὲκπλήξωμεν.
1506 540 1632 567 Μάλιστα
1646 541 1695 576 μὲν
1715 542 1769 576 γὰρ

939 586 963 611 εἰ
978 585 1024 611 καὶ
1048 584 1142 620 μηδεὶς
1165 584 1244 616 ἀλλος
1262 584 1365 619 παρῆν,
1382 583 1449 610 ἀλλά
1467 583 1542 619 μόνοι
1556 584 1627 610 κατὰ
1640 584 1690 619 τὴν
1710 585 1769 611 όδὸν

939 628 1110 663 ἐϐαδίζομεν,
1128 628 1188 655 οὐδὲ
1216 627 1303 660 οὕτως
1331 628 1497 665 ἀσχημονεῖν
1528 628 1622 663 ἐχρῆν,
1651 628 1695 655 διὰ
1725 628 1771 655 τὸν

939 672 1088 708 ἀκοίμητον
1102 672 1241 707 ὀφθαλμὸν
1255 671 1301 698 τὸν
1318 671 1457 707 πανταχοῦ
1472 672 1595 706 παρόντα
1610 672 1657 699 καὶ
1680 673 1770 700 πάντα

941 715 1073 751 βλέποντα
1083 724 1089 732 ·
1114 715 1160 743 νῦν
1179 715 1208 743 δὲ
1229 716 1374 751 ἐννοήσατε
1389 716 1429 742 ὅτι
1443 715 1536 742 πολλοὶ
1550 715 1604 742 τῶν
1625 717 1771 751 αἰρετικῶν

940 760 1010 786 εἰσιν
1037 760 1103 795 ἡμῖν
1124 759 1360 794 ἀναμεμιγμένω-
1391 759 1442 786 κᾶν
1470 759 1561 786 ἴδωσιν
1586 760 1684 795 ἡμᾶςε
1700 759 1772 786 οὕτω

940 803 1112 840 χορεύοντας,
1130 803 1278 838 γελῶντας,
1295 803 1424 838 βοῶντας,
1441 803 1601 838 μεθύοντας,
1616 803 1650 830 τὰ
1671 803 1772 839 ἔσχατα

940 848 1208 883 ωταγνόντεςήμῶν
1221 848 1426 875 ἀπελεύσονται.
1435 849 1466 875 Εἰ
1476 848 1504 875 δὲ
1517 848 1565 875 ἕνα
1575 857 1618 880 τις
1631 848 1770 876 σκανδαλί-

940 892 993 925 ζων
1008 892 1195 928 ἀπαραίτητον
1212 892 1343 927 ὑπομένει
1365 892 1486 924 κόλασιν,
1499 893 1524 918 οἰ
1536 892 1678 923 τοσούτους
1692 900 1772 919 σκανο

938 935 1103 968 δαλίζοντες.
1117 935 1197 962 ποίαν
1211 935 1334 970 δώσομεν
1344 935 1437 970 δίκην;
1455 934 1521 962 ἀλλά
1537 935 1575 971 μὴ
1587 935 1692 969 γένοιτο
1705 937 1772 971 μετὰ

939 980 1001 1010 τοὺς
1012 979 1108 1013 λόγους
1118 979 1228 1010 τούτους
1236 979 1283 1005 καὶ
1296 978 1342 1014 τὴν
1352 979 1511 1014 παραίνεσιν
1521 978 1623 1013 ταύτην
1631 978 1773 1015 εὑρεθῆναί

939 1030 1000 1049 τινα
1021 1022 1172 1050 ὑπεύθυνον
1192 1023 1257 1049 ὗντα
1270 1024 1325 1054 τοῖς
1340 1023 1505 1059 εἰρημένοις.
1528 1023 1561 1049 Εἰ
1581 1022 1636 1058 γὰρ
1653 1022 1700 1049 καὶ
1722 1023 1775 1058 πρὸ

940 1066 1036 1093 τούτου
1063 1066 1151 1094 ταῦτα
1178 1066 1342 1102 τολμώμενα
1366 1067 1548 1101 άσύγγνωστα
1566 1064 1612 1102 ἦν.
1637 1066 1706 1102 μετά
1725 1066 1774 1102 τὴν

944 1110 1099 1147 συμϐουλὴν
1112 1110 1215 1147 ταύτην
1228 1111 1275 1137 καὶ
1290 1111 1340 1145 τὴν
1353 1110 1498 1146 ἐπίπληξιν
1514 1110 1603 1146 πολλῷ
1635 1110 1716 1138 πλέον
1744 1112 1773 1138 ἅ-

943 1155 1110 1190 παραίτητον
1137 1154 1265 1190 ποιεῖτὴν
1275 1154 1418 1190 τιμωρίαν,
1434 1155 1481 1181 καὶ
1500 1156 1554 1187 τοῖς
1569 1154 1639 1181 αὐτὰ
1653 1154 1774 1186 ποιοῦσι,

943 1198 1059 1229 καὶτοῖς
1074 1197 1222 1233 περιορῶσι
1241 1198 1399 1233 γιγνόμενα.
1418 1198 1476 1223 Ἵνα
1498 1195 1543 1224 οὖν
1560 1197 1704 1229 κάκείνους
1726 1198 1774 1232 τῆς

944 1240 1080 1271 κολάσεως
1096 1241 1281 1275 ἀπαλλάξητε,
1299 1241 1347 1268 καὶ
1361 1241 1424 1276 ὑμῖν
1437 1240 1449 1260 ιι
1466 1241 1575 1268 πλείονα
1591 1241 1775 1277 προξενήτητι

944 1285 989 1311 τὸν
1001 1285 1105 1320 μισθὸν,
1123 1284 1298 1312 ὰντιλάὸεσθε
1310 1284 1359 1319 τῆς
1370 1285 1424 1311 τῶν
1439 1284 1560 1319 ἀδελφῶν
1571 1285 1624 1311 τῶν
1636 1285 1774 1320 ἡμετέρων

945 1328 1123 1364 κηδεμονίας,
1144 1329 1184 1360 εἰς
1200 1329 1249 1364 τὴν
1263 1328 1395 1364 συλλογὴν
1412 1329 1511 1356 αὐτοὺς
1528 1329 1575 1355 καὶ
1588 1328 1636 1363 τὴν
1651 1328 1772 1363 διήγησιν

945 1373 999 1400 τῶν
1021 1373 1174 1409 εἰρημένων
1202 1373 1367 1408 ἐμϐάλλετε,
1386 1372 1430 1399 ἵνα
1450 1372 1494 1399 διὰ
1521 1373 1572 1407 τῆς
1599 1372 1660 1399 όδοῦ
1688 1372 1774 1407 πάσης

948 1416 1146 1452 μελετήσαντες
1160 1417 1258 1448 ταῦτα,
1271 1418 1318 1444 καὶ
1333 1418 1389 1447 τοῖς
1404 1416 1472 1443 οἴκοι
1487 1417 1594 1452 μείνασι
1610 1416 1656 1443 καὶ
1668 1416 1778 1442 ἀπολει-

950 1459 1041 1494 φθεῖσι
1066 1460 1181 1496 λείψανα
1207 1461 1258 1496 τῆς
1281 1460 1422 1496 τραπέζης
1441 1460 1546 1496 ταύτης
1570 1460 1778 1493 ἀπενεγκόντες,

945 1504 1077 1539 λαμπρὰν
1093 1505 1174 1532 κάκεῖ
1186 1505 1320 1540 ποιήσητε
1335 1505 1384 1540 τὴν
1403 1504 1531 1539 εὐωχίαν.
1553 1504 1631 1530 Οΰτω
1658 1504 1712 1539 γὰρ
1732 1503 1780 1529 καὶ

946 1548 996 1584 τῆς
1020 1548 1117 1584 ἑορτῆς
1141 1548 1244 1584 ταύτης
1261 1548 1395 1583 μεγίστην
1418 1547 1545 1583 αἴσθησιν
1564 1546 1715 1582 ληψόμεθα,
1733 1547 1780 1573 καὶ

946 1591 996 1627 τὴν
1017 1593 1146 1628 μάρτυρα
1161 1593 1211 1628 τὴν
1222 1592 1301 1626 ἀγίαν
1316 1592 1356 1624 εἰς
1379 1592 1490 1618 πλείονα
1510 1590 1718 1625 ὲπισπασόμεθα
1736 1589 1781 1617 εὓ-

947 1644 1033 1667 νοιαν,
1046 1636 1130 1671 τιμὴν
1143 1636 1193 1671 τὴν
1208 1635 1296 1670 ἀληθῆ
1312 1635 1446 1670 τιμῶντες
1470 1635 1565 1669 αὑτήν.
1590 1633 1644 1660 Τοῦ
1664 1633 1719 1669 γὰρ
1739 1635 1781 1660 ὲν-

947 1678 1036 1705 ταῦθα
1048 1678 1253 1714 παραγενέσθαι
1274 1678 1321 1704 καὶ
1335 1678 1486 1713 θορυσῆσαι
1503 1676 1595 1712 πολλῷ
1610 1675 1696 1712 μείζω
1711 1676 1780 1712 αὐτῇ

947 1722 997 1758 τὴν
1011 1723 1111 1759 ἡδονὴν
1125 1723 1193 1750 οῐσει
1210 1723 1241 1749 τὸ
1263 1721 1497 1758 καρπωσαμένους
1520 1722 1567 1748 καὶ
1590 1720 1783 1756 ὠφεληθέντας

948 1767 1139 1802 πνευματικήν
1155 1775 1217 1794 τινα
1232 1766 1366 1801 ὠφέλειαν
1375 1765 1512 1793 ἀπελθεῖν.
1528 1765 1637 1792 Γένοιτο
1651 1764 1679 1791 δὲ
1690 1764 1783 1800 εὐχαῖς

947 1812 998 1846 τῆς
1023 1810 1104 1845 ἁγίας
1119 1810 1231 1846 ταύτης,
1256 1810 1302 1837 καὶ
1317 1809 1372 1837 τῶν
1388 1810 1423 1837 τὰ
1439 1809 1509 1837 αὐτὰ
1523 1809 1682 1844 ὴθληκότιθν
1699 1809 1781 1845 αὐτῇ,

949 1855 995 1882 καὶ
1009 1854 1123 1886 τούτων,
1138 1856 1185 1881 καὶ
1199 1855 1253 1881 τῶν
1269 1854 1357 1882 ἄλλων
1379 1854 1435 1881 τῶν
1452 1853 1606 1889 εἰρημένων
1617 1853 1718 1890 ἀκριϐῆ
1735 1853 1785 1888 τὴν

951 1899 1061 1934 μνήμην
1076 1899 1148 1933 ὑμᾶς
1163 1899 1320 1933 κατασχεῖν,
1348 1898 1395 1925 καὶ
1418 1898 1462 1925 διὰ
1484 1899 1539 1925 τῶν
1566 1898 1654 1934 ἔργων
1677 1898 1785 1925 ἅπαντα

950 1942 1181 1977 ἐπιδειξαμένους,
1209 1943 1237 1968 ὲν
1261 1943 1344 1969 πᾶσιν
1362 1941 1577 1978 εὺαρεστοῦντας
1600 1941 1730 1968 διατελεῖν
1746 1941 1786 1975 τῷ

950 1985 1020 2021 Θεῷ,
1047 1983 1069 2020 ᾧ
1097 1987 1113 2021 ἡ
1137 1985 1199 2019 δόξα
1222 1986 1271 2013 καὶ
1295 1987 1325 2013 τὸ
1348 1986 1447 2022 κράτος
1467 1987 1507 2019 εἰς
1529 1986 1591 2018 τοὺς
1615 1985 1716 2017 αἰῶνας
1730 1984 1786 2012 τῶν

951 2029 1066 2057 αἰώνων.
1094 2030 1191 2065 Ἀμήν.

983 2081 996 2101 ι’·
1008 2081 1056 2106 Alil
1069 2082 1191 2111 ἀλλήλους,
1203 2082 1244 2107 alii
1256 2083 1374 2112 ἀλλήλοις.

1454 2083 1464 2098 ⁶
1477 2081 1526 2108 ΑΙῘὶ
1536 2083 1602 2114 ἱμάς.

983 2112 996 2131 ἀ
1008 2113 1056 2137 Alii
1069 2113 1131 2144 ὑμῖν,
1145 2113 1187 2138 alii
1198 2114 1263 2145 ἡμῖν.
