1967 3125
241 157 293 184 585

585 159 611 187 S.
631 159 775 188 JOANNIS
795 160 1045 189 CIIRYSOSTOMI
1066 159 1230 188 ARCHIEP.
1251 159 1529 189 CONS-TANTINOP.

687 387 911 427 HUMILIA
944 387 981 426 il
1013 386 1066 426 IN
1094 387 1138 426 S.
1165 388 1448 428 PELAGIAM.

273 753 371 789 Majore
388 752 493 788 quidem
514 752 618 780 theatro
632 757 723 780 sancta
737 753 812 788 virgo
828 753 934 789 Pelagia
946 754 1024 790 digna

235 805 308 827 esset
322 808 329 826 :
343 807 438 834 magna
458 799 528 826 enim
548 799 625 834 hujus
645 799 737 833 puella:
754 800 898 827 certamina
918 801 1028 829 exstite-

237 851 298 873 runt
309 866 316 878 ,
332 846 367 873 ob
388 845 466 881 idque
481 845 657 878 copiosiorem
674 845 769 872 theatri
790 846 964 880 frequentiam
983 854 1027 875 re-

235 893 353 927 quirunt.
369 893 404 919 At
417 891 482 918 satis
494 890 531 917 illi
543 895 629 917 tamen
640 896 681 918 est
690 889 821 923 Christus,
833 892 878 926 qui
891 892 963 920 solus
978 899 1026 925 pro

236 939 310 966 otnni
324 943 483 966 ornamento
495 937 573 972 hujus
585 937 694 972 virginis
707 937 861 974 pauegyrim
875 945 907 966 ac
919 938 1026 966 celebri-

236 990 316 1012 tatem
326 991 443 1019 praesens
451 987 566 1011 exornat
576 992 583 1010 :
593 990 645 1018 quo
655 983 725 1010 enim
738 983 796 1010 loco
807 983 926 1011 Christtts
938 985 1024 1018 adest,

237 1031 290 1057 illic
304 1029 424 1057 omnium
438 1029 592 1064 angelorum
602 1029 701 1056 chorus
714 1034 811 1064 praesto
821 1033 872 1057 est.
887 1029 921 1057 Et
933 1038 1025 1058 omnes

235 1075 342 1109 quidem
366 1078 500 1110 martyres
520 1082 567 1101 sua
590 1081 702 1109 corpora
729 1075 891 1103 cruciatibus
916 1075 1024 1104 fortiora

236 1120 434 1156 praestiterunt,
455 1120 491 1147 ob
508 1119 587 1155 idque
605 1128 728 1155 magnum
743 1121 874 1155 quoddam
893 1121 1025 1149 theatrum

236 1166 364 1193 adversus
377 1165 511 1193 diabolum
525 1165 574 1192 sibi
590 1170 748 1200 paraverunt
757 1185 766 1199 ,
780 1173 840 1193 cum
855 1167 1027 1202 incorporeos

235 1212 345 1246 spiritus
362 1218 476 1247 corpore
493 1211 552 1246 ipso
571 1211 772 1245 superaverint,
785 1217 812 1238 et
823 1219 930 1239 carnem
951 1220 1025 1240 suam

235 1265 296 1284 tum
318 1256 388 1284 ferro
410 1256 615 1284 cantendcntem
637 1255 743 1284 fortiter
762 1257 943 1286 exhibuerint.
959 1257 1025 1286 Cum

237 1310 302 1330 vero
313 1302 392 1330 etiam
407 1301 508 1336 puellas
528 1302 599 1336 ipsas
612 1301 689 1329 video
705 1310 753 1337 pro
767 1302 872 1330 Christo
895 1304 1026 1332 crucifixo

236 1348 304 1375 mori
319 1347 462 1383 gestientes
473 1367 482 1380 ,
496 1351 559 1374 tunc
576 1347 673 1374 diaboli
689 1349 865 1376 temeritatem
885 1350 968 1384 magis
990 1350 1027 1377 ri-

236 1392 302 1426 deo,
313 1394 356 1427 qui
370 1401 430 1420 com
444 1391 573 1427 permulta
585 1393 744 1420 vaticinandi
758 1393 815 1420 loca
829 1394 879 1421 sibi
893 1395 1026 1429 excogita-

236 1440 305 1467 verit
316 1459 324 1471 ,
338 1438 413 1474 quasi
434 1446 478 1466 res
492 1438 593 1466 futuras
606 1439 633 1466 in
648 1439 699 1478 illis
720 1439 785 1475 ipsis
802 1440 1026 1474 praenuntiaturus

234 1492 316 1519 essm,
327 1494 379 1513 non
392 1486 455 1513 illud
470 1485 620 1520 prmviderit
632 1493 663 1513 ac
674 1487 828 1514 vaticinatus
840 1487 883 1520 sit,
895 1492 1023 1521 quantum

233 1532 348 1560 dedecus
359 1551 368 1565 .
381 1532 476 1566 quovis
489 1531 543 1558 risu
559 1531 679 1566 dignum,
694 1531 825 1558 hodierno
837 1531 881 1559 die
896 1540 1023 1567 passurus

233 1582 314 1606 esset.
337 1577 405 1611 Quid
425 1577 496 1604 enim
518 1578 602 1612 magis
623 1577 760 1604 ridendum
779 1578 874 1613 aliquis
894 1578 1013 1618 duceret,

233 1631 311 1658 quam
325 1623 394 1657 quod
416 1622 494 1650 hodie
509 1630 602 1657 passus
619 1628 661 1650 est
679 1623 820 1651 diabolus?
832 1625 877 1659 qui
896 1625 957 1652 licet
972 1626 1025 1652 vir-

233 1670 321 1703 ginem
334 1669 462 1696 irretitam
474 1668 593 1701 haberet,
606 1676 621 1695 a
636 1668 724 1702 praeda
739 1674 826 1696 tamen
842 1670 897 1704 ipsa
913 1670 1022 1704 excidit,

233 1722 260 1742 et
276 1715 387 1750 puellam
400 1735 408 1747 ,
424 1722 502 1750 quam
523 1714 719 1749 apprehendit,
737 1720 829 1743 tenere
849 1723 900 1743 nou
917 1717 1016 1756 potuit,

233 1762 309 1796 quasi
323 1761 443 1788 umbram
455 1782 463 1793 ,
479 1769 532 1788 non
548 1761 676 1796 virginem
689 1781 696 1793 ,
710 1762 941 1796 apprehendisset.
957 1762 1022 1790 Nam

233 1816 294 1834 rum
317 1807 359 1834 illa
379 1807 575 1842 simplicitatem
589 1807 719 1834 columbae
733 1815 794 1834 eum
816 1808 947 1842 serpentis
963 1801 1024 1843 pru:

233 1853 321 1881 «lentia
334 1852 503 1888 coniunctam
518 1852 626 1880 haberet
639 1873 645 1885 ,
663 1858 690 1880 ιη
704 1853 826 1880 columba
841 1854 948 1889 quidem
960 1855 1024 1881 sim-

235 1901 293 1934 plex
306 1899 497 1935 comprehensa
514 1904 554 1926 est
569 1919 575 1930 ,
590 1899 636 1926 sed
654 1903 680 1925 ut
695 1899 812 1934 prudens
823 1907 934 1934 serpens
945 1899 1023 1927 ditiu-

233 1947 268 1979 git
287 1945 428 1979 :quamvis
448 1945 519 1983 enim
541 1949 612 1972 esset
630 1945 821 1980 comprehensa
833 1966 841 1978 ,
862 1945 896 1973 de
914 1946 1023 1974 victoria

235 1998 322 2018 ιμιιιειι
346 1998 398 2018 non
419 1990 572 2025 desperavit
594 1999 602 2023 ;
622 1998 709 2025 neque
731 1992 821 2018 animo
840 1997 885 2019 aut
912 1993 1024 2020 consilio

236 2045 257 2062 ιε.
270 2042 310 2070 pta
332 2035 381 2063 fuit
393 2057 400 2068 ,
424 2036 487 2064 licet
507 2043 618 2071 corpore
635 2036 742 2064 detenta
761 2042 853 2064 esset:
869 2038 914 2065 sed
940 2044 1024 2066 artem

234 2081 374 2115 qmundam
385 2086 462 2117 atque
475 2081 615 2109 consilium
628 2082 807 2117 excogitavit,
823 2092 875 2118 quo
887 2092 979 2111 eorum
988 2105 994 2116 ,
1009 2092 1024 2112 ι

234 2128 332 2160 quibus
343 2127 533 2162 comprehensa
548 2126 645 2159 fuerat,
660 2129 836 2157 temeritatem
851 2130 981 2162 eluderet,
997 2136 1024 2158 et

235 2180 283 2199 eos
297 2178 429 2208 tamquam
453 2173 574 2207 stupidus
594 2173 727 2201 redderet.
753 2174 805 2202 Sed
827 2175 951 2209 quidnam
975 2176 1026 2204 hoc

237 2217 306 2244 fuit?
317 2218 352 2246 Se
361 2219 501 2246 consilium
512 2225 629 2247 mutasse
640 2220 727 2255 puella
742 2220 875 2248 simulavit
888 2229 895 2248 :
911 2220 990 2256 idque
1003 2227 1032 2249 ut

235 2262 362 2291 credibile
380 2264 525 2298 videretur,
537 2266 660 2300 quamvis
673 2265 698 2292 iu
715 2269 795 2292 tanta:
811 2265 992 2294 ﬂuctuationis
1005 2271 1033 2294 et

235 2308 367 2344 naufragii
383 2310 502 2344 periculo
515 2310 659 2338 constituta
673 2316 744 2338 esset
755 2331 762 2343 ,
779 2311 853 2338 vultu
869 2316 956 2339 tamen
974 2313 1032 2346 ipso

235 2353 394 2382 hilaritatem
417 2355 590 2390 prwferebal.
611 2356 752 2391 Figmento
775 2357 855 2392 igitur
874 2357 919 2384 illo
934 2358 1031 2385 milites

234 2400 314 2433 capti,
329 2405 356 2428 et
369 2401 462 2435 puella:
479 2401 612 2430 hilaritate
624 2403 739 2438 decepti,
756 2403 900 2431 humanius
915 2404 942 2431 in
958 2404 1030 2431 illam

233 2452 262 2472 se
278 2453 372 2480 gerere
393 2452 544 2481 coeperunt.
561 2447 627 2481 Quae
639 2456 699 2476 cum
715 2449 748 2475 ab
764 2449 829 2483 ipsis
846 2450 965 2484 petiisset
977 2471 985 2482 ,
1002 2454 1031 2478 ut

234 2490 335 2517 tamdiu
350 2491 442 2519 liceret
455 2492 560 2526 abesse,
573 2493 658 2527 quoad
672 2499 797 2520 ornatum
813 2502 918 2530 sponsae
931 2502 1030 2523 conve-

233 2536 349 2563 nientem
370 2536 422 2564 sibi
443 2536 565 2565 indueret
579 2558 587 2571 ,
606 2539 686 2566 eundi
708 2544 866 2575 potestatem
890 2541 987 2569 milites
1003 2541 1029 2569 ei

233 2588 425 2610 conicessertmt
441 2584 554 2618 :quippe
567 2585 611 2619 qui
623 2593 653 2612 ea
669 2593 698 2612 re
709 2594 762 2612 ttou
777 2586 864 2613 solum
879 2587 917 2614 illi
932 2587 1028 2622 virgini

233 2634 336 2662 gratuiti
353 2628 446 2656 facturi
462 2635 563 2662 essent,
579 2632 624 2658 sed
638 2631 756 2659 futurum
769 2633 848 2660 etiam
865 2633 1026 2668 cogitabant,

233 2679 260 2700 ut
279 2683 292 2700 a
311 2674 401 2709 judice
422 2675 480 2710 ipso
493 2677 578 2711 magis
593 2677 772 2710 laudarentur,
787 2678 809 2705 si
825 2679 940 2713 puellam
954 2686 1027 2708 veSIe

231 2726 352 2748 ornatam
366 2721 515 2749 duxissent.
530 2722 574 2750 llla
589 2731 652 2750 vero
664 2724 767 2750 consilii
782 2724 822 2751 sui
833 2732 943 2760 compos
959 2725 1025 2752 facta

230 2767 320 2793 statim
334 2775 364 2794 se
373 2773 444 2796 reste
456 2769 549 2800 induit,
560 2777 620 2804 qua:
630 2777 692 2797 vere
702 2770 800 2798 decora
811 2776 861 2799 est.
873 2772 940 2799 Cum
954 2773 1025 2800 enim

230 2812 310 2838 animi
327 2812 481 2841 fortitudine
495 2835 502 2846 ,
517 2819 544 2841 et
558 2815 762 2842 resurrectionis
776 2823 824 2852 spe
845 2817 927 2845 multa
942 2825 972 2845 se
987 2819 1026 2845 in-

230 2857 329 2886 duisset
343 2867 422 2895 atque
435 2862 632 2889 curmborassct
647 2883 653 2895 ,
670 2862 702 2889 ad
720 2862 801 2898 ipsius
816 2864 878 2892 tecti
893 2862 1024 2900 fastigium

1070 754 1204 786 cucurrit,
1225 758 1252 781 et
1273 752 1344 780 illinc
1364 753 1477 788 seipsam
1498 752 1660 788 praecipitem
1675 752 1760 780 dedit.
1775 752 1869 786 Itaque

1070 799 1200 834 paltestm:
1212 806 1295 834 genus
1313 798 1377 826 illud
1390 799 1478 834 exegit
1491 819 1499 832 ,
1513 798 1584 833 quod
1600 802 1628 826 ut
1648 806 1775 834 magnum
1787 798 1863 834 quid-

1071 845 1142 879 piam
1151 843 1293 879 aliquando
1303 843 1424 871 diabolus
1436 844 1548 871 Domino
1561 844 1611 879 ipsi
1625 850 1776 879 proponere
1786 850 1864 870 ausus

1071 889 1166 923 fuerat,
1180 897 1241 917 cum
1254 889 1319 917 dixit
1336 898 1343 917 :
1359 889 1389 918 Si
1403 889 1488 917 Filius
1505 889 1553 916 Dei
1566 897 1602 922 es,
1622 889 1690 916 mitte
1711 894 1736 916 te
1749 888 1864 916 deorsum

1072 935 1083 972 (
1094 936 1186 963 Matth.
1199 937 1226 964 ι.
1239 935 1286 971 6).
1301 935 1385 971 Hujus
1398 935 1492 971 puella:
1506 935 1584 963 iidem
1599 940 1625 963 et
1638 935 1719 962 animi
1734 935 1864 970 magnitu-

1071 983 1160 1010 dinem
1176 982 1253 1010 valde
1273 982 1442 1017 obstupesco.
1458 981 1525 1015 Quid
1545 983 1617 1010 enim
1637 987 1700 1009 tunc
1719 981 1773 1008 alia
1793 982 1863 1017 virgo

1070 1035 1161 1055 secum
1184 1028 1239 1062 ipsa
1264 1035 1316 1054 non
1339 1027 1505 1062 cogitasset?
1528 1027 1642 1054 Dixisset
1665 1026 1775 1062 quidem
1797 1035 1804 1053 :
1826 1026 1863 1054 Do

1071 1073 1200 1108 meipsam
1215 1080 1247 1100 ex
1263 1072 1314 1100 hoc
1328 1073 1387 1100 loco
1401 1073 1564 1108 prmeipitem
1576 1093 1584 1106 ,
1598 1080 1657 1100 cum
1680 1072 1706 1099 id
1731 1072 1820 1100 facere
1833 1080 1864 1099 eo

1070 1119 1129 1154 ipso
1142 1124 1232 1146 coacta
1245 1119 1295 1146 sim
1310 1139 1317 1151 ,
1330 1118 1400 1154 quod
1416 1123 1537 1154 stuprum
1551 1124 1649 1146 metuo.
1665 1118 1813 1146 Landabile
1827 1124 1864 1146 est

1073 1165 1238 1200 propositum
1253 1186 1260 1198 ,
1279 1165 1360 1192 modo
1373 1173 1464 1193 casum
1479 1165 1564 1199 ipsum
1579 1172 1652 1191 mors
1664 1170 1844 1199 consequatur
1857 1174 1862 1190 :

1071 1211 1194 1246 quamvis
1207 1210 1277 1238 enim
1289 1210 1314 1237 in
1329 1217 1373 1237 me
1388 1213 1518 1237 mortuam
1533 1209 1625 1237 hostes
1637 1209 1794 1236 debaccltati
1810 1208 1863 1236 fue-

1070 1257 1133 1289 rint,
1149 1257 1175 1284 id
1190 1261 1277 1284 tamen
1290 1264 1339 1292 ego
1351 1264 1405 1284 non
1419 1256 1548 1288 sentiam,
1564 1262 1661 1291 meque
1673 1255 1804 1283 insciente
1817 1255 1864 1283 hoc

1071 1301 1181 1330 facient.
1198 1302 1236 1330 Ac
1248 1302 1270 1330 si
1283 1303 1310 1330 in
1323 1306 1420 1329 terram
1430 1302 1530 1329 collisa:
1541 1301 1662 1336 corporis
1675 1301 1796 1328 membra
1807 1308 1864 1335 per-

1071 1348 1153 1376 fracta
1169 1348 1281 1382 fuerint,
1295 1349 1382 1375 anima
1395 1355 1458 1375 vero
1479 1347 1505 1375 in
1527 1347 1654 1375 membris
1668 1346 1864 1382 permanserit,

1071 1396 1192 1430 corporis
1205 1395 1395 1430 turpitudinem
1409 1395 1522 1423 moleste
1536 1393 1626 1422 ferens
1639 1401 1672 1421 ac
1685 1393 1793 1427 dolens,
1806 1399 1866 1420 tunc

1071 1442 1243 1469 nihilominus
1257 1442 1290 1470 ad
1300 1442 1417 1476 judicem
1431 1442 1520 1475 ducta,
1534 1449 1565 1469 ea
1579 1442 1674 1477 patiar,
1689 1449 1750 1476 qua:
1763 1449 1866 1475 semper

1072 1488 1148 1515 timui
1165 1497 1172 1515 :
1189 1488 1295 1516 tradent
1313 1488 1383 1515 enim
1406 1493 1499 1522 stupro
1515 1495 1613 1522 corpus
1633 1487 1720 1522 ipsum
1742 1487 1866 1514 membris

1073 1534 1164 1561 laesum
1178 1555 1186 1568 ,
1200 1541 1232 1561 ac
1251 1542 1294 1561 me
1307 1534 1430 1561 violatam
1453 1533 1589 1561 dimittent
1605 1541 1612 1560 :
1627 1534 1720 1568 sicque
1735 1532 1864 1567 duplicem

1071 1581 1154 1609 feram
1162 1581 1351 1614 calamitatem,
1365 1586 1421 1608 tum
1432 1580 1568 1615 corporeis
1579 1581 1709 1608 membris
1723 1580 1796 1610 lmsa.
1812 1584 1864 1606 tum

1071 1628 1222 1663 virginitate
1240 1628 1362 1663 spoliata.
1386 1627 1448 1655 Haec
1473 1627 1538 1654 satis
1560 1626 1668 1662 quidem
1692 1626 1824 1658 fuissent,
1839 1631 1865 1653 ut

1071 1673 1149 1700 aliam
1170 1673 1286 1708 puellam
1306 1673 1499 1707 perturbarent.
1518 1673 1553 1700 At
1572 1672 1615 1699 illa
1631 1673 1667 1700 ita
1686 1672 1790 1700 conﬁsa
1806 1677 1863 1703 est,

1071 1719 1146 1753 quasi
1160 1718 1221 1746 ﬁnis
1236 1719 1318 1754 ipsius
1329 1726 1485 1754 sponsorem
1498 1718 1613 1753 aliquem
1626 1717 1739 1746 haberet
1752 1726 1760 1744 :
1775 1718 1810 1744 ob
1825 1717 1863 1744 id-

1071 1772 1124 1799 que
1139 1769 1261 1799 prompto
1278 1764 1368 1792 animo
1387 1764 1420 1791 ad
1433 1772 1493 1792 eum
1506 1771 1598 1792 casum
1614 1763 1759 1791 festinavit.
1777 1763 1864 1798 Itaque

1071 1810 1167 1844 puella:
1179 1814 1207 1837 et
1221 1810 1329 1845 virginis
1344 1809 1498 1837 fortitudine
1511 1814 1590 1844 atque
1609 1809 1700 1836 animo
1721 1809 1768 1836 illo
1782 1809 1864 1835 victus

1070 1862 1100 1882 es
1111 1875 1120 1888 ,
1133 1855 1248 1882 diabole.
1261 1855 1326 1889 Quae
1338 1856 1408 1882 enim
1426 1855 1537 1882 Domino
1550 1855 1599 1889 ipsi
1612 1855 1677 1882 olim
1692 1854 1861 1889 proposuisti,

1071 1896 1105 1923 ad
1119 1904 1149 1924 ea
1165 1897 1250 1931 puella
1263 1897 1387 1932 quaedam
1397 1919 1403 1930 ,
1417 1897 1475 1933 ejus
1487 1897 1599 1930 famula,
1615 1902 1641 1925 te
1656 1898 1808 1932 proroearit
1818 1918 1825 1929 .
1839 1902 1864 1924 et

1070 1941 1104 1968 ad
1121 1942 1182 1969 tecti
1198 1941 1329 1978 fastigium
1349 1950 1503 1977 accurrens,
1519 1942 1593 1970 illinc
1614 1942 1732 1977 seipsam
1750 1943 1862 1978 iaculata

1071 1992 1112 2014 est
1127 1996 1134 2014 :
1150 1995 1265 2023 cumque
1283 1996 1299 2016 a
1319 1989 1408 2024 judice
1430 1993 1522 2016 vocata
1541 1992 1633 2021 esset,
1655 1987 1702 2015 tibi
1718 2008 1725 2019 ,
1746 1988 1791 2022 qui
1815 1987 1866 2015 hoc

1070 2034 1223 2068 suggessisti
1233 2055 1241 2067 ,
1257 2041 1309 2062 non
1325 2035 1535 2069 obtemperavit,
1558 2041 1644 2069 neque
1659 2033 1800 2061 subdolam
1816 2041 1862 2068 pu-

1070 2086 1149 2114 gnam
1169 2080 1250 2107 subiit
1265 2089 1272 2107 :
1289 2081 1362 2108 novit
1375 2081 1446 2108 enim
1460 2085 1583 2108 versutas
1598 2079 1777 2115 cogitationes
1790 2084 1861 2106 tuas:

1070 2132 1131 2152 cum
1149 2133 1220 2160 sape
1243 2126 1359 2161 virgines
1382 2127 1453 2161 ipsas
1473 2125 1507 2153 ad
1526 2125 1646 2160 iudices,
1673 2131 1807 2160 tamquam
1831 2125 1861 2151 ad

1071 2170 1173 2206 flagella
1191 2171 1346 2206 excipienda
1360 2192 1368 2205 ,
1383 2179 1480 2200 vocare
1501 2171 1590 2200 soleas
1605 2179 1611 2203 ;
1626 2176 1718 2206 postea
1733 2178 1795 2198 vero
1808 2172 1862 2196 stne

1071 2225 1158 2253 pugna
1178 2217 1226 2251 iis,
1241 2218 1285 2253 qui
1301 2225 1418 2253 pugnare
1432 2217 1592 2250 subierunt,
1607 2217 1732 2244 acerbius
1745 2215 1863 2244 detentas

1071 2265 1156 2300 ejicis.
1168 2265 1202 2292 At
1212 2265 1235 2292 si
1245 2273 1308 2293 vere
1315 2265 1347 2292 ad
1358 2273 1472 2300 pugnam
1482 2265 1522 2292 vel
1532 2264 1565 2292 ad
1578 2264 1663 2292 stadia
1675 2263 1790 2298 puellam
1805 2270 1862 2297 pro-

1071 2320 1161 2345 vocas,
1174 2312 1338 2347 congredere
1351 2319 1421 2339 nunc
1430 2319 1490 2339 eum
1505 2311 1549 2338 illa
1561 2319 1576 2339 e
1590 2315 1660 2338 tecto
1671 2317 1702 2338 se
1714 2309 1860 2344 dejicieme.

1070 2366 1183 2393 eamque
1201 2358 1273 2386 illine
1286 2357 1450 2385 decidenletn
1466 2357 1586 2385 sustine:
1601 2356 1701 2384 audeas
1721 2360 1813 2383 contra
1833 2355 1862 2382 il-

1071 2404 1122 2431 lam
1135 2409 1217 2436 stare,
1232 2408 1259 2432 et
1268 2404 1418 2439 palaestram
1429 2402 1554 2439 experiri.
1566 2402 1658 2430 Excita
1670 2408 1861 2437 quamcumque

1071 2450 1136 2478 velis
1148 2450 1283 2478 astutiam.
1298 2449 1385 2478 Habes
1398 2453 1496 2477 terram
1510 2456 1558 2484 pro
1571 2455 1668 2483 pugna:
1678 2454 1791 2482 campo:
1802 2454 1862 2481 urge

1071 2504 1141 2524 nunc
1153 2496 1255 2532 gladios
1269 2496 1351 2532 ipsos
1366 2500 1397 2523 ut
1409 2499 1522 2523 mortem
1538 2494 1654 2524 inferas;
1668 2493 1810 2521 substerne
1822 2492 1860 2518 in-

1070 2543 1231 2572 terticiendis
1244 2543 1396 2570 hominibus
1411 2541 1476 2570 dura
1490 2541 1570 2569 caedis
1585 2541 1781 2571 instrumenta;
1803 2546 1861 2574 para

1069 2590 1202 2618 decidet-ti
1216 2589 1311 2625 puella:
1332 2588 1550 2617 confractionem.
1572 2586 1672 2614 Omnes
1688 2586 1762 2613 enim
1781 2592 1860 2619 quan-

1071 2638 1167 2664 tumvis
1187 2636 1324 2664 abstrusas
1345 2639 1425 2669 atque
1445 2633 1548 2661 abditas
1572 2637 1644 2660 artes
1660 2637 1721 2659 tuas
1735 2632 1806 2658 velut
1824 2631 1860 2657 in-

1071 2683 1236 2710 !lrmissimas
1250 2682 1293 2710 illa
1309 2681 1445 2717 superavit
1457 2690 1463 2707 :
1475 2679 1598 2715 quodque
1613 2679 1701 2713 majus
1714 2682 1765 2710 est,
1781 2684 1860 2712 neque

1071 2729 1134 2757 illud
1157 2737 1172 2756 a
1192 2729 1247 2756 Deo
1264 2727 1373 2762 exegit,
1387 2726 1458 2762 quod
1477 2725 1606 2760 scriptum
1621 2729 1664 2752 cst
1678 2733 1684 2751 :
1699 2723 1799 2759 Angelis
1815 2722 1860 2748 tuis

1071 2774 1164 2801 utenda
1178 2774 1209 2801 de
1222 2782 1262 2801 me
1272 2794 1279 2806 ,
1299 2773 1420 2805 Domine,
1436 2779 1467 2799 ne
1482 2779 1593 2807 unquam
1609 2769 1739 2803 o/fendam
1752 2768 1785 2795 nd
1798 2768 1859 2801 Iupi-

1071 2821 1127 2847 dt-m
1142 2829 1234 2855 corpus
1248 2828 1328 2847 meum
1341 2818 1421 2854 (Luc.
1437 2819 1463 2845 ι.
1481 2817 1524 2845 10.
1541 2817 1585 2851 Η)
1600 2826 1607 2843 :
1624 2816 1672 2844 sed
1688 2816 1714 2843 id
1731 2815 1818 2850 petiit.
1833 2818 1858 2839 ut

1071 2865 1153 2895 animi
1169 2868 1322 2902 pt'a'Cipcl‘t‘l
1338 2871 1395 2900 pust
1410 2872 1498 2893 rasum
1516 2863 1601 2898 ipsum
1617 2871 1632 2888 e
1647 2870 1758 2893 corpore
1776 2861 1856 2888 disce-
