1967 3125
79 217 150 242 dere.
164 215 187 243 Ο
202 218 318 250 puellam
330 236 340 250 ,
361 223 459 251 genere
473 217 579 251 quidem
595 221 621 244 et
638 224 702 244 sexu
723 217 848 244 feminam
860 237 870 252 ,

77 263 164 290 animo
175 267 267 290 autem
284 263 344 298 ipso
360 263 477 291 marem!
493 271 510 290 ο
522 263 650 298 virginem
664 262 767 292 duobus
779 264 870 292 nomi-

78 308 153 336 nibus
166 308 358 342 extullendam.
371 308 441 344 quod
456 309 481 336 in
493 309 625 344 virginum
640 316 720 344 grege
731 330 739 342 ,
754 314 782 336 et
795 317 868 336 mar—

78 359 163 389 tyrum
177 353 262 381 choro
276 359 413 382 numerata
427 353 484 382 sisl
503 361 520 382 ο
541 355 653 388 puellam
674 354 709 381 ita
730 355 869 382 continen-

77 403 138 430 tem,
152 404 178 426 ut
193 406 280 434 neque
293 404 401 434 aspectu
411 399 518 434 quidem
533 399 590 434 ipso
600 399 702 426 fruendi
718 398 869 427 facultatem

527 166 558 193 IN
629 165 796 195 IGNATIUM
818 164 1023 192 MARTYREM.
1043 179 1076 184 -
1095 163 1263 191 MONITUM.

1641 163 1704 192 586'

916 216 949 242 ad
966 215 1089 250 pietatem
1104 214 1264 242 servandam
1279 213 1484 242 corroboremus
1495 222 1503 247 ;
1516 213 1619 249 judices
1636 215 1707 248 ipsos

915 269 931 288 a
952 259 1140 288 tentationibus
1163 259 1367 288 submoveamus
1379 279 1386 292 ,
1402 263 1430 286 et
1448 267 1508 286 cum
1527 263 1706 294 opportunum

916 312 964 339 est,
981 314 1033 334 non
1046 305 1174 341 abiectos,
1190 305 1236 333 sed
1249 305 1363 333 audaces
1377 312 1425 333 nos
1441 309 1596 340 praestemus
1609 314 1616 338 ;
1631 304 1707 333 deni-

915 360 967 388 que
983 352 1100 380 membra
1116 356 1217 383 nostra.
1231 359 1291 386 quas
1303 355 1365 378 sunt
1378 358 1458 386 super
1471 356 1578 384 terram,
1593 352 1707 379 mortiﬁ-

915 406 1007 426 cemus
1018 420 1026 431 ,
1041 403 1069 425 ιιι
1083 398 1209 426 Dominus
1226 399 1281 432 ipse
1297 398 1347 424 hoc
1362 397 1460 425 humile
1473 405 1570 432 corpus
1587 403 1708 427 nostrum

915 445 967 472 tztle
981 444 1083 476 reddat.
1095 449 1121 472 et
1131 444 1157 471 in
1169 451 1229 471 eam
1244 443 1422 471 conditionem
1438 443 1589 476 transierat,
1606 449 1633 471 ut
1646 451 1700 471 cor-

915 491 987 525 poris
1004 491 1044 517 sui
1060 490 1170 516 formam
1184 497 1244 516 cutn
1258 496 1291 516 eo
1303 489 1482 517 communicet
1496 497 1503 516 :
1517 489 1559 517 cui
1574 490 1609 516 sil.
1621 489 1705 524 gloria

913 542 941 565 et
955 537 1107 572 imperium,
1123 537 1148 563 in
1161 536 1267 563 szecula.
1282 536 1378 562 Amen.

78 444 341 480 iutemperatojudici
351 445 508 479 praebueris!
521 445 603 479 llnjus
614 444 693 480 igitur
703 445 797 478 puella:
806 449 870 472 tent-

78 491 220 525 perantiam
233 495 262 518 et
275 498 324 517 nos
337 490 482 520 imitemur.
497 495 524 518 et
534 495 625 518 contra
637 490 785 525 voluptates
798 490 868 525 ipsas

78 536 190 564 victoria:
210 541 310 572 troprea
330 537 487 572 erigamus;
507 537 705 564 incontinentite
723 541 802 572 atque
825 537 869 564 in—

77 583 258 618 temperantia
277 583 405 618 impetum
423 583 576 618 frangamus
587 604 594 617 ,
609 587 636 610 et
650 584 767 610 animum
783 583 867 618 ipsum

82 731 832 744 mm

839 731 1149 744 ζέε-ΞΕ

773 857 1022 897 MONITUM

446 948 495 978 AD
517 947 706 977 HOMILIAM
727 946 767 976 IN
794 947 826 976 S.
853 946 1041 977 IGNATIUM
1060 947 1339 980 THEOPHORUM.

106 1027 187 1064 {592}
208 1027 286 1054 llanc
299 1026 438 1054 homiliam
455 1024 606 1052 Antiochiae
626 1024 720 1051 habuit
733 1023 945 1060 Chrysostomus
969 1024 1062 1060 paucis
1083 1030 1144 1060 post
1159 1025 1324 1054 Concionem
1349 1026 1375 1054 in
1394 1027 1422 1054 S.
1440 1026 1574 1062 Pelagium
1599 1027 1707 1064 diebus_

74 1074 109 1101 De
124 1082 200 1101 anno
212 1081 246 1101 ne
265 1073 421 1108 conjectura
434 1071 543 1106 quidem
557 1070 666 1106 quidvis
682 1074 802 1097 statuere
826 1077 982 1104 possumus,
1000 1077 1063 1097 cum
1081 1071 1155 1098 nulla
1176 1071 1240 1099 hinc
1252 1072 1382 1107 temporis
1398 1076 1461 1099 nota
1475 1073 1532 1099 erui
1549 1073 1644 1108 possit.
1657 1072 1710 1101 Fe-

73 1127 144 1150 stum
160 1121 191 1148 S.
213 1120 310 1156 lgnatii
326 1119 477 1147 celebratur
491 1118 561 1154 apud
576 1125 626 1145 nos
643 1118 655 1144 Ι
673 1117 826 1150 Februarii,
841 1118 914 1153 apud
930 1117 1041 1146 Graecos
1057 1123 1149 1146 autem
1167 1119 1298 1154 vigesima
1320 1120 1363 1147 die
1380 1120 1544 1148 Decembris.
1561 1120 1629 1154 Quia
1645 1129 1709 1148 vero

73 1175 103 1193 ra
121 1167 184 1201 ipsa
199 1166 259 1193 dies
272 1165 307 1192 90
332 1163 486 1192 Decembris
502 1167 612 1190 notatur
629 1162 711 1190 etiatn
724 1162 751 1189 iu
773 1162 839 1189 Mss.
865 1162 1065 1197 antiquissimis
1078 1183 1085 1195 ,
1110 1164 1259 1192 verisimile
1274 1171 1388 1199 prorsus
1402 1165 1508 1192 videtur
1522 1173 1554 1192 ea
1575 1166 1633 1200 ipsa
1665 1166 1710 1192 die

75 1214 198 1241 habitam
211 1213 295 1241 fuisse
305 1213 377 1240 hanc
390 1211 530 1239 homiliam
548 1220 554 1238 :
572 1218 627 1238 non
644 1214 734 1237 autem
756 1210 788 1237 l7
807 1210 975 1244 Decembris,
990 1219 1044 1246 qua
1059 1212 1104 1239 die
1130 1213 1272 1240 translatio
1288 1213 1348 1248 ejus
1373 1213 1526 1241 celebratur
1543 1214 1570 1241 in
1588 1214 1710 1242 Ecclesia

77 1261 214 1292 Romana,
232 1264 262 1287 ut
276 1263 350 1287 recte
366 1262 442 1286 notat
460 1257 563 1285 Fronto
581 1257 706 1290 Ducaans,
722 1257 769 1292 qui
795 1261 850 1285 tres
865 1257 925 1292 ejus
942 1257 1134 1286 translationes
1146 1266 1364 1293 commemorat,
1397 1260 1511 1294 primam
1547 1269 1601 1296 qua
1624 1261 1709 1288 nomn

74 1307 260 1338 Antiochiam.
283 1311 312 1334 ttt
335 1306 491 1341 putabatur,
512 1313 527 1332 a
550 1305 692 1340 discipulis
709 1304 755 1340 qui
782 1305 842 1339 ejus
858 1309 918 1332 aeta
935 1305 1115 1339 scripserunt,
1144 1305 1275 1341 Reliquiae
1290 1306 1349 1341 ejus
1377 1306 1515 1333 translatae
1542 1311 1625 1333 sunt:
1648 1312 1711 1333 nam

73 1355 274 1390 Chrysostomo
289 1353 316 1380 in
331 1353 381 1380 hac
394 1352 506 1380 homilia
521 1355 602 1386 atque
614 1351 779 1387 Hieronymo
796 1352 922 1382 testibus,
939 1359 1003 1379 ossa
1019 1352 1080 1386 ejus
1103 1352 1254 1379 Antiochia
1266 1353 1455 1388 quiescebant,
1471 1359 1497 1379 et
1509 1352 1618 1388 quidem
1634 1358 1710 1380 extra

76 1407 184 1438 portam
207 1401 395 1436 Daphniticam
426 1401 452 1428 in
468 1401 642 1434 Ccemeterio,
657 1400 694 1428 ait
722 1400 905 1437 Hieronymus
928 1401 962 1428 de
976 1400 1163 1436 Scriptoriltus
1187 1401 1400 1429 Ecclesiasticis.
1425 1402 1549 1430 Secunda
1571 1402 1713 1429 translatio

74 1451 229 1485 imperante
242 1447 396 1476 Theodosio
415 1448 436 1475 ll
462 1447 532 1476 facta
547 1451 599 1480 est,
627 1454 689 1475 cum
705 1447 764 1481 ejus
778 1447 857 1482 jussu
884 1455 917 1475 ex
942 1447 1105 1475 Cmmeterio
1121 1449 1148 1475 in
1176 1449 1306 1483 templum
1323 1447 1450 1475 Fortuna:
1465 1448 1524 1483 «jus
1540 1456 1603 1476 ossa
1620 1455 1712 1481 trans-

75 1498 128 1524 lata
156 1500 233 1528 sunt,
246 1500 272 1523 et
284 1495 414 1530 templum
431 1495 494 1522 olim
518 1495 688 1522 daemonibus
712 1494 844 1527 dicatum,
873 1494 985 1530 Martyri
1010 1501 1202 1522 consecratum
1219 1501 1270 1528 est,
1303 1495 1393 1531 inquit
1415 1494 1558 1530 Evagrius.
1587 1495 1710 1523 Tertiam

75 1542 286 1570 translationem
297 1541 441 1569 Antiochia
458 1541 570 1569 Romam
582 1546 717 1569 memorat
729 1541 954 1578 Martyrologium
968 1542 1135 1575 Romanum,
1149 1550 1210 1570 cum
1236 1542 1263 1569 in
1276 1542 1393 1570 ecclesia
1406 1541 1434 1570 S.
1454 1542 1602 1570 Clementis
1615 1549 1713 1570 recon-

75 1590 133 1616 dita
151 1593 226 1616 sunt.

111 1636 367 1671 interpretationem
382 1635 522 1665 Francisci
534 1636 592 1664 Zini
609 1636 711 1672 passim
724 1637 895 1665 emendatam
914 1645 929 1665 e
943 1636 1053 1672 regione
1068 1636 1155 1664 Graeci
1173 1640 1262 1664 textus
1272 1636 1388 1663 edimus.
