1967 3125
628 264 689 306 ΙΝ
726 265 769 305 8.
798 264 1130 319 MARTYREM
1166 265 1462 310 IGNATIUM

601 155 630 183 S.
651 155 789 183 10“le
809 155 1031 183 CIIRYSOSTOM

1090 155 1224 184 llClilEl‘.
1244 158 1508 189 CONSTANTINOP.

841 224 1845 236 Ἦ

1834 165 1887 189 538

245 352 424 380 υΕΙΙῈΙὶυὶί,
441 352 557 374 ΜΔΒΝΑΞ
574 352 752 373 ΛΝΤΙΟΟΠΙΕ
776 351 1047 373 ARCHIEPISCOPUM
1063 351 1176 374 ROMAH
1191 354 1374 382 ABDUCTUM,
1399 356 1506 383 IBIQUE
1521 359 1684 380 MARTYIHO
1702 359 1840 381 AFI’HCTI
1853 361 1887 386 Μ,

524 402 627 427 noua
649 401 724 422 nvos
747 401 866 422 nunsus
889 400 1087 422 ANTIOCHIAM
1109 401 1331 432 TRANSLATUM,
1355 401 1535 429 LAUDATIO'
1555 400 1610 439 (ιι).

968 473 1154 501 1813015025»

276 551 301 579 l.
315 550 364 585 Qui
378 547 539 583 sumptuosis
551 555 583 575 ac
596 547 740 582 splendidis
752 547 881 574 conviviis
894 546 1032 574 delectan-

240 604 292 631 tur,
306 605 336 626 ea
350 597 446 624 crebro
459 600 486 623 et
500 595 652 630 frequenter
664 594 807 625 celebrant,
819 598 873 621 tum
889 598 916 621 ιιι
928 593 1033 621 divitias

239 648 374 672 ostentem
388 649 466 674 suas,
482 646 536 668 tum
556 645 584 667 ut
597 640 807 667 benevolentiam
823 639 848 666 in
863 639 964 666 amicos
978 647 1032 674 pne

239 697 268 717 se
283 689 378 717 ferant.
392 687 464 715 Talis
477 691 515 714 est
529 686 609 714 etiam
625 685 739 720 Spiritus
761 685 844 720 gratia
858 706 866 718 ,
882 693 941 720 qua!
956 685 1032 712 nobis

238 740 266 762 et
281 735 399 770 proprias
413 740 476 767 opes
491 731 606 759 ostendit
627 737 706 766 atque
720 730 828 758 exhibet
841 751 848 763 ,
863 734 890 758 et
909 738 1031 765 magnam

239 789 300 815 erga
319 780 419 807 amicos
439 778 484 806 Dei
503 778 640 805 caritatem
654 777 772 804 declarat
785 797 794 810 ,
806 785 866 804 cum
882 776 1033 812 frequentes

240 825 316 853 nobis
328 828 475 859 martyrum
491 830 597 850 mensas
611 823 728 857 apponit.
745 821 835 856 Nuper
852 822 939 857 puella
954 822 1032 856 plane

239 871 395 899 adolescens
405 875 432 897 et
443 869 526 904 virgo,
537 869 611 896 beata
623 873 722 904 martyr
737 868 852 903 Pelagia,
865 876 959 903 magna
971 875 1032 895 cum

239 916 331 943 ltctitia
343 915 493 942 convivium
508 914 585 941 nobis
599 914 718 941 exhibuit
736 922 742 940 :
759 913 838 941 hodie
851 914 1031 942 celebritatem

240 961 308 988 illius
320 961 413 988 beattts
427 960 470 987 ltie
484 967 515 986 ac
528 967 673 994 generosns
694 964 795 994 martyr
816 959 931 995 lgnatius
951 959 1032 986 vicis-

239 1007 288 1035 sim
302 1007 416 1042 excepit.
434 1006 548 1033 Diversae
563 1005 670 1040 quidem
686 1012 818 1040 personat,
833 1004 880 1032 sed
893 1012 943 1032 una
958 1012 1033 1032 men-

239 1061 267 1082 sa
280 1063 288 1087 ;
303 1054 383 1080 varite
399 1060 502 1087 pugnm,
518 1052 564 1079 sed
578 1059 676 1080 corona
691 1051 784 1079 eadem
795 1060 802 1084 ;
815 1051 932 1086 disparia
945 1055 1032 1078 certa-

239 1102 321 1135 mina,
332 1101 378 1129 sed
389 1101 459 1129 idem
472 1101 601 1128 bravium.
617 1099 646 1127 ln
659 1099 849 1127 certaminibtts
859 1099 931 1127 enim
944 1103 1033 1126 exter-

239 1148 280 1174 nis
291 1167 299 1180 ,
315 1148 374 1182 quia
387 1146 492 1174 labores
507 1150 570 1173 sunt
583 1152 740 1180 corporum,
759 1145 855 1172 merito
868 1144 917 1172 viri
931 1148 1032 1171 tantum

237 1193 430 1224 admittuntur;
446 1191 489 1218 hic
501 1195 589 1219 autem
604 1191 729 1226 quoniam
746 1195 829 1217 totum
845 1194 981 1217 certamen
996 1189 1031 1217 ad

239 1239 356 1266 animum
368 1242 481 1272 spectat,
493 1237 598 1272 utrique
611 1237 686 1263 sexui
699 1236 814 1264 stadium
828 1236 955 1270 aperitur,
968 1235 1034 1263 utri-

237 1292 289 1319 que
298 1284 390 1319 generi
403 1283 542 1311 consident
555 1287 729 1317 spectatores.
741 1282 796 1310 Nec
811 1282 859 1309 viri
875 1287 976 1309 tantum
989 1289 1034 1309 ao-

238 1330 348 1364 cingunt
368 1337 415 1362 se,
437 1337 471 1356 ne
485 1328 518 1355 ad
534 1333 634 1355 natura:
649 1327 829 1355 infirmitatem
846 1327 951 1354 feminae
966 1334 1033 1354 cott-

238 1377 366 1411 fngientes
380 1375 542 1410 probabilem
557 1375 653 1402 habere
667 1374 805 1402 vidcantur
814 1375 1031 1402 excusationem:

237 1431 287 1450 nec
301 1422 365 1450 sol-.e
377 1421 482 1449 femina:
496 1429 525 1449 se
540 1421 643 1448 fortiter
654 1425 760 1456 gerunt,
773 1428 806 1448 ne
817 1421 935 1447 virorum
948 1428 1032 1455 genus

238 1469 334 1496 rubore
349 1467 528 1503 perfundant;
543 1466 590 1494 sed
606 1471 633 1494 et
653 1466 714 1493 hinc
727 1471 754 1493 et
774 1465 836 1493 inde
850 1466 927 1493 ntulti
944 1465 1032 1500 publi-

237 1517 333 1541 cautur
345 1513 470 1544 victores,
487 1517 513 1539 et
527 1519 639 1539 coronas
654 1515 841 1546 assequuntur,
857 1517 883 1538 ut
896 1519 928 1538 ex
942 1511 1031 1546 operi-

237 1559 287 1586 bus
299 1558 438 1593 intelligas,
451 1557 476 1583 in
490 1556 597 1584 Christo
607 1556 669 1584 Jesu
685 1564 770 1591 neque
784 1557 931 1584 masculum
946 1563 1033 1590 neque

237 1604 362 1632 fentinam
374 1611 434 1631 esse
449 1602 544 1638 (Galat.
558 1603 585 1630 5.
598 1603 656 1638 28),
672 1610 721 1630 nec
734 1610 838 1635 sexum,
851 1609 900 1630 nec
912 1603 1032 1637 corporis

237 1650 464 1682 imbecillitatem,
485 1656 570 1683 neque
587 1653 694 1675 aetatem
706 1668 713 1681 ,
738 1656 787 1675 nec
801 1648 872 1675 aliud
887 1648 1031 1683 quidquam

237 1694 367 1730 ejusmodi
387 1693 491 1728 pictatis
505 1701 613 1720 cursum
633 1693 834 1721 conlicientibus
855 1693 1031 1728 impedimen—

237 1745 292 1768 tum
306 1741 402 1768 aiIerre
416 1747 503 1775 posse,
517 1739 596 1767 modo
610 1746 738 1774 generosa
752 1739 887 1772 alacritas,
901 1745 928 1766 ct
941 1747 1032 1775 prom-

237 1795 299 1825 ptus
311 1789 432 1821 animus,
447 1793 474 1816 et
490 1788 535 1815 Dei
549 1789 629 1815 timor
642 1787 739 1814 ardens
754 1792 833 1821 atque
852 1786 1031 1814 inflammatus

238 1836 264 1863 in
280 1835 406 1863 cordibus
418 1834 517 1862 nastris
529 1834 632 1862 radices
641 1834 735 1869 egerit.
751 1833 852 1861 Idcirco
863 1838 890 1861 et
903 1834 1030 1868 virgines,

237 1886 264 1909 et
280 1881 384 1916 puella),
396 1885 424 1908 et
434 1881 483 1908 viri
493 1901 501 1913 ,
513 1880 672 1915 etjuvenes.
682 1884 709 1907 et
722 1887 812 1911 senes,
825 1883 852 1907 et
866 1879 945 1911 servi,
956 1885 983 1907 et
998 1879 1030 1906 li-

237 1928 304 1961 beri,
318 1932 346 1955 et
357 1927 444 1954 omnis
456 1926 532 1958 ordo,
545 1931 624 1961 atque
637 1931 702 1953 tetas
715 1925 812 1959 omnis,
826 1929 855 1954 et
866 1933 946 1953 sexus
959 1930 1031 1953 uter—

236 1981 289 2008 qtte
307 1972 340 2000 ad
355 1972 412 1999 hate
424 1971 569 1999 certamina
583 1972 775 2006 accinguntur;
795 1978 845 1998 nec
860 1971 906 1998 ulli
921 1971 1032 1999 omnino

237 2027 285 2047 sua
300 2018 462 2046 frustrantur
476 2025 524 2052 spe
536 2038 544 2050 ,
557 2018 602 2053 qui
617 2023 755 2045 strenuum
768 2017 850 2045 animi
864 2017 1030 2053 propositum

238 2064 270 2091 ad
283 2064 332 2091 has
346 2071 447 2098 pugnas
459 2063 606 2091 attulerint.
621 2063 738 2098 Tempus
751 2063 832 2098 igitur
843 2063 899 2098 jam
913 2063 946 2090 ad
960 2070 1031 2098 prae-

239 2120 247 2136 ε
256 2110 311 2137 lara
326 2109 436 2144 hujusce
449 2110 500 2136 viri
514 2109 631 2136 facinora
645 2109 804 2136 declaranda
819 2116 868 2136 nos
882 2113 966 2141 vocat,
984 2109 1032 2137 sed

239 2158 388 2184 deterretur
401 2156 505 2183 animus
519 2163 552 2183 ac
565 2155 744 2190 perturbatur,
758 2155 820 2182 dttm
833 2155 860 2183 in
876 2159 958 2187 tanta,
971 2163 1031 2190 quae

240 2210 289 2230 nos
305 2203 422 2237 undique
434 2201 612 2234 circumﬂuit,
629 2202 736 2228 lattdum
749 2202 825 2236 copia
845 2201 950 2228 haesitat
967 2201 1030 2236 quid

239 2249 352 2282 primum
362 2268 370 2281 ,
384 2247 446 2283 quid
460 2247 604 2275 secundutn
615 2267 622 2278 ,
638 2247 699 2282 qttid
714 2246 820 2274 tertium
833 2247 924 2275 dicere
936 2255 1030 2282 aggre-

238 2295 334 2322 diatur.
351 2295 436 2329 Atque
449 2294 518 2321 idem
533 2293 609 2320 nobis
622 2293 720 2326 evenit,
733 2298 762 2320 ut
775 2293 798 2320 si
812 2293 870 2328 quis
886 2293 912 2320 in
929 2298 1030 2328 pratunt

238 2339 390 2376 ingressus,
407 2343 434 2367 et
447 2340 542 2366 multas
557 2346 640 2373 rosas,
657 2339 742 2366 violas
755 2340 862 2371 multas,
878 2346 909 2365 ac
924 2339 987 2371 lilia,
1004 2342 1032 2365 et

237 2387 305 2414 alios
318 2393 414 2413 vernos
428 2385 507 2412 flores
520 2386 606 2412 varios
621 2393 652 2413 ac
665 2385 787 2412 diversos
801 2386 911 2412 intuitus
920 2406 926 2417 ,
944 2384 1031 2412 ambi-

236 2435 281 2465 gat
290 2438 368 2466 quem
385 2430 470 2466 primo
483 2431 552 2463 loco,
564 2439 642 2465 quem
654 2430 771 2459 secundo
781 2431 956 2466 perspexerit,
967 2431 1030 2458 dum

237 2477 335 2512 singuli
349 2476 430 2504 ﬂores
442 2477 536 2504 oculos
547 2478 579 2504 ad
595 2485 624 2505 se
637 2478 752 2512 rapiunt.
770 2477 870 2505 Eodem
889 2477 969 2504 modo
982 2485 1030 2504 ttos

237 2523 302 2550 item
314 2522 456 2556 allicimur,
467 2522 530 2550 dum
543 2523 593 2550 hoc
603 2523 742 2558 spirituale
753 2527 856 2558 pratum
872 2522 963 2558 Ignatii
978 2523 1032 2549 vir-

237 2572 322 2595 tutum
337 2567 460 2603 iugressi,
474 2572 501 2595 et
515 2575 568 2595 tton
583 2575 679 2595 vernos
694 2568 784 2601 flores,
798 2567 845 2596 sed
862 2568 933 2603 ipsos
944 2568 1030 2602 Spiri-

238 2619 280 2641 tus
295 2612 396 2640 fructus
407 2614 496 2640 varios
509 2621 541 2641 ac
552 2613 675 2641 diversos
690 2613 715 2641 in
729 2614 786 2649 ejus
805 2615 892 2641 anima
907 2618 1029 2641 contem—

239 2660 342 2694 plantes
352 2666 560 2693 commovemnr,
570 2668 602 2687 ac
614 2660 765 2688 dubitamus
778 2661 848 2688 unde
863 2661 1028 2696 potissimum

236 2705 418 2738 exordiantur,
433 2705 497 2733 dum
511 2706 614 2742 singula
628 2714 687 2742 quae
699 2707 887 2742 conspeximus
897 2727 905 2741 ,
923 2707 956 2734 ab
970 2707 1030 2735 aliis

237 2759 287 2777 nos
301 2755 422 2785 avocant,
434 2755 462 2780 et
473 2751 508 2779 ad
520 2752 656 2787 proprium
669 2751 774 2779 decoris
786 2752 956 2788 splendorem
969 2761 1030 2781 ocu-

271 2828 278 2842 '
297 2827 382 2859 t'oltata
393 2833 448 2852 cum
460 2827 555 2859 duobus
564 2827 690 2859 Ctxiicibus
699 2828 780 2859 Regiis
794 2828 853 2854 l852
862 2832 888 2854 et
898 2829 970 2854 25ιὸ-

268 2858 309 2892 (α).
321 2858 423 2883 Titulum
441 2859 476 2883 sic
487 2858 584 2892 habent
598 2858 668 2882 savii.
681 2858 782 2892 etunus
795 2860 875 2885 Codex
888 2861 992 2892 ttcgius;
1006 2861 1029 2886 iu

237 2887 318 2913 simil.
331 2895 390 2914 vero
402 2893 524 2920 postrema
537 2890 610 2914 verba
623 2896 671 2914 non
680 2889 810 2915 habentur.

1088 547 1128 575 los
1142 549 1223 576 animi
1237 554 1264 577 et
1278 551 1375 579 mentis
1386 552 1470 580 aciem
1480 553 1658 583 invitant.Vos
1669 556 1740 584 enim
1756 557 1808 592 ipsi
1823 565 1890 584 cou—

1089 594 1204 623 sitlerate
1218 605 1224 622 :
1240 595 1394 625 Ecclesiam'
1404 603 1522 626 nostram
1537 600 1580 628 hic
1593 602 1661 628 rexit
1674 606 1727 629 tam
1743 610 1893 638 generose,

1087 645 1114 666 et
1129 645 1198 668 tanta
1221 650 1281 670 curn
1296 643 1431 679 diligentia
1444 666 1452 679 ,
1472 652 1598 681 quantam
1620 646 1743 675 Christus
1763 649 1885 683 requirit.

1086 686 1169 719 Quam
1185 689 1256 715 enim
1269 689 1312 717 ille
1327 690 1468 718 maximam
1481 700 1602 720 normam
1615 698 1641 721 et
1651 694 1772 729 regulam
1787 695 1887 730 episco-

1087 733 1127 766 pis
1146 735 1254 767 statuit,
1269 743 1327 763 eam
1347 736 1390 764 ltie
1409 737 1486 764 factis
1500 738 1564 773 ipsis
1576 739 1717 773 expressit.
1739 740 1807 768 Nam
1825 749 1886 768 cum

1085 778 1219 806 Christum
1235 780 1381 809 audivisset
1394 782 1526 810 dicentem
1543 793 1549 810 :
1566 784 1652 812 Bonus
1671 791 1761 820 pastor
1774 787 1887 813 animum

1085 831 1158 851 suam
1172 826 1241 859 pauit
1255 835 1301 861 pro
1314 827 1399 854 ovibus
1412 827 1505 863 (Joan.
1518 829 1561 857 10.
1576 830 1634 865 Η),
1644 832 1717 858 οηιηί
1731 832 1887 860 fortitudine

1085 875 1144 895 eam
1160 877 1207 904 pro
1221 871 1315 898 ovibus
1330 872 1456 906 profudit.

1122 913 1237 948 Ignatt'us
1251 923 1306 943 cum
1322 917 1448 952 Apostolis
1458 923 1580 947 versatus.
1595 919 1696 948 Laudes
1706 921 1882 958 Episcopatu.

1087 960 1136 992 Qui
1148 960 1279 994 indignum
1293 963 1401 992 ordinat,
1418 969 1574 998 peccatorum
1588 966 1642 1001 ejus
1655 966 1684 1000 ﬁt
1695 967 1836 1002 particeps.
1851 982 1887 988 —

1085 1004 1152 1032 Cum
1168 1007 1295 1040 apostolis
1308 1012 1416 1037 strenue
1429 1014 1550 1037 versatus
1563 1016 1623 1043 est,
1639 1017 1667 1038 et
1681 1011 1781 1039 fluenta
1796 1012 1883 1039 hausit

1085 1051 1242 1085 spiritualia.
1258 1053 1368 1086 Qualem
1385 1054 1463 1089 igitur
1475 1062 1535 1082 eum
1550 1063 1609 1083 esse
1623 1064 1669 1090 par
1685 1057 1746 1089 fuit,
1764 1057 1810 1092 qui
1825 1065 1885 1085 cum

1086 1096 1138 1124 illis
1150 1097 1277 1126 educatus
1291 1103 1342 1130 est.
1355 1105 1381 1127 et
1395 1100 1492 1134 ubique
1504 1101 1580 1134 vixit,
1595 1107 1622 1129 et
1633 1102 1765 1136 omnium,
1780 1111 1841 1138 qua
1852 1105 1888 1130 ab

1085 1143 1137 1171 illis
1151 1144 1192 1172 vel
1212 1144 1283 1172 dicta
1303 1146 1344 1173 vel
1365 1154 1417 1173 non
1432 1147 1500 1174 dicta
1522 1152 1602 1181 sunt,
1619 1149 1753 1183 particeps
1775 1148 1845 1181 fuit,
1859 1155 1888 1176 ιιι

1086 1194 1160 1216 tanto
1172 1191 1322 1226 principatu
1331 1191 1425 1226 dignus
1437 1192 1470 1219 ab
1480 1192 1545 1227 ipsis
1555 1193 1756 1228 estjudie-ttus?
1770 1195 1887 1222 Rursum

1085 1234 1168 1262 adfuit
1182 1240 1297 1271 tempus,
1312 1236 1382 1271 quod
1398 1237 1578 1266 fortitudinem
1591 1239 1715 1274 exigebat
1727 1244 1754 1266 et
1767 1240 1886 1267 animum

1086 1281 1175 1308 omnia
1197 1282 1337 1316 praesentia
1353 1282 1544 1317 despicientem
1556 1303 1565 1316 ,
1580 1285 1678 1319 quique
1693 1293 1786 1313 amore
1797 1286 1888 1312 divino

1085 1326 1219 1360 ferveret,
1241 1332 1269 1355 et
1291 1328 1432 1356 invisibilia
1447 1329 1594 1357 visibilibus
1606 1330 1754 1358 anteferret
1768 1339 1775 1358 :
1791 1336 1818 1358 et
1834 1335 1886 1358 tant

1085 1372 1162 1401 facile
1186 1382 1293 1402 carnctn
1318 1375 1461 1410 deposuit,
1485 1383 1564 1411 quatit
1586 1377 1673 1412 quivis
1696 1378 1764 1404 alius
1784 1384 1886 1405 vestem

1086 1419 1214 1447 exuisset.
1229 1419 1297 1453 Quid
1315 1420 1394 1456 igitur
1415 1421 1528 1455 primum
1552 1423 1767 1457 persequemur?
1779 1428 1887 1458 aposto-

1086 1464 1174 1492 loruttt
1186 1464 1345 1498 doctrinam,
1357 1473 1435 1500 quam
1452 1466 1478 1492 in
1492 1467 1616 1494 omttibus
1628 1467 1762 1500 exhibuit,
1776 1475 1810 1495 an
1825 1476 1886 1502 pra)

1086 1509 1170 1537 sentis
1188 1509 1249 1537 vita:
1272 1514 1453 1545 contemptum
1466 1511 1477 1537 ?
1490 1518 1524 1538 an
1548 1511 1653 1539 virtutis
1675 1513 1861 1547 prmstantiam
1875 1534 1883 1545 ,

1085 1563 1136 1590 qua
1163 1555 1309 1582 Ecclesiam
1334 1555 1555 1583 administravit?
1578 1556 1663 1591 Quem
1690 1557 1886 1585 laudabimus?

1086 1600 1257 1636 martyrem?
1280 1601 1460 1636 episcopum?
1483 1609 1516 1628 an
1544 1603 1720 1637 apostolum?
1741 1603 1884 1638 Triplicent

1085 1647 1156 1674 enim
1172 1654 1297 1674 coronant
1311 1649 1393 1681 gratia
1407 1647 1521 1682 Spiritus
1535 1648 1679 1679 contexuit,
1697 1657 1750 1684 qua
1765 1655 1883 1677 sanctum

1085 1692 1157 1719 illius
1170 1697 1251 1727 caput
1265 1693 1399 1720 retlituivit
1409 1715 1416 1723 ,
1434 1694 1486 1720 imo
1501 1701 1564 1721 vero
1578 1695 1765 1728 multiplicem.
1783 1694 1810 1722 Si
1827 1697 1883 1729 quis

1085 1739 1156 1766 enim
1168 1738 1311 1773 diligenter
1322 1746 1434 1766 coronas
1449 1739 1567 1774 singulas
1578 1741 1730 1768 consideret
1744 1759 1755 1772 .
1770 1741 1885 1768 inveniet

1085 1789 1114 1813 et
1128 1786 1193 1812 alias
1207 1786 1283 1812 nobis
1297 1787 1489 1820 germinantes.

1120 1831 1148 1858 Ξ.
1166 1833 1203 1857 Ae
1214 1831 1354 1866 principio,
1367 1832 1389 1858 si
1404 1832 1479 1859 vobis
1493 1833 1587 1867 placet,
1596 1833 1629 1860 ab
1638 1833 1810 1868 episcopatus
1821 1833 1876 1860 lau-

1084 1877 1163 1904 dibus
1187 1877 1356 1911 incipiamus.
1372 1877 1516 1905 Videturne
1530 1878 1606 1905 vobis
1621 1878 1679 1906 h:rc
1699 1879 1815 1913 simplex
1837 1887 1883 1906 co-

1085 1922 1171 1949 rona?
1184 1922 1240 1957 Age
1255 1922 1334 1957 igitur
1345 1923 1545 1950 causidercmus
1555 1944 1563 1956 ,
1577 1929 1604 1950 et
1617 1923 1685 1951 duas
1698 1945 1705 1955 ,
1717 1929 1745 1952 et
1761 1931 1814 1952 tres
1824 1945 1831 1956 ,
1845 1930 1883 1951 at—

1084 1976 1137 2004 que
1149 1968 1215 1996 adeo
1229 1969 1319 2004 plures
1341 1969 1402 1996 inde
1418 1970 1495 1996 nobis
1515 1975 1604 2004 partas
1624 1971 1811 2005 conspicietis.
1831 1971 1881 1998 Ne-

1084 2022 1137 2046 que
1157 2014 1228 2042 ettim
1243 2022 1293 2049 ego
1307 2015 1390 2042 virum
1413 2015 1483 2042 ltunc
1505 2017 1708 2048 euituuunodo,
1722 2018 1796 2052 quod
1812 2023 1883 2044 tanto

1086 2059 1196 2086 honoris
1212 2060 1294 2095 gradu
1307 2060 1401 2094 dignus
1416 2060 1451 2087 sit
1467 2060 1573 2088 habitus
1584 2082 1591 2093 ,
1603 2062 1732 2093 admiror,
1749 2063 1798 2090 sed
1812 2064 1881 2098 quod

1084 2112 1099 2131 a
1115 2105 1214 2132 sanctis
1229 2105 1280 2132 illis
1298 2105 1454 2140 dignitatem
1470 2106 1634 2139 obtinuerit,
1652 2107 1779 2143 quodque
1791 2110 1879 2136 beato-

1085 2159 1144 2179 rum
1158 2152 1338 2186 apostolorum
1354 2160 1449 2179 manus
1468 2160 1573 2180 sacrum
1596 2153 1660 2181 illud
1682 2159 1763 2189 caput
1788 2155 1878 2189 attige-

1083 2197 1147 2224 rint.
1163 2196 1219 2224 Nec
1236 2197 1368 2224 ntodicum
1389 2197 1414 2224 id
1428 2197 1461 2224 ad
1481 2198 1538 2233 ejus
1560 2198 1666 2226 laudem
1689 2200 1795 2228 confert
1809 2208 1818 2226 :
1829 2208 1880 2227 non

1086 2242 1172 2270 solum
1187 2242 1258 2277 quod
1272 2242 1400 2278 majorem
1415 2251 1430 2270 c
1447 2243 1513 2271 ca-lo
1524 2245 1636 2279 gratiam
1650 2245 1686 2271 sit
1702 2250 1861 2280 assequutu<
1872 2267 1878 2276 ,

1086 2295 1131 2316 aut
1143 2288 1214 2324 quod
1229 2289 1255 2316 in
1271 2289 1356 2324 ipsunt
1373 2289 1409 2316 illi
1427 2289 1555 2324 majorem
1568 2291 1621 2317 vim
1637 2290 1754 2325 Spiritus
1767 2292 1877 2319 induxe-

1086 2334 1148 2366 rint,
1163 2335 1209 2362 sed
1222 2335 1292 2370 quod
1305 2343 1398 2363 outnes
1411 2357 1417 2366 ,
1434 2344 1493 2370 qua:
1512 2337 1537 2363 in
1552 2337 1705 2364 hominibus
1718 2344 1797 2370 sunt,
1809 2339 1834 2365 iu
1846 2347 1878 2366 eo

1086 2381 1196 2409 virtutes
1210 2389 1270 2409 esse
1285 2382 1372 2409 testati
1391 2383 1454 2409 sint.
1471 2382 1527 2410 Hoc
1546 2388 1635 2410 autem
1657 2384 1721 2419 quid
1738 2385 1789 2411 sibi
1801 2385 1857 2412 velit
1869 2406 1875 2416 ,

1086 2433 1200 2461 expono.
1217 2426 1315 2454 Paulus
1329 2427 1362 2454 ad
1374 2427 1461 2454 Titum
1476 2428 1596 2456 scribens
1609 2438 1615 2455 :
1629 2437 1691 2456 cum
1707 2436 1796 2457 autem
1811 2430 1873 2457 Pau-

1087 2471 1139 2499 luttt
1151 2472 1220 2505 dico,
1234 2481 1286 2500 non
1303 2473 1371 2500 htlttc
1385 2467 1469 2501 solum
1482 2475 1611 2509 intelligo,
1623 2475 1670 2502 scd
1681 2481 1707 2502 et
1724 2475 1839 2507 Petrum,
1851 2481 1875 2501 (ι

1085 2517 1212 2546 Jacubum
1224 2539 1231 2550 ,
1250 2523 1277 2545 et
1289 2518 1418 2546 Joannem
1429 2540 1436 2551 ,
1451 2525 1532 2554 atque
1551 2528 1658 2547 omnem
1684 2521 1800 2555 ipsorum
1813 2522 1873 2548 cbo-

1087 2572 1156 2591 rum.
1172 2564 1401 2598 Quemadmodum
1416 2566 1485 2592 enim
1502 2566 1527 2592 in
1544 2565 1598 2601 lyra
1616 2574 1677 2593 cum
1699 2567 1812 2594 diversa:
1826 2567 1873 2594 siut

1085 2610 1210 2644 chorda),
1233 2619 1301 2638 unus
1324 2616 1411 2638 tatuett
1437 2615 1581 2639 concentus
1608 2616 1667 2639 est:
1683 2612 1721 2639 sic
1749 2613 1826 2639 etiam
1849 2613 1870 2638 in

1085 2657 1266 2691 apostolorutu
1282 2657 1383 2689 choro,
1399 2657 1519 2692 quamvis
1533 2657 1585 2684 sint
1605 2656 1720 2684 diversa:
1740 2665 1869 2692 persona.

1086 2711 1136 2730 una
1157 2708 1245 2730 tanton
1270 2703 1390 2730 doctrina
1412 2707 1467 2736 est,
1483 2703 1543 2738 quia
1564 2708 1591 2730 et
1611 2711 1681 2731 ttuns
1706 2705 1800 2731 artifex
1821 2709 1870 2730 erat

1084 2749 1199 2784 Spiritus
1214 2754 1330 2781 sanctus,
1343 2749 1390 2784 qui
1407 2749 1524 2784 ipsorum
1537 2749 1641 2776 animos
1655 2750 1790 2781 movebat,
1799 2749 1870 2783 idque

1085 2794 1183 2821 Paulus
1205 2794 1365 2826 ostendens,
1381 2794 1441 2821 Sive
1455 2794 1543 2829 igitur,
1559 2795 1660 2828 inquit,
1681 2794 1731 2825 illi,
1752 2795 1802 2821 sive
1812 2802 1868 2830 ego.

1083 2841 1120 2868 sic
1134 2840 1301 2875 praedicamus
1316 2841 1353 2875 (ί.
1369 2840 1427 2867 Cor.
1443 2841 1484 2867 l5.
1499 2840 1554 2873 ll).
1571 2840 1618 2867 llic
1632 2848 1698 2876 ergo
1712 2841 1828 2868 scribens
1839 2839 1868 2865 ad

1084 2886 1171 2914 Titum
1185 2907 1193 2920 ,
1216 2892 1242 2915 et
1266 2887 1364 2915 docens
1387 2887 1474 2922 qualis
1498 2887 1640 2922 cpiscopus
1668 2894 1729 2914 (εῇο
1757 2887 1866 2918 debeat,
