1967 3125
101 155 152 183 589

101 213 206 247 Oportet
220 213 298 247 enim,
314 213 408 251 inquit,
420 214 565 250 episcopum
581 214 634 241 sine
648 213 753 241 crimine
767 221 829 248 esse,
844 213 895 241 sic-

99 264 126 286 ut
144 258 194 286 D.i
206 259 425 296 dispensatorem;
439 270 489 288 non
501 260 646 297 superbum,
663 269 714 288 non
724 259 874 288 iracundum
886 281 894 294 ,

99 313 148 332 non
163 305 331 340 vinolentum,
346 315 397 335 non
410 316 583 344 percussorem
594 328 602 341 ,
616 316 667 335 non
677 308 758 343 turpis
772 307 836 335 lucri
848 316 895 334 cu-

100 351 189 385 pidum
201 360 211 379 :
221 352 267 380 sed
279 353 438 388 hospitalem,
450 354 592 390 benignum,
603 353 757 389 prudentem,
773 353 894 386 sobrium,

97 400 212 433 iustum,
226 404 360 433 sanetum,
373 400 549 433 continentem,
564 399 752 434 amplectentem
762 408 818 426 eum
830 421 837 431 ,
852 401 895 436 qui

97 444 234 472 secundum
244 445 386 473 doctrinam
395 451 441 478 est,
454 447 554 481 ﬁdelem
564 454 712 477 sermonem.
725 450 752 472 ut
765 451 851 479 potens
863 447 896 473 sit

97 493 121 516 st
129 490 195 518 alios
201 491 332 519 exhortari
337 491 364 518 in
369 489 491 520 doctrina
495 496 595 526 sana,et
602 499 654 525 eos,
661 492 703 527 qui
708 492 893 525 contradicunt,

97 544 204 572 arguere
223 534 292 574 (Tit.
307 538 333 565 1.
350 539 417 573 7-9).
435 538 469 566 Ει
479 539 512 566 ad
526 538 694 566 Timotheum
706 537 801 566 eadem
814 537 847 565 de
865 545 894 565 re

98 582 235 611 scribens:
248 583 279 611 Si
288 584 354 618 quis,
365 584 459 619 inquit,
469 585 641 620 episcopatum
653 585 787 618 desiderat,
802 584 894 611 bonum

97 637 162 664 opus
182 629 310 658 desiderat
324 637 334 658 :
347 636 443 666 oportet
465 631 541 666 igitur
563 631 708 666 episcopum
736 630 895 665 irreprehen-

96 676 194 703 sibilent
204 684 266 708 esse,
278 677 355 704 unius
371 677 458 704 uxoris
476 678 568 711 virum,
587 677 714 710 sobrium,
726 677 892 712 prudentem,

95 729 231 756 ornatum,
244 724 394 758 hospitalem
404 745 411 757 ,
423 724 551 751 doctorem
560 744 568 757 ,
582 731 632 751 non
647 723 802 750 vinolentum
812 744 819 756 ,
842 731 894 750 non

97 777 281 803 percussorem;
291 770 335 797 sed
353 770 492 803 modestum
501 791 510 804 ,
526 778 577 797 non
592 769 743 806 litigiosum,
757 778 808 797 non
819 769 893 804 cupi-

96 814 158 841 dum
173 815 198 850 (ι
218 814 283 842 Tim.
298 816 323 843 5.
344 816 414 851 1-5).
431 815 513 843 Vides
532 820 659 850 quantam
681 815 785 842 virtutis
802 814 895 842 excel-

96 862 207 890 lentiam
229 863 255 890 in
278 863 405 898 episcopo
418 862 796 898 requirat‘iQuemadmodum
819 861 892 888 enim

95 908 183 943 pictor
206 910 327 944 egregius
345 909 449 936 colores
464 908 552 935 varios
572 908 738 941 commiscet,
753 912 782 935 ut
798 915 891 935 exem-

96 955 156 989 plar
172 955 296 990 imaginis
308 955 388 991 regia:
399 977 405 987 ,
420 963 498 990 quam
514 963 690 991 expressurus
711 959 752 983 est
762 975 769 987 ,
785 955 819 982 ita
830 954 891 982 dili-

98 1007 193 1036 genter
214 1002 357 1034 conﬁciat,
377 1003 461 1037 utqui
480 1009 540 1030 eam
561 1001 693 1037 depicturi
716 1005 787 1035 sunt,
799 1008 893 1028 omnes

95 1046 213 1074 habeant
233 1047 305 1082 quod
327 1046 465 1075 imitentur
480 1055 486 1074 :
501 1047 540 1074 sic
559 1054 624 1075 sane
639 1050 666 1074 et
681 1047 772 1074 beatus
796 1046 893 1074 Paulus

95 1098 232 1128 tamquam
243 1094 341 1129 regiam
353 1093 493 1129 quamdam
501 1093 614 1129 efﬁgiem
628 1094 750 1129 pingens,
761 1099 787 1121 et
800 1101 892 1121 exem-

96 1139 155 1174 plar
181 1139 265 1174 ipsius
290 1139 450 1174 conﬁciens,
464 1139 552 1167 varies
574 1140 678 1167 virtutis
707 1140 801 1167 miscet
820 1140 894 1167 colo-

94 1191 154 1218 res,
178 1185 309 1220 nobisque
332 1184 446 1212 formam
466 1185 645 1220 episcopalem
669 1185 702 1212 ad
731 1185 890 1213 imitandum

95 1231 254 1266 proposuit,
270 1236 299 1259 ut
317 1232 361 1267 qui
376 1233 408 1259 ad
431 1232 501 1260 hanc
521 1231 676 1268 dignitatem
698 1232 891 1268 provehantur,

94 1276 127 1304 ad
142 1277 216 1304 illam
227 1277 400 1313 respicientes
412 1278 506 1305 eadem
516 1278 686 1305 accuratione
696 1278 815 1305 actiones
825 1286 890 1306 suas

94 1330 190 1351 omnes
217 1323 400 1351 moderentur.
429 1324 523 1351 Ausim
547 1324 627 1359 igitur
650 1323 784 1351 afﬁrmare
810 1329 892 1351 totam

95 1367 166 1396 hanc
175 1367 291 1396 formam
305 1369 332 1396 in
346 1369 436 1396 animo
453 1376 503 1396 suo
520 1369 625 1396 beatum
639 1368 767 1404 lgnatium
781 1377 891 1404 expres-

93 1414 163 1441 sisse
178 1422 186 1441 :
199 1421 260 1440 nam
276 1418 302 1440 et
317 1413 558 1447 irreprchensibilis
570 1413 634 1447 fuit,
649 1419 677 1441 et
688 1414 746 1442 sine
758 1415 870 1442 crimine
882 1434 890 1447 ,

94 1465 149 1485 non
163 1463 254 1485 autem
268 1458 399 1493 superbus
411 1479 418 1491 ,
432 1466 519 1494 neque
532 1459 676 1486 iracundus
686 1479 693 1492 ,
710 1467 760 1487 nec
771 1459 892 1487 vinolen-

94 1509 153 1537 tus,
167 1511 219 1532 nec
234 1511 386 1539 percussor,
400 1512 450 1532 nec
471 1505 602 1540 litigiosus
612 1525 620 1537 ,
634 1512 685 1533 nec
698 1505 811 1541 cupidus
822 1526 830 1538 ,
844 1505 892 1532 sed

93 1551 183 1585 justus
193 1571 201 1583 ,
217 1555 325 1578 sanctus
334 1571 341 1582 .
352 1551 493 1578 continens
504 1572 510 1583 ,
521 1551 687 1586 amplectens
696 1558 758 1579 eum
768 1572 775 1584 ,
790 1551 835 1586 qui
848 1560 891 1578 se-

93 1597 216 1625 cundum
227 1597 375 1625 doctrinam
392 1603 449 1630 est,
466 1598 570 1625 ﬁdelem
585 1606 737 1626 sermonem
749 1619 757 1632 ,
773 1598 890 1628 sobrius.

96 1643 219 1679 prudens
229 1664 237 1676 ,
255 1648 380 1675 ornatus,
395 1648 423 1671 et
436 1648 531 1671 caetera
542 1664 549 1676 ,
564 1652 624 1679 qua:
637 1643 734 1671 Paulus
746 1644 842 1679 exegit.
859 1643 893 1671 Et

94 1689 204 1724 quinam
219 1694 282 1717 sunt
297 1689 392 1716 borum
408 1689 508 1717 testes?
521 1689 601 1717 Iidem
623 1690 672 1725 ipsi
684 1690 728 1726 qui
746 1690 803 1718 haec
816 1689 891 1717 dixe-

94 1740 168 1768 runt,
181 1735 226 1770 qui
237 1735 309 1762 hunc
327 1735 408 1763 etiam
420 1735 567 1771 elegerunt.
584 1736 676 1771 Neque
695 1736 766 1764 enim
779 1736 824 1771 qui
838 1741 892 1763 tam

94 1781 241 1816 diligenter
252 1785 365 1808 ceteros
379 1785 555 1815 monuerunt,
570 1786 599 1809 ut
611 1781 756 1816 probarent
768 1788 814 1808 eos
825 1802 832 1813 ,
847 1781 891 1816 qui

95 1827 122 1854 in
136 1826 216 1861 hujus
227 1826 363 1861 dignitatis
381 1826 504 1854 thronum
523 1831 613 1854 essent
632 1826 769 1854 ascensuri
780 1847 789 1860 ,
804 1826 892 1853 obiter

95 1873 146 1908 ipsi
168 1877 214 1899 aut
228 1872 394 1907 negligenter
413 1872 439 1900 id
455 1873 635 1908 peregissent;
649 1872 697 1900 sed
712 1873 763 1900 nisi
779 1877 891 1900 cunctas

95 1918 121 1945 in
135 1917 261 1953 martyris
271 1917 361 1945 animo
373 1918 483 1945 virtutes
495 1918 707 1954 conspexissent,
717 1925 771 1946 non
783 1918 851 1945 hanc
865 1918 890 1945 in

96 1964 172 1990 illum
203 1964 359 1998 dignitatem
383 1964 569 1991 contulissent.
593 1963 694 1991 Norant
718 1964 790 1991 enim
814 1965 892 1999 plane

94 2017 176 2045 quam
199 2010 350 2044 periculose
374 2014 485 2046 agerent
507 2010 552 2045 qui
575 2010 602 2037 in
623 2009 657 2037 iis
680 2009 892 2037 ordinationibus

94 2063 156 2083 sese
175 2059 301 2091 gererent
322 2056 499 2090 negligenter.
522 2054 598 2089 Quod
619 2055 726 2090 quidem
741 2062 833 2082 rursus
845 2062 890 2082 os-

95 2101 210 2128 tendens
224 2101 322 2128 Paulus
333 2122 340 2135 ,
355 2101 388 2128 ad
406 2101 529 2129 eumdem
550 2101 720 2128 Timotheum
744 2101 865 2128 scribens
880 2110 887 2128 :

95 2146 204 2180 Manus,
216 2147 315 2181 inquit,
330 2147 378 2174 cito
393 2147 486 2174 nemini
504 2147 654 2182 imposuerit
665 2167 672 2179 ,
689 2155 767 2183 neque
779 2155 891 2174 conmm-

95 2193 220 2218 nicaveris
233 2193 331 2228 peculis
339 2193 473 2227 alienis“.
485 2192 650 2228 Tim.5.22).
665 2193 733 2226 Quid
746 2192 803 2220 ais?
822 2193 891 2221 alius

95 2238 227 2272 peccavit,
242 2242 269 2265 et
282 2245 331 2273 ego
344 2239 486 2266 criminum
495 2243 522 2266 et
536 2239 660 2274 supplicii
674 2239 808 2274 particeps
821 2239 890 2267 ero?

93 2283 213 2324 Quidni,
225 2284 324 2318 inquit,
338 2291 403 2318 cum_
419 2284 541 2319 improbo
566 2284 672 2312 dederis
698 2286 890 2313 occasionem?

93 2329 171 2357 Sicut
185 2329 256 2356 enim
270 2329 314 2364 qui
326 2328 426 2356 furioso
439 2335 518 2365 atque
532 2330 632 2358 amenti
651 2336 757 2358 acutum
772 2331 889 2366 gladium

97 2375 213 2410 praebet,
228 2382 281 2410 quo
293 2375 336 2403 ille
349 2375 440 2403 furens
459 2375 559 2403 eisdem
576 2375 664 2410 faciat,
679 2376 702 2404 is
717 2377 797 2404 caedis
811 2377 890 2404 susti-

95 2427 144 2449 net
152 2422 258 2456 culpam
272 2430 278 2449 :
291 2422 329 2450 sic
343 2422 423 2450 etiam
441 2423 486 2457 qui
501 2423 622 2458 improbe
636 2423 734 2451 viventi
754 2423 890 2458 dignitatis

96 2468 178 2503 hujus
189 2468 298 2496 exhibet
311 2469 479 2503 facultatem,
493 2474 577 2497 totum
591 2475 761 2506 peccatorum
775 2470 845 2499 illius
863 2475 891 2499 ct

95 2514 244 2542 [acinorum
263 2517 351 2550 ignem
364 2515 447 2544 trahit
468 2523 549 2551 super
563 2520 644 2551 caput
658 2523 751 2549 suum;
768 2524 829 2544 nam
842 2517 886 2551 qui

72 2586 78 2593 ,
95 2560 196 2588 radicis
218 2564 261 2588 est
278 2568 373 2594 causa,
389 2562 412 2589 is
426 2562 544 2589 omnium
567 2569 601 2589 ex
622 2561 712 2590 radice
731 2562 890 2597 provenicn.

95 2608 163 2634 tium
177 2612 271 2635 auctor
289 2612 339 2636 est.
356 2607 447 2636 Videu‘
462 2608 596 2644 quomodo
609 2608 707 2644 duplex
721 2615 818 2637 corona
832 2609 890 2644 epi~

95 2659 229 2688 scopatus.
237 2657 365 2688 appareat
375 2674 383 2686 ,
396 2658 424 2681 et
436 2653 508 2688 quod
520 2654 635 2689 dignitas
647 2661 740 2682 eorum
751 2674 759 2688 ,
773 2654 818 2690 qui
830 2662 890 2682 ma-

95 2705 147 2726 nus
161 2699 200 2726 iiii
221 2699 423 2734 imposuerunt,
444 2699 502 2734 ejus
523 2700 699 2735 principatum
721 2699 888 2735 splendidio-

91 2751 152 2775 rem
169 2743 265 2778 faciat,
276 2748 305 2772 et
321 2745 441 2773 omnium
455 2745 480 2773 ei
494 2746 622 2773 virtutum
643 2746 824 2774 testimonium
838 2754 889 2774 ex-

94 2789 202 2818 hibeat?

129 2837 156 2865 3.
172 2836 260 2865 Vultis
280 2842 309 2864 ut
329 2837 408 2865 aliam
427 2838 503 2865 vobis
522 2846 555 2866 ex
570 2838 621 2866 hoc
640 2839 700 2873 ipso
714 2838 886 2873 pullulantem

95 2889 222 2911 Coronam
244 2884 382 2919 aperiam?
393 2883 508 2919 Tempus
525 2885 687 2921 cogitemus,
701 2892 753 2920 quo
770 2884 885 2920 dignita-

709 156 742 184 IN
761 156 789 185 S.
805 156 969 186 lGNATlUM
989 157 1192 186 MARTYREM.

1696 159 1746 187 590

951 218 1005 242 tem
1031 214 1102 242 hanc
1120 219 1162 241 est
1185 221 1355 250 assequntus.
1377 216 1467 251 Neque
1486 216 1556 244 enim
1580 216 1673 243 eadem
1706 220 1746 243 est

950 267 1020 287 nunc
1031 280 1039 294 ,
1055 268 1115 295 quae
1130 265 1192 288 tunc
1215 265 1288 293 erat,
1306 261 1450 289 Ecclesium
1466 260 1629 297 gubernandi
1650 261 1742 289 condi-

950 306 987 333 tio
1003 315 1010 333 τ
1025 311 1053 334 ut
1065 314 1118 334 non
1135 307 1244 342 aqualis
1263 311 1306 334 est
1320 307 1395 335 labor
1415 308 1484 335 viam
1502 309 1590 336 tritam
1611 313 1639 335 et
1662 308 1741 343 plana

950 357 1068 388 paratam
1080 358 1141 387 post
1151 353 1250 380 multos
1264 353 1366 388 ingredi
1378 354 1503 387 viatores,
1518 358 1600 389 atque
1612 362 1671 382 eam
1680 362 1740 389 quae

950 407 1020 427 nunc
1031 400 1117 434 primo
1129 399 1245 427 secanda
1255 407 1307 433 CSI,
1316 408 1428 435 qumque
1441 405 1584 435 praerupta,
1593 405 1621 428 et
1630 409 1736 433 saxosa,

948 446 1065 481 ferisque
1083 447 1170 481 plena,
1186 453 1237 474 nec
1260 447 1342 474 ullum
1362 446 1449 474 adhuc
1472 447 1598 474 viatorem
1622 447 1738 476 admisit.

948 491 1004 519 Hoc
1016 492 1122 527 quidem
1134 497 1256 527 tempore
1272 500 1320 527 per
1329 492 1441 528 gratiam
1458 493 1504 520 Dei
1520 493 1621 520 nullum
1635 494 1740 528 episco-

947 538 988 573 pis
1006 539 1152 573 periculum
1168 539 1307 571 imminet,
1324 539 1370 566 sed
1392 547 1442 574 pax
1457 539 1572 574 nuntiique
1590 539 1718 574 profunda
1729 560 1739 572 ,

947 588 975 610 et
990 584 1181 619 tranquillitate
1197 584 1285 612 cuncti
1301 584 1471 620 perfruimur,
1487 592 1548 612 cum
1563 584 1668 620 pietatis
1680 593 1740 613 ver-

947 629 1009 656 bum
1023 630 1096 657 orbis
1113 635 1244 657 terrarum
1257 631 1384 658 terminos
1395 631 1542 665 occuparit,
1555 635 1581 658 ct
1593 631 1638 666 qui
1653 632 1739 666 impe-

946 676 1015 701 rium
1031 675 1161 707 obtinent,
1172 675 1253 703 ﬁdem
1267 676 1386 704 studiose
1397 676 1486 704 colant
1496 681 1576 710 atque
1587 677 1739 704 observent.

947 720 1021 748 Tunc
1036 727 1124 748 autem
1140 721 1205 748 nihil
1221 726 1279 749 erat
1289 721 1432 756 ejusmodi,
1442 721 1488 748 sed
1502 729 1670 757 quocumque
1680 722 1740 757 quis

946 766 1037 794 oculos
1052 771 1176 800 verteret,
1192 767 1291 802 ubique
1305 767 1462 802 praecipitia,
1474 767 1647 800 baratltra,et
1658 768 1736 801 bella,

945 815 972 839 et
986 820 1089 847 pugnae,
1101 817 1129 840 et
1142 813 1260 848 pericula
1276 822 1282 840 :
1300 813 1434 848 principes
1446 835 1453 845 ,
1467 822 1543 849 reges
1554 834 1562 847 ,
1577 814 1685 849 populi,
1698 814 1739 841 ci-

945 858 1040 886 vitates
1051 863 1078 886 et
1087 863 1190 893 gentes,
1202 859 1341 887 domestici
1356 864 1383 886 et
1395 860 1474 887 alieni
1485 881 1492 893 ,
1508 860 1680 888 credentibus
1697 859 1740 887 in-

945 903 1026 930 sidias
1047 903 1201 931 tendebant.
1221 903 1313 939 Neque
1330 911 1395 932 vero
1419 905 1443 932 id
1459 905 1545 932 solum
1567 909 1624 932 erat
1643 913 1739 940 grave,

945 948 992 976 sed
1014 949 1093 976 etiam
1117 949 1186 984 quod
1208 949 1374 977 credentium
1401 950 1539 986 plerique,
1567 954 1658 986 utpote
1679 956 1741 978 tunc

945 995 1059 1029 primum
1076 1002 1142 1022 nova
1162 995 1285 1031 dogmata
1311 996 1500 1031 degustantes,
1518 1004 1613 1032 magna
1627 997 1741 1032 egebant

945 1040 1123 1076 indulgentia,
1134 1046 1162 1069 et
1175 1047 1251 1069 erant
1261 1042 1460 1076 imbecilliores,
1472 1047 1500 1070 et
1507 1050 1578 1078 smpe
1591 1044 1741 1078 supplanta-

945 1087 1042 1114 bantur
1057 1096 1063 1114 :
1075 1087 1144 1122 quod
1157 1088 1264 1123 quidem
1279 1096 1331 1115 non
1345 1088 1433 1116 minus
1447 1088 1581 1124 afﬂigebat
1595 1089 1719 1116 doctores
1730 1109 1738 1122 ,

944 1139 1024 1166 quam
1046 1139 1155 1160 externa
1182 1133 1268 1167 bella,
1283 1134 1345 1169 quin
1363 1134 1444 1161 etiam
1468 1134 1553 1162 multo
1567 1135 1652 1170 magis
1669 1143 1675 1162 :
1691 1143 1740 1162 ex.

946 1183 1029 1206 ternae
1051 1180 1123 1206 enim
1149 1187 1244 1214 pugna:
1265 1184 1346 1215 atque
1367 1181 1470 1208 insidia:
1484 1186 1596 1216 propter
1614 1181 1740 1216 repositae

945 1225 1076 1252 mercedis
1095 1233 1169 1260 spem
1194 1226 1356 1261 voluptatem
1379 1226 1489 1254 multam
1510 1226 1666 1255 aliereliant.
1693 1226 1739 1254 ld-

945 1272 1017 1299 circo
1030 1277 1057 1299 et
1068 1272 1181 1307 apostoli
1192 1272 1338 1307 gaudentes
1350 1280 1364 1299 a
1376 1278 1521 1307 conspectu
1532 1274 1637 1301 concilii
1649 1274 1738 1301 disce-

944 1317 1059 1350 debant,
1070 1318 1141 1352 quod
1155 1318 1266 1346 verbera
1281 1319 1453 1353 pertulissent
1479 1319 1545 1355 (Act.
1563 1319 1590 1347 5.
1602 1319 1659 1355 Al);
1673 1320 1742 1346 Pau-

945 1362 987 1389 lus
1006 1364 1085 1390 eliam
1108 1364 1220 1397 clamat,
1235 1363 1358 1397 Gaudeo,
1375 1365 1515 1400 inquiens,
1533 1365 1559 1392 in
1582 1366 1741 1400 pastionibus

944 1410 1006 1436 meis
1018 1408 1086 1442 (Col.
1102 1411 1127 1437 l.
1138 1409 1195 1446 24),
1211 1413 1239 1438 et
1251 1410 1348 1445 ubique
1371 1410 1398 1437 in
1412 1411 1626 1438 tribulationibus
1640 1411 1738 1446 gloria-

945 1458 998 1482 tur.
1014 1455 1225 1483 Domesticorum
1241 1461 1329 1483 autem
1341 1456 1462 1489 vulnera,
1475 1461 1503 1483 et
1512 1455 1624 1484 fratrum
1637 1457 1743 1492 lapsus,-

945 1509 994 1528 nec
1010 1502 1143 1537 respirare
1156 1502 1263 1538 quidem
1279 1502 1337 1530 illos
1353 1502 1560 1537 permittebant,
1574 1502 1621 1530 sed
1634 1510 1740 1537 semper

945 1547 1024 1577 veluti
1033 1555 1114 1583 grave
1126 1548 1258 1582 quoddam
1269 1548 1361 1583 jugum
1377 1548 1494 1576 cervices
1505 1549 1652 1576 animorum
1666 1550 1739 1583 ipso-

945 1600 1003 1620 rum
1024 1593 1132 1621 assidue
1154 1593 1312 1628 premebant
1336 1597 1363 1621 et
1380 1593 1545 1629 afﬁigebant.
1567 1593 1635 1621 Audi
1661 1595 1739 1629 igitur

944 1638 1078 1673 quomodo
1091 1639 1189 1666 Paulus
1200 1660 1208 1671 ,
1224 1639 1259 1665 ita
1270 1639 1390 1674 gaudens
1407 1639 1432 1666 in
1447 1639 1626 1674 passiouibus,
1642 1640 1676 1667 de
1687 1639 1740 1667 illis

944 1684 1040 1712 acerbe
1050 1684 1139 1712 doleat
1153 1693 1161 1711 ;
1177 1684 1241 1718 Quis
1251 1704 1258 1717 ,
1269 1684 1374 1719 inquit,
1389 1684 1546 1719 inﬁrmatur,
1573 1689 1597 1712 et
1620 1693 1666 1720 ego
1687 1693 1738 1712 non

943 1729 1061 1764 inﬁrmor
1070 1731 1083 1758 7
1095 1730 1150 1764 quis
1163 1731 1364 1763 scandalizatur,
1379 1735 1402 1757 et
1415 1739 1462 1766 ego
1475 1739 1525 1757 non
1540 1739 1601 1757 uror
1623 1730 1662 1766 (2.
1676 1730 1738 1759 Cor.

945 1775 989 1804 Η.
1008 1775 1073 1811 29)?
1090 1775 1124 1803 Et
1146 1783 1250 1803 rursum
1264 1797 1272 1808 ,
1290 1776 1376 1802 Timeo
1396 1784 1428 1802 ne
1442 1777 1556 1809 ueniens,
1577 1785 1629 1803 non
1653 1777 1740 1811 quales

943 1821 1010 1854 uolo,
1041 1821 1167 1848 inveniam
1185 1829 1229 1849 vos
1241 1829 1251 1848 :
1263 1826 1287 1848 et
1301 1830 1346 1857 ego
1361 1822 1476 1848 inveniar
1490 1830 1505 1848 a
1519 1821 1587 1849 vobis
1601 1843 1609 1855 ,
1633 1821 1735 1856 qualem

944 1875 994 1895 non
1007 1867 1083 1895 uultis
1095 1868 1131 1902 (2.
1139 1867 1201 1896 Cor.
1209 1866 1315 1902 l2.20.)
1325 1866 1356 1894 Et
1362 1868 1443 1903 paulo
1448 1871 1520 1902 post:
1528 1866 1569 1894 Ne
1579 1875 1637 1894 cum
1650 1875 1739 1894 venero

944 1914 979 1944 ad
995 1921 1038 1941 vos
1053 1914 1166 1940 humiliet
1181 1922 1220 1941 me
1235 1914 1317 1946 Deus,
1333 1918 1357 1940 et
1372 1913 1471 1948 lugeam
1485 1914 1576 1940 multos
1588 1921 1619 1940 es;
1632 1914 1663 1940 iis
1674 1934 1682 1946 ,
1695 1914 1739 1948 qui

943 1964 1002 1986 ante
1022 1963 1204 1994 peccaverunt,
1225 1964 1250 1986 et
1271 1967 1321 1986 non
1345 1964 1447 1994 egerunt
1470 1958 1642 1993 ptenitentiam
1662 1967 1738 1992 super

943 2005 1104 2032 immunditia
1115 2025 1123 2037 ,
1146 2009 1168 2032 et
1194 2005 1361 2039 fornicatione
1376 2005 1396 2038 ¹,
1410 2009 1435 2031 et
1455 2005 1612 2039 impudicitia
1625 2025 1632 2038 ,
1660 2012 1736 2040 quant

944 2057 1073 2087 gesserunt
1097 2051 1149 2087 (Ib.
1166 2059 1191 2078 υ.
1214 2050 1274 2087 2i).
1291 2051 1404 2086 Semper
1421 2051 1536 2086 denique
1550 2051 1638 2078 cernis
1650 2051 1736 2085 ipsum

944 2098 971 2125 in
996 2098 1120 2134 lacrymis
1140 2101 1167 2125 et
1188 2097 1421 2125 lamentationibus
1444 2101 1552 2132 propter
1576 2097 1737 2125 domesticos

944 2145 1061 2178 versari,
1075 2149 1102 2172 et
1124 2149 1232 2180 propter
1247 2152 1311 2177 eos,
1326 2144 1370 2179 qui
1390 2143 1576 2177 crediderant,
1590 2145 1738 2171 contremi‘

944 2199 1028 2218 scere.
1052 2191 1280 2224 Quemadmodum
1305 2191 1385 2225 igitur
1398 2190 1603 2225 gubernatorem
1619 2190 1737 2218 adrnira-

944 2246 1013 2268 mur,
1035 2245 1087 2265 non
1110 2245 1171 2265 cum
1195 2237 1338 2273 tranquillo
1360 2237 1428 2264 mari
1450 2242 1477 2264 et
1503 2237 1629 2265 secundis
1650 2238 1737 2265 ventis

943 2289 1065 2310 vectores
1087 2283 1112 2310 in
1136 2289 1240 2318 portum
1262 2283 1410 2310 incolumes
1424 2282 1514 2314 ducit;
1533 2282 1580 2310 sed
1592 2290 1652 2310 cum
1666 2283 1737 2310 insa~

943 2330 1033 2357 nicute
1047 2330 1155 2364 pelago,
1172 2328 1351 2364 ﬂuctibusque
1367 2328 1558 2360 saevientibus,
1573 2329 1617 2363 qui
1632 2328 1658 2355 iu
1675 2330 1736 2356 navi

943 2380 1016 2408 sunt,
1030 2375 1100 2402 inter
1114 2383 1144 2402 se
1154 2374 1325 2406 dissentiunt,
1341 2381 1435 2408 magna
1452 2379 1611 2408 tempestate
1622 2374 1694 2401 intus
1707 2378 1735 2400 et

943 2421 1009 2448 foris
1022 2421 1177 2456 navigantes
1190 2420 1342 2456 exagitante
1352 2441 1359 2453 ,
1371 2421 1458 2447 navim
1470 2425 1557 2448 tamen
1571 2424 1661 2456 potest
1670 2420 1735 2448 diri-

942 2476 1006 2503 gere
1019 2473 1045 2496 et
1058 2460 1219 2496 conservare
1232 2476 1240 2494 :
1254 2468 1293 2496 sic
1303 2475 1351 2495 eos
1364 2467 1410 2502 qui
1425 2472 1487 2495 tunc
1500 2467 1646 2495 Ecclesiam
1658 2475 1734 2503 rcge-

943 2514 1015 2545 bant.
1028 2514 1110 2542 multo
1123 2514 1220 2549 magis,
1236 2521 1316 2549 quam
1335 2513 1411 2546 illos,
1425 2512 1469 2548 qui
1483 2520 1541 2540 eam
1556 2513 1582 2540 in
1594 2516 1734 2548 praesentia

943 2562 1109 2597 gubernant,
1125 2561 1260 2595 suspicere
1281 2560 1408 2588 debemus
1422 2564 1449 2587 et
1470 2559 1613 2592 admirari,
1627 2559 1734 2594 quando

943 2608 1024 2635 multa
1037 2607 1104 2635 bella
1122 2607 1194 2634 intus
1207 2610 1236 2634 ct
1255 2606 1334 2637 foris,
1346 2605 1453 2640 quando
1468 2604 1529 2632 ﬁdei
1543 2605 1633 2640 planta
1649 2605 1733 2631 imbe-

942 2654 1028 2682 cillior
1038 2653 1126 2681 adhuc
1138 2653 1284 2688 diligentia:
1297 2652 1383 2687 magis
1396 2652 1545 2687 indigebat,
1559 2651 1666 2687 quando
1680 2651 1731 2678 vel-

942 2701 980 2728 uti
1002 2700 1084 2728 modo
1105 2700 1209 2735 genitus
1224 2699 1310 2727 infans
1327 2699 1453 2726 Ecclesiae
1477 2698 1590 2733 populus
1610 2705 1730 2730 magnam

942 2746 1133 2782 providentiam
1146 2750 1226 2781 atque
1240 2745 1397 2780 sapientiam
1420 2744 1515 2771 animae
1525 2765 1532 2776 ,
1546 2751 1596 2779 qua
1617 2744 1727 2771 lactare~

942 2796 995 2826 tur,
1012 2791 1173 2827 postulabat.
1186 2790 1286 2819 Verum
1306 2795 1334 2817 ut
1355 2790 1458 2825 planius
1477 2789 1641 2824 intelligatis,
1666 2795 1734 2824 quot,

953 2889 958 2895 ⁸
972 2860 981 2875 ι
996 2862 1062 2884 Unus
1071 2862 1139 2889 Reg,
1156 2856 1320 2890 fornicatione,
1330 2860 1356 2882 ut
1369 2856 1431 2888 legit
1439 2859 1571 2888 lnterpres.
1586 2855 1634 2880 Alii
1645 2855 1730 2889 ncqui-

939 2893 981 2915 tia.
1091 2907 1093 2909 -
