1967 3125
243 139 291 168 Em
611 142 640 171 S.
660 142 799 171 JOANNIS
817 141 1055 171 CHRYSOSTOMI
1073 143 1231 174 ARCHIEP.
1252 147 1516 178 CONSTANTINOP.
1829 155 1876 184 59⁸9-

234 204 324 227 essent
340 199 448 227 coronis
461 199 550 235 digni,
567 200 613 236 qui
627 207 690 228 tunc
712 200 858 228 Ecclesium
881 200 1025 236 regendam

233 245 433 280 suscipiebant,
447 251 475 273 et
487 251 552 282 qttot
565 246 670 274 labores
690 247 716 274 in
739 247 869 282 principio
881 253 960 282 alque
973 247 1028 275 dis-

232 292 344 321 crimina
358 292 411 320 illic
431 297 523 322 essent
541 293 689 326 subeunda,
701 293 800 321 Christi
816 294 891 321 vobis
907 294 1026 321 testimo-

233 337 306 365 nium
328 338 456 371 καὶαι-λιιι,
472 338 516 374 ψί
532 346 574 371 ea,
590 346 651 374 qua:
673 346 688 366 a
709 339 787 366 nobis
801 338 871 366 dicta
886 342 964 370 sunt,
980 347 1028 374 ap-

234 382 341 417 probat,
357 388 384 411 et
403 384 563 412 sententiam
588 392 674 412 mcam
694 385 844 412 c0nﬁrmat.
864 385 929 412 Cum
955 385 1025 412 enim

233 429 333 457 multos
347 429 381 457 ad
404 437 434 457 se
445 430 637 458 convenientes
651 430 798 464 aspiceret,
813 429 945 466 velletque
959 438 1026 465 apo-

232 474 309 502 stolis
323 474 517 508 demonstrare,
533 475 603 510 quod
616 476 700 510 magis
714 483 793 509 quam
807 476 843 503 illi
861 476 1027 503 laborassem

233 521 370 556 propheta
383 529 390 548 :
406 521 467 551 Alii,
484 521 579 556 inquit,
594 520 785 554 laboraverunt,
801 527 823 548 et
838 529 881 549 vos
893 522 919 549 in
929 522 1028 550 labores

231 575 316 593 eorum
329 567 450 594 introisti:
464 568 552 603 (Joan.
574 569 600 595 4.
624 569 681 602 58).
695 569 774 603 Atqui
791 570 876 596 multo
890 569 949 605 plus
961 577 1027 605 apo-

232 612 305 645 stoli,
317 620 396 647 quam
413 613 551 647 propheta:
571 614 744 646 laborarunt;
759 619 876 642 attamen
893 616 955 651 quia
972 616 1028 650 pie.

231 659 294 685 tatis
306 659 417 686 verbum
440 659 542 694 priores
555 660 590 687 illi
606 661 772 688 seminarunt
784 682 791 693 ,
806 666 833 688 et
856 661 964 696 ignaros
979 661 1028 689 ho-

231 704 333 732 minum
348 705 451 732 animos
464 705 497 732 ad
511 706 650 733 veritatem
661 706 839 739 adduxerunt,
850 707 914 742 ipsis
928 707 1027 735 laboris

232 751 291 786 plus
304 751 467 779 attribuitur.

267 797 384 831 Quantus
400 798 471 825 initio
491 799 679 834 productionis
698 799 771 827 labar
790 800 1027 836 fuerin—Neque

229 844 302 871 enim
315 845 424 880 :equalis
435 851 475 872 est
489 845 575 879 labor,
591 854 643 873 non
658 852 700 874 est
713 847 843 882 profecto,
858 852 918 883 post
928 848 1027 876 multos

231 891 300 919 alios
311 891 436 920 doctores
448 892 564 927 aliquem
579 893 699 925 erudire,
714 899 741 921 ct
755 894 870 929 primum
885 895 971 930 ipsum
984 902 1027 922 se-

231 938 302 964 mina
314 937 416 972 jacere.
435 939 510 973 Quod
525 940 596 967 enim
609 940 783 968 meditatione
796 947 823 969 et
834 942 1028 970 consuetudine

229 989 350 1018 paratum
366 989 417 1018 est,
429 984 505 1012 facile
520 987 665 1021 percipitur
678 995 684 1013 :
699 987 770 1022 quod
785 992 875 1014 autem
888 996 958 1015 nunc
972 988 1027 1023 pri-

231 1037 303 1056 mum
317 1030 434 1062 auditur,
444 1031 603 1059 discentium
616 1033 720 1060 animos
734 1033 881 1068 perturbat,
892 1034 1026 1069 multaque

229 1074 387 1103 docentibus
402 1077 479 1104 affert
493 1078 609 1112 negotia.
631 1079 687 1106 lloc
699 1080 806 1114 quidem
824 1080 934 1107 Athenis
948 1080 1026 1108 andi-

230 1126 302 1147 tores
321 1122 507 1156 perturbabat,
524 1123 638 1159 ideoque
656 1124 690 1151 ab
704 1126 826 1161 apostolo
838 1125 1023 1159 declinabant,

229 1173 387 1195 accusantes
401 1176 473 1202 eum,
485 1177 517 1197 ac
527 1170 657 1203 dicentes,
674 1170 749 1198 Nam
760 1172 877 1206 qmdrmn
892 1173 970 1208 infers
980 1181 1027 1199 au-

229 1213 298 1240 ribus
312 1214 405 1241 nostris
419 1214 486 1250 (Act.
500 1215 542 1243 l7.
559 1216 616 1252 20).
633 1216 697 1244 Nam
712 1217 734 1245 si
747 1217 826 1245 etiam
841 1217 891 1245 hoc
905 1223 1026 1253 tempore

229 1258 336 1286 labores
355 1267 541 1296 :erumnasque
564 1262 660 1290 multas
684 1263 904 1298 gubernatoribus
923 1264 1026 1300 prtebet

229 1304 357 1332 Ecclesia
370 1307 527 1341 przefectura
539 1317 546 1334 :
558 1309 643 1343 cogita
660 1314 722 1337 tunc
733 1309 876 1344 duplicem,
894 1311 1024 1346 triplicem

229 1351 456 1387 multiplicemque
476 1353 558 1381 fuisse
571 1355 701 1389 laborem,
717 1363 777 1383 cmn
792 1357 919 1391 pericula,
934 1361 961 1384 et
977 1365 1025 1393 pu-

229 1403 298 1430 gnat,
311 1402 338 1424 et
353 1397 467 1432 insidite,
483 1404 510 1426 et
523 1405 640 1428 terrores
653 1409 784 1435 percnnes
799 1403 942 1430 instabant.
960 1404 1025 1432 Ver-

228 1441 270 1469 bis
290 1443 418 1477 explicari
440 1452 494 1472 non
518 1451 604 1480 potest
617 1447 762 1475 difﬁcultas
774 1468 781 1480 ,
796 1456 874 1483 quam
888 1451 973 1478 sancti
987 1451 1024 1478 illi

229 1489 278 1516 viri
293 1494 355 1516 tunc
368 1492 550 1525 sustinebant;
573 1493 619 1520 sed
642 1494 665 1521 is
684 1495 758 1522 solus
773 1503 833 1522 eam
848 1497 961 1530 noverit,
979 1498 1024 1532 qui

227 1535 314 1569 reipsa
331 1535 402 1562 illam
416 1538 578 1572 experietur.

262 1581 289 1608 4.
311 1581 437 1616 Quartam
460 1589 588 1618 prmterca
609 1593 736 1614 coronam
757 1587 908 1623 adjungam,
924 1597 982 1625 qua:
995 1598 1024 1618 se

227 1626 305 1654 nobis
325 1627 403 1655 olfert
425 1637 458 1656 ex
481 1630 531 1658 hoc
549 1632 714 1666 episcopatu.
740 1633 869 1666 Qutenam
892 1641 933 1662 est
956 1637 1024 1664 ista?

227 1672 303 1705 Quod
319 1674 376 1708 ipse
389 1675 514 1702 nimirum
536 1681 647 1711 patriam
668 1685 787 1706 nostram
806 1680 972 1715 gubernavit.
995 1683 1023 1709 Si

225 1717 298 1744 enim
309 1723 416 1746 centum
432 1720 564 1754 homines,
577 1723 617 1750 vel
631 1724 712 1751 etiam
725 1725 916 1761 quinquaginta
931 1735 1024 1763 regere

226 1763 335 1792 difﬁcile
349 1771 400 1797 est,
415 1772 521 1801 quantae
535 1769 639 1796 virtutis
650 1777 681 1797 ac
692 1772 829 1806 sapienthe
840 1773 920 1800 debet
932 1775 1024 1800 existi-

228 1811 295 1838 mari
318 1815 370 1839 tam
389 1813 524 1841 celebrem
539 1815 632 1843 urbem
647 1817 845 1852 administrare,
859 1825 957 1847 etcum
974 1829 1023 1855 po-

227 1856 319 1891 pulum
341 1865 433 1891 regere
443 1879 450 1892 ,
465 1861 510 1895 qui
525 1861 639 1889 ducenta
655 1864 789 1891 contineat
805 1865 942 1894 hominum
961 1867 1023 1894 tnil-

227 1901 261 1927 lia
275 1900 326 1938 (a)?
341 1902 446 1931 Etenim
460 1905 529 1932 sicut
542 1906 568 1933 in
579 1908 742 1936 exercitibus
754 1909 870 1944 legiones
879 1914 1021 1946 praetoriae,

227 1953 340 1981 quaeque
350 1951 549 1981 numerosiores
559 1958 630 1983 sunt,
644 1955 813 1987 peritioribus
826 1955 936 1984 ducibus
949 1965 1023 1985 com-

229 1992 371 2021 mittuntur
384 2002 391 2020 :
408 1995 447 2022 sic
460 1997 541 2024 etiam
556 1998 581 2024 in
596 1999 763 2032 civitatibus,
779 2002 894 2037 majores
913 2005 1024 2039 populo-

227 2039 366 2074 sioresque
377 2042 574 2075 probatiurihus
584 2046 648 2072 viris
661 2048 841 2082 assignantur.
855 2050 1022 2086 Quamquam

226 2089 254 2111 ct
275 2087 406 2121 praecipua
430 2088 485 2116 Deo
507 2089 618 2125 hujusce
631 2093 744 2120 civ.tatis
757 2102 819 2122 cura
836 2095 894 2130 fuit,
911 2097 935 2124 id
950 2099 1020 2133 quod

227 2137 253 2158 et
270 2140 299 2159 re
310 2133 366 2167 ipsa
381 2133 527 2163 declaravit
541 2147 548 2163 :
563 2138 695 2172 siquidem
709 2148 788 2176 quem
803 2143 850 2169 toti
864 2144 922 2171 orbi
937 2149 1021 2172 terra-

227 2184 285 2204 rum
309 2180 438 2214 przefccit,
465 2182 583 2216 l’etrum,
607 2186 649 2213 ctti
674 2186 764 2215 claves
787 2190 913 2217 cmlormn
937 2191 1020 2225 dedit,

226 2224 303 2259 cujus
313 2225 423 2254 arbitrio
433 2233 460 2255 et
470 2231 594 2264 potestati
606 2238 699 2260 cuncta
714 2235 844 2268 permisit,
857 2236 928 2264 hunc
942 2238 1022 2274 longo

228 2274 348 2305 tempore
362 2271 405 2300 hic
414 2272 495 2308 jussit
506 2278 681 2310 commorari;
704 2279 740 2306 ita
753 2288 849 2316 netnpe
863 2282 912 2317 ipsi
928 2271 1021 2312 civitas

228 2321 318 2343 nostra
332 2318 390 2345 orbi
413 2324 543 2348 terrarum
568 2329 615 2357 par
635 2324 691 2351 fere
712 2326 862 2354 videbatur.
885 2328 936 2357 Sed
960 2330 1021 2365 quia

227 2360 298 2389 Petri
319 2364 482 2392 mentionem
505 2366 571 2400 feci,
593 2369 712 2403 quintam
735 2378 768 2398 ex
790 2372 848 2407 ipso
867 2360 1020 2404 contextam

226 2414 353 2456 coronam
373 2410 550 2439 animadverti
568 2421 576 2440 :
597 2416 723 2448 quoniam
745 2417 780 2444 illi
804 2419 830 2446 in
852 2420 1021 2456 episcopatus

227 2451 357 2486 dignitate
367 2457 506 2483 successit.
521 2457 588 2485 Nam
603 2465 630 2486 ut
644 2461 666 2487 si
676 2463 738 2496 quis
749 2470 764 2490 e
776 2451 954 2494 fundamentis
965 2475 1021 2494 ma-

225 2505 307 2532 guum
323 2499 438 2535 lapidem
453 2508 547 2536 eruat,
562 2505 677 2534 alterunt
692 2509 803 2536 omnino
820 2518 909 2545 parem
924 2513 949 2539 in
963 2513 1021 2548 ejus

226 2545 287 2571 loco
305 2550 418 2574 conatur
436 2550 612 2583 constituere,
629 2553 681 2581 nisi
698 2556 761 2582 velit
781 2561 864 2584 totutn
878 2545 1020 2588 :cdilicium

225 2595 371 2619 concutere
390 2600 422 2620 ac
445 2594 560 2624 debilius
582 2599 696 2627 reddere
712 2609 719 2627 :
736 2601 770 2628 ita
786 2610 847 2630 cum
861 2603 956 2633 Petrus
967 2607 1021 2633 An-

225 2635 325 2664 tiochia
339 2642 412 2665 esset
421 2638 588 2670 discessurus
597 2663 606 2676 ,
621 2644 734 2673 alterum
754 2647 834 2675 Petro
847 2657 938 2684 parem
951 2658 1021 2686 prte-

224 2688 361 2716 ceptorem
379 2685 463 2719 gratia
485 2686 600 2722 Spiritus
622 2690 769 2725 substituit,
794 2701 827 2721 ne
847 2685 958 2723 structa
965 2698 1021 2732 jam

225 2729 368 2759 adiﬁeatio
379 2735 544 2762 successoris
559 2736 740 2766 imbecillitate
753 2740 867 2770 debilior
880 2744 965 2770 ﬁeret.

262 2775 378 2812 Quinque
395 2778 491 2815 lguatii
510 2789 620 2809 corona.
632 2797 668 2803 —
680 2784 803 2821 Quinque
815 2795 929 2816 coronas
943 2790 1022 2824 igitur

224 2825 442 2852 etuuneravimus
459 2834 465 2852 :
479 2834 511 2853 cx
525 2827 691 2863 prtefccturte
705 2833 889 2867 atnplitudine,
902 2843 933 2863 cx
946 2837 1020 2864 ordi-

255 2867 293 2899 (κ)
310 2869 442 2896 Antiochia
454 2871 558 2897 ducenta
571 2877 640 2899 erant
656 2875 779 2901 hominum
792 2878 876 2904 millia.

1083 203 1204 231 nantiutn
1214 203 1359 240 dignitate,
1375 213 1410 234 ex
1423 205 1580 236 difﬁcultate
1593 213 1757 245 temporum,
1770 217 1804 238 ex
1815 212 1876 239 civi~

1081 250 1143 277 tatis
1166 250 1360 285 magnitudine,
1384 258 1418 280 ex
1437 252 1535 281 virtute
1553 253 1634 288 illius,
1654 255 1700 291 qui
1722 256 1748 284 ei
1771 255 1876 285 tradidit

1081 296 1278 331 prtefecturam.
1291 298 1337 326 His
1343 298 1466 327 omnibus
1472 301 1604 328 contextis
1615 303 1726 331 coronis
1738 308 1841 331 sextam
1852 310 1875 332 et

1081 342 1235 377 septimam,
1249 349 1276 372 et
1292 343 1333 372 his
1348 346 1534 380 etiam‘plures
1546 347 1640 376 licetat
1653 348 1802 384 adjungere
1816 358 1877 378 :ve-

1081 395 1140 415 rum
1161 396 1196 416 ne
1214 394 1299 417 totum
1316 395 1424 426 tempus
1436 392 1463 419 in
1478 392 1648 427 episcopatus
1662 395 1876 423 consideratione

1080 433 1242 462 collocantes
1252 435 1287 462 ab
1297 435 1339 468 iis,
1352 444 1411 471 quae
1421 437 1454 464 ad
1465 445 1526 465 eum
1538 438 1576 466 uti
1587 445 1731 475 martyrem
1746 445 1876 476 spectant,

1080 480 1236 508 enarrandis
1249 482 1433 515 excludamur.
1449 491 1499 519 age
1512 484 1641 521 deinceps
1656 486 1689 514 ad
1704 487 1778 514 illius
1791 492 1876 515 certa-

1081 527 1152 554 mina
1172 528 1378 557 contendamus.
1403 529 1491 558 Grave
1510 531 1574 558 olim
1595 532 1723 560 adversus
1744 532 1877 561 Ecclesiae

1080 573 1226 600 excitatum
1242 579 1286 601 est
1300 574 1411 608 bellum,
1427 580 1455 603 et
1470 581 1603 611 tamquam
1619 578 1769 605 sa-vissima
1787 582 1874 614 tyran-

1081 617 1145 646 nide
1165 619 1258 648 Orbem
1278 625 1438 656 occupante,
1453 629 1470 650 e
1481 622 1571 650 medio
1585 623 1644 651 foro
1656 623 1785 652 homines
1797 626 1877 652 corri-

1080 664 1234 699 piebantur,
1249 666 1313 694 nulli
1324 666 1433 696 obnoxii
1446 668 1542 704 culpae.
1556 669 1604 696 sed
1615 669 1685 705 quod
1697 670 1732 697 ab
1741 671 1876 698 erroribus

1080 710 1239 738 recedentes
1250 712 1283 739 ad
1294 719 1384 740 veram
1399 713 1505 748 pietatis
1521 714 1677 750 religionem
1690 716 1875 746 accurrebant.

1079 755 1150 790 quod
1173 763 1188 783 a
1211 756 1363 785 daemonum
1389 760 1581 794 superstitione
1599 761 1793 794 discesserant,
1809 763 1875 797 quod

1080 808 1172 828 verum
1189 802 1271 830 Deum
1282 803 1474 838 agnoscebant,
1488 805 1558 840 quod
1574 805 1669 833 Filium
1680 807 1739 841 ejus
1756 808 1875 842 unigeni-

1081 851 1135 874 tum
1150 847 1298 876 adorabant
1312 856 1320 876 :
1335 854 1415 886 atque
1430 851 1465 878 ita
1477 858 1573 879 omnes
1591 852 1690 880 Christi
1714 853 1797 880 ﬁdem
1819 861 1874 880 am-

1079 894 1160 930 plcxi,
1175 902 1235 922 cum
1251 901 1341 923 essent
1351 897 1458 925 coronis
1470 917 1478 930 ,
1493 898 1670 926 admiratione
1682 905 1766 934 atque
1778 899 1876 928 honore

1079 939 1162 975 digni,
1175 941 1339 975 gravissimis
1355 946 1434 978 atque
1451 943 1689 971 innumerabilibus
1713 945 1875 974 cruciatibus

1078 986 1263 1014 aliiciebantur
1275 1008 1283 1020 ,
1304 988 1387 1017 multo
1403 996 1466 1017 vero
1480 990 1563 1025 magis
1578 990 1760 1018 Ecclesiarum
1773 991 1873 1018 antisti-

1079 1037 1129 1060 tes.
1146 1032 1275 1061 Vcrsutus
1294 1034 1365 1062 cnim
1381 1035 1511 1068 diabolus,
1534 1041 1560 1063 et
1582 1036 1614 1062 ad
1635 1037 1780 1063 strucndas
1801 1043 1874 1072 aptus

1079 1078 1199 1113 insidias,
1216 1081 1348 1114 Sperabat,
1360 1082 1382 1109 si
1396 1086 1515 1116 pastores
1527 1083 1688 1115 sustulisset,
1702 1083 1782 1110 ovilia
1797 1091 1826 1111 se
1841 1085 1874 1111 la-

1078 1125 1130 1154 cile
1141 1127 1317 1161 direpturutn.
1329 1128 1382 1156 Sed
1396 1128 1442 1164 qui
1453 1129 1656 1164 comprehendit
1669 1135 1775 1158 astutos
1789 1131 1814 1158 in
1829 1139 1873 1158 eo-

1079 1181 1138 1200 rum
1158 1174 1253 1201 astulia
1263 1195 1270 1205 ,
1287 1175 1431 1202 ostendens
1446 1175 1580 1203 Ecclesias
1593 1184 1655 1203 suas
1669 1184 1724 1204 non
1741 1176 1776 1204 ab
1791 1176 1873 1204 Immi-

1079 1219 1157 1247 nibus
1168 1221 1321 1255 gubernari,
1338 1221 1386 1249 sed
1400 1229 1456 1254 eos,
1472 1222 1516 1256 qui
1529 1222 1554 1249 in
1568 1222 1653 1257 ipsum
1668 1223 1793 1255 credunt,
1808 1231 1874 1251 sem-

1079 1273 1127 1300 per
1140 1273 1156 1292 a
1169 1273 1198 1294 se
1212 1266 1276 1301 regi,
1295 1267 1319 1294 id
1337 1266 1393 1294 ﬁeri
1409 1267 1589 1302 permittebat,
1612 1272 1640 1294 ut
1662 1276 1723 1295 cum
1743 1275 1873 1299 cerneret,

1079 1312 1227 1339 rectoribus
1241 1312 1363 1345 sublatis,
1379 1321 1431 1340 non
1453 1318 1542 1340 tamen
1561 1314 1719 1348 religionem
1744 1315 1872 1347 imminui,

1078 1364 1128 1384 nec
1143 1358 1260 1385 veritatis
1275 1358 1490 1392 prwdicationem
1504 1360 1647 1394 exstingui,
1664 1360 1711 1387 sed
1725 1361 1815 1394 potius
1826 1369 1872 1388 au-

1078 1402 1145 1438 geri.
1160 1410 1195 1430 ex
1212 1404 1291 1430 rebus
1311 1404 1375 1438 ipsis
1395 1408 1422 1432 et
1444 1404 1510 1439 ipse,
1524 1409 1552 1432 et
1571 1405 1616 1440 qui
1636 1405 1660 1433 ei
1683 1405 1872 1438 inserviebam,

1077 1455 1171 1475 omnes
1195 1449 1394 1484 intelligerent,
1416 1450 1625 1478 Christianorum
1640 1450 1810 1485 disciplinam
1823 1460 1872 1480 non

1077 1494 1111 1521 ab
1128 1494 1280 1522 hominibus
1301 1495 1427 1530 pendere,
1451 1496 1497 1523 sed
1518 1497 1543 1523 in
1565 1496 1639 1524 caelis
1658 1497 1765 1524 radices
1786 1506 1869 1532 agere.

1078 1540 1214 1576 Deumque
1226 1549 1296 1574 csse,
1310 1542 1354 1576 qui
1376 1542 1473 1577 ubique
1494 1543 1627 1570 Ecclesias
1643 1547 1776 1576 tueretur,
1791 1549 1817 1570 et
1829 1545 1868 1579 qui

1077 1593 1136 1613 cum
1154 1586 1207 1614 Dco
1223 1586 1321 1614 bellum
1334 1591 1469 1621 gererent,
1487 1595 1630 1622 numquam
1646 1595 1725 1622 posse
1737 1588 1872 1616 discedi-Ie

1076 1633 1240 1668 superiores.
1265 1633 1358 1668 Neque
1370 1641 1433 1661 vero
1448 1633 1472 1661 id
1486 1634 1573 1661 solum
1587 1633 1711 1662 diabolus
1720 1656 1727 1668 ,
1744 1634 1791 1661 sed
1804 1635 1871 1662 aliud

1077 1687 1129 1706 non
1144 1679 1232 1706 minus
1244 1686 1324 1714 grave
1335 1679 1547 1707 machinabatur.
1561 1679 1618 1706 Non
1628 1680 1700 1708 cnim
1716 1681 1743 1707 in
1755 1681 1871 1713 urbibus,

1075 1724 1173 1760 quibus
1196 1729 1344 1760 pra'erant,
1368 1725 1493 1753 trucidari
1515 1725 1656 1761 episcopos
1678 1726 1806 1759 sinebat;
1828 1727 1872 1754 sed

1076 1777 1184 1805 operam
1208 1770 1302 1802 dabat,
1325 1775 1354 1798 ut
1375 1771 1400 1798 in
1421 1776 1545 1798 externas
1566 1771 1690 1799 civitates
1712 1772 1839 1799 abstracti
1858 1781 1872 1800 e

1076 1818 1164 1845 medio
1179 1816 1343 1847 tollerentur.
1361 1818 1387 1845 Id
1400 1823 1487 1845 autem
1501 1818 1616 1853 agebat,
1635 1818 1715 1846 simul
1731 1823 1762 1845 ut
1782 1827 1874 1846 ncces-

1075 1863 1153 1890 sariis
1166 1863 1246 1891 rebus
1259 1863 1447 1899 spoliarentur,
1459 1864 1536 1891 simul
1550 1868 1579 1891 ut
1593 1865 1698 1892 itineris
1708 1865 1802 1893 labore
1811 1873 1873 1892 coa-

1075 1908 1137 1936 fecti
1162 1909 1340 1938 redderentur
1362 1910 1548 1938 imbecilliores
1562 1919 1570 1938 :
1584 1911 1656 1946 quod
1677 1911 1704 1938 in
1722 1911 1776 1939 hoc
1795 1913 1872 1939 etiam

1076 1954 1154 1982 beato
1168 1955 1225 1982 viro
1240 1956 1311 1983 fecit.
1333 1955 1370 1982 Ex
1387 1960 1477 1983 nostra
1491 1956 1564 1983 enim
1577 1957 1684 1984 civitate
1697 1957 1812 1984 Romam
1826 1957 1871 1984 θὼς

1075 2001 1225 2028 ducendum
1238 2002 1350 2033 curavit,
1369 2001 1487 2036 longiora
1502 2002 1551 2037 ipsi
1564 2009 1659 2029 cursus
1673 2003 1761 2037 spatia
1774 2010 1871 2038 propo-

1076 2053 1152 2079 nens,
1170 2051 1197 2073 ut
1211 2051 1239 2074 et
1259 2047 1362 2074 itineris
1379 2052 1406 2074 et
1420 2048 1549 2082 temporis
1565 2048 1731 2082 longitudine
1745 2049 1795 2076 viri
1810 2057 1873 2076 eon-

1075 2092 1200 2120 stantiam
1216 2093 1397 2126 labefactaret,
1412 2093 1519 2128 ignarus
1532 2093 1604 2128 quod
1614 2114 1621 2126 ,
1637 2094 1758 2122 sodalem
1773 2094 1872 2122 habens

1074 2137 1165 2165 Jesum
1181 2143 1208 2166 et
1222 2140 1285 2166 tanti
1301 2139 1404 2166 itineris
1416 2139 1552 2171 comitem,
1564 2139 1648 2166 multo
1657 2139 1770 2167 validior
1784 2140 1872 2172 ﬁehal,

1074 2190 1102 2211 et
1113 2185 1226 2218 virtutis,
1240 2193 1301 2220 qua:
1313 2193 1404 2212 secmn
1417 2190 1498 2219 esset,
1510 2185 1595 2220 majus
1607 2191 1796 2220 argumentum
1809 2194 1874 2220 pne-

1075 2230 1165 2262 bebat,
1176 2236 1202 2258 et
1218 2230 1352 2258 Ecclesias
1367 2231 1451 2266 magis
1462 2230 1648 2258 confirmabat.
1660 2230 1790 2259 Civitates
1803 2233 1873 2259 enim

1075 2285 1134 2311 qua:
1156 2277 1182 2304 in
1200 2285 1230 2304 ea
1245 2277 1287 2304 via
1305 2282 1392 2310 crant,
1408 2277 1526 2311 undique
1536 2282 1739 2309 concurrentes,
1756 2278 1871 2321 pugilem

1073 2323 1243 2356 excitabant,
1264 2327 1291 2350 et
1311 2330 1371 2350 cutn
1391 2331 1486 2358 magno
1509 2327 1658 2350 commeatu
1683 2323 1871 2355 dimittebant,

1075 2369 1199 2405 precibus
1222 2374 1249 2397 et
1270 2370 1507 2405 supplicationibus
1520 2377 1580 2397 cum
1595 2370 1653 2404 ipso
1667 2375 1814 2397 certantes.
1840 2370 1872 2396 l-Zt

1075 2416 1140 2450 ipsa:
1159 2416 1368 2443 consolatiOnem
1390 2423 1441 2443 non
1463 2416 1599 2451 Vulgarem
1615 2423 1648 2443 ex
1668 2416 1728 2451 ipso
1744 2416 1869 2451 percipio-

1074 2461 1149 2495 bant,
1170 2467 1311 2490 cernentes
1332 2468 1476 2497 martyrem
1500 2466 1571 2488 tanta
1593 2469 1653 2489 cum
1677 2462 1815 2489 alacritate
1836 2461 1869 2490 ad

1074 2512 1188 2535 mortem
1209 2515 1334 2540 currere,
1357 2513 1455 2543 quanta
1475 2516 1521 2542 par
1535 2513 1592 2535 erat
1614 2515 1688 2541 eum,
1710 2508 1755 2542 qui
1776 2508 1810 2534 ad
1828 2515 1869 2533 re-

1074 2561 1126 2589 gna
1148 2554 1276 2582 caelorum
1301 2554 1523 2590 proﬁcisceretur.
1545 2555 1584 2581 Ac
1603 2562 1633 2582 re
1646 2554 1755 2589 quidem
1770 2554 1824 2589 ipsa
1836 2561 1868 2581 ex

1075 2606 1199 2637 prompto
1213 2602 1286 2629 illius
1298 2603 1388 2629 animo
1401 2602 1549 2634 discebant,
1564 2609 1623 2629 eam
1646 2609 1700 2629 non
1720 2609 1782 2629 esse
1801 2609 1866 2629 mor-

1076 2653 1148 2680 tem,
1175 2647 1208 2676 ad
1241 2657 1320 2684 quam
1355 2649 1532 2684 prOperahat;
1558 2649 1605 2676 sed
1629 2649 1866 2684 peregrinationem

1050 2720 1052 2722 .
1074 2694 1227 2730 quamdam,
1243 2700 1271 2722 et
1293 2696 1432 2722 transitum
1454 2699 1534 2730 atque
1552 2702 1694 2723 ascensura
1715 2696 1742 2723 in
1765 2696 1864 2722 celum.

1075 2741 1137 2768 Hau:
1160 2747 1250 2777 autem
1274 2747 1329 2768 tum
1353 2742 1449 2775 dictis,
1470 2746 1525 2769 tum
1550 2742 1626 2770 factis
1639 2741 1667 2769 in
1679 2742 1752 2769 ωηιιὶ
1766 2741 1865 2769 civitate

1074 2787 1184 2818 docens,
1195 2787 1326 2815 discessit.
1341 2787 1374 2814 Et
1383 2788 1450 2814 sicut
1462 2787 1546 2815 Judtei
1557 2795 1617 2815 cum
1630 2788 1740 2816 Paulum
1755 2789 1864 2814 Vinctum

1074 2833 1186 2860 Romam
1210 2833 1367 2860 mittendum
1388 2838 1529 2865 curarunt,
1545 2833 1646 2868 opinati
1666 2839 1729 2861 sunt
1747 2841 1776 2861 se
1794 2833 1863 2860 illum

1075 2878 1108 2906 ad
1123 2884 1235 2906 mortem
1250 2881 1364 2912 mittere,
1381 2884 1496 2906 attntuen
1510 2878 1609 2907 Iuda-is
1624 2879 1679 2907 illic
1692 2880 1864 2907 habitantibus
