1967 3125
144 160 196 190 595

144 218 273 245 miserunt
287 221 475 253 prmeeptorem
489 224 496 244 :
508 216 547 244 sic
559 217 638 244 etiam
649 215 778 242 abundius
791 213 818 241 in
831 213 931 248 lgnatio

143 263 241 291 factum
254 268 306 291 est.
321 263 412 298 Neque
424 263 495 290 enim
507 262 572 289 solis
584 262 675 289 Romae
688 260 874 292 habitantibus,
887 267 933 285 ve—

145 317 202 336 rum
217 309 299 336 etiam
314 308 436 336 omnibus
450 308 476 335 in
489 311 545 335 toto
559 307 605 334 illo
621 306 723 334 itineris
740 305 824 339 spatio
838 303 931 332 civita-

146 355 216 382 tibiis
229 355 375 390 interjectis
384 353 549 381 admirabilis
558 353 683 387 magister
693 352 803 385 exstitit,
816 358 933 386 prasen—

147 406 199 429 tem
213 402 294 429 vitam
309 400 529 428 contemnendam
543 400 652 431 docens,
663 402 690 426 et
702 405 733 425 ea
745 405 804 431 quae
818 404 932 425 cernun-

147 455 190 476 tur
208 456 259 483 pro
279 448 362 475 nihilo
379 447 512 479 ducenda,
534 446 620 473 futura
641 450 728 472 autem
748 443 891 479 diligenda,
906 448 933 470 et

147 495 239 523 oculos
254 497 280 522 in
293 494 387 522 calum
401 493 540 525 tollendos,
556 493 672 528 nihilque
685 491 755 527 quod
774 491 800 518 in
818 489 868 517 bac
879 490 932 516 vita

148 541 233 576 possit
243 540 374 572 accidere,
385 540 551 575 quantumvis
561 546 650 574 grave,
662 535 852 564 formidandum
863 542 931 562 esse.

149 587 212 615 Haac
221 586 294 615 enim
304 591 331 614 et
343 586 385 613 his
396 586 470 620 plura
483 585 558 611 factis
567 583 742 618 comprobans
751 583 801 609 iter
811 580 932 611 faciebat,

148 636 283 667 tamquam
299 631 339 658 sol
354 631 458 665 quidam
471 630 504 657 ab
514 630 618 657 oriente
632 629 664 655 ad
678 635 800 655 occasum
814 633 931 657 currens,

149 679 204 706 imo
217 685 282 705 vero
293 678 349 704 sole
364 677 421 711 ipso
434 675 597 711 splendidior
609 675 702 701 multo.
719 673 764 700 Sol
779 672 848 700 enim
861 680 875 699 e
888 679 933 698 sn-

151 723 299 759 perioribus
313 722 429 757 partibus
439 721 572 753 currebat,
588 719 738 747 seusibilem
754 718 837 746 oculis
850 717 934 744 lucem

150 769 323 803 impertiens;
347 767 460 802 lgnatius
477 770 564 793 atttetn
577 765 700 792 deorsum
713 762 877 798 splendebat,
893 761 935 788 itt-

151 813 287 848 telligibile
308 812 435 839 doctrinae
455 811 543 838 lumen
563 809 658 836 animis
677 808 816 836 infundens
831 816 838 834 :
851 811 879 834 et
893 806 936 833 ille

152 859 258 895 quidem
273 859 300 885 in
315 857 460 885 occidentis
473 860 560 891 partes
573 854 735 882 descendens
748 853 918 880 absconditur
928 871 935 883 ,

152 913 184 932 ac
198 909 303 932 noctem
315 903 454 930 coufestim
466 901 590 933 obducit;
612 901 653 927 hic
674 904 762 926 autem
777 897 810 925 ad
829 904 937 924 occasus

154 954 241 984 partes
252 948 390 981 accedens,
399 946 560 982 splendidius
570 954 597 973 tu
607 945 659 973 illis
667 945 759 978 eluxit,
772 948 799 971 et
809 943 842 971 de
854 942 939 970 omni-

153 996 203 1023 bus
216 996 243 1022 in
257 999 312 1022 tota
325 994 369 1021 illa
383 994 426 1021 via
440 997 481 1021 est
492 992 591 1027 optime
605 992 716 1018 meritus
731 999 738 1017 :
754 996 867 1024 cumque
886 988 938 1015 Bo-

154 1049 224 1069 mam
239 1040 412 1076 pervenisset,
427 1046 485 1067 eam
506 1039 590 1073 ipsam
610 1037 702 1065 urbem
719 1036 808 1063 docuit
824 1035 939 1070 philoso-

155 1088 240 1123 phari.
254 1087 354 1114 Idcirco
365 1087 434 1113 enint
446 1086 515 1113 Deus
526 1084 644 1119 permisit
654 1083 707 1110 illic
717 1090 777 1109 eum
788 1081 848 1108 vita:
859 1080 938 1107 liuent

155 1134 275 1169 implere,
296 1138 323 1160 ut
338 1140 409 1159 mors
429 1131 486 1166 ejus
500 1130 622 1158 omnibus
638 1129 749 1156 Romam
763 1126 940 1154 incolentibus

156 1181 261 1217 pietatis
280 1180 404 1214 magistra
424 1183 505 1205 esset.
525 1177 580 1204 Vos
601 1176 673 1204 enim
697 1182 745 1210 per
763 1173 874 1209 gratiam
894 1172 939 1199 Dei

156 1227 226 1254 nulla
236 1225 350 1261 amplius
362 1223 480 1259 egebatis
490 1221 662 1254 institutione,
673 1228 733 1248 cum
744 1220 838 1247 essetis
851 1217 875 1245 in
890 1218 941 1244 fide

157 1273 266 1300 radicati
279 1276 306 1299 et
319 1270 418 1298 fundati
432 1279 437 1295 :
450 1273 476 1296 at
491 1268 527 1295 illi
541 1267 586 1303 qui
599 1267 690 1294 Romae
702 1272 764 1293 tunc
778 1264 940 1296 habitabant,

156 1327 215 1347 cum
229 1319 283 1345 illic
296 1324 389 1352 magna
407 1316 506 1350 vigeret
524 1314 644 1348 impietas
656 1333 664 1346 ,
681 1311 780 1346 majore
793 1310 890 1337 auxilio
903 1309 944 1336 iu-

157 1365 292 1400 digebant.
308 1364 370 1390 ldeo
382 1362 483 1393 Petrus,
498 1365 524 1388 et
537 1359 643 1392 Paulus,
652 1364 679 1386 et
688 1358 802 1393 lgnatius
813 1361 872 1392 post
885 1356 943 1383 illos

158 1411 192 1438 ibi
208 1410 314 1437 fuerunt
326 1407 463 1440 immolati,
479 1411 533 1434 tum
546 1409 575 1432 ut
589 1404 720 1432 civitatem
734 1403 804 1429 illam
814 1401 942 1428 idolorum

157 1456 296 1483 cruoribus
311 1455 437 1490 pollutam
457 1452 563 1487 proprio
581 1450 707 1485 sanguine
723 1451 874 1483 purgarent,
890 1450 943 1472 tum

158 1509 187 1530 ut
198 1502 324 1538 Operibus
339 1501 403 1535 ipsis
414 1497 618 1527 resurrectionis
636 1496 698 1524 Jesu
716 1494 815 1522 Christi
827 1491 944 1520 crucifixi

159 1536 338 1576 testimonium
351 1546 485 1577 afferrent,
501 1544 714 1571 demonstrantes
731 1541 773 1573 iis,
787 1538 833 1574 qui
853 1536 944 1565 Roma:

159 1595 305 1631 degebant,
314 1601 343 1621 se
357 1596 515 1628 praesentem
536 1591 616 1617 vitam
639 1593 711 1616 tanta
730 1595 790 1615 cum
811 1586 946 1621 voluptate

159 1648 303 1676 numquam
324 1639 404 1667 fuisse
422 1638 604 1672 despecturos,
618 1635 669 1662 nisi
691 1634 740 1661 sibi
759 1633 869 1661 omnino
886 1639 946 1666 per-

159 1688 324 1719 suasissent,
339 1685 409 1720 quod
422 1683 455 1711 ad
470 1683 625 1711 crucifixum
644 1681 732 1709 Jesum
748 1684 837 1708 essent
850 1685 946 1705 ascen-

159 1735 226 1767 suri,
241 1734 379 1768 ipsumque
393 1732 419 1759 in
434 1731 505 1759 cazlis
518 1729 607 1757 visuri.
622 1728 678 1756 Hoc
690 1727 759 1754 enim
774 1724 948 1754 resurrectio-

161 1782 202 1808 nis
214 1783 398 1814 argumentum
409 1781 451 1805 est
464 1776 616 1807 maximum,
631 1773 701 1809 quod
716 1772 838 1800 Christus
853 1771 948 1798 immo-

161 1826 230 1853 latus
245 1828 343 1851 tautam
366 1827 425 1858 post
446 1826 557 1849 mortem
579 1819 720 1854 potentiam
741 1817 902 1848 ostenderet,
918 1819 948 1843 ut

161 1871 312 1900 viventibus
333 1869 484 1896 hominibus
506 1866 686 1902 persuaderet,
704 1872 750 1900 pro
771 1865 812 1891 sui
833 1862 948 1890 nominis

161 1917 330 1945 confessione
343 1915 466 1951 patriam,
480 1918 507 1941 et
519 1913 623 1946 domos,
635 1916 661 1940 et
675 1912 785 1943 amicos,
800 1913 826 1937 et
837 1908 948 1944 propin-

163 1967 276 2000 quos,et
285 1963 364 1989 vitam
378 1961 462 1996 ipsam
476 1958 667 1994 aspernandam
680 1962 707 1984 et
717 1955 947 1987 contemnendam,

163 2019 195 2038 ac
209 2011 268 2037 loco
288 2007 458 2044 praisentium
478 2006 640 2039 voluptatum
655 2008 681 2031 et
694 2002 815 2035 verbera,
829 2006 856 2029 et
876 2008 949 2036 pert-

164 2055 234 2087 cula,
249 2058 276 2082 et
290 2059 401 2081 mortem
414 2059 474 2079 esse
487 2050 632 2078 subeunda.
655 2049 716 2076 [hcc
738 2048 808 2076 enim
829 2055 881 2074 non
901 2047 949 2073 de-

165 2099 259 2132 functi,
276 2106 362 2133 neque
376 2098 402 2125 in
416 2097 538 2131 sepulcro
552 2095 681 2130 degentis,
700 2094 745 2120 sed
761 2094 818 2128 ejus
832 2092 874 2127 qui
890 2099 950 2118 sur-

164 2146 278 2173 rexisset
298 2151 330 2171 ae
352 2143 470 2173 viveret,
487 2141 610 2176 praeclara
626 2143 687 2167 sunt
700 2146 789 2173 opera.
812 2135 951 2171 Quomodo

166 2191 237 2218 enim
259 2194 331 2217 esset
353 2187 507 2219 verisimile,
529 2191 558 2212 nt
577 2193 637 2212 cum
661 2185 717 2220 ipse
736 2184 844 2215 viveret,
859 2189 952 2209 omnes

167 2235 290 2271 apostoli,
304 2235 347 2269 qui
362 2241 420 2261 cum
432 2233 477 2260 illo
491 2232 588 2259 versati
604 2231 716 2258 fuerant.
732 2229 825 2255 timore
845 2233 952 2268 center-

168 2266 210 2309 riti
225 2266 292 2308 adeo
312 2266 409 2307 fuerint
431 2278 566 2311 imbecilli,
581 2281 610 2304 ut
623 2280 812 2312 praeceptorem
829 2266 952 2308 prodide-

169 2328 232 2360 rint,
240 2332 267 2354 et
275 2325 424 2360 aufugeriut
434 2333 439 2351 :
449 2327 619 2358 posteaquam
627 2327 715 2349 autem
724 2320 862 2348 defunctus
872 2323 952 2352 esset,

170 2382 222 2401 non
236 2373 321 2401 solum
338 2372 442 2403 Petrus,
457 2375 482 2397 et
496 2370 602 2402 Paulus,
618 2368 664 2395 sed
676 2368 755 2394 etiam
771 2365 896 2401 lgnatius,
909 2365 954 2399 qui

170 2428 230 2449 eum
243 2427 296 2447 non
310 2418 421 2448 viderat.
433 2424 482 2444 nec
495 2416 546 2443 ulla
559 2423 619 2443 cum
634 2415 691 2449 ipso
703 2413 879 2440 familiaritate
891 2419 955 2439 con-

170 2469 276 2502 iunctus
302 2465 404 2496 fuerat,
427 2468 523 2490 tantam
551 2469 598 2497 pro
620 2461 664 2489 illo
685 2459 764 2488 animi
793 2459 954 2485 alacritatem

171 2512 341 2543 ostenderet,
360 2515 389 2538 ut
412 2517 459 2544 pro
480 2517 513 2536 eo
527 2509 607 2535 vitam
631 2507 714 2541 ipsam
729 2503 889 2540 profundere
902 2511 954 2530 non

172 2556 323 2586 recusaret?

207 2606 233 2632 5.
249 2604 364 2640 Ignalius
377 2602 435 2638 feris
449 2601 568 2636 objectus.
580 2613 616 2619 —
637 2598 673 2626 Ut
684 2597 763 2632 igitur
773 2596 826 2628 illi,
842 2595 886 2630 qni
903 2594 956 2621 lto-

175 2658 243 2678 mam
259 2649 421 2678 incolebant,
433 2647 490 2674 haec
503 2653 561 2673 esse
575 2652 637 2672 vera
648 2651 678 2671 re
688 2644 744 2678 ipsa
756 2645 956 2677 cognoscerent,

175 2695 295 2730 permisit
310 2694 380 2721 Deus
393 2696 513 2719 sanctum
525 2691 609 2717 virum
622 2689 676 2716 illic
689 2694 773 2716 morte
787 2686 867 2714 aflici.
883 2685 958 2720 Quod

175 2747 262 2769 autem
275 2740 333 2768 haec
346 2740 381 2766 sit
393 2745 472 2766 causa
482 2758 490 2771 ,
506 2745 540 2765 ex
563 2743 660 2771 genere
680 2736 762 2769 ipsius
776 2733 868 2761 mortis
881 2739 960 2760 cona-

176 2789 224 2815 bor
233 2786 387 2815 ostendere.
399 2785 489 2819 Neque
502 2783 573 2810 enim
588 2787 617 2810 ut
639 2785 713 2809 extra
728 2787 819 2808 muros
836 2779 862 2806 in
881 2778 960 2805 bara-

176 2833 245 2863 thro,
260 2836 307 2859 ant
319 2832 345 2858 in
356 2837 475 2862 carcere,
487 2833 531 2856 aut
541 2828 566 2855 in
579 2826 675 2862 angulo
685 2825 774 2860 aliquo
783 2823 959 2854 occideretur,

176 2879 316 2906 datnnatus
329 2881 382 2910 est;
392 2875 438 2903 sed
453 2876 478 2903 iu
494 2873 580 2902 medio
591 2872 693 2900 theatro
701 2871 832 2906 ,universa
855 2870 961 2897 civitate

716 155 747 186 IN
766 157 794 186 S.
815 154 977 185 leNATlUSi
998 150 1199 183 MARTYREM.

1715 157 1766 186 ΕΜ

986 220 1089 239 sursum
1108 212 1264 240 considente
1276 217 1302 240 et
1316 213 1567 248 spectante,bestiis
1580 216 1605 242 in
1620 215 1705 252 ipsum
1719 217 1767 243 im~
1778 223 1797 243 νιν
1815 238 1820 241 ς
1841 218 1848 231 ’
1860 226 1877 246 α

984 259 1071 285 missis
1093 263 1121 285 et
1145 258 1303 292 concitatis,
1330 260 1483 295 martyrium
1508 262 1640 295 pertulit:
1666 266 1694 289 ut
1718 263 1786 289 sub‘

984 304 1102 330 omnium
1113 303 1197 330 oculis
1209 303 1336 330 adversus
1349 304 1482 332 diabolum
1498 311 1625 340 tropaeum
1640 306 1765 341 erigeret,

984 354 1147 384 cunctosque
1159 354 1322 384 spectatores
1334 358 1442 378 suorum
1464 353 1636 380 certaminum
1650 353 1767 380 imitato-

984 402 1028 422 res
1043 394 1170 427 efficeret,
1185 402 1244 422 cum
1259 403 1310 422 non
1330 396 1408 423 modo
1423 396 1536 430 fortiter,
1549 397 1594 425 sed
1607 397 1686 426 etiam
1708 407 1766 425 cum

986 440 1075 468 la-titia
1099 445 1212 468 mortem
1237 446 1390 476 oppeteret,
1418 441 1539 477 ferasque
1563 451 1622 470 cum
1635 445 1768 479 voluptate

985 491 1129 519 spectaret,
1144 494 1196 514 non
1210 487 1285 522 quasi
1300 492 1438 522 raperetur
1455 496 1470 515 e
1483 490 1536 515 vita
1547 510 1555 523 ,
1577 490 1623 517 sed
1635 495 1766 525 tamquam

985 531 1018 557 ad
1033 531 1113 558 vitam
1127 532 1264 560 meliorem
1276 540 1305 559 ac
1316 534 1525 571 pragstantiorem
1538 535 1769 563 vocaretur.Unde

987 577 1036 605 hoc
1051 578 1081 604 iit
1092 578 1278 613 perspicuum?
1289 579 1327 606 Ex
1337 579 1424 607 verbis
1434 601 1441 613 ,
1453 589 1511 615 qua:
1522 582 1665 609 moriturus
1678 582 1769 617 loque-

987 624 1072 651 batur.
1088 624 1152 651 Cum
1164 625 1233 652 enim
1249 625 1274 652 id
1288 633 1369 660 genus
1383 626 1504 660 supplicii
1518 626 1568 653 sibi
1582 634 1642 654 esse
1656 627 1769 654 subeun—

986 669 1048 696 dum
1060 669 1250 702 intellexisset,
1264 670 1330 705 Ego,
1346 671 1440 705 inquit,
1452 671 1512 704 [eris
1520 671 1571 698 illis
1583 671 1655 706 fruar
1669 673 1715 707 (α).
1726 671 1769 699 Sic

987 717 1056 742 enim
1069 720 1164 750 agunt,
1178 717 1221 750 qui
1236 721 1341 747 amant;
1351 724 1410 743 cum
1421 724 1469 751 pro
1481 717 1512 744 iis
1524 717 1568 752 qui
1579 723 1712 750 amantur,
1723 718 1772 744 ali-

988 762 1049 796 quid
1069 762 1204 796 patiuntur
1215 784 1222 795 ,
1236 762 1381 797 gaudentes
1396 763 1422 790 id
1437 763 1552 798 faciunt,
1579 768 1694 799 tuncque
1720 764 1768 791 sibi

988 807 1110 834 videntur
1134 807 1231 842 optatis
1254 808 1369 843 perfrui,
1397 816 1455 836 cum
1482 817 1530 842 ea,
1546 817 1605 844 quae
1619 810 1770 844 perferunt,

988 858 1050 880 sunt
1059 861 1137 888 quam
1148 854 1301 888 gravissima
1315 863 1321 882 :
1335 854 1405 889 quod
1420 854 1525 890 quidem
1534 855 1561 882 in
1570 855 1620 883 hoc
1631 855 1693 883 item
1706 863 1771 883 con-

990 900 1056 933 tigit.
1068 900 1201 934 Siquidem
1216 908 1267 928 non
1280 906 1364 928 morte
1380 902 1476 936 solum,
1486 910 1576 930 verum
1587 903 1666 931 etiam
1677 904 1771 930 alacri-

991 949 1044 971 tate
1067 945 1190 972 studebat
1208 946 1342 980 apostolos
1356 947 1467 980 imitari;
1484 952 1510 974 et
1523 948 1634 975 audiens
1648 949 1716 984 quod
1734 949 1771 976 illi

990 990 1114 1025 flagellati
1128 999 1187 1018 cum
1203 991 1298 1026 gaudio
1319 992 1391 1020 ibant
1401 1001 1415 1020 e
1427 1000 1569 1028 conspectu
1583 994 1686 1021 concilii
1704 994 1771 1030 (Act.

990 1037 1016 1064 5.
1032 1037 1094 1072 Η),
1108 1037 1189 1065 voluit
1205 1039 1284 1065 etiam
1298 1039 1355 1073 ipse
1371 1047 1422 1066 non
1435 1044 1520 1067 morte
1532 1040 1627 1071 solum,
1639 1041 1684 1068 sed
1693 1041 1772 1068 etiam

992 1083 1079 1110 la:titia
1099 1084 1231 1119 magistris
1249 1092 1309 1112 esse
1320 1086 1413 1113 similis
1427 1095 1434 1112 τ
1450 1086 1558 1119 idcirco,
1571 1087 1643 1114 Feri;
1653 1108 1661 1119 ,
1673 1088 1755 1122 inquit
1765 1109 1772 1118 ,

992 1131 1072 1163 fruar.
1083 1130 1120 1157 Ac
1132 1130 1215 1157 multo
1224 1130 1329 1165 quidem
1341 1132 1443 1158 mitiora
1455 1133 1579 1160 censebat
1591 1140 1636 1159 ora
1647 1133 1772 1165 ferarum,

992 1183 1069 1209 quam
1085 1178 1189 1212 tyranni
1201 1177 1315 1211 linguam
1331 1185 1338 1204 :
1355 1185 1403 1205 nec
1414 1177 1703 1213 immerito;siquidcm
1719 1179 1775 1207 lure

993 1222 1024 1248 ad
1039 1222 1187 1257 gehennam
1200 1223 1322 1256 vocabat,
1338 1223 1382 1251 illa
1404 1229 1491 1251 autem
1505 1223 1539 1251 ad
1558 1232 1668 1260 regnum
1684 1225 1773 1251 mitte-

994 1268 1066 1295 bant.
1082 1268 1147 1296 Cum
1171 1269 1250 1304 igitur
1265 1269 1318 1296 illic
1342 1269 1422 1296 vitam
1442 1268 1591 1304 posuisset,
1605 1270 1659 1297 imo
1671 1278 1734 1297 vero
1749 1270 1775 1296 in

994 1315 1086 1341 ca-lum
1098 1314 1230 1349 profectus
1245 1319 1326 1348 esset,
1339 1323 1460 1342 reversus
1475 1320 1515 1342 est
1527 1315 1652 1350 deinceps
1663 1322 1776 1342 corona-

996 1365 1046 1386 tus.
1063 1359 1166 1387 Etenim
1179 1360 1204 1387 id
1219 1367 1325 1395 quoque
1341 1359 1389 1387 fuit
1410 1360 1455 1387 Dei
1470 1361 1637 1395 benignitatis
1647 1382 1654 1393 ,
1669 1361 1713 1395 qui
1728 1368 1776 1388 cu-

996 1406 1062 1432 ravit
1075 1409 1103 1431 ut
1115 1406 1137 1433 is
1149 1412 1241 1432 rursus
1253 1405 1287 1432 ad
1302 1413 1350 1432 nos
1363 1405 1477 1438 rediret,
1501 1409 1528 1433 et
1546 1406 1694 1433 civitatibus
1706 1414 1778 1432 mar-

996 1456 1080 1486 tyretn
1103 1451 1254 1484 impartivit.
1270 1450 1352 1477 Roma
1372 1451 1442 1477 enim
1457 1450 1598 1477 stillantem
1620 1450 1702 1485 ipsius
1715 1458 1776 1477 san-

995 1497 1099 1531 guinem
1110 1496 1230 1531 excepit,
1243 1504 1289 1523 vos
1303 1501 1391 1523 autent
1406 1496 1530 1530 reliquias
1539 1496 1596 1531 ejus
1605 1496 1777 1531 suscepistis:

996 1549 1043 1568 vos
1059 1542 1129 1569 illius
1156 1543 1309 1576 episcopatu
1322 1541 1407 1576 gavisi
1430 1542 1511 1574 estis,
1526 1542 1562 1568 illi
1578 1542 1704 1577 martyrio
1718 1547 1779 1568 sunt

997 1588 1075 1616 ltctati
1100 1597 1107 1615 :
1127 1593 1272 1615 certantem
1293 1588 1328 1615 illi
1353 1592 1381 1615 et
1400 1588 1548 1615 vincentem
1573 1595 1605 1615 ac
1624 1592 1778 1615 coronatum

996 1639 1207 1669 conspexerunt,
1234 1641 1281 1661 vos
1302 1638 1429 1669 perpetuo
1452 1634 1525 1660 illum
1542 1633 1703 1670 possidetis:
1725 1634 1782 1660 exi-

997 1687 1075 1715 guum
1088 1679 1119 1706 ad
1133 1684 1237 1713 tempus
1249 1687 1309 1706 eum
1324 1679 1400 1706 vobis
1410 1679 1508 1706 ademit
1524 1679 1607 1709 Deus,
1621 1679 1669 1706 sed
1682 1678 1781 1714 majore

997 1733 1057 1752 cum
1081 1725 1164 1759 gloria
1190 1725 1315 1752 restituit.
1344 1724 1378 1751 Et
1398 1724 1619 1759 quemadmodum
1643 1725 1780 1758 pecuniam

998 1775 1149 1798 mutuantes
1160 1778 1220 1798 cum
1233 1770 1336 1798 ftenore
1349 1777 1379 1797 ea
1395 1770 1518 1802 reddunt,
1532 1777 1591 1805 qua:
1606 1775 1780 1805 acceperunt:

998 1819 1037 1843 sic
1045 1817 1123 1843 etiam
1139 1816 1209 1844 Deus
1224 1817 1368 1851 pretiosum
1393 1815 1461 1842 lumc
1484 1815 1637 1842 thesaurum
1651 1816 1783 1850 pauliSper

999 1863 1161 1898 suscipiens,
1177 1867 1207 1889 ut
1218 1861 1371 1890 ostenderet
1383 1861 1475 1889 Romae
1485 1882 1492 1894 ,
1508 1861 1609 1896 majore
1619 1869 1679 1888 cum
1699 1862 1781 1896 gloria

999 1909 1073 1937 illum
1085 1909 1160 1936 vobis
1169 1908 1269 1936 retulit.
1280 1907 1409 1935 Emisistis
1419 1907 1489 1934 enim
1504 1907 1668 1941 episcopum,
1676 1912 1703 1935 et
1714 1915 1784 1934 mar-

1000 1959 1084 1990 tyrem
1104 1954 1263 1989 recepistis:
1279 1953 1405 1981 emisistis
1423 1960 1483 1980 cum
1507 1953 1646 1988 precibus,
1672 1957 1700 1980 et
1723 1960 1782 1980 cum

1000 2003 1106 2029 coronis
1128 2000 1282 2035 suscepistis
1299 2009 1306 2027 :
1323 2008 1372 2027 nec
1384 2007 1447 2027 vero
1461 2007 1510 2027 vos
1531 1999 1596 2032 soli,
1612 1999 1658 2027 sed
1682 2005 1784 2026 cuncta:

1001 2054 1060 2082 quas
1084 2046 1231 2080 interiecta:
1254 2049 1317 2072 sunt
1335 2045 1464 2072 civitates.
1491 2045 1629 2078 Quomodo
1650 2043 1721 2071 enim
1740 2051 1786 2071 eas

1002 2093 1110 2120 aﬂ‘ectas
1123 2091 1281 2119 existimatis
1290 2111 1298 2124 ,
1319 2098 1378 2118 cum
1391 2095 1538 2125 reportatas
1556 2090 1681 2125 reliquias
1693 2097 1787 2118 ceme-

1004 2145 1063 2168 rent
1074 2140 1085 2167 ?
1095 2147 1173 2174 quem
1188 2138 1331 2173 voluptatis
1345 2137 1459 2164 fructum
1472 2137 1621 2172 percipere,
1635 2140 1730 2171 quanta
1742 2136 1788 2163 la:-

1003 2187 1060 2214 titia
1071 2185 1191 2221 gestire?
1203 2193 1282 2220 qnam
1305 2183 1398 2211 faustis
1418 2183 1534 2218 undique
1555 2183 1787 2211 acclamationibus

1004 2237 1160 2261 coronatum
1176 2232 1310 2260 celebrare
1324 2233 1336 2257 ‘!
1348 2229 1575 2265 Quemadmodum
1590 2230 1660 2257 enim
1674 2229 1788 2265 pugilem

1005 2287 1174 2315 generosum,
1185 2279 1228 2314 qui
1241 2285 1335 2306 omnes
1345 2277 1472 2304 devicerit
1486 2275 1653 2303 adversarios
1662 2296 1670 2308 ,
1684 2279 1790 2310 specta-

1006 2330 1077 2353 tores
1088 2333 1103 2352 e
1115 2332 1194 2352 cavea
1207 2332 1267 2352 cum
1278 2324 1371 2359 plausu
1381 2325 1572 2356 consurgentes
1583 2321 1722 2348 sublimem
1734 2324 1790 2347 sta-

1007 2372 1054 2399 tim
1068 2371 1218 2406 excipiunt,
1239 2377 1288 2398 nec
1309 2374 1408 2397 terram
1423 2368 1553 2403 attingere
1576 2367 1729 2402 patiuntur,
1744 2367 1790 2393 sed

1008 2417 1139 2445 sublatum
1155 2414 1389 2443 innumerabilibus
1402 2413 1522 2440 laudibus
1535 2416 1672 2445 ornantes,
1684 2411 1791 2439 domum

1009 2468 1146 2499 reportant
1162 2472 1169 2490 :
1185 2463 1224 2490 sic
1236 2463 1325 2497 utique
1339 2466 1366 2488 et
1379 2465 1497 2488 sanctum
1517 2459 1589 2486 illum
1605 2466 1697 2486 omnes
1709 2466 1740 2485 ex
1752 2465 1794 2485 or-

1008 2510 1070 2536 dine
1084 2509 1205 2536 civitates
1216 2508 1249 2535 ab
1263 2507 1329 2534 urbe
1342 2506 1452 2533 relatum
1475 2505 1648 2539 suscipientes
1662 2503 1794 2530 humeris-

1009 2563 1061 2590 que
1079 2559 1230 2590 gestantes,
1255 2552 1420 2580 Antiochiam
1452 2558 1536 2586 usque
1559 2555 1621 2578 sunt
1642 2550 1793 2579 comitatae,

1011 2605 1153 2636 martyrem
1169 2603 1323 2627 coronatum
1338 2598 1517 2629 celebrantes,
1537 2596 1674 2623 laudantes
1693 2602 1779 2628 agono

1012 2647 1111 2674 thetam
1123 2667 1131 2677 ,
1145 2645 1276 2673 diabolum
1291 2644 1442 2671 deridentes
1453 2663 1460 2674 ,
1476 2642 1546 2678 quod
1566 2650 1581 2668 θ
1603 2640 1736 2668 contrario
1756 2640 1793 2666 illi

1012 2692 1126 2720 versutia
1137 2692 1316 2722 successisset,
1331 2693 1359 2717 et
1371 2696 1429 2724 quae
1444 2689 1469 2715 in
1489 2693 1632 2723 martyrem
1645 2691 1776 2713 struxerat
1787 2706 1794 2718 ,

1014 2738 1039 2765 in
1049 2745 1077 2765 se
1088 2736 1253 2764 recidissent.
1265 2735 1298 2763 Et
1309 2741 1370 2762 tunc
1382 2734 1487 2768 quidem
1502 2732 1604 2760 cunctis
1614 2732 1664 2759 illis
1683 2730 1796 2759 civitati-

1015 2783 1064 2810 bus
1077 2781 1174 2818 profuit
1198 2781 1409 2814 documentoque
1430 2778 1496 2812 fuit,
1524 2782 1550 2804 et
1573 2777 1703 2804 civitatem
1727 2775 1796 2802 hanc

1047 2871 1085 2903 (α)
1102 2874 1156 2895 tunc
1167 2869 1242 2894 verba
1254 2868 1278 2893 in
1289 2871 1310 2893 ε.
1323 2867 1407 2898 tgnatii
1419 2867 1528 2898 κωβίτςο
1538 2868 1662 2894 ﬁguntur.
