1967 3125
166 115 217 144 5‘35

169 177 252 204 usque
263 168 290 197 in
303 174 460 205 praesentem
473 168 543 196 diem
556 168 726 204 locupletavit
734 177 741 201 ;
750 173 778 196 et
786 168 962 196 utthesaurus

169 213 275 250 quidam
290 219 446 250 perpetuus.
461 215 506 250 qui
521 214 638 250 quotidie
654 215 817 247 exhauritur,
831 221 880 241 nec
893 213 960 241 deﬁ-

169 262 203 289 cit
216 284 222 295 ,
234 261 320 289 cuncti
336 261 396 288 licet
409 269 441 288 ex
456 268 489 288 eo
507 260 653 294 ditescant,
669 260 707 288 sic
721 261 799 288 etiam
814 260 906 287 beatus
919 259 963 287 hic

171 307 286 343 lgnatius
308 311 418 333 cunctos
430 306 462 334 ad
485 314 514 334 se
535 306 692 334 accedentes
716 305 961 338 benedictionibus,

171 353 265 381 ﬁducia
276 373 284 385 ,
299 357 327 380 et
339 359 448 380 strenua
460 353 596 380 alacritate
608 373 616 386 ,
640 359 788 388 magnaque
810 351 963 379 fortitudine

172 400 265 435 plenos
279 399 390 426 remittit
403 399 520 426 domum.

208 445 360 473 Sanctorum
373 450 532 472 monumenta
540 445 680 480 spiritualis
690 445 779 480 gratim
789 443 963 478 picum—Ita-

170 499 222 526 que
232 498 284 518 non
297 490 374 518 hodie
385 490 551 523 tantuni,sed
565 490 682 524 quotidie
697 490 730 516 ad
746 490 830 524 ipsum
844 488 964 516 conﬂua-

171 544 231 564 mus
242 556 250 568 ,
260 536 412 571 Spirituales
424 544 457 564 ex
470 543 503 564 eo
516 537 616 564 fructus
635 536 818 571 decerpeutes.
839 535 963 569 Quisquis

173 584 245 611 enim
256 591 316 610 cum
329 583 380 610 ﬁde
392 583 425 611 ad
436 583 509 610 illum
523 583 635 616 accedit,
648 582 749 617 magnis
761 581 874 609 afﬁcitur
884 581 964 609 bene-

172 628 239 656 ﬁciis
255 638 261 655 :
276 634 428 656 sanctorum
442 629 512 656 enim
534 636 586 655 non
609 628 687 654 modo
700 635 811 662 corpora
822 648 829 660 ,
845 627 892 655 sed
915 627 963 660 ipsi

173 675 253 702 loculi
268 680 295 702 et
309 680 480 703 monumenta
496 675 624 710 spirituali
638 674 721 709 gratia
747 673 867 702 conferta
892 678 963 700 sunt.

172 721 238 749 Nam
253 721 276 748 si
290 722 315 748 in
331 722 427 749 Elisaao
442 721 466 749 id
481 721 601 756 contigit,
621 726 648 748 ut
662 720 801 748 defunctus
814 719 963 754 sepulcrum

172 767 230 801 ejus
241 767 373 802 attingens
394 768 486 794 mortis
501 767 604 794 vincula
620 766 773 794 dissolverit
786 767 824 801 (ι.
841 767 904 802 Reg.
920 767 963 794 15.

172 812 230 847 9|),
250 817 277 839 et
297 814 329 840 ad
344 813 424 840 vitam
438 821 542 841 rursum
562 813 688 845 redierit;
706 812 789 840 multo
804 812 887 847 magis
915 811 965 840 hoc

177 862 305 893 tempore,
319 866 372 893 quo
386 858 468 893 gratia
487 858 604 891 uberior,
619 857 734 893 Spiritus
755 858 840 892 major
854 861 894 885 est
909 858 963 890 vis;

174 907 202 930 ut
214 904 236 931 si
251 911 311 930 cum
327 904 379 931 ﬁde
403 903 499 938 aliquis
519 911 608 930 arcam
623 903 751 938 attingat,
766 910 888 938 magnam
904 903 965 930 inde

173 951 298 977 virtutem
313 950 424 977 hauriat.
439 950 499 978 Ideo
514 950 637 985 reliquias
647 955 799 976 sanctorum
813 949 889 977 nobis
901 956 965 976 con-

173 996 253 1022 cessit
268 995 353 1027 Deus,
371 995 464 1022 volens
487 1003 535 1022 nos
559 995 591 1022 ad
605 995 728 1022 eumdem
743 995 828 1022 zelum
845 1002 893 1030 per
907 995 964 1022 illos

173 1040 321 1074 adduCcre,
338 1045 365 1068 et
380 1041 455 1068 nobis
468 1042 543 1076 quasi
562 1046 666 1076 portum
682 1041 800 1076 prmbere
819 1046 845 1068 et
860 1041 964 1068 ﬁrmum

174 1085 297 1113 solatium
309 1086 437 1113 malorum
447 1094 505 1120 qua:
520 1093 568 1113 nos
580 1086 686 1114 assidue
698 1086 855 1121 corripiunt.
868 1086 965 1119 Quam-

174 1131 265 1158 obrem
281 1139 328 1158 vos
340 1139 433 1158 omnes
445 1131 580 1163 cohortor.
602 1130 698 1158 fratres
708 1152 715 1164 ,
732 1131 754 1158 si
767 1132 826 1166 quis
848 1135 964 1158 vestrum

174 1176 330 1211 :egritudine
343 1176 434 1210 animi,
448 1176 487 1203 vel
503 1177 621 1212 corporis
634 1177 737 1210 morbo,
753 1177 793 1204 vel
808 1178 901 1212 quavis
914 1178 963 1204 alia

176 1222 325 1250 calamitate
339 1226 384 1249 aut
394 1228 563 1258 peccatorum
574 1223 644 1251 mole
653 1224 791 1258 premitur,
806 1229 836 1250 ut
844 1231 903 1250 cum
914 1223 965 1251 ﬁde

176 1268 227 1295 huc
235 1268 360 1300 accedat;
374 1273 401 1296 et
412 1269 445 1296 ab
457 1269 508 1296 illis
518 1270 640 1297 omnibus
649 1270 786 1302 liberatus,
796 1277 890 1305 magna
904 1277 964 1297 cum

173 1313 264 1341 laetitia
278 1318 441 1349 revertetur,
455 1318 483 1343 et
498 1320 607 1350 aspectu
620 1315 678 1343 solo
690 1315 878 1344 conscientiam
891 1319 961 1343 tran-

536 114 565 141 S.
584 110 722 141 JOANNIS
732 112 967 141 CHRYSOSTOMI
987 111 1146 139 ARCHIEP.
1166 111 1429 145 CONSTANTINOP.

1750 112 1802 141 590

1012 166 1162 202 quilliorem
1174 168 1328 202 reportabit.
1341 167 1410 201 Quin
1425 168 1505 195 etiam
1514 167 1639 203 expedit,
1653 171 1683 196 ut
1697 175 1750 196 non
1760 176 1806 195 so-

1012 212 1067 240 lum
1081 213 1115 245 ii,
1129 214 1174 249 qui
1182 214 1308 241 arumnis
1321 214 1408 242 aﬂ‘eeti
1421 219 1495 246 sunt,
1507 214 1559 242 huc
1571 222 1631 242 sese
1643 213 1782 243 conferant
1795 235 1804 246 ,

1013 260 1059 287 sed
1074 259 1110 288 illi
1122 261 1201 288 etiam
1211 281 1218 293 ,
1234 261 1279 296 qui
1293 265 1321 288 et
1341 261 1422 288 animi
1434 261 1524 296 quiete
1534 282 1541 294 ,
1555 266 1580 288 et
1595 261 1679 296 gloria
1690 281 1697 294 ,
1716 266 1744 289 et
1758 268 1805 295 po-

1014 305 1094 332 tentia
1103 326 1112 338 ,
1123 310 1150 333 et
1161 313 1254 341 magna
1265 306 1333 341 apud
1347 306 1429 333 Deum
1441 306 1535 334 ﬁducia
1548 306 1729 341 perfruuntur,
1739 306 1806 343 hanc

1015 351 1155 378 utilitatem
1180 359 1232 378 non
1253 352 1396 387 negligant.
1424 352 1474 386 Qui
1498 352 1568 380 enim
1592 352 1644 379 huc
1658 352 1762 379 accedit
1779 356 1808 379 et

1014 402 1135 425 sanctum
1147 398 1235 430 \‘idet,
1248 399 1316 426 bona
1329 398 1386 426 haec
1395 398 1495 426 efﬁciet
1504 398 1640 425 stabiliora
1650 418 1657 429 ,
1670 403 1697 425 et
1706 405 1807 425 memo-

1015 443 1053 469 ria
1068 448 1141 470 recte
1164 443 1294 470 factorum
1310 443 1368 478 ejus
1380 444 1497 471 animum
1511 451 1588 471 suum
1603 443 1698 470 reddet
1712 443 1805 471 mode-

1015 491 1141 516 ratiorem
1153 509 1161 522 ,
1177 496 1227 516 nec
1237 489 1428 517 conscientiam
1447 497 1523 516 suam
1536 489 1614 516 bonis
1628 488 1756 524 operibus
1766 488 1806 516 ei-

1016 535 1079 562 ferri
1103 540 1183 570 atque
1202 536 1381 563 intumescere
1405 536 1530 571 patietur.
1556 535 1614 563 Non
1631 535 1704 570 parvi
1718 539 1806 564 autem

1015 583 1142 610 momenti
1163 575 1222 615 est,
1248 590 1295 609 eos
1307 603 1314 615 ,
1330 582 1427 617 quibus
1442 590 1576 617 prosperae
1589 586 1669 617 atque
1683 581 1808 609 secundat

1014 637 1060 657 res
1079 628 1173 660 ﬂuunt,
1196 636 1242 657 eas
1262 628 1332 656 ferre
1352 629 1506 660 moderate,
1518 633 1546 655 et
1559 628 1692 663 superbia:
1704 632 1807 654 tumore

1016 683 1069 703 non
1087 675 1188 703 extolli.
1202 675 1276 703 Utilis
1292 675 1371 710 igitur
1383 675 1486 703 cunctis
1501 674 1542 701 hic
1556 674 1697 701 thesaurus
1711 678 1767 705 est,
1781 678 1807 701 et

1015 722 1146 757 refugium
1167 727 1361 756 opportumun,
1384 727 1436 748 tam
1460 722 1492 748 iis
1507 723 1550 756 qui
1572 721 1639 755 lapsi
1661 725 1739 752 sunt,
1754 723 1806 747 uta

1017 768 1207 797 tentatiouibus
1217 768 1379 799 liberentur,
1394 775 1472 802 quam
1485 767 1516 793 iis
1528 767 1571 801 qui
1586 772 1713 801 prospere
1728 772 1760 793 ac
1772 766 1808 793 fe-

1016 814 1103 841 liciter
1117 813 1225 848 degunt,
1239 817 1269 840 ut
1279 813 1324 840 diu
1339 812 1460 840 fruantur
1473 811 1567 844 bonis;
1583 811 1635 839 illis
1647 812 1693 846 qui
1709 811 1807 839 morbis

1016 860 1136 887 laborant
1150 879 1158 893 ,
1172 863 1200 886 ut
1213 859 1309 886 bonam
1331 858 1507 886 valetudinem
1526 862 1741 892 consequantur;
1758 857 1807 883 illis

1016 905 1060 940 qui
1075 905 1214 932 commoda
1227 905 1344 940 gaudent
1357 903 1524 935 valetudine,
1536 911 1570 930 ne
1584 903 1610 930 in
1625 903 1749 929 morbum
1762 902 1809 928 ali-

1016 960 1095 986 quem
1109 952 1254 979 incurrant.
1274 951 1338 985 Qua:
1361 951 1467 985 quidem
1482 950 1570 977 omnia
1589 948 1806 979 considerantes,

1018 998 1090 1025 omni
1101 997 1197 1032 gaudio
1209 1002 1288 1032 atque
1300 996 1427 1031 voluptati
1435 1003 1540 1024 sacrum
1551 996 1621 1023 hunc
1631 995 1718 1022 locum
1732 999 1806 1021 ante-

1016 1051 1146 1080 ponamus
1156 1064 1164 1075 ,
1181 1048 1209 1070 ut
1222 1043 1320 1071 laetitiae
1332 1047 1360 1070 et
1373 1043 1438 1070 lucri
1453 1047 1608 1074 consortes,
1625 1041 1679 1068 illic
1702 1044 1807 1067 sancto-

1017 1098 1076 1118 rum
1088 1090 1295 1118 contubernales
1316 1095 1343 1117 et
1357 1089 1422 1117 socii
1437 1096 1498 1117 esse
1507 1089 1660 1121 valeamus,
1684 1087 1807 1122 precibus

1017 1136 1134 1170 ipsorum
1150 1141 1302 1163 sanctorum
1313 1156 1320 1169 ,
1333 1139 1361 1162 et
1371 1135 1455 1170 gratia
1471 1142 1502 1162 ac
1523 1134 1686 1169 benignitate
1706 1132 1804 1160 Domini

1018 1181 1102 1209 nostri
1115 1181 1179 1210 Jesu
1190 1181 1304 1215 Christi,
1320 1188 1380 1208 cum
1397 1188 1449 1216 quo
1463 1180 1534 1208 Patri
1548 1179 1631 1215 gloria
1641 1199 1650 1212 ,
1663 1183 1805 1213 sanctoque

1017 1226 1145 1262 Spiritui,
1162 1235 1232 1256 nunc
1251 1231 1277 1255 et
1290 1234 1412 1263 semper,
1435 1230 1462 1254 et
1484 1226 1510 1254 in
1525 1226 1622 1253 saecula
1637 1225 1803 1253 suillorum.

1018 1274 1112 1302 Amen.
