1967 3125
217 190 269 217 59³1
565 187 594 216 8.
612 188 756 216 JOANNIS
777 188 1023 217 CHRYSOSTOMI
1042 187 1201 216 ARCHIEP.
1223 174 1494 216 CONSTA‘NTIXOP.
1788 186 1836 213 598

216 240 1836 258 mm

610 319 661 350 AD
693 318 883 349 HOMILIAM
909 318 949 348 IN
976 317 1151 347 SANCTUM
1178 317 1420 347 EUSTATHIUM
1434 340 1442 353 ,

252 396 338 431 Hujus
352 396 379 422 in
397 394 424 422 S.
441 394 609 422 Eustathium
622 394 670 422 abs
689 401 719 421 se
734 393 834 420 habita
859 392 1001 420 concionis
1017 392 1139 419 meminit
1155 390 1365 427 Chrysostomus
1389 398 1516 418 sermone
1530 390 1542 417 l
1562 390 1595 418 de
1608 390 1698 418 verbis
1713 390 1838 431 deremia

218 453 293 472 nunt.
310 445 336 474 1,
359 443 401 471 his
417 443 507 470 verbis
522 452 528 458 ·
547 442 690 478 Propterea
705 450 786 477 nuper
801 450 858 469 cum
875 441 908 468 de
920 440 1001 468 Petro
1014 445 1038 468 et
1051 440 1139 467 Paulo
1149 441 1373 471 disseruissemus,
1387 440 1454 466 etde
1468 444 1558 466 exorta
1574 440 1642 466 inter
1661 439 1730 473 ipsos
1746 439 1838 466 Antio-

216 490 281 518 chia
297 489 482 520 controversia,
498 496 663 523 pugnamque
680 488 765 519 illam,
776 496 835 523 qua;
848 488 916 513 inter
927 495 970 513 eos
983 494 1039 513 esse
1052 486 1198 518 uidebatur,
1212 493 1276 519 pace
1288 487 1383 520 quavis
1397 486 1529 512 utiliorem
1540 486 1610 512 vobis
1623 485 1837 518 ostendusemus,

215 543 324 569 tumque
341 536 374 560 ad
391 539 552 568 prmruptam
568 539 593 560 et
615 542 734 568 asperam
754 542 798 560 vos
821 533 895 560 illam
911 534 981 559 viam
1001 532 1222 559 deduxissent”:
1243 533 1365 567 quoniam
1390 533 1546 568 defatigatus
1563 533 1687 562 uidimus.
1708 531 1743 558 ad
1767 530 1839 557 aliud

215 587 395 616 argumentum
412 589 455 608 vo:
468 581 647 612 (reduximus,
662 581 724 606 dum
741 580 810 607 beati
824 579 959 607 Eustathii
973 581 1110 614 praeconia
1127 588 1246 607 sermone
1257 580 1384 612 complexi
1401 588 1504 610 sumus,
1517 584 1541 606 et
1560 579 1703 614 pastillum
1722 579 1838 614 generosi

216 629 339 661 martyris
355 627 466 654 Romani
479 627 570 654 laudes
586 627 763 661 percurrimus
781 635 839 653 cum
854 627 988 654 illustrius
1004 627 1079 654 nobis
1097 627 1200 661 factum
1218 631 1256 653 est
1275 627 1417 659 theatrum,
1436 627 1550 661 amplior
1565 626 1719 660 applausua,
1738 634 1769 652 ac
1783 633 1839 651 mtt-

211 675 258 710 jor
276 676 400 710 strepitus
415 675 632 702 ucclamantium.
648 673 789 702 Praecessit
802 674 882 709 igitur
897 675 968 702 hanc
987 675 1014 702 in
1046 674 1219 702 Eustathium
1237 673 1379 701 homiliam
1396 674 1513 701 celebris
1535 673 1580 700 illa
1596 673 1629 700 de
1650 671 1837 700 controversia

214 720 283 748 inter
304 720 416 748 Paulum
430 724 456 746 et
470 719 577 747 Petrum
590 729 597 747 :
610 720 732 747 eamdem
747 719 823 756 [602]
837 728 901 748 vero
915 721 942 748 in
956 721 1128 748 Eustathium
1141 724 1236 748 secuta
1247 725 1288 747 est
1301 720 1412 747 homilia
1428 720 1454 746 in
1469 720 1498 747 S.
1512 719 1665 746 Romanum
1678 721 1837 753 martyrem,

215 774 298 802 quam
315 765 512 800 Chrysostomo
527 765 657 793 suadente
676 766 739 793 huic
755 766 955 801 subjungimus.
970 765 1016 794 Ha:
1030 774 1112 802 porro
1126 773 1222 794 omnes
1239 766 1390 794 conciones
1402 765 1554 793 Antiochia
1569 764 1670 792 habitae
1683 768 1770 792 sunt:
1783 771 1835 798 quo

216 818 306 840 autem
319 820 391 840 anno
406 813 556 847 ignoratur.

253 858 292 885 De
315 858 457 886 Eustathio
479 858 649 885 Antiocheno
669 858 800 893 praesule,
818 858 864 893 qui
881 865 931 894 pro
951 858 1083 886 catholica
1101 859 1152 886 ﬁde
1173 858 1257 885 multa
1274 865 1417 893 perpessus
1439 860 1465 884 et
1486 857 1514 884 in
1531 857 1657 884 exsilium
1673 855 1771 891 pulsus
1784 858 1835 887 est,

220 911 305 939 pauca
321 903 436 931 dicenda
454 908 528 931 sunt.
544 903 593 931 Hic
607 903 706 931 ardens
721 904 812 931 studio
828 912 897 931 verat
912 905 1045 932 doctrinae
1058 905 1262 940 promovendis,
1274 903 1444 937 infestusque
1456 903 1577 936 Arianis,
1593 910 1661 938 quos
1674 902 1837 930 interclusos

216 950 346 977 societate
359 953 387 976 et
397 949 589 977 communione
606 957 655 977 sua
667 950 798 982 edixerat,
811 950 836 977 in
851 950 943 977 odium
958 950 1144 985 invidiamque
1159 949 1267 978 Eusebii
1282 949 1498 977 Nicomediensis
1510 949 1628 984 episcopi
1643 949 1836 982 sociorumque

218 998 381 1024 Arianorum
402 997 525 1023 incurrit.
545 997 585 1024 Ad
602 997 659 1024 haec
675 997 760 1024 multa
786 1002 880 1024 contra
901 997 1019 1024 Arianos
1035 1005 1118 1032 opera
1130 997 1156 1024 in
1178 997 1265 1024 lucem
1282 997 1383 1029 emisit,
1404 1004 1519 1031 quorum
1533 996 1635 1023 mentio
1649 995 1720 1030 apud
1733 994 1836 1022 Hiero-

216 1051 327 1079 nymum
343 1046 370 1070 et
387 1042 597 1070 Theodoretum.
624 1043 692 1069 (tum
716 1043 836 1071 Eusebio
853 1044 915 1071 item
941 1044 1101 1072 Catsariensi
1129 1044 1190 1071 iniit
1214 1044 1441 1075 controversiam,
1458 1051 1576 1078 eumque
1591 1047 1621 1070 ut
1637 1042 1756 1070 Nicaeum
1775 1041 1834 1069 lidei

217 1088 354 1117 infensum
369 1089 478 1123 scriptis
495 1089 554 1116 suis
566 1089 722 1124 exagitavit.
738 1089 784 1116 llle
808 1094 903 1117 contra
919 1090 1090 1117 Eustathium
1110 1097 1188 1117 reum
1202 1090 1257 1125 egit
1275 1089 1437 1116 Sabellianat
1450 1088 1598 1124 opinionis,
1614 1087 1689 1122 quod
1703 1086 1835 1114 Sabellia-

214 1135 294 1163 nismi
307 1135 409 1162 crimen
423 1135 542 1162 solemne
555 1135 665 1163 Arianis
677 1141 736 1164 erat
756 1137 789 1164 iis
802 1136 910 1169 olferre,
921 1138 966 1172 qui
984 1137 1113 1164 Ariannm
1132 1137 1247 1164 haat'esin
1266 1137 1363 1164 infesti
1379 1140 1576 1171 oppugnarent.
1592 1134 1686 1169 Neque
1701 1134 1730 1161 in
1747 1133 1834 1160 Euse-

217 1182 290 1210 bium
311 1187 415 1212 tantum
443 1186 613 1220 Eustathius,
639 1186 685 1214 sed
703 1187 784 1214 etiam
809 1187 834 1213 in
862 1186 1050 1222 Patrophilum
1068 1186 1336 1222 Scythopolitanum,
1356 1190 1382 1212 et
1397 1185 1540 1212 Paulinum
1564 1183 1678 1219 Tyrium
1702 1181 1835 1210 acerrime

214 1229 402 1258 inVeliebatur.’
418 1230 465 1259 His
480 1233 587 1259 accensi
603 1233 724 1260 veritatis
739 1233 829 1260 hostes
845 1233 904 1259 viro
926 1233 1038 1260 insidias
1057 1237 1154 1268 parant
1171 1237 1197 1259 et
1213 1232 1329 1258 crimina
1352 1231 1610 1258 comminiscuntur.
1628 1229 1686 1257 Non
1707 1227 1836 1256 convenit

212 1274 283 1304 inter
298 1276 445 1311 scriptores
460 1285 514 1312 quo
528 1278 671 1306 calumniae
690 1287 788 1314 genere
808 1279 863 1306 sint
885 1279 928 1306 usi
954 1278 1090 1306 Eustathii
1113 1278 1273 1306 adversarii.
1295 1278 1340 1305 Ait
1355 1277 1531 1309 Athanasius,
1552 1275 1624 1311 apud
1638 1275 1833 1310 Imperatorem

217 1323 425 1352 Constantinum
441 1325 565 1360 Magnum
579 1332 738 1354 accusatum
752 1326 923 1355 Enstathium
937 1327 1063 1362 irrogata:
1076 1327 1156 1354 matri
1170 1326 1258 1361 ipsius
1276 1325 1460 1357 contumeliaz,
1476 1324 1549 1352 nulla
1570 1324 1729 1358 interposita
1755 1330 1834 1350 mora

215 1369 242 1396 in
262 1369 388 1397 exsilium
414 1375 503 1400 actum
522 1371 606 1400 fuisse
631 1380 694 1401 cum
712 1381 808 1409 magna
825 1375 1013 1402 comitantium
1033 1375 1251 1410 presbyterorum
1270 1379 1297 1402 et
1312 1374 1489 1401 diaconorum
1515 1372 1680 1406 frequentia.
1705 1370 1835 1398 Socrates

215 1419 345 1444 autemet
368 1416 536 1446 Sozomenus
557 1424 678 1452 narrant,
700 1421 763 1448 odio
785 1421 930 1456 ﬂagrantes
955 1422 1123 1450 Eusebianos
1148 1422 1320 1449 Eustathium
1338 1421 1364 1448 in
1389 1421 1499 1457 Synodo
1522 1419 1673 1447 Antiochiae
1693 1419 1831 1447 celebrata

216 1463 368 1496 abdicasse,
388 1473 449 1493 cum
470 1466 682 1501 Sabellianismi,
700 1474 756 1496 tum
769 1470 839 1497 alius
859 1471 981 1498 criminis
998 1479 1049 1498 non
1072 1471 1241 1498 memorandi
1259 1478 1351 1498 causa.
1371 1469 1470 1497 Verum
1489 1468 1562 1504 quod
1589 1469 1655 1495 illud
1679 1467 1763 1494 fuerit
1778 1468 1833 1494 cri-

219 1515 290 1541 men,
304 1509 391 1544 aperit
409 1509 606 1544 Theodoretus,
620 1512 766 1541 Eusebium
785 1516 887 1542 scilicet
902 1515 1146 1549 Nicomedienscm,
1161 1516 1239 1551 quasi
1254 1516 1326 1543 aliud
1345 1521 1477 1550 agentem,
1491 1522 1553 1541 cum
1569 1514 1650 1541 sociis
1665 1521 1720 1540 non
1736 1513 1834 1548 paucis

218 1553 389 1582 Antiochiam
405 1556 524 1589 venisse,
541 1562 567 1584 et
583 1559 617 1586 ab
636 1559 775 1587 Enstathio
787 1560 902 1587 comiter
917 1566 1057 1595 exceptum
1079 1561 1175 1589 fuisse.
1196 1561 1242 1593 lbi.
1256 1561 1344 1595 inquit
1364 1561 1418 1592 illc,
1432 1561 1567 1587 conducta
1586 1559 1758 1592 muliercula,
1771 1566 1834 1594 quae

213 1600 337 1634 corporis
359 1601 561 1634 pulchritudine
573 1610 705 1639 quaestum
731 1606 863 1637 faciebat,
887 1611 1011 1634 auctores
1033 1606 1084 1640 ipsi
1105 1612 1178 1638 sunt,
1195 1612 1224 1633 ut
1251 1607 1289 1634 rei
1313 1614 1405 1633 secum
1424 1606 1523 1633 habitae
1539 1610 1665 1633 sanctum
1682 1606 1827 1639 praesulem

217 1651 336 1673 accuset.
350 1646 377 1673 ln
400 1652 498 1675 emtum
516 1649 672 1678 intromissa
687 1651 793 1681 mulier,
814 1651 943 1679 infantem
957 1652 1085 1680 uberibus
1098 1653 1236 1679 admotum
1249 1652 1406 1684 ostendens,
1428 1652 1503 1678 illum
1520 1659 1549 1678 se
1564 1659 1597 1678 ex
1609 1650 1743 1678 Enstathii
1759 1651 1832 1678 coitu

217 1694 353 1728 peperisse
363 1695 487 1723 allirmat.
505 1696 664 1725 Eustathius
675 1707 751 1729 vero.
766 1707 818 1726 non
834 1700 943 1735 ignarus
959 1701 1080 1728 conﬂata:
1093 1701 1119 1727 in
1137 1709 1165 1728 se
1182 1700 1407 1735 conspirationis,
1424 1699 1564 1727 mulierem
1579 1700 1601 1726 si
1621 1707 1700 1734 quem
1722 1699 1834 1727 haberet

220 1740 376 1774 huiusmodi
391 1742 520 1771 facinoris
535 1748 631 1772 testem
650 1746 677 1773 in
694 1747 810 1773 medium
825 1747 946 1782 proferre
965 1748 1059 1782 jubet;
1076 1756 1192 1783 cumque
1208 1749 1342 1776 neminem
1361 1748 1404 1774 illa
1422 1748 1543 1782 proferre
1555 1752 1659 1782 posset.
1675 1748 1727 1782 iPSi
1741 1748 1833 1782 ῙυΞῙυ-

216 1786 330 1814 randum
352 1787 495 1816 Eusebiani
516 1790 645 1818 detulere.
669 1791 774 1819 Juravit
790 1793 834 1820 illa
859 1793 988 1821 infantem
1012 1793 1146 1821 Eustathii
1164 1802 1243 1827 esse;
1267 1795 1414 1829 statimque
1430 1794 1535 1828 jndices
1558 1793 1725 1828 iniquissimi
1741 1794 1829 1820 virum

216 1834 347 1861 damnant
363 1840 393 1862 ut
408 1836 556 1869 mcechum,
580 1837 791 1866 reclamantibus
814 1839 876 1866 licet
892 1841 998 1868 caeteris
1012 1841 1146 1875 episcopis
1159 1842 1204 1875 qui
1228 1849 1261 1867 eo
1281 1841 1332 1868 loci
1353 1845 1545 1873 convenerant,
1561 1841 1618 1868 veri
1640 1840 1782 1867 tenacibus
1801 1845 1830 1867 ct

219 1881 288 1916 frugi
304 1883 469 1916 hominibus,
484 1885 530 1919 qui
545 1884 687 1913 Enstathio
701 1891 825 1914 auctores
845 1893 923 1914 erant
939 1893 968 1914 ut
985 1896 1018 1915 ne
1034 1888 1134 1923 iniqua:
1158 1889 1298 1916 sententia:
1314 1890 1506 1923 acquiesceret.
1526 1888 1601 1916 Hanc
1613 1889 1678 1915 item
1694 1888 1824 1915 crimina-

213 1930 314 1958 tionem
334 1937 530 1971 commemorat
546 1932 726 1968 ilieronymus
747 1934 859 1970 Apolog.
875 1935 893 1962 2
915 1935 1046 1964 adversus
1063 1936 1201 1964 Ruﬁnum.
1217 1947 1226 1962 ι
1249 1937 1318 1969 Ista),
1337 1937 1435 1972 inquit,
1458 1937 1591 1964 machinae
1617 1935 1824 1966 Haereticorum,

214 1975 240 2005 id
254 1981 305 2010 est,
321 1979 513 2013 magistrorum
532 1984 638 2008 tuorum
654 1986 728 2014 sunt,
746 1987 774 2009 ut
790 1983 906 2010 convicti
922 1984 955 2011 de
966 1984 1089 2018 perﬁdia,
1107 1985 1139 2012 ad
1158 1985 1302 2012 maledicta
1316 1993 1345 2013 se
1361 1985 1514 2012 conferant.
1531 1984 1576 2012 Sic
1590 1984 1750 2011 Eustathius
1765 1984 1823 2017 epi-

213 2030 311 2058 st'opus
326 2025 406 2058 filias,
418 2026 482 2054 dum
500 2029 596 2060 nescit,
611 2029 722 2057 invenit.
745 2039 755 2054 ι

734 2070 1821 2083 ___————-—————————.

871 2166 1160 2210 ΕΓΚΩΜΙΟΝ

325 2260 338 2275 ⁸
357 2255 406 2286 Εἰς
425 2254 478 2280 τὸν
498 2255 531 2281 ἐν
542 2255 636 2288 ἁγίοις
649 2256 730 2289 atare",
741 2264 759 2281 (ι
779 2255 859 2290 ἡμῶν
876 2256 1042 2283 Εὑστάθιον
1056 2255 1292 2290 ἀρχιεπίσκοπον
1312 2256 1487 2290 Ἀντιοχείας
1500 2254 1553 2288 τῆς
1567 2254 1711 2289 μεγάλης.

1015 2346 1048 2353 ..-

255 2421 288 2443 α’.
299 2416 382 2450 Σοφός
391 2425 431 2447 τις
441 2417 510 2452 ἀνὴρ
518 2418 565 2444 καὶ
575 2418 727 2453 φιλοσοφεῖν
735 2419 822 2450 εἰδὼς,
830 2418 883 2445 τῶν
894 2419 998 2454 ἀνθρωο

220 2459 304 2486 πίνων
317 2458 485 2493 πραγμάτων
507 2460 555 2494 τὴν
572 2460 652 2494 φύσιν
668 2461 736 2496 μετὰ
756 2460 898 2495 ἀκριϐείας
915 2470 998 2488 κατα-

221 2500 324 2535 μαθὼν,
344 2500 390 2527 καὶ
403 2500 528 2534 ἐπιγνοὺς
544 2502 632 2528 αὐτῶν
651 2503 700 2536 τὴν
723 2503 883 2537 σαορὸτητα,
898 2503 944 2528 καὶ
961 2503 998 2534 ὼς

218 2540 292 2569 οὐδὲν
314 2541 368 2575 ἔχει
386 2541 488 2572 πιστὸν,
517 2542 576 2568 οὐδὲ
589 2540 603 2560 δ
627 2543 733 2578 βέῦαιον
746 2563 753 2574 ,
780 2545 905 2580 παραινεί
922 2546 995 2580 κοινῇ

219 2583 301 2610 πᾶσιν
321 2583 472 2618 ἀνθρώποις
487 2584 540 2619 πρὸ
559 2584 686 2619 τελευτῆς
709 2585 746 2620 μὴ
773 2586 931 2620 μακαρίζειν
947 2595 998 2621 μη-

217 2623 290 2652 δένα.
313 2624 416 2651 Οὐκοῦν
431 2625 524 2660 ἐπειδὴ
546 2625 737 2661 τετελεύτηκεν
760 2627 774 2653 ὁ
795 2628 927 2662 μακάριος
946 2628 998 2654 Εὑ-

217 2665 334 2696 στάθιος,
353 2665 421 2701 μετὰ
439 2665 528 2697 ἀδείας
542 2666 623 2693 αὐτὸν
637 2667 745 2703 ἁπάσης
761 2668 930 2703 ὲγκωμιάςαι
943 2669 998 2695 λοι-

216 2706 266 2733 πὸν
282 2706 428 2742 δυνάμεθαι
445 2707 531 2742 εἱγὰρ
543 2708 594 2742 πρὸ
608 2708 736 2743 τελευτῆς
743 2710 772 2736 οὺ
785 2709 825 2735 δεῖ
839 2710 998 2745 μακαρίζειν

214 2747 320 2779 οὐδένα,
340 2748 409 2782 μετὰ
422 2748 470 2783 τὴν
485 2749 611 2784 τελευτὴν
625 2749 770 2781 ἀνεύθυνος
786 2751 831 2777 ἐπὶ
846 2751 899 2777 τῶν
916 2751 998 2784 ἀξίων

215 2788 229 2814 ὁ
247 2789 421 2824 μακαρισμὸς
434 2789 528 2823 γένοιτ’
544 2789 586 2817 ἄν.
600 2791 652 2817 Καὶ
667 2791 720 2826 γὰρ
732 2792 854 2826 παρῆλθε
864 2793 909 2819 τὸν
923 2793 997 2828 εὔρι-

218 2837 265 2854 πον
279 2829 332 2855 τῶν
349 2830 482 2864 βιωτικῶν
498 2832 677 2866 πραγμάτων,
694 2833 838 2869 ἀπηλλάγη
850 2834 899 2868 τῆς
910 2842 995 2869 ταρα-

219 2870 266 2902 (ἧς
274 2870 327 2896 τῶν
337 2872 475 2906 κυμάτων.
487 2873 553 2908 πρὸς
561 2874 606 2900 τὸν
614 2873 699 2900 εὖδιον
717 2875 765 2901 καὶ
782 2876 917 2910 ἀτάραχον
928 2884 993 2903 κατ’

249 2921 259 2954 ῗ
273 2921 345 2954 3""-
356 2922 427 2954 titulo
436 2922 501 2947 add“
512 2924 550 2946 καὶ
563 2924 594 2951 tl:
611 2925 654 2951 τὴν
663 2926 767 2953 σπουδὴν
777 2927 824 2949 τῶν
834 2926 990 2952 εἰσελθόντων.

248 2950 263 2977 5.
275 2950 340 2976 L'nul
354 2951 414 2981 Reg.
430 2956 455 2978 et
465 2953 538 2979 Savil.
550 2954 575 2978 in
585 2950 661 2983 marg.
676 2956 723 2984 ἐγει
735 2950 838 2984 σέιόόὸυ.
852 2958 914 2982 οὐδέ.

1048 2420 1161 2447 ἐπλευσε
1181 2419 1294 2454 λιμένα,
1312 2419 1361 2454 οὐχ
1385 2417 1527 2445 ὑπόκειται
1553 2420 1589 2454 τῇ
1616 2418 1663 2446 τοῦ
1691 2417 1832 2454 μέλλοντος

1048 2462 1180 2497 ἀδηλίαε,
1196 2461 1255 2486 οὺδέ
1279 2462 1352 2487 ἐστιν
1380 2459 1530 2491 ὑπεύθυνος
1558 2457 1744 2491 καταπτώσει,”
1762 2459 1832 2486 ἀλλὰ

1048 2503 1172 2538 καθάπερ
1189 2503 1234 2528 ἐπὶ
1249 2502 1350 2538 πέτρας
1369 2501 1441 2533 τινὸς
1460 2503 1507 2528 καὶ
1523 2502 1624 2537 ὑψηλοῦ
1638 2501 1765 2528 σκοπέλου
1781 2501 1834 2527 νῦν

1049 2544 1133 2575 ἑστὼς
1155 2544 1291 2578 καταγελᾷ
1318 2543 1372 2570 τῶν
1398 2544 1528 2578 κυμάτων
1555 2544 1692 2570 ἁπάντων.
1725 2543 1836 2569 Οὐκοῦν

1048 2585 1169 2620 ἀσφαλὴς
1183 2586 1196 2611 ὁ
1219 2584 1402 2621 μακαρισμὸς,
1420 2585 1603 2620 ἀνεπίληπτον
1621 2586 1652 2610 τὸ
1672 2585 1810 2619 ἐγκώμιον
1824 2594 1834 2602 ·

1046 2626 1075 2652 οὺ
1091 2628 1144 2661 γὰρ
1159 2626 1260 2652 δέδοικε
1282 2625 1443 2661 μεταῧολὴν.
1457 2626 1506 2660 οὐχ
1520 2626 1668 2652 ὑποπτεύει
1685 2626 1835 2660 μετάτπω-

1047 2676 1098 2694 σιν.
1119 2667 1212 2702 Ἡμεῖς
1235 2667 1284 2701 μὲν
1303 2666 1358 2702 γὰρ
1373 2668 1398 2693 oi
1423 2667 1463 2693 ἔτι
1483 2667 1600 2699 ζῶντες,
1618 2667 1741 2701 καθάπερ
1760 2669 1784 2693 ot
1802 2669 1834 2693 ἐν

1047 2710 1120 2744 μέσῳ
1137 2709 1249 2742 πελάγει
1264 2708 1434 2740 σαλεύοντες,
1454 2708 1565 2740 πολλαῖς
1586 2709 1755 2744 ὑποκείμεθα
1769 2710 1835 2740 ταῖς

1047 2751 1217 2787 μεταϐολαῖς·
1238 2751 1284 2777 καὶ
1309 2750 1434 2786 καθάπερ
1456 2752 1555 2778 ἐκεῖνοι
1569 2751 1617 2778 νῦν
1637 2752 1686 2786 μὲν
1703 2752 1742 2781 εἰς
1763 2751 1835 2784 ὕψος

1046 2795 1167 2828 αἴρονται
1183 2792 1236 2819 Ιτῶν
1261 2792 1389 2826 κυμάτων
1413 2792 1637 2827 κορυφουμὲνων.
1659 2792 1704 2819 νῦν
1717 2791 1745 2817 δὲ
1761 2792 1833 2826 πρὸς

1048 2835 1128 2861 αὐτὸν
1149 2833 1347 2869 καταφέρονται
1374 2833 1419 2860 τὸν
1443 2833 1540 2868 βυθόν·
1562 2833 1620 2859 ἀλλ’
1637 2832 1697 2859 οὔτε
1712 2833 1742 2858 τὸ
1762 2832 1843 2869 ideo

1048 2876 1167 2911 ἀσφαλὲς
1178 2895 1186 2907 ,
1203 2875 1264 2902 οὔτε
1279 2876 1296 2911 ἡ
1310 2875 1472 2906 ταπείνωσις
1498 2874 1611 2910 μόνιμος
1624 2884 1630 2891 ·
1652 2875 1752 2902 ὑδάτων
1774 2874 1843 2909 γάρ

1078 2926 1089 2941 ε
1101 2925 1168 2949 Unus
1178 2931 1222 2950 ms.
1234 2926 1262 2956 τῇ
1275 2923 1316 2948 τοῦ
1327 2924 1449 2955 μέλλοντος
1459 2923 1542 2955 δειλίᾳ.
