1967 3125
123 147 173 175 597
627 145 659 172 I.\'
682 147 710 173 S.
732 146 962 174 EI'S'I'A'I'HIUM'
991 145 1252 174 ANTIOCIIENUM‘.
1706 145 1758 173 598

891 200 1745 214 ΞΜ.

141 202 872 215 mm:

552 277 766 307 EPiSCOPUM
790 276 1079 313 ANTIOCHENUM,
1107 276 1325 306 ADMONITIO.

159 349 223 378 Haec
234 349 426 378 Theodoretus
442 353 469 377 et
482 348 665 385 Hieronymus
678 358 685 376 :
702 353 730 376 at
743 357 792 384 per
807 349 873 375 mihi
888 349 988 376 mirum
1001 348 1109 376 videtur
1124 348 1194 375 hanc
1207 353 1261 375 tam
1278 352 1398 376 atrocem
1416 349 1442 376 in
1453 348 1570 377 amicum
1582 353 1610 376 et
1622 346 1753 384 aequalem

127 404 208 424 suum
226 396 385 432 episcopum
400 396 517 423 oblatam
532 395 695 423 calumniam
710 395 744 422 ab
765 394 918 421 Athanasio
933 394 1029 422 taceri.
1046 393 1084 421 Ex
1104 394 1246 421 Athanasii
1270 399 1345 422 certe
1364 395 1473 422 silentio
1485 395 1609 422 nonnihil
1630 394 1747 423 fortasse

125 446 257 470 nascatur
271 447 367 470 contra
381 443 452 470 hanc
466 442 607 469 historiam
620 441 795 477 suspicionis.
815 441 925 476 quando
942 441 1116 476 potissimum
1132 440 1270 468 cernimus
1285 441 1430 476 plerosque
1445 441 1524 469 istius
1539 442 1589 469 aevi
1605 442 1751 477 scriptores

126 487 243 515 libenter
255 488 354 516 atl‘erre
373 489 597 516 muliercularum
614 487 756 520 historias,
772 493 887 522 quarum
905 487 1044 514 nonnullae
1059 486 1117 521 pari
1137 486 1294 522 suspicione
1309 487 1450 520 laborant;
1465 487 1555 522 qualis
1571 491 1613 515 est
1625 487 1669 514 illa
1689 494 1749 513 mu-

121 534 244 562 lierculaa
260 534 287 562 in
302 533 413 570 Synodo
421 535 502 570 Tyria
518 533 699 561 Athanasium
712 533 780 560 illati
793 533 880 568 stupri
892 534 1059 566 accusantis,
1071 541 1152 568 quam
1161 532 1185 559 si
1199 540 1253 560 non
1269 539 1361 568 aperte
1376 533 1485 566 falsam,
1498 533 1646 561 admodum
1658 533 1751 559 saltem

124 585 285 615 suspectam
297 581 466 609 ostendimus
478 581 504 608 in
523 580 813 608 Animadversionibus
830 579 864 607 ad
877 580 960 606 vitam
973 583 1000 606 et
1011 578 1111 614 scripta
1126 578 1279 606 Athanasii.
1293 580 1382 614 Auget
1403 579 1448 607 hic
1463 579 1622 614 scrupulum
1633 579 1752 614 Chry50<

126 632 247 661 stomus,
261 628 308 663 qui
327 627 355 655 in
375 627 426 655 hac
440 627 473 654 de
486 626 630 654 Eustatbio
644 627 757 653 homilia
775 633 809 653 ne
828 625 881 661 γρῦ
895 625 1006 660 quidem
1021 624 1112 656 habet,
1130 630 1186 658 quo
1201 623 1282 651 talem
1295 624 1414 652 oblatam
1428 624 1594 652 calumniam
1609 624 1651 651 vel
1663 630 1755 658 aperte

123 676 268 703 denuntiet
283 675 325 704 vel
341 675 503 703 subindicet.
525 675 596 708 Quid
613 674 688 710 quod
704 674 831 702 Socrates
848 679 994 709 postquam
1009 663 1183 700 Eustathium
1203 670 1409 700 Sabellianismi
1422 679 1507 700 causa
1520 672 1676 700 abdicatum
1691 680 1756 700 nar-

123 723 208 756 ravit,
221 722 324 757 adjicit,
346 721 384 753 ὼς
398 722 448 757 μὲν
465 719 511 748 οὖν
526 721 597 753 τινές
619 730 712 756 φασιν,
727 721 760 747 δι’
775 720 856 752 ἄλλας
871 720 921 747 οὐκ
935 732 938 746 4

961 719 1041 754 γαθὰς
1061 720 1161 753 αἰτίας,
1184 720 1314 756 φανερῶς
1330 720 1358 747 δὲ
1372 720 1423 747 οὐκ
1446 720 1584 756 εἰρήκασι.
1605 720 1632 748 Id
1655 725 1705 752 est,
1720 720 1756 749 σε

125 777 185 796 vero
197 769 307 801 quidam
320 774 443 801 narrant,
458 769 519 796 aliis
532 770 564 796 de
584 770 670 796 causis
686 769 772 795 minus
787 768 903 796 honestis
919 768 1056 795 abdicatus
1070 773 1119 801 est,
1137 777 1203 804 quas
1217 775 1305 795 tamen
1321 775 1409 801 aperte
1423 776 1476 795 non
1491 768 1640 803 proferunt.
1652 767 1756 801 Quibus

127 816 222 844 verbis
234 816 390 844 innuitrem
406 815 478 852 apud
492 824 587 844 omnes
603 824 659 843 non
675 821 814 849 constare,
825 823 876 844 nec
894 816 1052 851 suspicione
1068 824 1181 844 vacuam
1198 825 1270 849 esse,
1292 821 1322 844 ut
1341 824 1391 844 nos
1407 817 1477 844 item.
1489 821 1627 852 putamus.

165 876 301 904 Abdicato
321 880 411 904 autem
422 877 576 909 Eustathio,
596 877 742 905 Eusebiani
769 881 895 905 auctores
915 876 1074 912 Imperatori
1093 881 1157 905 sunt
1177 882 1207 905 ut
1228 879 1254 905 in
1275 878 1401 905 exsilium
1426 879 1544 913 pellatur
1565 880 1689 907 antistes.
1713 878 1750 906 De

121 923 216 952 exsilii
231 923 293 950 loco
309 931 365 951 non
389 931 442 951 una
456 927 497 951 est
512 925 646 952 sententia
662 933 669 951 :
687 923 911 952 Theodoretusin
930 925 1074 958 quamdam
1089 923 1187 960 Illyrici
1207 925 1302 952 urbem
1317 925 1466 960 relegatum
1487 928 1581 952 narrat
1592 915 1758 960 z'Hierony-

125 979 191 999 mus
207 979 273 999 vero
294 970 488 1006 Trajanopolin
506 972 532 998 iu
550 971 677 1004 Thracia,
693 972 736 999 cui
755 971 936 1007 adstipulatur
951 972 1165 1008 Chrysostomus
1181 971 1251 999 infra
1274 980 1350 999 num.
1368 972 1396 1005 2,
1414 972 1460 999 ubi
1476 972 1514 998 ait
1530 971 1589 1006 ejus
1610 980 1709 1006 corpus
1725 972 1751 998 in

125 1017 245 1045 Thracia
272 1017 408 1052 sepultum
425 1025 496 1049 esse,
518 1019 590 1046 haud
603 1019 685 1046 dubie
703 1019 729 1045 in
755 1018 843 1046 exsilii
860 1019 929 1045 loco.
944 1017 1038 1052 Neque
1059 1018 1276 1053 praetereundum
1293 1023 1348 1050 est,
1371 1017 1399 1045 in
1424 1017 1561 1045 Eustathii
1583 1018 1758 1047 abdicatione

124 1071 209 1093 totam
233 1057 304 1100 pene
321 1066 455 1094 seditione
468 1065 652 1102 conﬂagrasse
672 1067 871 1094 Antiochenam
889 1067 1044 1100 civitatem;
1063 1067 1176 1093 armatis
1191 1067 1263 1094 enim
1286 1067 1425 1100 utrimque
1442 1065 1575 1101 partibus,
1588 1065 1753 1102 adscitisque

124 1110 272 1143 militibus,
298 1111 390 1138 omnia
419 1117 498 1139 erant
519 1112 553 1139 ad
579 1120 697 1147 pugnam
721 1117 748 1139 et
774 1102 1057 1140 horrendam-cladem
1076 1117 1187 1147 parata.
1205 1117 1371 1146 ventumque
1392 1113 1487 1139 fuisset
1501 1112 1533 1139 ad
1560 1111 1672 1148 gladios,
1699 1112 1753 1139 nisi

121 1161 348 1195 supervenientes
370 1160 544 1196 Imperatoris
560 1161 655 1189 litterae
673 1162 778 1196 plebem
794 1162 1037 1196 compescuissent.
1055 1161 1201 1188 Eusebiani
1219 1160 1363 1188 Eustathio
1380 1159 1516 1187 Eulalium
1532 1159 1692 1194 subrogant;
1706 1158 1760 1194 qui.

122 1214 186 1234 cum
204 1207 303 1242 exiguo
321 1212 442 1242 tempore
461 1215 600 1243 superstes
616 1209 723 1241 fuisset,
737 1209 796 1244 ejus
818 1210 878 1237 loco
895 1209 1022 1244 deligitur
1037 1209 1171 1236 Eusebius
1187 1207 1334 1243 Pamphili,
1354 1215 1409 1242 qtto
1425 1207 1571 1239 abnuente,
1585 1206 1756 1242 Euphronio,

121 1252 187 1280 item
207 1254 322 1286 Ariano,
346 1254 500 1292 episcopale
522 1263 621 1283 munus
645 1255 779 1283 defertur.
805 1256 845 1283 Eo
863 1260 953 1283 autem
969 1260 1029 1290 post
1046 1263 1147 1282 annum
1164 1258 1190 1282 et
1211 1255 1316 1289 aliquot
1333 1261 1442 1282 menses
1464 1253 1604 1286 defuncto,
1627 1253 1753 1289 deligitur

121 1300 262 1332 Flacillns,
279 1300 343 1327 item
359 1301 489 1333 Arianus,
509 1307 534 1328 et
550 1309 605 1329 uno
625 1303 721 1329 avulso
740 1309 794 1329 non
822 1302 914 1329 delicit
929 1302 1006 1328 alter.
1030 1301 1095 1335 Quae
1116 1309 1199 1328 causa
1225 1299 1277 1327 fuit
1301 1300 1418 1327 utmulti
1441 1307 1502 1326 cum
1524 1299 1680 1334 populares,
1695 1303 1760 1326 tum

121 1349 228 1381 clerici,
249 1350 349 1384 quibus
370 1350 466 1385 religio
485 1349 625 1377 Catholica
642 1351 715 1377 cordi
732 1354 802 1383 erat,
820 1358 834 1377 a
860 1350 979 1377 coetibus
999 1350 1163 1377 Arianorum
1179 1348 1376 1379 abhorrentes,
1397 1354 1521 1374 seorsum
1539 1346 1668 1374 collectas
1693 1353 1755 1381 age-

123 1399 197 1423 rent.
211 1394 243 1422 Ili
261 1402 295 1422 ex
313 1395 421 1423 ardenti
435 1403 498 1431 erga
523 1396 696 1424 Eustathiutn
722 1397 813 1424 studio
826 1404 975 1431 amoreque
996 1395 1168 1423 Eustathium
1189 1396 1317 1430 deinceps
1334 1394 1492 1421 audierunt.
1512 1391 1672 1427 Huiusmodi
1690 1399 1755 1419 vero

126 1442 361 1470 Antiochenorum
376 1443 511 1471 discordia
530 1444 563 1471 ad
579 1444 714 1479 integrum
730 1444 814 1472 ferme
828 1444 959 1472 saeculum
973 1448 1093 1471 extracta
1109 1442 1161 1470 fuit
1174 1452 1181 1470 :
1196 1442 1325 1478 quodque
1337 1441 1447 1476 gravius
1455 1439 1565 1472 accidit,
1580 1437 1655 1474 [605]
1672 1439 1760 1465 etiam,

120 1487 256 1515 Catholici
272 1492 366 1523 postea
379 1489 487 1517 discissi
503 1493 577 1523 sunt,
596 1490 633 1517 ita
651 1494 681 1518 ut
697 1495 751 1518 tres
767 1491 794 1517 in
810 1495 902 1525 partes
917 1489 1067 1517 Christiani
1082 1489 1161 1516 divisi
1177 1492 1279 1519 essent,
1296 1487 1523 1514 Paulinianorum
1544 1491 1652 1519 nempe,
1672 1482 1754 1511 Mele-

121 1536 259 1564 tianorum
273 1541 300 1564 et
310 1537 485 1565 Arianorum.
502 1538 554 1566 Sed
571 1539 624 1566 hac
636 1539 670 1567 de
684 1547 713 1566 re
730 1539 855 1574 pluribus
871 1538 898 1566 in
917 1539 1020 1566 Monito
1033 1538 1066 1565 ad
1083 1537 1228 1564 Homiliam
1244 1536 1278 1563 de
1292 1536 1484 1562 Anathemate.

155 1595 303 1628 Caeterum,
317 1596 340 1623 si
355 1596 527 1625 Theodoreto
542 1598 609 1626 fides
621 1599 666 1630 sit,
684 1599 822 1630 meretrix,
838 1605 899 1633 quae
913 1596 1088 1625 Eustathium
1105 1595 1257 1628 accusavit,
1272 1602 1334 1622 cum
1350 1594 1377 1621 in
1393 1592 1588 1630 gravissimum
1602 1595 1631 1619 et
1642 1590 1749 1618 diutur-

120 1649 185 1670 num
207 1644 334 1671 morbum
347 1644 497 1678 incidisset,
511 1645 676 1673 calumniam
691 1645 804 1677 detexit,
818 1653 851 1672 ac
866 1652 975 1673 scenam
991 1649 1075 1671 totam
1099 1643 1207 1678 aperuit
1223 1651 1230 1670 :
1247 1649 1299 1669 nec
1314 1640 1423 1668 duobus
1438 1639 1571 1671 tribusve,
1587 1637 1635 1665 sed
1653 1644 1750 1672 quam-

121 1687 247 1721 plurimis
267 1690 458 1718 sacerdotibus
471 1691 599 1719 indicavit
613 1700 656 1724 ea,
669 1700 730 1727 quae
742 1692 805 1719 dolo
824 1691 931 1719 fuerant
947 1691 1120 1719 concinnata.
1135 1688 1205 1716 falsa
1218 1695 1248 1716 se
1261 1686 1387 1715 mercede
1399 1685 1563 1714 conductam
1578 1682 1750 1712 Eustathius:

119 1733 146 1760 in
165 1735 271 1763 crimen
287 1743 412 1770 vocasse,
432 1745 520 1773 neque
543 1745 572 1766 se
590 1743 679 1765 tamen
703 1738 773 1766 falso
789 1738 910 1773 juratam
925 1745 932 1764 :
949 1744 1011 1764 nam
1029 1735 1190 1763 Eustathius
1203 1733 1316 1769 quidem
1335 1732 1449 1760 :erarius
1461 1732 1536 1759 faber
1548 1729 1660 1757 infantis
1674 1732 1750 1763 pater

117 1786 185 1808 erat.
205 1781 342 1810 Eustathii
355 1788 444 1811 autem
466 1785 603 1812 abdicatio
620 1785 714 1812 incidit
735 1785 761 1812 iu
785 1793 888 1812 annum
905 1785 1014 1813 circiter
1024 1783 1087 1814 529,
1104 1783 1256 1817 imperante
1279 1779 1463 1808 Constantino
1484 1778 1592 1813 Magno.
1608 1775 1674 1811 Ejus
1686 1781 1745 1801 Ine-

119 1827 203 1853 moria
220 1827 320 1854 colitur
333 1828 366 1854 I7
377 1827 549 1857 Novembris.

153 1882 346 1919 Interpretatio
360 1883 458 1912 Latina
474 1891 514 1912 est
527 1884 674 1912 Frontonis
688 1885 788 1913 Ducazi.

121 1959 211 1968 ’ξς

721 2103 830 2156 LA
839 2106 1002 2158 ΗΒΑ
1009 2105 1154 2158 ΤΙΟ»

304 2194 414 2216 εΑΝατι
437 2195 545 2218 PATRIS
568 2198 678 2221 SOSTRI
694 2201 861 2224 EUSTATHII
886 2205 938 2226 AN'I

961 2205 1066 2227 ouum
1088 2205 1206 2226 manus
1227 2201 1466 2225 anon-turmae"
1494 2191 1547 2232 (α).

150 2314 174 2340 ι.
197 2314 262 2341 Ante
276 2319 381 2341 mortem
395 2324 467 2343 nemo
481 2318 635 2350 laudandus,
649 2319 692 2346 sed
715 2326 771 2355 post
791 2328 905 2350 "tortam.

114 2374 147 2379 —
162 2360 277 2394 Sapiens
288 2361 329 2387 vir
343 2361 449 2396 quidam
464 2368 491 2390 et
506 2363 710 2399 philosophandi
728 2367 828 2401 peritus
838 2388 846 2401 ,
860 2369 906 2403 qui

115 2412 204 2431 rerum
228 2405 405 2434 humanarum
428 2413 551 2436 naturam
570 2415 695 2438 accurate
716 2412 864 2446 didicerat,
881 2419 908 2441 et

114 2458 205 2478 earum
217 2451 386 2484 fragilitatem
403 2458 529 2485 noverat,
545 2455 664 2490 nihilque
679 2462 782 2484 certum
796 2463 841 2486 aut
853 2464 908 2486 sta-

116 2497 166 2524 bile
180 2505 206 2523 m
223 2497 256 2524 iis
268 2505 338 2530 esse,
355 2506 448 2525 omnes
463 2501 607 2534 generatim
626 2501 747 2529 homines
760 2503 905 2539 admonet,

115 2546 143 2567 ut
168 2548 231 2569 ante
254 2547 367 2570 mortem
392 2545 527 2572 neminem
542 2545 649 2573 laudent
668 2547 760 2582 (Eccli.
778 2549 821 2576 11.
838 2549 905 2586 50).

117 2588 230 2621 Quando
245 2589 327 2624 igitur
339 2595 460 2618 mortuus
477 2595 517 2618 est
532 2591 626 2619 beatus
650 2593 819 2627 Eustathius,
834 2596 906 2623 omni

114 2644 174 2662 cum
191 2635 285 2662 fiducia
299 2635 427 2671 deinceps
437 2645 499 2664 eum
510 2638 632 2665 laudibus
643 2639 738 2667 efferre
753 2648 905 2674 possumus:

114 2683 135 2709 si
150 2683 221 2710 enim
235 2688 298 2711 ante
317 2688 429 2712 mortem
451 2693 531 2712 nemo
546 2686 693 2713 laudandus
703 2692 754 2719 est,
767 2687 836 2715 haud
859 2688 908 2716 du-

114 2729 197 2761 hinm,
212 2729 275 2764 quin
289 2733 350 2764 post
363 2734 477 2757 mortem
492 2738 596 2764 eorum,
617 2732 661 2766 qui
675 2732 746 2767 digni
763 2739 839 2766 sunt,
852 2734 908 2762 lan—

114 2772 186 2800 dntio
198 2775 274 2809 culpa
285 2779 369 2802 vacet.
381 2775 485 2802 Etenim
501 2775 578 2810 hujus
591 2777 651 2804 vitm
663 2779 825 2813 negotiorum
836 2780 907 2807 curi-

143 2843 179 2870 ta.)
188 2839 277 2873 uallata
287 2849 340 2866 vum
353 2845 406 2866 Mss.
420 2843 499 2873 ttrgiis
515 2842 575 2868 2ης
589 2847 616 2868 ct
626 2844 695 2867 2H7.
708 2848 734 2868 et
745 2851 798 2869 cum
810 2845 906 2871 (Zolbcr-

113 2874 163 2895 tino
174 2877 222 2896 uno
234 2872 288 2897 670.

961 2332 1025 2359 pum
1046 2326 1234 2358 praetervectus
1261 2325 1320 2353 est,
1336 2320 1448 2348 tumultu
1469 2319 1594 2347 fluctuum
1623 2319 1750 2347 liberatus

962 2374 1014 2402 est,
1029 2368 1061 2395 :Id
1077 2368 1246 2402 tranquillum
1265 2371 1292 2394 et
1309 2367 1427 2401 quietum
1443 2370 1547 2400 portum
1571 2365 1686 2400 appulit.
1710 2366 1750 2393 in-

961 2415 1112 2442 certitudini
1127 2414 1275 2442 futurorum
1292 2421 1344 2440 non
1359 2413 1487 2448 subjacet,
1501 2419 1551 2440 nec
1564 2412 1694 2440 obnoxius
1709 2416 1751 2440 est

963 2460 1122 2489 ruinamsed
1149 2464 1282 2494 tamquam
1307 2459 1333 2486 in
1353 2466 1419 2493 rupe
1444 2458 1566 2494 quapiam
1591 2458 1751 2493 sublimique

961 2515 1031 2534 nunc
1053 2511 1126 2533 stans
1151 2506 1271 2539 scopulo,
1286 2505 1380 2532 fluctus
1395 2512 1489 2532 omnes
1500 2505 1657 2532 contemnit.
1670 2503 1749 2532 Caret

961 2553 1041 2587 igitur
1058 2553 1129 2580 omni
1154 2552 1271 2586 periculo
1293 2551 1457 2586 praedicatio,
1481 2558 1567 2586 neque
1591 2550 1750 2586 reprehendi

960 2603 1048 2633 potest
1062 2598 1177 2626 laudatio
1190 2607 1197 2625 :
1215 2606 1266 2625 non
1281 2598 1351 2625 enim
1365 2598 1420 2632 jam
1436 2599 1607 2625 mutationem
1623 2597 1747 2625 reformi~

960 2645 1020 2676 dat,
1036 2652 1122 2679 neque
1136 2645 1238 2679 lapsum
1254 2645 1426 2679 pertimescit.
1441 2644 1506 2672 Nam
1515 2652 1565 2672 nos
1577 2644 1693 2679 quidem,
1705 2641 1763 2679 qui'

961 2691 1048 2718 adhuc
1058 2691 1170 2718 vivimus
1182 2711 1190 2723 ,
1207 2691 1289 2726 utqui
1305 2691 1392 2718 medio
1409 2691 1436 2718 in
1452 2692 1517 2718 mari
1530 2691 1758 2722 ﬂuctuanthmule,

962 2737 995 2763 tis
1013 2744 1105 2764 suuttts
1118 2736 1226 2764 obnoxii
1240 2736 1449 2769 mutationibus;
1470 2741 1496 2763 et
1509 2740 1538 2762 ut
1551 2735 1587 2762 illi
1601 2742 1672 2763 nunc
1688 2735 1761 2770 quin

960 2783 1021 2810 dem
1046 2781 1171 2809 ﬂuctibus
1184 2782 1421 2810 intumescentibus
1447 2782 1473 2808 in
1499 2781 1582 2813 altum
1600 2780 1747 2810 tolluntur,

961 2835 1029 2854 nunc
1051 2830 1076 2854 in
1094 2827 1251 2862 profundum
1271 2828 1356 2862 ipsum
1379 2827 1564 2862 deprimuntur
1577 2833 1585 2858 ς
1599 2825 1644 2853 sed
1661 2832 1747 2860 neque

960 2878 1014 2899 tuta
1031 2873 1140 2899 celsitud
1152 2883 1172 2905 ι,
1193 2881 1276 2908 nequc
1300 2873 1400 2901 stabilis
1414 2877 1454 2900 est
1471 2872 1597 2906 dejectio,
1614 2870 1752 2906 siquidem.
