1967 3125
189 112 241 140 899

188 169 284 196 horum
299 173 440 203 utrumque
452 168 487 195 ab
496 167 573 202 aquis
585 167 726 195 ﬂuentibus
741 168 900 203 minimeque
913 174 978 194 con-

189 214 345 241 sistentibus
361 213 458 248 pendet
472 221 479 239 :
496 213 534 240 sic
549 213 672 239 nimirum
683 216 711 239 et
723 212 749 238 in
767 212 846 239 rebus
860 212 980 238 humanis

190 260 255 286 nihil
280 259 385 286 firmum
405 263 432 285 et
452 263 578 285 constans
601 263 660 290 est,
677 257 724 284 scd
744 256 896 292 frequentes
919 262 979 282 sunt

191 305 360 336 mutationes,
371 311 402 330 ac
415 303 467 330 levi
479 307 614 330 momento
625 302 701 329 fiunt.
712 302 759 328 llic
770 301 876 336 quidem
890 301 925 328 oh
939 308 980 327 res

191 349 322 376 secundas
339 349 364 375 in
379 349 460 374 altum
477 347 633 374 subvehitur
644 367 652 380 ,
668 347 712 374 ille
731 353 795 373 vero
817 351 925 381 propter
938 353 981 372 res

190 396 319 424 adversas
351 393 480 428 profunde
507 393 650 420 admodum
674 392 832 426 deprimitur
856 400 863 419 :
888 399 980 419 verum

192 449 241 469 nec
255 441 360 469 inﬂetur
373 439 426 473 ille,
436 447 486 467 nec
495 441 612 466 animum
627 440 678 466 iste
686 437 851 473 despondeat
867 438 981 473 :quippe

191 487 357 515 celerrimam
386 486 481 520 singuli
504 485 677 513 mulationem
698 485 862 512 sortientur:
879 488 908 512 at
929 491 980 511 non

192 534 237 560 ille
250 553 257 566 ,
273 533 319 568 qui
341 533 365 560 in
381 532 474 559 caelum
493 531 692 566 commigravit,
706 535 733 558 et
748 530 781 557 ad
806 537 867 557 cum
879 551 886 563 ,
902 538 980 565 quem

192 578 379 612 desiderabat,
392 578 483 605 Jesum
497 577 629 613 profectus
643 581 684 604 est
697 598 703 609 ,
717 578 760 612 qui
773 577 806 604 ad
819 577 904 604 locum
921 584 981 611 per-

195 624 265 652 venit
277 624 412 651 turbarum
424 627 562 658 expertem
577 631 584 649 :
603 623 673 650 unde
685 622 762 649 dolor
773 627 800 650 et
811 621 938 657 {egritudo
951 630 982 648 ac

192 670 305 704 gemitus
320 670 404 697 abest.
424 668 482 697 Non
504 668 558 696 illic
582 668 734 696 mutationis
749 673 790 695 est
810 668 896 702 imago
909 688 916 699 ,
929 675 981 694 non

195 715 383 744 vicissitudinis
404 715 570 742 obumbratio
581 735 588 746 ,
605 715 652 741 sed
667 714 755 741 omnia
771 715 821 741 lixa
841 718 867 740 et
888 714 982 740 immo-

194 762 255 790 bilia
269 783 276 795 ,
290 761 378 789 omnia
393 760 467 788 ﬂrma
484 765 511 788 et
525 761 639 787 stabilita
654 781 660 794 ,
675 760 763 787 oinnia
790 759 940 794 incorrupta
956 763 983 785 ct

195 807 354 835 immortalia
369 829 375 838 ,
398 807 487 834 omnia
512 806 636 833 interitus
663 806 781 839 expertia
810 811 836 832 et
861 810 981 832 teterna:

195 854 312 886 idcirco,
337 853 439 887 inquit,
465 851 530 879 Ante
555 856 660 878 mortem
680 860 710 878 ne
731 859 879 885 quamquam
896 851 984 877 laudes

195 898 304 934 (Ecclid
311 898 335 925 1.
347 897 581 934 l0).Quamobrem
589 897 601 923 ?
610 897 739 925 Futurum
749 897 846 933 quippe
854 897 983 924 incertum

195 949 253 974 est.
269 948 296 972 et
311 944 449 971 imbecillis
470 949 562 970 natura
576 951 583 975 ;
599 943 722 970 voluntas
746 945 835 978 segnis
846 964 853 974 ,
869 948 897 970 et
923 951 984 978 pro-

196 998 258 1019 num
271 990 303 1017 ad
318 997 368 1017 nos
377 989 538 1017 obsidendos
551 995 687 1024 peccatum
697 997 705 1021 ι
717 990 792 1016 multi
805 994 867 1016 sunt
880 989 964 1024 laquei
976 999 983 1017 :

198 1035 268 1064 Scito
289 1035 365 1067 enim,
379 1035 483 1070 inquit,
498 1035 616 1070 quoniam
630 1036 656 1061 iu
671 1035 752 1061 medio
767 1035 914 1069 laqueorum
928 1044 984 1071 per-

198 1081 289 1109 transit
309 1080 405 1113 (ErcIi.
425 1083 452 1110 9.
468 1081 534 1116 20):
563 1081 696 1108 continua:
718 1086 779 1108 sunt
802 1081 961 1108 tentationes
976 1101 984 1114 ,

197 1127 280 1154 multa
304 1127 380 1155 turba
405 1128 591 1162 negotiorum,
613 1132 667 1154 tum
695 1127 846 1154 daatiionum
868 1135 986 1162 perennc

197 1172 307 1206 bellum,
318 1177 345 1199 et
357 1172 456 1200 assidui
469 1172 697 1208 perturbationum
708 1173 832 1200 insultus.
843 1173 985 1208 Propterea

197 1218 262 1248 Ante
275 1223 389 1250 mortem,
403 1219 502 1254 inquit,
516 1227 548 1246 ne
560 1226 709 1254 quemquam
723 1219 809 1245 laudes
821 1226 830 1245 :
841 1226 905 1253 ergo
927 1224 986 1253 post

199 1267 312 1292 mortem
327 1268 411 1291 tutum
437 1269 478 1291 est
499 1263 606 1291 laudare
629 1264 739 1299 dignum
752 1272 759 1294 ;
774 1265 814 1291 vel
830 1264 917 1299 potius
933 1272 985 1291 nou

198 1308 356 1343 simpliciter
386 1313 445 1343 post
465 1313 597 1341 mortem,
619 1309 666 1336 sed
692 1314 751 1345 post
776 1315 888 1336 mortem
913 1309 984 1343 ejus-

199 1352 282 1386 modi,
292 1353 397 1388 quando
410 1362 470 1381 cum
485 1361 582 1382 corona
595 1362 611 1382 ο
623 1355 678 1381 vita
689 1355 819 1390 quispiam
830 1355 984 1388 excesserit,

200 1400 307 1433 quando
317 1406 376 1426 cum
385 1399 552 1427 confessione
563 1404 589 1427 et
598 1399 650 1427 title
662 1408 715 1427 non
725 1401 824 1428 Πρω-δί
835 1401 907 1428 enim
918 1409 986 1435 (μευ-

198 1446 238 1472 vis
253 1446 331 1473 modo
342 1451 462 1473 mortuos
478 1445 586 1474 laudare
599 1446 658 1481 quis
672 1450 777 1482 potest,
793 1450 891 1482 quanto
905 1446 987 1481 magis

201 1500 247 1520 eos
261 1493 304 1527 qui
318 1492 356 1519 sic
370 1492 468 1520 fuerint
481 1493 595 1520 mortui?

250 1539 382 1565 Salomoni
408 1539 558 1565 credendum
585 1538 677 1566 divitiis
698 1539 846 1566 detrahenti.
863 1553 898 1559 —
924 1539 989 1573 Quis

199 1587 287 1611 autem
301 1591 348 1611 eos
365 1583 497 1617 laudavit,
513 1584 584 1612 dicet
604 1585 718 1620 aliquis,
732 1585 776 1620 qui
792 1586 886 1620 quovis
908 1586 988 1612 modo

200 1634 262 1658 sunt
288 1629 406 1657 mortui?
432 1631 556 1657 Salomon
586 1630 639 1663 ille,
666 1630 792 1658 Salomon
825 1631 989 1666 sapientissi-

200 1684 259 1704 mus
279 1685 285 1702 :
305 1684 359 1704 non
384 1677 454 1704 enim
477 1676 572 1704 leviter
595 1676 731 1704 hominem
759 1683 917 1711 prretereas,
942 1678 988 1705 sed

199 1722 260 1756 quis
283 1728 355 1749 esset
379 1722 531 1757 perpende,
548 1727 644 1757 etquo
667 1727 744 1757 pacto
760 1723 871 1755 vixerit,
893 1729 990 1758 quanta

199 1775 260 1795 cum
275 1770 419 1796 securitate
432 1776 464 1796 ac
476 1769 611 1805 voluptate
629 1769 737 1796 mollem
760 1774 787 1796 et
808 1778 988 1797 aerumnarum

200 1820 337 1848 expertem
351 1816 431 1842 vinum
448 1814 604 1843 traduxerit.
629 1814 694 1842 Nam
716 1823 800 1850 genus
822 1823 902 1842 omne
921 1815 990 1842 deli-

200 1860 301 1886 ciarum
320 1860 458 1893 percurrit
470 1880 477 1892 ,
496 1863 524 1887 et
537 1860 699 1895 multiplices
722 1860 898 1888 recreationis
912 1860 990 1887 animi

203 1905 295 1931 tuodos
307 1906 484 1940 excogitavit,
500 1906 585 1933 varias
598 1910 679 1941 atque
693 1906 812 1933 diversas
834 1906 992 1934 oblectatio-

204 1958 266 1980 nmn
293 1951 396 1984 species
419 1951 570 1984 adiuveuit,
586 1959 653 1986 quas
671 1956 698 1979 et
721 1959 850 1979 enarrans
865 1952 969 1979 dicebat
984 1961 991 1979 :

204 1994 341 2026 ,Edi/icuri
355 1997 416 2022 milii
429 1997 516 2024 domos
527 2017 535 2029 ,
551 1997 663 2031 plantam'
678 1998 778 2030 vineas,
793 1998 841 2032 feci
861 1997 921 2023 milii
933 1997 993 2023 har-

203 2048 241 2072 ιυε
254 2049 276 2068 et
290 2043 414 2076 pomaria,
430 2043 478 2079 feci
497 2043 558 2070 mihi
585 2044 694 2078 piscinas
712 2053 835 2079 aquarum
850 2052 860 2072 :
871 2050 994 2071 meream:

204 2097 257 2117 lum
273 2090 334 2116 mihi
344 2098 426 2116 servos
442 2095 464 2116 et
478 2090 595 2122 ancillas,
610 2095 633 2116 et
644 2090 769 2117 vernaculi
781 2090 833 2117 uati
845 2095 904 2117 sunt
917 2090 993 2117 milii:

205 2144 326 2168 possessio
333 2136 590 2168 armentorum,boum
598 2141 621 2163 et
633 2144 737 2171 gregum
745 2137 793 2171 fuit
802 2137 880 2164 mihi:
889 2145 994 2173 congre-

203 2182 259 2213 guvi
269 2186 398 2216 argentum
407 2185 430 2209 ιι
439 2189 531 2208 aurum
545 2182 609 2208 sicut
617 2190 738 2209 arenam:
752 2183 800 2216 feci
809 2183 869 2208 mihi
881 2188 994 2208 cantores

202 2233 225 2253 et
237 2228 394 2260 cantatrices,
405 2228 537 2263 pllttet'ltal
550 2233 572 2254 et
582 2229 632 2255 vini
645 2229 772 2255 ministras
782 2228 877 2264 (Eecle.
888 2229 992 2263 2.4-8).

203 2275 272 2309 Quid
284 2276 362 2311 igitur
375 2275 443 2302 idem
456 2277 506 2303 iste
517 2281 576 2312 post
587 2281 686 2303 tantam
695 2276 857 2304 afﬂuentiam
871 2278 981 2312 pecunia
989 2292 995 2296 -

208 2329 278 2352 rum.
294 2322 503 2356 posscssionum,
517 2322 672 2350 deliciarum
684 2343 691 2356 ,
707 2323 871 2357 voluptatum
895 2322 996 2350 refert?

206 2366 329 2400 laudari,
346 2368 440 2405 inquit,
454 2376 506 2400 eos,
517 2369 558 2403 qui
568 2369 661 2396 mortui
670 2373 737 2401 runt,
754 2377 829 2403 super
841 2369 956 2401 viventes,
974 2374 996 2395 (ιι

205 2414 284 2442 bonus
296 2421 372 2448 super
393 2413 447 2446 hoc,
463 2414 612 2449 quicumque
632 2414 743 2442 nondum
767 2420 841 2441 natus
864 2419 910 2443 est.
928 2415 996 2442 Vere

207 2458 259 2486 lide
271 2458 367 2494 dignus
380 2459 422 2486 hic
432 2464 472 2486 est
483 2459 636 2487 deliciarum
651 2465 798 2492 accusator,
810 2460 854 2494 qui
869 2460 947 2488 talem
963 2461 997 2488 de

207 2505 258 2532 illis
270 2503 321 2532 fert
332 2504 570 2532 scntentian1.Nam
583 2505 605 2532 si
620 2506 750 2540 quispiam
766 2513 798 2533 ex
816 2506 848 2533 iis
858 2505 902 2540 qui
916 2506 996 2532 vitam

205 2550 233 2581 in
246 2556 400 2585 paupertate
415 2558 446 2579 ac
461 2551 630 2579 mendicitate
644 2551 831 2583 traduxiSsenl,
847 2551 914 2578 hanc
936 2559 997 2578 sen~

205 2598 315 2626 tentiam
329 2597 456 2625 adversus
471 2597 578 2626 delicias
592 2598 703 2631 tulisset,
718 2598 790 2625 visus
806 2601 877 2624 esset
898 2605 949 2625 non
965 2605 997 2626 es

207 2644 246 2673 rei
260 2644 388 2676 veritate,
401 2644 448 2671 sed
458 2644 527 2679 quod
544 2648 669 2679 expertus
689 2652 741 2671 non
759 2648 845 2677 esset,
860 2644 895 2671 ita
909 2644 999 2672 crimi-

207 2690 264 2720 nari
280 2698 287 2723 ;
301 2698 361 2719 cum
374 2697 436 2717 vero
449 2691 486 2724 is,
501 2691 544 2726 qui
561 2697 654 2719 omnes
677 2690 824 2725 percurrit,
838 2695 865 2717 et
882 2690 999 2724 singulas

207 2745 300 2764 earum
313 2739 370 2765 vias
392 2738 596 2772 pervestigavit,
612 2744 657 2764 eas
678 2737 835 2769 contemnit,
852 2741 907 2764 tum
926 2736 999 2764 omni

209 2784 358 2819 suspicione
373 2785 454 2812 libera
477 2790 518 2812 est
529 2783 690 2812 criminatio.
708 2784 871 2811 Existiniatis
887 2783 999 2811 fortasse

207 2840 224 2864 ἢ
235 2838 369 2871 proposui)
382 2831 522 2860 deﬂexisse
538 2836 708 2859 sermonem:
722 2829 775 2858 imo
792 2837 857 2858 vero
872 2830 893 2858 si
915 2835 1001 2859 attcn.

557 111 585 138 5.
605 111 744 138 JOANNIS
762 110 996 138 CllilYSOSTOMI
1015 110 1172 138 ARCHIEP.
1192 110 1456 141 CONSTANTINUP.

1770 117 1824 144 600

1035 165 1148 199 damus,
1164 174 1224 194 cum
1247 175 1281 195 eo
1302 168 1417 196 maxime
1438 169 1575 198 culta-rere
1595 171 1828 205 deprchendemur:

1032 220 1092 246 qua:
1104 212 1174 240 dicta
1197 217 1267 240 sunt.
1289 213 1354 240 Nam
1382 214 1408 241 in
1430 222 1575 252 martyrum
1589 219 1826 245 couuueumratio-

1034 258 1112 285 uilius
1131 259 1292 287 conveniens
1315 265 1356 286 est
1378 264 1405 287 et
1428 268 1575 289 connexum
1601 263 1636 290 de
1659 264 1829 298 philosophia

1033 310 1182 330 sermonem
1197 304 1342 332 instituere.
1354 305 1410 332 Non
1425 311 1452 333 ut
1463 307 1544 333 vitam
1553 314 1710 342 praesentem
1718 308 1825 336 damne-

1034 356 1102 379 mus.
1117 348 1174 377 haec
1187 349 1311 382 dicimus,
1323 350 1391 377 absit
1403 359 1411 383 ;
1424 351 1471 378 sed
1485 352 1555 386 quod
1573 353 1682 380 delicias
1705 354 1827 381 insecte—

1034 401 1093 421 mur
1110 403 1116 421 :
1131 402 1183 422 non
1196 395 1267 422 enim
1277 396 1365 423 vivere
1379 397 1478 424 malum
1491 402 1547 430 est,
1560 398 1607 426 sed
1627 403 1730 426 temere
1743 405 1771 426 et
1786 400 1828 427 in-

1034 440 1201 467 considerate
1215 441 1314 469 vivere.

1068 485 1095 513 2.
1117 486 1266 515 Eustathius
1275 497 1291 514 a
1305 489 1386 522 patria
1400 489 1526 525 relegatus
1540 490 1565 516 in
1581 489 1690 517 Thracia
1703 491 1829 526 sepultus.

1035 532 1186 559 Sanctarum
1206 534 1316 568 reliquiae
1340 535 1421 568 fontes
1445 535 1600 570 spirituales.
1624 551 1661 557 —-
1682 535 1777 571 Itaque
1806 539 1831 564 si

1034 579 1093 612 quis
1108 578 1133 605 in
1148 583 1219 606 recte
1239 579 1314 607 factis
1329 588 1361 607 ac
1376 581 1505 608 bonorum
1521 588 1568 616 spe
1581 581 1733 609 futurorum
1748 583 1831 610 vitam

1035 624 1191 656 traduxerit,
1205 625 1302 659 poterit
1317 633 1376 652 cum
1394 626 1474 653 Paulo
1488 627 1577 654 dicere
1588 648 1596 661 ,
1615 627 1702 655 Vivere
1716 629 1744 654 in
1755 637 1832 656 carne

1035 670 1113 697 multo
1122 670 1211 697 melius
1223 678 1232 699 :
1246 671 1293 697 Itoc
1303 671 1368 698 enim
1379 673 1439 699 mihi
1449 675 1546 707 [ructus
1556 675 1638 708 operis
1647 680 1682 701 est
1697 674 1829 710 (Philipp.

1036 717 1061 744 1.
1073 716 1119 751 22)
1135 725 1141 743 :
1160 717 1230 752 quod
1247 718 1338 752 utique
1359 718 1437 746 beato
1452 719 1591 746 Eustathio
1605 721 1734 755 contigit,
1748 722 1833 756 quiet

1036 762 1062 789 in
1074 763 1126 790 vita
1139 767 1166 790 et
1188 763 1213 790 in
1228 768 1331 796 morte,
1347 769 1376 790 ut
1391 772 1437 798 par
1449 770 1518 797 erat,
1532 773 1561 793 se
1576 769 1667 800 gessit.
1685 766 1744 793 Non
1758 767 1830 793 enim

1036 807 1062 835 in
1076 815 1122 835 sua
1134 808 1242 843 regione
1254 830 1261 841 ,
1281 809 1328 836 sed
1340 809 1365 836 iu
1380 809 1465 837 aliena
1481 817 1589 845 propter
1599 811 1738 838 Christum
1760 820 1832 838 mor-

1037 857 1089 880 tem
1111 853 1191 886 obiit;
1205 853 1276 888 quod
1300 853 1403 882 facinus
1417 855 1476 889 ejus
1489 855 1604 883 hostium
1618 856 1678 883 fuit.
1691 857 1831 892 Siquidem

1036 907 1097 927 cum
1112 900 1149 926 illi
1164 907 1178 926 a
1195 900 1278 934 patria
1295 901 1455 936 relegaruut,
1471 906 1498 928 ut
1512 902 1597 936 ipsum
1619 902 1720 937 probro
1740 903 1833 930 allice-

1037 950 1106 978 rent,
1121 950 1149 972 at
1175 946 1219 973 ille
1242 946 1375 973 celebrior
1397 951 1424 974 et
1442 947 1570 975 illustrior
1588 948 1637 975 hac
1664 948 1690 974 in
1706 948 1832 975 exsilium

1036 993 1255 1028 commigratione
1275 992 1449 1025 reddebatur;
1477 993 1548 1028 quod
1578 998 1606 1021 et
1627 1001 1719 1021 rerum
1746 994 1834 1021 exitus

1037 1038 1238 1066 demonstratit.
1257 1038 1332 1066 Adeo
1351 1046 1466 1074 namque
1479 1039 1596 1067 celebris
1611 1039 1715 1071 evasit,
1730 1044 1759 1066 ut
1771 1046 1833 1066 cum

1038 1084 1065 1111 in
1074 1084 1186 1111 Thracia
1198 1084 1332 1119 sepultum
1344 1085 1379 1110 sit
1392 1084 1450 1118 ejus
1462 1091 1559 1119 corpus
1570 1105 1577 1117 ,
1594 1085 1619 1112 in
1633 1084 1692 1112 dies
1712 1084 1834 1119 singulos

1038 1130 1165 1157 memoria
1183 1129 1241 1164 ejus
1257 1128 1327 1163 apud
1349 1136 1398 1156 nos
1419 1128 1588 1162 efﬂorescat;
1604 1133 1629 1157 et
1651 1137 1713 1157 cum
1737 1130 1764 1157 in
1787 1129 1835 1157 illo

1039 1174 1179 1202 barbarico
1193 1173 1321 1210 oppidulo
1342 1174 1377 1201 sit
1397 1173 1455 1209 ejus
1473 1175 1600 1207 tumulus,
1618 1179 1710 1202 noster
1730 1174 1757 1202 in
1771 1182 1834 1201 eum

1039 1227 1113 1247 amor
1125 1240 1132 1250 ,
1146 1219 1189 1254 qui
1207 1224 1280 1246 tanto
1301 1219 1336 1247 ab
1353 1226 1386 1247 eo
1405 1219 1582 1255 disjungimur
1605 1220 1760 1252 intervallo,
1774 1224 1836 1254 post

1039 1269 1093 1292 tam
1106 1265 1258 1292 diuturnum
1275 1269 1378 1299 tempus
1392 1259 1502 1300 singiﬂis
1515 1265 1609 1292 diebus
1623 1272 1764 1301 augeatur.
1779 1264 1835 1291 lmo

1039 1310 1061 1337 si
1084 1317 1175 1337 verum
1196 1309 1336 1337 dicendum
1358 1310 1403 1342 sit,
1417 1309 1487 1344 apud
1512 1317 1561 1337 nos
1582 1311 1663 1338 etiam
1677 1314 1720 1337 est
1744 1310 1834 1345 sepul-

1040 1363 1114 1383 crum
1135 1355 1204 1390 ejus,
1220 1359 1247 1382 et
1270 1363 1322 1382 non
1346 1355 1373 1383 in
1398 1355 1509 1382 Thracia
1533 1360 1646 1382 tantum.
1663 1355 1837 1383 Monumenta

1039 1401 1111 1429 enim
1125 1406 1278 1428 sanctorum
1297 1409 1349 1428 non
1362 1401 1438 1428 loculi
1453 1401 1538 1428 solum
1555 1407 1617 1428 sunt
1627 1423 1635 1434 ,
1649 1402 1776 1436 capsulae,
1791 1410 1839 1428 co-

1040 1447 1153 1480 lurnum,
1168 1454 1200 1474 ac
1213 1447 1306 1479 literte,
1327 1446 1375 1474 sed
1390 1455 1433 1474 res
1457 1447 1591 1481 praeclara:
1606 1452 1689 1482 gestae
1700 1467 1707 1479 ,
1723 1455 1755 1474 ac
1774 1447 1836 1474 lidci

1040 1493 1128 1526 zelus,
1150 1497 1176 1521 et
1197 1501 1262 1520 sana
1289 1492 1360 1528 apud
1386 1493 1468 1520 Deum
1493 1493 1667 1520 conscientia.
1696 1493 1835 1527 Siquidem

1041 1540 1115 1567 omni
1127 1539 1249 1566 columna
1263 1538 1427 1574 splendidior
1444 1539 1500 1566 iure
1518 1539 1636 1566 Ecclesia
1660 1539 1772 1574 martyri
1796 1544 1838 1566 est

1041 1589 1141 1618 erecta,
1157 1593 1215 1621 quae
1231 1585 1322 1612 literas
1337 1584 1416 1612 habet
1429 1592 1481 1611 uon
1496 1589 1583 1612 mutas
1596 1593 1604 1617 ;
1619 1584 1666 1612 sed
1681 1592 1742 1620 qum
1757 1584 1838 1611 rebus

1042 1631 1107 1667 ipsis
1126 1631 1236 1659 buccina
1259 1630 1356 1658 clarius
1376 1631 1533 1658 memoriam
1555 1630 1614 1665 ejus
1635 1631 1784 1665 pradicant
1806 1637 1838 1656 ac

1041 1677 1221 1705 celebritatem
1234 1696 1241 1710 ,
1255 1682 1281 1704 et
1307 1676 1488 1711 unusquisque
1509 1681 1638 1709 vestrum,
1655 1677 1699 1711 qui
1724 1674 1837 1708 adestis,

1043 1723 1126 1751 sancti
1141 1723 1212 1750 illius
1225 1727 1267 1750 est
1281 1722 1444 1757 sepulcrum,
1457 1722 1608 1757 sepulcrum
1625 1723 1774 1749 animatum
1794 1726 1837 1748 at-

1043 1778 1095 1804 que
1109 1770 1238 1804 spiritale.
1253 1768 1318 1796 Nam
1334 1768 1356 1795 si
1371 1768 1499 1803 cujusque
1511 1773 1645 1800 vestrum,
1660 1768 1706 1803 qui
1726 1767 1836 1798 adestis.

1043 1816 1234 1843 conscientiam
1256 1814 1427 1849 explicuero,
1455 1817 1576 1841 sanctum
1604 1814 1684 1840 istmn
1713 1813 1787 1840 intus
1812 1814 1838 1839 in

1044 1866 1134 1889 mente
1148 1865 1236 1888 vestra
1251 1860 1383 1895 reperiam
1397 1860 1587 1887 diversantem.
1603 1859 1718 1891 Videtis,
1733 1863 1762 1886 ut
1774 1858 1838 1885 nihil

1045 1907 1206 1943 profecerint
1221 1906 1377 1939 adversarii,
1390 1909 1420 1933 ut
1439 1906 1551 1941 gloriam
1567 1913 1620 1932 non
1640 1905 1818 1933 exstinxeriut
1831 1925 1839 1937 ,

1045 1954 1091 1981 sed
1113 1953 1258 1981 extulerint
1279 1953 1375 1987 potius,
1394 1951 1441 1980 sed
1466 1951 1638 1979 illustriorem
1664 1951 1838 1981 reddiderint.

1047 2004 1086 2026 tot
1098 2007 1146 2034 pro
1161 2007 1215 2026 uno
1228 1998 1359 2034 sepulcris
1372 1997 1482 2030 erectis,
1495 1997 1623 2032 sepulcris
1638 1996 1774 2027 animatis,
1795 2004 1839 2022 sc-

1046 2045 1147 2080 pulcris
1161 2052 1253 2072 vocem
1267 2044 1442 2074 mittentibus.
1454 2043 1585 2078 sepulcris
1598 2042 1631 2069 ad
1653 2042 1779 2069 eumdem
1798 2049 1840 2067 ze-

1047 2091 1101 2117 lum
1115 2089 1296 2125 comparatis?
1307 2089 1408 2117 Idcirco
1419 2093 1571 2116 sanctorum
1581 2095 1695 2122 corpora
1707 2092 1733 2114 et
1744 2086 1838 2117 fontes,

1047 2140 1074 2164 et
1082 2136 1223 2167 radices,et
1231 2139 1363 2170 unguenta
1373 2141 1495 2168 nuncupo
1503 2133 1716 2168 spiritalia.Quid
1724 2131 1842 2166 ita'tQuo-

1048 2182 1118 2208 niam
1132 2180 1338 2215 unumquodque
1353 2180 1475 2211 istorum,
1486 2187 1546 2213 quae
1556 2178 1621 2208 dixi,
1633 2178 1761 2204 virtutem
1768 2185 1840 2204 suam

1048 2227 1117 2263 apud
1131 2234 1161 2254 se
1174 2234 1226 2254 non
1238 2227 1336 2254 retinet
1352 2231 1468 2257 tantum,
1484 2225 1530 2252 sed
1545 2225 1626 2252 etiam
1647 2225 1727 2258 longe
1741 2224 1842 2258 lateque

1049 2274 1184 2302 diﬂ'uudit.
1202 2273 1322 2307 Exempli
1336 2280 1426 2304 causa,
1441 2272 1528 2299 fontes
1546 2271 1638 2299 multis
1662 2271 1773 2306 quidem
1787 2277 1844 2298 sca-

1050 2320 1152 2348 turiunt
1164 2320 1284 2347 laticibus
1295 2323 1337 2346 :at
1349 2326 1396 2346 eos
1410 2318 1478 2344 intra
1491 2318 1564 2344 sinus
1572 2324 1636 2344 suos
1646 2325 1701 2343 non
1716 2317 1841 2347 retinent,

1050 2367 1097 2394 sed
1115 2367 1191 2400 longa
1207 2365 1315 2393 ﬂumina
1330 2365 1462 2400 parientes
1483 2371 1543 2391 cuin
1559 2363 1624 2391 mari
1644 2363 1805 2398 junguntur,
1818 2367 1843 2389 ct

1052 2419 1184 2448 tamquam
1214 2419 1308 2439 manus
1340 2410 1477 2446 cujusdam
1500 2411 1657 2438 extensione
1680 2409 1845 2444 longitudine

1051 2460 1155 2487 illorum
1178 2459 1294 2486 marinas
1307 2466 1388 2493 aquas
1402 2457 1579 2493 prehendunt.
1600 2456 1704 2484 Rursus
1719 2456 1844 2483 arborum

1051 2506 1124 2533 radix
1151 2505 1276 2532 deorsam
1297 2504 1322 2530 in
1339 2508 1417 2530 terra:
1442 2502 1587 2529 visceribus
1607 2507 1649 2528 est
1671 2501 1844 2533 abscondita,

1051 2552 1097 2580 sed
1123 2559 1174 2578 non
1193 2558 1300 2578 onmem
1324 2550 1448 2576 virtutem
1470 2556 1543 2576 suam
1564 2548 1691 2575 deorsum
1707 2548 1844 2580 continet,

1051 2606 1082 2625 ac
1097 2598 1186 2625 vitium
1209 2596 1357 2631 pnesertim
1377 2595 1571 2622 arbustivarum
1593 2599 1635 2621 cst
1657 2596 1717 2622 lucc
1742 2600 1844 2622 natura.

1052 2643 1102 2671 Ubi
1116 2643 1186 2671 enim
1201 2650 1248 2677 per
1262 2641 1383 2669 excelsos
1395 2640 1512 2667 calamos
1528 2647 1616 2666 ramos
1639 2647 1702 2667 suos
1721 2639 1845 2667 extende-

1052 2692 1116 2723 rint,
1132 2698 1178 2725 per
1189 2688 1333 2716 arundines
1346 2688 1403 2715 illas
1422 2687 1556 2721 serpentia
1577 2691 1711 2713 sarmenta
1738 2686 1842 2720 longum

1055 2737 1188 2771 quoddam
1205 2740 1302 2763 tectum
1315 2734 1448 2761 frondium
1460 2732 1591 2759 densitate
1601 2731 1756 2758 coniiciunt.
1770 2732 1843 2766 Ejus-

1054 2784 1124 2810 modi
1139 2787 1178 2810 est
1190 2787 1217 2810 et
1228 2786 1422 2816 unguentorum
1436 2784 1548 2807 natura:
1561 2777 1692 2812 siquidem
1704 2778 1746 2805 illa
1760 2777 1848 2811 ςεινῃρ⁵1

1055 2837 1166 2859 munero
1179 2832 1241 2857 sunt
1263 2828 1289 2855 in
1310 2825 1433 2854 conclavi
1461 2824 1597 2853 recondita
1610 2844 1617 2854 .
1633 2823 1680 2851 sed
1704 2831 1852 2865 eruinpenc'
